3978 6328
304 367 431 422 ΗΜ

302 589 328 627 ε
355 589 417 625 us
443 571 495 624 in
522 567 878 640 praeceptione
899 564 1291 625 mandatorum,
1321 562 1626 617 misericors
1647 569 1728 614 est
1747 575 1881 628 quc-

300 680 407 723 que
429 660 704 730 operando
752 667 805 711 et
841 654 1159 722 complenda
1204 653 1407 707 auxilio
1432 653 1617 721 gratia:
1644 668 1753 705 suae
1782 666 1876 702 ea-

302 756 423 805 i'ein
445 759 712 819 przecepta
732 748 783 800 in
812 746 943 800 suis.
959 743 1140 811 ‘Prope
1155 754 1227 796 est
1259 744 1498 796 omnibus
1524 742 1878 795 invocantibus

299 860 441 909 eum,
477 842 637 895 idest
682 846 903 908 paratus
932 845 1015 890 est
1050 837 1230 889 facere
1266 834 1588 888 voluntatem
1620 834 1877 887 invocan-

304 936 436 987 tium
486 947 631 986 eum.
664 929 835 998 Prope
865 937 961 992 est,
994 926 1232 995 inquam,
1277 934 1459 994 utpote
1497 924 1774 989 Dominus,
1825 931 1879 976 et

297 1039 423 1077 cum
467 1021 723 1075 Dominus
752 1020 823 1073 sit
868 1031 1033 1086 prope
1078 1030 1199 1070 esse
1238 1015 1399 1070 debet
1446 1014 1619 1069 servis
1666 1014 1779 1067 suis
1819 1028 1877 1067 se

304 1115 710 1169 invocantibus.
763 1108 1096 1165 Dctcrtninat
1126 1118 1306 1162 autem
1354 1107 1549 1175 quibus
1577 1122 1734 1175 prope
1783 1105 1873 1167 sit,

298 1223 422 1262 cum
451 1207 598 1260 addit
627 1223 640 1258 :
669 1203 733 1257 Ρι
746 1220 838 1271 ope
864 1211 962 1267 est,
998 1200 1202 1255 scilicet
1224 1199 1463 1253 omnibus
1494 1196 1871 1261 invocantibus,

301 1298 353 1350 id
398 1307 484 1350 est
517 1294 797 1351 orantibus
845 1308 963 1346 eum
1014 1293 1069 1344 in
1100 1290 1335 1352 veritate,
1381 1305 1485 1343 non
1543 1288 1593 1341 in
1642 1289 1877 1341 vanitate

299 1386 541 1455 quidem.
593 1384 683 1438 Ille
724 1398 873 1459 vero.
898 1382 1152 1435 invocare
1196 1380 1394 1434 dicitur
1438 1380 1490 1431 in
1519 1379 1750 1443 veritate,
1783 1376 1874 1445 qui

299 1476 437 1546 [cit
490 1491 552 1530 ea
622 1491 742 1544 qua:
811 1472 1039 1541 petenda
1087 1479 1231 1535 sunt,
1287 1471 1426 1524 bona
1474 1468 1761 1532 videlicet,
1822 1476 1877 1523 et

300 1571 378 1623 sic
455 1567 589 1636 petit
646 1574 703 1618 ιιι
741 1564 969 1633 petenla
1012 1570 1161 1628 sint,
1212 1560 1418 1616 scilicet
1475 1560 1689 1614 inteusa
1748 1556 1877 1611 aﬁ'eo

298 1658 497 1710 ctione.
527 1654 664 1722 Quia
689 1653 972 1707 Dominum
998 1651 1201 1719 justuut
1234 1649 1365 1703 dicit
1392 1657 1447 1703 et
1477 1658 1749 1712 sanctum,
1776 1648 1877 1700 hoe

299 1747 366 1799 al
398 1745 609 1799 laudem
664 1742 780 1811 ejus
830 1742 968 1797 bene
1013 1740 1244 1794 attinuere
1290 1740 1522 1794 videtur.
1568 1736 1738 1805 Prope
1777 1746 1871 1801 est,

300 1836 542 1906 i.quam,
595 1835 871 1897 Dominus,
901 1841 954 1887 et
984 1847 1087 1886 non
1120 1831 1291 1886 solum
1329 1839 1549 1901 paratus
1584 1838 1667 1885 est
1696 1826 1875 1882 facere
1909 1824 1945 1881 ll

299 1929 617 1981 voluntatem
672 1927 962 1979 timentium
1011 1941 1085 1989 se,
1130 1925 1229 1988 sic,
1281 1933 1340 1977 nt
1387 1938 1493 1976 non
1543 1920 1729 1986 faciat,
1780 1918 1875 1973 sed

300 2017 463 2068 et‘am
488 2015 666 2085 faciet,
709 2015 758 2068 id
795 2022 876 2069 est
900 2013 1190 2083 complebit
1220 2012 1549 2067 voluntatem
1586 2008 1874 2063 timentium

299 2123 352 2159 se
387 2107 579 2161 timore
605 2114 781 2171 casto,
823 2106 874 2160 id
913 2114 995 2159 est
1039 2104 1379 2174 diligentium
1423 2118 1502 2165 se,
1545 2110 1592 2155 et
1629 2102 1874 2169 depreca-

301 2198 491 2251 tionem
516 2212 698 2251 eorum
745 2197 1009 2260 exaudiet,
1041 2204 1101 2251 ιιι
1140 2211 1256 2250 eam
1290 2193 1555 2265 perﬁciat.
1586 2191 1874 2247 Sciendum

300 2286 440 2353 quod
468 2286 642 2341 sancti
668 2285 873 2349 volunt,
906 2285 1008 2338 hoc
1038 2285 1179 2338 idem
1204 2284 1587 2353 deprecantur.
1618 2280 1724 2335 Sed
1752 2294 1873 2333 cum

300 2379 431 2434 dicit
461 2387 678 2433 sanctos
724 2379 859 2432 bene
901 2375 1038 2430 velle
1076 2385 1132 2430 et
1174 2376 1451 2445 deprecari
1485 2374 1627 2444 quod
1668 2370 1871 2431 volunt,

302 2468 516 2522 instruit
544 2483 641 2522 nos
671 2481 857 2521 eorum
901 2465 1173 2535 exemplo,
1212 2472 1268 2517 ut
1315 2479 1439 2518 cum
1486 2463 1686 2531 aliquid
1740 2460 1877 2513 bene

302 2546 682 2622 vultmusftle
739 2558 840 2613 hoc
893 2557 1105 2621 eodem,
1159 2566 1217 2608 ut
1266 2555 1378 2621 ﬁat,
1431 2554 1599 2608 Deum
1635 2565 1872 2606 oremus.

300 2647 533 2716 Exponit
560 2655 738 2701 autem
771 2646 899 2715 quid
937 2645 1036 2715 ipsi
1067 2644 1231 2698 velint
1258 2653 1312 2698 et
1339 2644 1711 2711 deprecentur,
1749 2640 1827 2693 sic
1858 2653 1873 2692 :

302 2737 749 2805 Deprecationem,
790 2737 1029 2806 inquam,
1075 2751 1257 2789 eorum
1297 2734 1559 2794 exaudiet,
1591 2744 1663 2796 et,
1693 2731 1744 2784 id
1771 2739 1873 2793 est,

299 2833 510 2888 scilicet
554 2831 724 2885 salvos
760 2832 915 2901 faciet
952 2847 1038 2884 eos
1079 2828 1167 2884 hic
1212 2827 1455 2882 faciendo
1495 2826 1630 2898 bene
1662 2822 1876 2893 operari

300 2921 442 2990 quod
489 2921 902 2975 saluberrimum
953 2927 1055 2974 est.
1088 2919 1152 2972 Et
1181 2933 1303 2972 cum
1336 2917 1477 2970 hanc
1523 2914 1876 2970 salvationem

300 3012 476 3081 adepti
523 3011 656 3076 sint,
707 3011 929 3065 custodit
981 3009 1234 3063 Dominus
1284 3006 1582 3062 secundum
1628 3016 1878 3072 persevc-s

303 3104 532 3157 ratttiam
565 3118 658 3157 eos
707 3118 774 3156 ne
819 3102 960 3156 hanc
1006 3100 1233 3154 salutem
1284 3099 1554 3152 amittant.
1609 3093 1875 3156 Custodit,

303 3195 544 3261 inquam,
570 3200 753 3261 utpote
782 3192 1052 3261 diligentes
1080 3208 1154 3253 se,
1188 3199 1244 3243 et
1272 3190 1395 3258 quia
1425 3187 1706 3256 diligentes
1730 3183 1874 3253 digni
1905 3168 1946 3224 Ο

300 3292 447 3347 ειιιιι,
482 3296 539 3337 ιιι
564 3283 894 3338 custodiant.
929 3280 1111 3336 Salvos
1135 3280 1315 3350 faciet,
1344 3280 1584 3348 inquam,
1610 3291 1735 3331 suos
1762 3275 1876 3338 hic,

303 3386 359 3429 ιιι
386 3376 600 3431 tandem
644 3376 696 3429 in
729 3390 950 3445 regnum
991 3374 1109 3443 eius
1151 3372 1471 3426 alleventur.
1514 3370 1590 3423 Ex
1632 3367 1877 3439 opposito

301 3484 475 3521 omnes
505 3477 797 3537 peccatores
840 3481 945 3519 non
982 3464 1363 3532 res’piscrnles
1386 3462 1668 3530 disperdet,
1711 3466 1765 3513 et
1789 3457 1879 3511 hic

301 3560 643 3623 exczecando,
669 3568 723 3613 et
754 3560 806 3613 in
833 3558 1014 3623 futuro
1044 3558 1161 3612 sine
1199 3554 1303 3610 line
1336 3553 1662 3608 damnando.

372 3649 618 3705 Ostensis
662 3649 844 3703 multis
892 3648 1093 3714 causis,
1144 3648 1340 3717 quibus
1396 3647 1535 3699 Deus
1593 3641 1879 3696 laudabilis

302 3741 523 3806 existat,
556 3742 695 3795 sicut
748 3741 797 3792 in
849 3739 1113 3808 principio
1138 3736 1328 3806 psalmi
1392 3750 1450 3790 se
1480 3749 1603 3788 eum
1633 3730 1879 3784 laudatu-

306 3846 420 3884 rum
449 3830 719 3900 promisit,
780 3831 852 3884 ita
884 3846 1099 3898 quoque
1147 3844 1209 3883 se
1257 3844 1380 3882 eum
1430 3828 1774 3880 laudaturum
1823 3824 1876 3876 in

304 3921 408 3973 line
431 3920 497 3974 ad
528 3918 783 3987 majorem
824 3920 1178 3973 assertionem
1222 3916 1510 3987 promittit.
1551 3912 1796 3976 Ostendi,
1847 3925 1879 3964 ο

304 4009 598 4072 auditores,
644 4009 787 4077 quod
839 4008 1091 4061 Dominus
1133 4008 1308 4061 suavis
1341 4016 1424 4060 est
1467 4013 1522 4058 et
1567 4018 1787 4072 magnus
1824 4009 1879 4054 et

296 4100 496 4168 justus,
528 4110 580 4153 et
607 4099 747 4168 quod
775 4098 1085 4153 voluntatem
1111 4083 1399 4152 timentium
1441 4113 1493 4150 se
1536 4094 1686 4160 facit,
1713 4101 1767 4146 et
1792 4108 1878 4145 eos

303 4191 549 4244 custodit.
602 4190 733 4245 Cum
774 4206 903 4259 ergo
950 4191 1071 4243 talis
1114 4200 1167 4243 et
1218 4190 1338 4243 talis
1382 4190 1471 4251 sit,
1523 4187 1877 4250 laudationem

303 4281 516 4335 Domini
542 4280 771 4351 loquitur
800 4299 855 4335 os
890 4298 1084 4346 meum,
1114 4279 1325 4335 scilicet
1352 4278 1581 4333 laudabo
1610 4292 1733 4332 eum
1761 4292 1877 4351 ore.

302 4374 405 4427 Per
451 4374 553 4427 hoc
583 4382 763 4427 autem
812 4372 988 4427 induit
1016 4372 1158 4441 quod
1202 4372 1365 4425 ctiam
1404 4370 1645 4425 laudabit
1674 4384 1796 4424 cum
1826 4377 1882 4421 et

1128 390 1135 397 ρ
1222 357 1579 413 ΙίΧΡΟδΙἸῚΟ
1609 357 1672 410 IN
1704 356 2034 412 PSAl..\i(lS.
2065 385 2140 402 —-
2160 361 2355 416 PSAL.
2383 364 2587 417 CXLV.

209 522 224 536 .
300 478 625 535 ontnistnodi
658 476 895 544 operibus
926 473 1067 536 suis,
1109 473 1311 525 Scilicet
1364 472 1487 540 qui,
1529 486 1650 524 cum
1693 471 1758 525 sit
1793 469 1880 538 jn-
1908 485 1953 539 Α
1985 475 2353 541 temporalium
2385 477 2661 529 conﬁdant
2683 477 2732 529 in
2758 478 3109 548 principibus,
3143 480 3193 531 in
3218 480 3413 547 quibus
3442 495 3547 533 ttott

3416 367 3435 421 Ι
3446 368 3553 422 402

1981 576 2063 621 est
2084 582 2269 620 eorum
2287 567 2451 631 salus,
2480 576 2532 622 et
2555 585 2620 620 ne
2646 569 2961 622 conﬁdendo
2983 587 3075 623 eos
3101 568 3400 624 adulatorie
3435 570 3548 622 lau-

1980 655 2127 718 dent,
2154 663 2209 709 et
2243 657 2406 711 etiam
2430 672 2523 711 eos
2566 656 2749 711 ﬁdeles
2780 658 3102 711 attrahentis
3128 660 3193 711 ad
3218 658 3309 711 Dei
3335 658 3546 711 laudem
3572 676 3579 683 ·

1979 762 2043 801 ex
2082 747 2263 801 multis
2312 748 2708 815 occasionibus,
2766 764 2901 818 quas
2938 747 3102 817 578
3154 749 3422 817 supponit.
3478 747 3549 802 ιῖι

1979 848 2159 892 autem
2193 839 2629 894 auctorizabilior
2654 840 2721 894 sit
2749 841 2864 910 ejus
2893 840 3219 903 exhortatio,
3259 840 3311 893 in
3346 840 3548 907 princi-

1980 928 2066 996 pio
2093 927 2283 996 psalmi
2325 929 2616 983 introducit
2658 929 3075 983 rationalitatem
3103 944 3252 983 suam
3283 929 3349 982 ad
3377 929 3544 984 Deum

1978 1016 2304 1070 laudandum
2333 1018 2733 1072 sensualitatem
2758 1018 3098 1082 invitantem,
3134 1026 3187 1071 et.
3211 1018 3546 1086 postmodum

1978 1108 2384 1164 sensualitatem
2448 1124 2507 1165 se
2565 1111 2900 1165 laudaturam
2940 1110 3366 1180 promittentem.
3421 1108 3551 1175 Quae

1977 1210 2204 1269 utraque
2226 1199 2425 1254 locutio
2456 1216 2558 1254 non
2588 1209 2673 1255 est
2700 1200 2753 1254 in
2783 1214 2933 1264 voce,
2961 1200 3054 1254 sed
3084 1200 3136 1253 in
3167 1198 3510 1267 cogitatione.

2048 1292 2255 1356 Lauda,
2286 1293 2465 1345 animo
2507 1307 2640 1355 mea,
2669 1290 2971 1355 Dominum,
3003 1306 3066 1345 ac
3103 1290 3147 1344 si
3180 1291 3322 1344 dicat
3355 1308 3367 1343 :
3399 1288 3549 1342 Multi

1977 1383 2244 1452 principes
2287 1380 2573 1437 sccculares
2602 1381 2838 1445 laudant,
2880 1381 3181 1435 adulatorie
3228 1380 3279 1433 in
3317 1379 3396 1432 eis
3421 1393 3552 1432 con-

1979 1473 2207 1537 ﬁdendo,
2232 1481 2286 1526 et
2313 1474 2394 1526 eis
2415 1473 2555 1527 mala
2582 1473 2688 1526 vita
2712 1473 3115 1527 consentiendo.
3146 1472 3281 1527 Caele
3293 1484 3432 1530 rum.
3467 1480 3543 1535 tu,

1976 1562 2299 1618 sensualitas
2317 1563 2513 1618 anima:
2527 1578 2681 1629 mere,
2698 1563 2975 1617 Dominum
2994 1562 3156 1615 lauda
3182 1561 3410 1617 solumm
3432 1561 3541 1624 ido,

1956 1654 2171 1727 bonam
2208 1656 2375 1710 vitam
2429 1655 2778 1710 instituendo.
2830 1653 3294 1710 llationabilitatis
3352 1652 3550 1706 exhor-

1978 1745 2179 1799 tatione
2207 1745 2431 1813 scripta,
2464 1743 2788 1799 sensualitas
2817 1743 3147 1812 respondens
3174 1740 3464 1801 inducitur,
3497 1748 3571 1791 ctu

1976 1853 2034 1891 se
2096 1838 2380 1892 Dominum
2437 1836 2771 1891 laudaturam
2829 1834 3032 1904 jngiter
3081 1832 3159 1887 sic
3206 1830 3549 1901 promittens.

1979 1928 2146 1993 Dicis,
2172 1942 2206 1981 o
2237 1925 2654 1990 rationabilitas,
2683 1932 2743 1977 ut
2780 1924 2947 1980 Deum
2984 1922 3219 1986 laudem,
3248 1918 3392 1989 quod
3425 1930 3553 1971 vere

1978 2019 2193 2083 faciam,
2223 2018 2426 2074 scilicet
2454 2016 2682 2073 laudabo
2720 2016 3000 2069 Dominum
3025 2014 3076 2067 in
3116 2012 3219 2065 vita
3245 2026 3359 2063 mea
3390 2010 3554 2069 bona,

1976 2110 2183 2165 scilicet
2206 2111 2404 2165 bonam
2430 2109 2594 2163 vitam
2631 2108 2925 2170 instituam,
2958 2114 3014 2159 et
3041 2104 3120 2159 sic
3144 2118 3267 2159 eum
3296 2097 3551 2154 laudabo.

1977 2203 2042 2257 Et
2070 2204 2174 2257 hoc
2211 2218 2316 2256 non
2347 2200 2584 2266 horarie,
2625 2200 2718 2256 sed
2765 2198 2987 2269 psallam
3035 2197 3142 2251 Deo
3185 2190 3569 2263 meoquandiu.

1978 2295 2148 2363 fuero,
2202 2295 2256 2349 id
2295 2303 2381 2349 est
2406 2294 2643 2364 quandiu
2676 2293 2728 2347 in
2773 2293 2871 2346 hac
2900 2292 3011 2345 vita
3037 2305 3152 2352 ero,
3182 2289 3322 2343 bona
3364 2299 3559 2353 Opera-

1980 2386 2123 2440 tion'e
2173 2400 2291 2439 mea
2342 2384 2510 2439 Deum
2542 2383 2794 2437 laudabo.
2831 2382 3040 2437 Dicitur
3078 2391 3257 2435 autem
3294 2374 3555 2433 sensualio

1980 2485 2062 2529 tas
2103 2476 2240 2530 bene
2264 2474 2501 2543 operari,
2528 2487 2594 2527 eo
2622 2474 2767 2543 quod
2796 2487 2859 2527 ea
2882 2479 3168 2542 vegetantc
3192 2483 3393 2538 corpus
3416 2468 3574 2522 bene-

1976 2576 2253 2635 operatur.
2303 2565 2595 2634 Postquam
2626 2579 2685 2619 se
2722 2563 2990 2633 Propheta
3015 2562 3181 2616 Deutn
3211 2560 3554 2614 laudaturum

1976 2657 2234 2722 ostendit,
2261 2656 2642 2725 apostropham
2670 2656 2734 2708 ad
2765 2654 3041 2709 auditores
3070 2652 3336 2715 faciendo,
3359 2664 3454 2704 eos
3483 2649 3550 2702 ab

1979 2746 2257 2799 hominum
2297 2744 2625 2799 conﬁdentia
2675 2758 2978 2807 removere,
3022 2751 3078 2797 et
3118 2742 3184 2795 ad
3221 2741 3314 2793 Dei
3344 2739 3553 2793 laudem

1979 2837 2054 2891 ita
2080 2845 2306 2891 conatur
2328 2836 2625 2890 attrahere.
2658 2835 2927 2893 Laudabo.
2962 2835 3206 2900 inquam,
3239 2818 3549 2887 Dominum.

1979 2928 2165 2993 Unde,
2183 2944 2278 2984 vos
2304 2928 2599 2991 auditores,
2628 2926 2796 2981 Deum
2819 2923 3069 2993 exemplo
3094 2937 3214 2977 meo
3246 2920 3550 2981 laudantes,

1980 3022 2033 3075 in
2082 3021 2198 3091 ipso
2228 3019 2339 3074 Deo
2364 3018 2639 3082 conﬁdite,
2666 3026 2723 3073 et
2766 3017 2925 3070 nolite
2953 3015 3216 3082 conﬁdere
3247 3012 3299 3065 in
3335 3009 3558 3065 saecula-

1982 3111 2129 3166 ribus
2156 3110 2500 3181 principibus,
2530 3117 2586 3163 ut
2615 3107 2714 3178 ipsi
2742 3106 2896 3162 vobis
2927 3103 3130 3174 aliquid
3171 3118 3239 3157 ex
3265 3112 3323 3155 se
3351 3098 3561 3169 possint

1978 3203 2178 3257 facere.
2225 3201 2371 3256 Nihil
2432 3202 2577 3255 enim
2628 3201 2691 3253 ﬁt
2742 3197 3027 3253 visibiliter
3066 3202 3160 3249 aut
3212 3190 3569 3255 sensibiliter,.

1979 3295 2121 3365 quod
2151 3303 2244 3349 aut
2273 3309 2376 3348 non
2402 3294 2672 3361 iubeatur,
2701 3299 2794 3345 aut
2827 3288 3171 3359 permittatur
3197 3287 3261 3341 de
3293 3284 3379 3338 illa
3418 3283 3568 3337 iuvl-i

1980 3386 2125 3441 sibili
2173 3396 2228 3441 et
2294 3384 2617 3454 intelligibili
2661 3382 2782 3437 aula
2829 3379 3025 3436 sttmmi
3072 3374 3439 3447 Imperatoris.
3492 3370 3560 3424 In

1981 3477 2313 3547 principibus
2341 3476 2461 3529 dico
2489 3473 2612 3543 ﬁliis
2639 3473 2929 3536 hominum,
2958 3468 3162 3540 scilicet
3195 3465 3287 3544 qui
3312 3462 3563 3518 homines

1980 3546 2107 3621 ειιιιι
2150 3581 2257 3622 non
2295 3564 2569 3629 digniores
2606 3562 2759 3618 vobis
2792 3561 2844 3614 in
2879 3570 3095 3623 natura,
3143 3557 3371 3623 ideoque
3426 3546 3562 3603 satis

1982 3657 2256 3726 indignum
2282 3665 2366 3710 est
2391 3670 2487 3709 vos
2526 3655 2580 3709 in
2623 3653 2703 3708 eis
2727 3650 3112 3708 conﬁdentiam
3141 3659 3361 3717 ponere.
3393 3659 3415 3694 ι
3453 3639 3563 3694 Μει-

1982 3747 2207 3802 lcdictus
2234 3748 2378 3802 enim
2412 3747 2572 3801 homo
2595 3745 2687 3815 qui
2712 3743 2933 3800 conﬁdit
2959 3743 3013 3796 in
3041 3740 3283 3803 homine,
3313 3746 3369 3792 et
3393 3750 3422 3789 a
3455 3734 3563 3786 Do-

1982 3843 2130 3896 mino
2159 3840 2363 3894 recedit
2399 3854 2494 3894 cor
2538 3838 2654 3906 ejus
2686 3837 2821 3909 (Jer.
2870 3851 3000 3901 xvn,
3027 3834 3104 3902 5).
3137 3854 3155 3885 ι
3197 3830 3265 3884 In
3306 3829 3429 3898 ﬁliis
3469 3826 3561 3877 lio-

1982 3933 2180 3985 minum
2209 3930 2349 3994 dico,
2376 3922 2644 3999 in'quibus
2671 3944 2777 3982 non
2810 3936 2885 3980 est
2915 3925 3155 3994 pendens
3184 3919 3329 3975 salus
3358 3925 3565 3977 vestra,

1982 4025 2072 4093 qni
2134 4023 2383 4078 videlicet
2430 4037 2535 4077 non
2582 4029 2809 4090 possunt
2855 4018 3071 4074 salvare
3126 4029 3222 4069 vos
3273 4010 3557 4079 plusquam

1980 4130 2077 4171 vos
2115 4130 2231 4180 eos,
2281 4123 2333 4169 et
2382 4113 2583 4175 idcirco
2612 4127 2715 4165 non
2747 4119 2829 4165 est
2858 4110 2911 4162 in
2950 4108 3030 4161 eis
3070 4099 3464 4158 conﬁdendum.
3505 4094 3560 4148 In

1982 4208 2086 4263 hoc
2106 4216 2285 4260 autem
2316 4204 2459 4273 quod
2492 4203 2546 4256 in
2582 4201 2731 4254 nullo
2766 4197 3008 4267 principe
3038 4195 3183 4250 salus
3219 4199 3397 4245 vestra
3429 4202 3561 4255 pcn-

1982 4300 2090 4360 det,
2123 4312 2224 4352 nec
2250 4297 2301 4350 in
2333 4294 2514 4363 aliquo
2543 4290 2924 4346 conﬁdendum
2949 4296 3053 4352 est,
3087 4286 3211 4355 quia
3237 4280 3565 4353 quandoque

1981 4386 2389 4457 exibitspiritus
2423 4384 2560 4453 ejus,
2612 4382 2665 4437 id
2696 4390 2779 4437 est
2805 4380 3150 4452 separabitur
3173 4393 3203 4431 a
3235 4387 3485 4442 corpore,
3513 4381 3561 4424 et

303 4464 588 4519 aﬁ‘cctisne
622 4474 677 4519 et
710 4479 889 4535 opere.
923 4466 1052 4519 Dico
1087 4464 1228 4533 quod
1254 4464 1481 4517 laudabo
1508 4477 1629 4521 eum
1663 4475 1777 4514 ore.
1812 4459 1878 4511 Et

1986 4486 2112 4531 tunc
2142 4491 2337 4545 corpus
2371 4483 2652 4529 revertetur
2686 4473 2740 4526 in
2786 4484 3001 4535 terram,
3035 4478 3095 4523 ut
3135 4476 3279 4522 terra
3322 4466 3434 4533 ﬁat,
3464 4476 3563 4519 ter-

304 4557 551 4627 exemplo
596 4556 696 4610 mei
751 4556 918 4609 omnis
963 4555 1268 4623 quicunque
1301 4563 1405 4617 est,
1435 4553 1610 4607 adhuc
1638 4567 1760 4603 caro
1784 4564 1881 4618 per

303 4647 632 4717 emphasim,
668 4648 972 4715 quicunque
1017 4644 1223 4699 scilicet
1255 4653 1337 4699 est
1366 4642 1599 4697 carnalis
1625 4642 1800 4696 adhuc
1827 4650 1881 4694 ct

306 4737 835 4805 nonzlnutspiritalis
880 4737 993 4805 ipse
1041 4734 1297 4802 spiritalis
1340 4734 1563 4787 eﬁ'ectns
1614 4732 1878 4785 benedicat

305 4830 503 4882 nomini
536 4838 717 4883 sancto
756 4827 887 4896 ejus,
924 4826 977 4880 id
1006 4835 1089 4880 est
1124 4825 1297 4878 laudet
1329 4839 1450 4878 eum
1478 4838 1541 4876 ex
1574 4821 1881 4875 considera-

308 4922 453 4973 tione
477 4920 648 4973 sancti
689 4918 922 4974 nominis
947 4918 1082 4986 ejus,
1114 4917 1238 4988 quia
1278 4915 1525 4970 videlicet
1548 4915 1726 4983 justus
1749 4912 1883 4966 dIc'-

308 5025 394 5064 tur
415 5020 470 5064 et
496 5012 688 5073 suavis,
720 5022 775 5064 et
821 5010 982 5075 Deus,
1030 5019 1085 5065 et
1128 5009 1412 5072 Dominus,
1443 5016 1498 5061 et
1536 5004 1719 5060 multis
1762 5003 1880 5056 aliis

305 5103 507 5157 sanctis
529 5103 801 5157 vocabulis
829 5111 1185 5171 nuncupatur.
1208 5099 1506 5164 Benedicat,
1533 5098 1769 5168 inquam,
1787 5115 1880 5150 no-

304 5196 431 5249 mini
450 5205 626 5249 sancto
647 5194 756 5263 ejus
784 5193 1157 5249 benedictione
1172 5188 1801 5247 tendenletnmsteculum
1833 5198 1878 5240 et

304 5296 359 5345 in
385 5291 637 5346 sarculum
661 5291 860 5357 sa’cnfi,
888 5290 1097 5345 scilicet
1123 5290 1304 5344 laudet
1323 5304 1467 5353 eum,
1494 5296 1549 5342 et
1585 5301 1683 5355 per
1716 5294 1879 5339 totam

305 5384 448 5437 hanc
475 5382 638 5436 vitam
664 5393 718 5437 ct
748 5382 801 5436 in
828 5382 1026 5436 futura.
1052 5382 1147 5436 Hic
1168 5382 1382 5451 quidem
1409 5379 1729 5435 benedicant
1758 5393 1878 5431 eum

303 5474 732 5540 aﬁectione,ore,
746 5483 797 5528 et
812 5488 990 5543 opere;
1016 5474 1067 5526 in
1084 5472 1261 5527 futuro
1280 5488 1430 5537 vero,
1447 5473 1557 5528 sola
1578 5472 1877 5527 affectione.

767 5565 831 5619 IN
872 5565 1201 5621 PSALMUM
1239 5566 1441 5621 CXLV.

379 5653 591 5708 T’tulns
636 5657 914 5710 ecntesimi
954 5656 1351 5726 quadragesimi
1391 5658 1583 5727 quinti.
1631 5657 1878 5711 Alleluia.

309 5747 423 5801 \ox
458 5746 732 5816 Propheta:
757 5746 938 5802 ﬁdeles
967 5762 1154 5804 omnes
1179 5750 1501 5815 revocantis,
1535 5765 1601 5804 ne
1638 5752 1877 5806 contuitu

1983 4587 2095 4623 ram
2124 4568 2244 4622 diro
2268 4584 2419 4620 suam
2445 4564 2722 4619 materiam
2748 4563 3088 4617 existentcm.
3118 4560 3192 4612 De
3218 4559 3345 4612 limo
3366 4556 3567 4627 quippe

1985 4669 2140 4714 terra:
2171 4659 2365 4728 legitur
2390 4658 2554 4712 homo
2593 4655 2779 4711 iactus,
2799 4654 2966 4708 fuisse
2996 4650 3150 4725 (Gen.
3187 4667 3248 4716 ιι,
3276 4649 3352 4721 7).
3375 4648 3443 4711 In
3469 4648 3562 4701 illa

1982 4767 2111 4817 ergo
2138 4752 2220 4803 die
2247 4750 2298 4803 in
2321 4765 2424 4818 qua
2452 4748 2674 4817 spiritus
2695 4746 2998 4816 principum
3025 4745 3271 4807 exibunt,
3298 4742 3560 4811 peribunt,

1984 4841 2036 4893 id
2064 4850 2147 4894 est
2171 4837 2615 4892 annihilabnntnr
2637 4851 2812 4889 omnes
2843 4834 3182 4903 cogitationes
3213 4847 3413 4894 eorum,
3457 4828 3565 4883 sci-

1983 4932 2107 4986 licet
2153 4932 2206 4985 in
2256 4930 2469 4983 irritum
2524 4928 2775 4995 ducetur,
2820 4927 2962 4997 quod
3001 4927 3257 4995 quosdam
3289 4924 3561 4991 cogitave-

1984 5030 2111 5075 runt
2157 5019 2481 5090 deprimere,
2514 5018 2776 5088 quosdam
2830 5026 3010 5071 autem
3047 5017 3098 5068 in
3140 5013 3343 5067 divitiis
3392 5011 3558 5065 subli-

1984 5128 2153 5167 mare.
2184 5110 2337 5165 Unde
2373 5110 2547 5180 palam
2596 5119 2698 5173 est,
2753 5110 2979 5162 miseros
3005 5122 3099 5179 eos
3125 5119 3244 5157 esse
3272 5102 3361 5171 qui
3398 5102 3449 5181 in
3480 5101 3559 5153 eis

1983 5219 2130 5271 spem
2156 5211 2359 5272 ponunt
2387 5200 2662 5271 adjutorii.
2692 5199 2766 5254 Ex
2795 5198 3042 5267 opposito
3070 5180 3222 5257 vero,
3264 5180 3441 5246 beatus
3471 5190 3560 5244 ille

1982 5294 2132 5364 cujus
2158 5292 2296 5347 Deus
2329 5301 2411 5347 est
2440 5290 2657 5361 adjutor‘
2686 5289 2819 5357 ejus,
2851 5286 3056 5343 scilicet
3082 5285 3171 5354 qui
3209 5284 3376 5339 Deum
3401 5297 3557 5353 suum

1982 5393 2151 5453 optat,
2183 5393 2236 5439 et
2277 5385 2483 5455 expetit
2526 5383 2825 5451 adjutorem
2847 5395 3004 5435 suum
3040 5379 3107 5432 ad
3141 5391 3302 5433 omne
3331 5375 3556 5433 bonum,

1983 5488 2091 5529 non
2114 5474 2348 5543 aliquem
2380 5472 2675 5543 principem
2704 5479 2999 5524 terrenum.

2054 5565 2195 5621 Deus
2226 5566 2345 5620 dico
2370 5563 2557 5629 Jacol',
2600 5561 2806 5618 scilicet
2833 5562 2923 5633 qui
2969 5561 3109 5616 Deus
3156 5572 3239 5617 est
3266 5568 3318 5614 ct
3346 5557 3560 5625 adiutor

1984 5660 2222 5715 omnium
2252 5659 2475 5714 viriliter
2515 5666 2699 5712 contra
2744 5657 2871 5712 vitia
2926 5657 3264 5712 luctantium.
3305 5651 3406 5706 i'e:
3457 5650 3557 5706 line

1984 5761 2162 5831 autem
2188 5750 2481 5822 _anditores
2532 5748 2776 5820 intpcllit,
2828 5760 2886 5805 ut
2925 5748 3091 5806 Jacob
3137 5760 3254 5801 csse
3291 5743 3555 5797 nitantur.
