3978 6328
398 282 418 332 1
428 276 536 335 -ὶῦῖὶ

963 272 1019 328 S.
1063 271 2090 337 BRUNONISCARTHUSIANORUM
2128 279 2613 340 INSTITUTORIS
2655 284 2805 343 OPP.
2842 286 3025 345 PARS
3060 289 3103 346 ῐ.

3528 295 3668 353 Νοι

394 386 437 441 D
461 404 543 450 eo,
576 384 899 455 cujusDcus
930 394 1012 441 est
1041 388 1258 457 adjutor
1284 390 1430 459 ejus,
1478 399 1534 443 ct
1580 406 1694 459 spes
1727 406 1979 449 remune-
2008 401 2055 459 Α
2087 393 2218 448 ﬁant
2246 396 2478 465 pupillus
2518 408 2573 453 et
2601 400 2781 466 vidua,
2814 402 3049 474 pupillus
3080 405 3330 476 quidem,
3364 411 3476 465 Deo
3507 409 3670 469 Patre

394 475 620 529 rationis
649 475 764 543 ejus
792 485 868 528 est
894 476 952 529 in
980 476 1204 532 Domino
1245 478 1354 534 Deo
1387 481 1567 551 ipsius,
1598 495 1702 535 non
1732 482 1784 536 in
1828 484 1976 551 prin-

391 564 495 632 tipi
537 580 618 618 us.
668 562 731 617 In
777 564 1023 626 Domino.
1077 567 1326 638 inquam,
1363 571 1454 639 qui
1492 570 1628 626 adeo
1660 581 1853 642 potens
1891 584 1977 629 est

389 652 531 722 quod
559 652 680 722 fecit
701 653 887 708 caelum
914 665 960 708 et
999 664 1213 722 terram,
1247 674 1392 712 mare
1415 669 1462 712 et
1492 661 1666 713 omnia
1682 678 1798 731 gnte
1825 664 1879 716 in
1898 664 1973 717 eis

389 756 530 811 sttlll,
567 754 675 800 tam
706 749 930 817 Spiritus
955 750 1225 817 ctelestes,
1254 768 1415 822 quam
1449 754 1693 811 homines
1716 766 1771 811 et
1801 758 1974 828 pisces

391 843 444 887 (ι
475 844 704 892 cieteras
750 849 1049 896 creaturas.
1083 841 1311 912 Ideoque
1340 860 1464 901 cum
1497 856 1675 904 tantus
1704 850 1799 917 sil,
1824 851 1876 906 in
1907 866 1972 907 eo

389 930 715 994 sperandum
762 942 862 987 est.
911 932 1020 991 Nec
1065 950 1203 992 vane
1234 939 1455 1008 ponitur
1498 957 1622 1011 spes
1668 944 1721 998 in
1768 958 1854 1011 eo,
1881 946 1971 1015 qui

390 1031 585 1087 nempe
611 1032 717 1073 non
749 1022 817 1077 ad
845 1024 1035 1080 horam
1067 1027 1121 1082 in
1163 1031 1522 1099 promissione
1550 1050 1710 1090 verus
1739 1046 1848 1102 est,
1876 1039 1970 1092 sed

387 1111 614 1164 custodit
659 1113 925 1169 veritatem
955 1117 1011 1171 in
1048 1120 1325 1188 strculum,
1366 1124 1418 1178 id
1458 1133 1541 1181 est
1580 1126 1632 1180 in
1681 1136 1967 1194 aeternum,

387 1212 661 1273 nunquam
692 1208 898 1264 scilicet
924 1211 1208 1270 veritatem
1231 1217 1457 1282 omittit,
1488 1219 1581 1273 sed
1609 1235 1728 1275 eam
1756 1237 1971 1291 semper

386 1292 577 1360 diligit,
603 1310 631 1347 a
662 1296 1013 1356 similitudine
1047 1302 1147 1357 viri
1190 1305 1279 1375 qui
1313 1307 1415 1361 hoc
1443 1308 1585 1376 quod
1628 1309 1801 1381 diligit
1834 1311 1971 1367 bene

386 1385 643 1442 custodit.
675 1386 807 1442 Cum
837 1390 1003 1460 igitur
1036 1393 1087 1447 in
1126 1403 1387 1450 teternum
1438 1413 1596 1454 verus
1631 1400 1703 1454 sit
1746 1410 1799 1455 et
1843 1417 1969 1472 spe-

388 1475 636 1530 rantibus
661 1478 712 1530 in
741 1494 799 1533 se
829 1480 1056 1536 salutem
1086 1487 1415 1553 promiserit,
1434 1489 1485 1542 in
1512 1504 1576 1544 eo
1606 1492 1968 1560 proculdubio

385 1569 710 1631 sperandum
748 1582 850 1626 est.
880 1572 947 1627 Et
977 1575 1020 1629 si
1060 1590 1160 1644 pro
1188 1592 1254 1632 co
1293 1581 1699 1648 persecutiones
1749 1580 1969 1651 injuria-

384 1671 502 1709 ram
541 1673 639 1713 ore
664 1676 707 1713 .r
738 1662 897 1726 crint,
935 1679 1038 1720 non
1079 1674 1164 1723 est
1210 1669 1538 1739 fugiendum.
1582 1672 1699 1742 ipse
1735 1690 1968 1745 namque

384 1747 455 1813 fit
473 1747 512 1800 it
554 1746 758 1814 justum
785 1753 890 1821 jud
914 1758 1051 1809 c'um
1097 1758 1349 1827 injuriatn
1387 1763 1705 1829 patientibus
1751 1780 1849 1835 pro
1879 1782 1962 1822 eo.
1999 1746 2043 1805 Β

384 1840 477 1895 Sic
514 1841 765 1899 videliett
802 1847 880 1900 eis
912 1848 1177 1917 juJiciunt
1207 1850 1332 1906 facit
1356 1863 1415 1907 ut
1440 1866 1534 1909 eos
1573 1857 1969 1913 remunerando

383 1929 563 2000 digne,
595 1948 781 1988 eorum
812 1949 1187 2005 persecutores
1213 1942 1402 2012 puniat
1414 1942 1580 2014 justo.
1600 1947 1736 2014 Quia
1756 1947 1970 2005 dixerat

383 2020 440 2073 in
473 2021 580 2077 Deo
600 2034 656 2079 et
686 2042 789 2080 non
822 2029 875 2083 in
905 2031 1227 2101 principibus
1240 2048 1379 2091 'esse
1407 2037 1820 2105 conﬁdendum,
1847 2054 1970 2111 pos-

318 2120 323 2125 '
383 2120 467 2166 set
512 2114 719 2184 obj‘ci;
760 2120 895 2177 Vere
946 2121 1001 2177 in
1038 2123 1150 2180 Deo
1196 2126 1263 2181 de
1312 2127 1470 2182 bonis
1522 2129 1836 2185 coelestibus
1885 2139 1971 2187 est

322 2246 323 2249 η
383 2205 733 2277 sperandum,
764 2211 858 2268 sed
888 2221 1069 2269 tamen
1093 2215 1161 2271 de
1191 2217 1353 2274 bouis
1376 2219 1727 2278 saecularibus
1747 2222 1799 2275 iu
1822 2223 1971 2292 prin-

382 2296 584 2364 cipibus
607 2309 692 2354 est
721 2302 1125 2364 conﬁdendum.
1158 2309 1238 2363 Ad
1267 2312 1369 2367 hoc
1391 2328 1522 2383 ergo
1556 2316 1964 2384 removendum,

383 2387 468 2442 sic
507 2391 724 2446 additur
758 2412 772 2447 :
824 2396 954 2451 Dico
986 2401 1131 2467 qttod
1180 2402 1311 2471 facit
1356 2404 1611 2471 injuriam
1652 2408 1967 2475 patientibus

376 2476 661 2546 judicium.
694 2482 763 2537 Et
807 2500 914 2540 non
954 2486 1129 2545 solum
1175 2491 1279 2546 hoc
1314 2491 1636 2548 beneficium
1681 2493 1834 2560 facit,
1875 2497 1969 2551 sed

381 2569 547 2623 etiam
579 2572 670 2626 dat
692 2573 857 2647 579
869 2593 1042 2634 escam
1061 2582 1397 2653 corporalem
1420 2584 1787 2641 esurientibus.
1818 2586 1972 2642 Licet

380 2660 526 2716 enim
563 2663 854 2734 aliquando
885 2684 1011 2725 esca
1041 2672 1196 2726 detur
1217 2688 1246 2727 a
1271 2674 1625 2745 principibus,
1655 2692 1759 2732 non
1788 2686 1967 2734 tamen

381 2750 587 2823 absque
609 2755 706 2811 Dei
728 2756 882 2828 jussu
920 2770 1015 2815 aut
1048 2765 1409 2833 permissionc
1439 2767 1618 2823 datur.
1657 2768 1764 2824 Per
1783 2784 1966 2825 escam

385 2848 563 2904 innuit
587 2853 841 2920 quoniam
870 2856 1035 2910 etiam
1075 2859 1353 2914 saecularia
1383 2861 1522 2916 bona
1554 2862 1733 2917 omnia
1757 2864 1964 2918 tribuit.

382 2938 498 2993 Non
543 2942 717 2997 solum
751 2955 930 3000 autem
972 2947 1077 3002 hoc
1105 2947 1427 3005 beneficium
1468 2951 1681 3025 confert
1709 2952 1967 3010 Dominus

385 3040 443 3085 ut
472 3032 563 3088 det
605 3050 787 3091 escam
817 3040 1220 3108 esurientibus,
1258 3043 1351 3098 sed
1382 3053 1438 3099 et
1466 3045 1582 3099 lucc
1611 3045 1716 3099 alia
1758 3045 1967 3101 confert

379 3140 501 3194 qute
544 3129 977 3197 subscribuntur,
1030 3150 1262 3205 quorum
1303 3137 1744 3194 consideratione
1792 3139 1962 3194 conli-

380 3217 615 3275 dendum
631 3234 714 3277 est
741 3222 909 3291 ineo,
933 3226 1143 3283 scilicet
1164 3228 1418 3286 Dominus
1447 3231 1597 3286 solvit
1625 3235 1964 3304 compeditos,

380 3307 434 3360 id
466 3318 548 3364 est
579 3310 696 3367 illos
724 3315 815 3382 qui
841 3312 1134 3386 compediti
1164 3330 1309 3384 sunt,
1339 3330 1393 3375 et
1415 3321 1618 3390 alligati
1650 3339 1816 3393 prava
1839 3340 1965 3379 con-

380 3403 666 3471 suetudine
694 3407 933 3473 pccrati,
963 3410 1179 3466 volente.
1208 3428 1303 3468 eos
1338 3414 1405 3467 ad
1448 3425 1673 3484 peccata
1714 3416 1962 3483 trahere,

381 3504 483 3544 nec
533 3494 847 3553 facilitatem
898 3501 1094 3557 habent
1153 3504 1290 3559 bene
1338 3507 1620 3574 operandi.
1665 3508 1711 3561 A
1751 3508 1965 3564 vinculo

380 3592 561 3651 pravae
611 3588 754 3645 illius
801 3596 1210 3651 consuetudinis
1244 3597 1433 3662 solvit,
1485 3614 1553 3654 ne
1600 3601 1680 3656 eis
1710 3603 1965 3673 ’graviter

381 3673 518 3728 adeo
548 3675 751 3743 instet,
781 3691 836 3736 et
874 3682 1193 3740 facilitatem
1235 3688 1375 3744 bene
1419 3692 1677 3759 operandi
1717 3692 1796 3747 eis
1830 3707 1963 3748 con-

364 3764 557 3831 cedit",
590 3783 620 3821 a
661 3768 1015 3828 similitudine
1051 3776 1154 3831 viri
1201 3781 1526 3849 compediti,
1573 3782 1665 3851 qui
1714 3797 1836 3837 cum
1880 3784 1961 3837 sui

316 3928 323 3931 _
379 3854 396 3908 l
423 3856 689 3915 bertatem
718 3876 826 3917 non
855 3863 1068 3929 habeat,
1095 3867 1139 3920 si
1171 3868 1416 3925 solvatur
1436 3873 1503 3927 ab
1532 3872 1714 3944 aliquo
1743 3889 1774 3929 a
1811 3888 1964 3931 com-

379 3948 628 4017 pedibus,
659 3952 712 4007 in
745 3954 829 4009 sui
861 3952 1165 4011 libertatem
1195 3960 1523 4016 restituitur.

449 4040 568 4096 Non
596 4045 769 4101 solum
807 4057 989 4104 autem
1021 4051 1339 4122 compeditos
1360 4052 1532 4119 solvit,
1554 4056 1648 4110 sed
1672 4057 1834 4111 etiam
1860 4056 1965 4113 Da-

378 4133 556 4187 minus
584 4134 847 4192 illuminat
872 4139 1074 4196 lumine
1091 4142 1355 4212 spiritalis
1382 4143 1755 4214 intelligentia
1775 4163 1963 4214 cteros,

378 4222 521 4291 illos,
570 4228 780 4284 scilicet
828 4231 919 4301 qui
947 4233 1077 4288 caeci
1103 4245 1233 4290 sunt
1273 4245 1329 4291 et
1350 4246 1603 4307 expertes
1633 4238 1962 4295 intellectus.

380 4318 445 4372 Et
472 4335 580 4375 non
610 4321 725 4378 hinc
756 4323 1018 4381 beneﬁcia
1052 4334 1263 4383 tantum
1290 4330 1422 4401 agit,
1452 4332 1546 4386 sed
1577 4331 1803 4404 insuper
1819 4334 1964 4403 quod

2079 494 2351 553 carentes,
2387 497 2440 542 et
2468 489 2651 555 vidua,
2685 506 2714 545 a
2758 490 2867 547 Deo
2895 496 3208 552 recedentes
3234 538 3252 563 ,
3299 503 3391 570 qui
3422 502 3666 558 adharse-

2078 586 2205 631 rttnt
2232 579 2430 634 saeculo
2457 592 2791 654 contempto,
2824 584 2971 654 ipsos
3005 596 3191 643 tamen
3227 589 3403 647 factos
3428 608 3667 662 peccan-

2075 665 2147 722 do
2168 668 2427 738 pupiltum
2456 680 2504 724 et
2548 672 2777 738 viduam,
2827 684 2882 729 et
2903 691 3000 746 per
3038 678 3140 733 hoc
3169 695 3199 733 a
3228 683 3404 752 gratia
3431 682 3551 752 ejus
3584 700 3669 739 τε

2073 758 2260 828 pulsos
2282 799 2301 826 ,
2331 762 2596 831 suscipiet,
2634 763 2687 816 in
2724 765 3195 836 participationem
3228 773 3453 842 gratiae,
3491 774 3539 829 si
3571 790 3668 845 per

2073 849 2450 917 paenitentiam
2495 852 2764 907 voluerint
2820 855 3040 924 redire,
3086 874 3118 913 a
3174 859 3538 919 similitudine
3589 863 3665 932 pii

2072 940 2277 1008 sponsi,
2302 940 2396 1010 qui
2426 957 2684 1013 sponsam
2707 960 2870 1012 quam
2908 955 3132 1017 propter
3164 948 3587 1009 fornicationem
3634 970 3668 1009 a

2073 1044 2132 1084 se
2169 1032 2381 1102 repulit,
2428 1049 2495 1088 ex
2540 1035 2917 1093 misericordia
2961 1039 3212 1110 suscipit,
3252 1042 3307 1097 si.
3349 1058 3385 1098 ε
3421 1043 3670 1102 [arnicas-

2074 1123 2220 1179 tioue
2255 1125 2521 1182 desistere
2548 1128 2802 1183 voluerit.
2834 1128 3116 1199 Suscipiet,
3151 1133 3393 1204 inquam,
3418 1152 3521 1193 eos
3541 1137 3671 1194 licet

2070 1224 2410 1281 peccatores.
2463 1215 2532 1270 Et
2579 1218 2927 1289 suscipiendo
2962 1220 3223 1291 disperdet
3254 1239 3351 1293 per
3380 1226 3667 1296 indulgen-

2077 1304 2208 1357 tiam
2237 1306 2373 1358 riam
2404 1318 2760 1376 peccatorum,
2792 1310 3001 1365 scilicet
3028 1311 3434 1371 multitudinem
3464 1332 3665 1386 pecca-

2073 1400 2285 1459 torum,
2336 1409 2436 1464 per
2479 1411 2641 1467 quam
2670 1392 2770 1467 ipsi
2812 1400 2961 1468 prius
3003 1410 3320 1469 peccatores
3359 1405 3667 1461 existentes

2074 1484 2365 1540 tendebant
2402 1487 2468 1541 ad
2495 1497 2747 1542 mortem.
2773 1488 3057 1557 Suscipiet,
3086 1492 3327 1562 inquam.
3358 1494 3428 1549 Et
3450 1496 3505 1549 in
3534 1498 3668 1566 ipsis

2070 1577 2335 1645 susceptis
2364 1577 2597 1648 regnabit
2617 1579 2872 1635 Dominus
2897 1583 2951 1634 in
2981 1583 3198 1651 stecula,
3227 1584 3278 1640 id
3308 1597 3392 1642 est
3418 1602 3523 1658 per
3544 1605 3667 1642 om.

2072 1666 2158 1720 nia
2192 1668 2387 1724 saecula
2424 1670 2526 1726 ista
2550 1673 2858 1740 praesentia,
2886 1673 3094 1729 scilicet
3121 1676 3221 1746 ipsi
3235 1689 3403 1733 erunt
3432 1695 3673 1751 regnum

2073 1768 2126 1814 et
2151 1762 2422 1831 possessio
2448 1762 2679 1827 Domini,
2714 1765 2952 1834 quandiu
2981 1766 3095 1821 haec
3125 1768 3321 1824 saecula
3361 1770 3675 1826 durabunt-

2072 1848 2347 1916 Dominus,
2387 1852 2629 1920 inquam,
2675 1854 2935 1923 regnabit,
2976 1854 3230 1911 Dominus
3259 1857 3382 1914 dico
3414 1859 3668 1914 existens

2080 1937 2365 1994 Deustuus
2394 1940 2548 2011 Sion,
2589 1942 2797 1998 scilicet
2835 1960 2997 2013 quem
3053 1954 3104 2000 tu
3154 1947 3321 2002 Deum
3370 1960 3524 2004 tuum
3577 1967 3669 2007 rc-

2080 2041 2258 2099 putas,
2290 2048 2324 2087 ο
2354 2033 2515 2100 Sion,
2548 2034 2794 2090 collectio
2845 2036 3079 2092 ﬁdelium
3125 2041 3415 2110 Speculans
3453 2042 3671 2108 futura,

2071 2139 2177 2177 non
2230 2126 2521 2197 attendens
2560 2130 2872 2198 praesentia.
2925 2130 2992 2186 Et
3029 2147 3137 2188 non
3193 2133 3366 2189 solum
3415 2138 3662 2204 regnabit

2069 2216 2310 2283 quandiu
2338 2216 2454 2273 lucc
2484 2220 2684 2279 sazcula
2714 2221 3019 2288 durabunt,
3043 2224 3140 2278 sed
3162 2234 3209 2278 et
3240 2225 3294 2277 in
3325 2228 3670 2295 generatione

2072 2304 2172 2359 hac
2202 2308 2480 2375 praesenti,
2522 2318 2571 2363 et
2607 2310 2849 2373 durando
2875 2326 3046 2381 usque
3073 2314 3128 2367 in
3158 2317 3548 2385 generationem
3582 2316 3669 2368 fu-

2071 2404 2272 2450 turattt.
2303 2398 2456 2465 Quod
2488 2410 2572 2456 est
2600 2402 2820 2459 dicere:
2872 2404 2939 2459 Et
2982 2404 3069 2460 hic
3096 2415 3152 2461 et
3180 2408 3231 2460 in
3260 2406 3443 2463 futuro
3473 2425 3667 2479 regna-

2070 2487 2143 2539 bit
2185 2487 2240 2540 in
2279 2489 2380 2554 eis,
2411 2490 2498 2546 hic
2526 2492 2746 2563 quidem
2794 2494 2933 2550 bene
2966 2493 3444 2567 promovendo,‘in
3476 2498 3665 2555 futuro

2071 2592 2200 2633 vero
2229 2579 2346 2635 sine
2383 2581 2489 2636 ﬁne
2520 2584 2899 2641 beatiﬁcando.

2508 2672 2577 2727 IN
2615 2674 2948 2739 PSALMUM
2986 2676 3215 2734 CXLVI.

2141 2778 2353 2837 Titulus
2398 2786 2681 2841 eentesimi
2737 2789 3139 2861 quadragesimi
3188 2791 3349 2847 sexti.
3405 2792 3664 2848 Alleluia.

2073 2869 2185 2923 Vox
2214 2871 2519 2940 PrOphetze,
2544 2874 2730 2931 fideles
2758 2893 2948 2935 omnes
2971 2880 3037 2934 ad
3060 2880 3154 2935 Dei
3187 2881 3399 2937 laudem
3427 2884 3664 2939 invitan-

2072 2963 2159 3027 tis,
2197 2979 2260 3018 εκ
2297 2965 2738 3025 consideratione
2766 2970 2891 3040 quia
2922 2970 3259 3027 Hierusalem
3285 2973 3570 3030 caelestem
3606 2977 3660 3029 in

2071 3051 2253 3107 futuro
2298 3057 2609 3126 mdilicabit,
2642 3071 2695 3114 et
2739 3062 2827 3117 hic
2874 3062 3244 3133 dispersiones
3273 3064 3491 3120 lsraelis
3524 3082 3660 3120 roa-

2068 3152 2332 3221 grcgabit,
2382 3163 2438 3208 ct
2478 3169 2546 3209 ex
2594 3157 3033 3212 consideratione
3075 3172 3395 3214 cteterorutn
3450 3160 3661 3215 Leneﬁ-

2066 3240 2278 3294 ciorum
2309 3258 2429 3311 quae
2461 3244 2513 3297 in
2552 3245 2653 3299 hoc
2680 3246 2887 3315 psalmo
2915 3249 3172 3303 ostendit.

2137 3330 2375 3387 Laudate
2409 3334 2688 3391 Dominum
2738 3337 2973 3405 Patrem,
3013 3354 3049 3395 ο
3094 3340 3295 3407 fideles,
3322 3341 3374 3395 in
3410 3350 3661 3411 tempore

2067 3425 2256 3494 gratiae
2274 3425 2461 3496 futuri,
2482 3428 2717 3498 psalmo,
2746 3432 2992 3500 quoniam
3016 3433 3180 3487 bonus
3204 3443 3279 3488 cst
3312 3434 3573 3504 psalmus,
3605 3434 3661 3488 id

2065 3526 2149 3571 est
2171 3518 2318 3573 utilis
2347 3531 2428 3575 est
2458 3521 2608 3575 vobis
2629 3522 2888 3592 psalmus.
2904 3524 2971 3579 Et
2993 3525 3117 3594 quia
3143 3525 3278 3580 utile
3315 3525 3468 3581 vobis
3497 3534 3584 3580 est
3603 3534 3658 3580 et

2067 3606 2427 3673 salutiferam,
2460 3619 2519 3664 ut
2550 3611 2716 3666 Deum
2746 3613 2960 3682 psalnto
2989 3614 3243 3680 laudetis,
3269 3617 3382 3669 haec
3408 3614 3657 3669 laudatio

2065 3698 2309 3767 psalmus
2341 3700 2595 3757 videlicet
2627 3703 2870 3760 existens
2892 3704 3153 3775 jucunda,
3201 3706 3254 3762 id
3298 3714 3382 3762 est
3412 3707 3527 3763 Deo
3564 3709 3656 3762 de-

2066 3787 2349 3858 lectabilis,
2380 3801 2429 3845 et
2450 3793 2663 3862 decora,
2697 3795 2747 3849 id
2772 3802 2856 3851 est
2880 3795 3106 3852 honesta
3146 3796 3219 3852 sit
3258 3797 3367 3852 Deo
3403 3806 3595 3853 nostro
3625 3814 3655 3851 a

2065 3880 2221 3936 vobis
2269 3882 2424 3949 data;
2476 3900 2541 3939 ac
2590 3884 2636 3939 si
2684 3885 2871 3941 dicat:
2916 3886 3362 3958 Quandoquidem
3396 3888 3531 3943 utile
3560 3904 3657 3942 vo-

2065 3972 2150 4029 bis
2184 3984 2289 4042 est,
2324 3985 2375 4030 et
2407 3975 2506 4047 ipsi
2531 3975 2829 4046 jucundum
2866 3988 2922 4035 et
2948 3980 3225 4045 decorum,
3260 3991 3317 4035 ut
3344 3996 3468 4036 eum
3508 3980 3656 4051 p5al-

2065 4076 2155 4119 mo
2184 4063 2436 4134 laudetis,
2476 4068 2764 4137 persolvite
2790 4068 2841 4124 ei
2878 4070 3020 4124 hanc
3049 4069 3212 4126 talem
3255 4069 3651 4124 laudationem.

2066 4156 2331 4222 Quoniam
2355 4168 2535 4215 autem
2558 4176 2679 4216 eum
2700 4161 2867 4233 580
2888 4162 3130 4233 psalmus
3161 4162 3214 4217 in
3243 4161 3502 4232 psalterio
3530 4161 3655 4226 ﬁat,

2064 4248 2230 4303 estibi
2261 4258 2318 4305 et
2341 4265 2446 4306 vox
2462 4252 3078 4323 etmanunmope'ratio,
3103 4268 3202 4323 per
3212 4252 3480 4324 psalmum
3506 4253 3653 4306 acci-

2064 4339 2213 4409 pitur
2237 4349 2293 4396 et
2323 4340 2441 4397 laus
2455 4343 2549 4397 Dei
2578 4342 2630 4397 in
2661 4342 2803 4399 bona
2837 4346 3173 4416 operatione,
3204 4353 3259 4400 et
3288 4344 3404 4399 laus
3430 4344 3484 4399 in
3515 4357 3656 4399 vace

382 4410 553 4478 majus
575 4422 682 4477 est,
715 4414 970 4470 Dominus
998 4420 1150 4490 erigit
1175 4419 1351 4488 elisos,
1383 4422 1594 4478 scilicet
1619 4423 1742 4479 illos
1764 4425 1855 4494 qui
1894 4437 1961 4478 ex
1994 4439 2039 4495 ι)
2064 4434 2347 4500 exteriori,
2375 4434 2585 4491 scilicet
2633 4435 2687 4491 in
2718 4450 2835 4502 ore,
2883 4446 2939 4494 et
2980 4436 3099 4493 laus
3130 4438 3185 4493 in
3216 4452 3349 4495 voce
3379 4438 3650 4501 interiori,

382 4509 496 4557 toto
522 4516 643 4561 sunt
669 4507 790 4565 elisi
815 4524 916 4581 per
945 4521 1193 4582 peccata,
1236 4513 1288 4567 in
1318 4515 1517 4585 quibus
1545 4529 1611 4570 ex
1645 4524 1758 4573 toto
1788 4517 1963 4571 virtu-

382 4602 484 4659 tes,
534 4604 590 4649 et
621 4598 847 4656 liberum
880 4604 1169 4659 arbitrium
1203 4604 1483 4661 confracta
1512 4615 1642 4663 sunt
1668 4617 1724 4663 et
1757 4608 1954 4664 debili-

378 4696 511 4754 tata,
545 4687 704 4757 erigit
747 4690 814 4744 ab
850 4691 957 4748 hac
1001 4693 1232 4750 elisione
1260 4704 1480 4765 peccata
1529 4712 1627 4767 per
1660 4697 1963 4754 confessio-

294 4782 299 4787 ’
384 4795 506 4834 nem
539 4779 887 4852 indulgendo,
914 4792 969 4838 et
995 4785 1048 4839 in
1083 4787 1161 4841 eis
1192 4787 1425 4844 virtutes
1462 4798 1519 4843 et
1558 4789 1788 4845 liberum
1816 4791 1960 4846 arbi-

380 4872 543 4926 trium
589 4875 998 4946 rciutegrando.
1042 4876 1332 4949 Postquam
1392 4896 1519 4935 vero
1587 4892 1714 4937 sunt
1769 4884 1959 4953 erecti,

379 4962 636 5019 Pontinas
670 4966 789 5023 illos
836 4966 1012 5023 factos
1047 4969 1220 5039 justas
1246 4971 1445 5043 dirigit,
1475 4974 1526 5029 id
1569 4984 1654 5029 est
1683 4988 1965 5046 promovet

379 5057 448 5111 de
486 5058 688 5115 virtute
716 5060 770 5115 in
800 5063 1085 5130 virtutem,
1118 5063 1227 5130 vel,
1259 5065 1304 5119 si
1330 5066 1401 5119 sit
1436 5067 1506 5122 ibi
1540 5067 1739 5139 diligit,
1772 5071 1959 5127 eadem

381 5154 645 5209 sententia
679 5164 779 5210 est.
805 5155 871 5210 Et
893 5174 999 5215 non
1026 5166 1233 5214 tantum
1256 5171 1351 5223 eos
1371 5160 1550 5231 dirigit
1574 5165 1957 5232 promovendo,

380 5240 476 5295 ‘sed
506 5243 671 5300 etiam
697 5245 955 5306 Dominus
988 5250 1215 5309 custodit
1247 5266 1348 5324 per
1373 5253 1605 5325 gratiam
1624 5270 1777 5311 suam
1808 5258 1965 5313 adve-

378 5336 500 5401 nas,
551 5350 619 5389 ne
674 5342 740 5395 ab
794 5343 897 5399 hac
947 5348 1294 5413 promotione
1352 5346 1625 5403 deliciam.
1680 5349 1831 5417 Quod
1878 5360 1963 5407 est

381 5428 594 5483 discere
622 5443 636 5481 :
667 5426 1026 5492 Perseverare
1057 5437 1189 5493 facit
1216 5438 1287 5501 _in
1328 5440 1430 5497 hac
1461 5441 1800 5512 promotione
1844 5442 1963 5497 illos

378 5520 472 5590 qui
510 5535 620 5577 non
664 5528 919 5589 reputant
948 5542 1006 5583 se
1036 5528 1184 5585 cives
1212 5522 1373 5598 hujus
1411 5532 1624 5600 patrizc,
1670 5533 1762 5587 sed
1804 5532 1962 5587 adve-

383 5632 504 5681 nas,
533 5616 584 5672 id
615 5614 981 5689 estsupcrnte
1011 5622 1200 5692 patria!
1230 5623 1398 5676 cives.
1429 5624 1484 5677 Si
1521 5638 1650 5678 vero
1673 5622 1741 5679 de
1768 5622 1960 5692 aliqui-

374 5710 485 5767 bus
531 5710 818 5782 contigerit
851 5717 907 5766 ut
950 5708 1014 5764 ab
1056 5714 1157 5768 hac
1192 5712 1533 5784 promotione
1581 5712 1852 5803 deficiant,
1904 5722 1958 5769 et
2000 5780 2003 5783 λ

2065 4524 2317 4582 videlicet
2343 4524 2397 4580 in
2430 4524 2736 4581 affectione.
2773 4525 3041 4593 Laudate,
3081 4526 3337 4598 inquam,
3363 4526 3656 4581 Dominum

2063 4616 2304 4671 Patrem.
2336 4616 2405 4672 Et
2433 4617 2537 4673 hoc
2563 4632 2627 4673 ea
2657 4617 3096 4674 consideratione
3138 4620 3266 4689 quia
3301 4617 3561 4671 Dominus
3596 4618 3651 4671 in

2065 4706 2248 4763 futuro
2306 4706 2415 4763 erit
2474 4708 2747 4777 a'di/icans
2792 4706 3124 4764 Hierusalem
3168 4708 3471 4773 creleslem,
3523 4722 3658 4777 snp-

2065 4798 2258 4868 plendo
2279 4814 2344 4854 ex
2367 4814 2594 4855 numero
2613 4799 2916 4867 hominum,
2940 4801 3199 4872 quidquid
3224 4816 3321 4872 per
3338 4802 3657 4870 superbiam

2064 4889 2264 4945 decidit
2290 4889 2626 4961 angelorum.
2652 4892 2721 4947 Et
2745 4900 2804 4947 ut
2821 4906 2887 4947 ex
2910 4891 3219 4946 hominibus
3238 4891 3475 4947 caelestis
3527 4888 3659 4944 Hie-

2066 4979 2299 5033 rusalem
2345 4979 2665 5047 aediﬁcetur,
2714 4982 3043 5052 congregabit
3092 4983 3181 5038 hic
3221 4982 3485 5037 unitatem
3526 4980 3657 5035 ﬁdei

2064 5069 2411 5140 dispersiones
2442 5067 2686 5139 lsraelis,
2732 5071 2941 5127 scilicet
2970 5072 3335 5143 dispersiones
3365 5070 3659 5125 hominum

2064 5162 2154 5231 qui
2183 5162 2351 5217 futuri
2384 5171 2510 5218 sunt
2538 5163 2725 5219 lsrael.
2758 5164 2916 5231 Quod
2943 5175 3029 5219 est
3053 5166 3235 5220 dicere
3259 5182 3273 5218 :
3322 5162 3657 5228 Salvandos,

2063 5267 2130 5308 ex
2153 5253 2350 5323 quibus
2378 5252 2712 5308 Hierusalem
2743 5253 3121 5321 :ediﬁcabitur,
3152 5254 3301 5324 prius
3324 5253 3377 5307 in
3402 5252 3661 5308 diversos

2065 5359 2279 5402 errores
2303 5345 2617 5401 idololatriae
2643 5346 2937 5416 dispersos,
2968 5345 3022 5400 in
3063 5346 3325 5400 unitatem
3355 5343 3478 5400 ﬁdei
3508 5360 3653 5398 Clin-

2060 5438 2330 5510 gregabit,
2365 5448 2419 5494 et
2442 5438 2520 5494 sic
2541 5454 2635 5494 cos
2658 5439 2746 5493 hic
2773 5436 2934 5493 faciet
2963 5436 3143 5493 lsrael.
3175 5437 3543 5507 Congregabit,
3566 5436 3663 5492 in-

2067 5545 2248 5599 quam.
2276 5530 2381 5598 Qui
2408 5531 2569 5585 etiam
2595 5541 2878 5601 postquam
2907 5529 3216 5601 congregati
3244 5537 3436 5594 erunt,
3469 5538 3656 5595 sanat,

2067 5623 2118 5677 id
2153 5631 2238 5677 est
2265 5623 2478 5678 sanabit
2522 5636 2616 5678 eos
2649 5622 2820 5678 factos
2850 5622 3099 5677 contrito:
3136 5621 3313 5675 corde.
3358 5619 3514 5689 Quod
3564 5631 3661 5676 est

2068 5713 2248 5769 dicere
2278 5729 2291 5767 :
2321 5712 2454 5770 Cum
2494 5723 2615 5786 post
2648 5712 2767 5769 ﬁdei
2796 5711 3197 5782 perceptionem
3246 5709 3419 5768 adhuc
3451 5711 3661 5767 inﬁrmi
