3962 6318
254 297 393 354 “(5

1190 293 1550 354 EXPOSITIO
1589 293 1654 348 IN
1701 290 2042 349 PSALMOS.
2076 323 2145 332 --
2170 292 2363 347 PSAL.
2396 294 2627 351 CXLVI.

3385 297 3524 353 1206

250 422 411 467 erunt
453 428 519 469 ex
569 414 961 469 consuetudine
1009 422 1381 481 peccatorum,
1429 421 1485 467 et
1513 408 1717 466 debiles
1758 409 1824 463 ad
1859 414 1903 473 Α
1936 418 2108 475 rcaut,
2173 424 2276 464 non
2311 423 2431 463 cum
2483 412 2889 466 mansuetudine
2938 392 3039 467 hoc
3096 414 3396 483 inquirunt,
3434 416 3531 469 sed

252 501 389 557 bene
428 505 787 571 operandum,
821 502 1037 556 sanabit
1076 501 1471 557 medicamento
1509 500 1698 570 gratiae
1724 514 1835 553 sua:

256 592 312 646 in
340 591 423 647 eis
455 592 599 647 hanc
631 592 1000 647 infirmitatem
1028 591 1186 646 sicut
1211 592 1292 646 eis
1319 592 1523 645 tribuat
1553 591 1688 644 bene
1709 604 1837 659 ope-

256 685 410 738 randi
440 682 786 750 facilitatem,
834 698 865 738 a
904 682 1257 738 similitudine
1288 682 1511 748 infirmi,
1551 682 1665 752 qui,
1712 696 1835 736 cum

254 790 377 851 post
424 781 742 836 evasiouem
791 779 990 846 morbi,
1031 777 1365 834 debilitatem
1410 776 1588 831 adhuc
1628 791 1694 830 ex
1720 776 1837 845 ipso

255 873 448 928 morbo
475 871 729 934 retineat,
761 869 1022 939 paulatim
1053 882 1121 923 ex
1161 867 1249 922 illa
1278 867 1557 923 debilitate
1592 874 1835 929 sanatur,

254 962 381 1015 dum
438 961 490 1014 in
542 960 828 1031 pristinam
900 956 1146 1026 corporis
1204 957 1459 1010 virtutem
1504 953 1837 1009 medicorum

254 1050 460 1105 auxilio
506 1049 835 1104 restituitur.
877 1047 946 1102 Et
992 1047 1111 1102 ideo
1151 1046 1388 1110 sanabit,
1420 1044 1547 1114 quia
1580 1051 1744 1099 erunt
1783 1043 1838 1097 in

253 1142 414 1197 corde
434 1141 850 1212 compunctione
866 1138 1106 1195 contriti.
1141 1156 1159 1189 ι
1190 1136 1297 1193 Cor
1312 1137 1453 1193 enim
1473 1136 1763 1192 contritum
1785 1141 1843 1190 et

253 1231 597 1287 hmniliatum
642 1246 750 1286 non
796 1230 1057 1301 deSpiciet
1087 1230 1225 1284 Deus
1259 1227 1433 1300 (Psal.
1470 1246 1523 1291 ι,
1562 1226 1674 1299 19).
1716 1246 1736 1279 ι
1771 1225 1838 1280 Et

253 1320 571 1389 priusquam
623 1334 718 1374 eos
741 1333 806 1374 ex
831 1319 933 1373 hac
957 1317 1230 1374 debilitate
1255 1326 1430 1385 sanet,
1453 1316 1658 1387 alligat,
1684 1316 1736 1371 id
1757 1323 1841 1371 est

257 1412 503 1482 alligabit
532 1412 871 1465 contritiones
906 1427 1107 1477 eorum,
1137 1410 1343 1465 scilicet
1365 1409 1725 1466 consolidabit
1745 1423 1844 1479 per

259 1500 619 1570 baptismum,
648 1509 703 1555 et
727 1515 825 1570 per
859 1509 1053 1555 caztera
1091 1508 1431 1555 sacramenta
1471 1498 1841 1555 ecclesiastica

255 1594 493 1647 virtutes
520 1591 713 1646 animae
742 1599 797 1646 et
820 1591 1049 1646 liberum
1075 1591 1385 1659 arbitrium,
1418 1607 1537 1661 quae
1566 1592 1842 1661 peccando

254 1685 645 1755 conl‘regerunt
699 1693 756 1739 et
802 1683 1208 1739 destruxerunt.
1265 1682 1418 1749 Quod
1468 1691 1552 1737 est
1615 1684 1838 1738 dicere:

255 1778 628 1848 lieintegrabit
664 1779 888 1833 virtutes
941 1789 998 1831 et
1048 1777 1275 1832 liberum
1315 1777 1598 1832 arbitrium
1655 1793 1843 1832 eorum

264 1884 384 1937 qua:
408 1868 509 1939 ipsi
532 1867 808 1938 peccando
831 1866 1284 1936 disperdiderunt,
1311 1881 1340 1920 a
1362 1866 1715 1921 similitudine
1730 1881 1845 1921 me-

255 1962 359 2017 dici
384 2003 399 2023 ,
466 1961 556 2031 qui
607 1958 891 2028 cujuslibet
925 1974 1049 2014 ossa
1092 1958 1325 2013 contrita
1352 1958 1465 2013 sive
1505 1958 1727 2012 vulnera
1764 1957 1845 2013 al-

252 2051 471 2124 ligando
491 2060 665 2108 sanat.
686 2042 940 2117 Laudate,
958 2051 1196 2121 inquam,
1218 2051 1517 2105 Dominum.
1575 2050 1679 2117 Qui
1695 2061 1843 2121 post-

253 2162 417 2215 quam
459 2146 720 2201 coutritos
764 2146 927 2200 corde
976 2145 1224 2212 sanabit,
1276 2145 1527 2200 faciendo
1577 2161 1675 2215 per
1722 2146 1843 2200 illu-

256 2239 602 2293 minationem
625 2238 812 2308 gratia:
838 2252 905 2293 ex
935 2236 1064 2308 ipsis
1104 2236 1491 2290 multitudinem
1551 2237 1840 2301 stellarum,

255 2326 307 2381 id
334 2336 419 2382 est
454 2326 652 2381 multas
670 2326 1124 2392 stellasnumerat,
1154 2325 1205 2380 id
1232 2325 1640 2381 estnuinerabit
1666 2325 1845 2379 multi-

256 2417 491 2472 tudinem
506 2415 712 2470 illarum
736 2413 1035 2482 stellarum,
1049 2413 1255 2471 scdicet
1268 2414 1532 2483 custodiet
1546 2414 1664 2468 illus
1676 2429 1742 2467 ne
1756 2412 1843 2468 de-

255 2509 464 2574 ficiant,
476 2509 564 2578 qui
579 2508 758 2563 multa:
773 2507 940 2563 stellae
954 2517 1133 2572 erant,
1148 2505 1387 2560 lucentes
1403 2504 1649 2559 videlicet
1666 2503 1718 2557 in
1734 2518 1845 2557 me—

254 2600 343 2654 dio
372 2600 604 2654 nationis
635 2614 814 2669 pravae
867 2596 1033 2668 (Phil.
1072 2612 1132 2663 ιι,
1160 2596 1246 2662 l5)
1277 2605 1332 2651 et
1356 2593 1604 2651 doctrina
1636 2595 1841 2649 etbona

254 2691 367 2743 vita
401 2728 417 2754 ,
446 2705 475 2741 a
505 2688 863 2759 similitudine
889 2686 1196 2751 stellarum,
1225 2694 1386 2739 nocte
1413 2686 1466 2738 in
1498 2684 1845 2737 firmamento

258 2780 574 2836 lucentium.
638 2778 937 2833 Numerare
995 2792 1094 2846 pro
1153 2775 1426 2831 custodire
1470 2774 1724 2844 ponitur,
1780 2787 1845 2827 eo

255 2870 400 2940 quod
427 2874 494 2924 ad
527 2870 629 2924 hoc
654 2882 742 2923 rcs
772 2867 1043 2921 numerari
1105 2866 1262 2932 solet,
1316 2875 1374 2919 ut
1426 2873 1705 2919 numerata
1752 2877 1845 2916 cn-

255 2962 539 3017 s.odiatur.
570 2961 847 3025 Numerat,
876 2961 1119 3028 inquam,
1157 2956 1355 3011 multas
1398 2955 1604 3010 stellas.
1632 2954 1699 3007 Et
1733 2970 1845 3007 out-

256 3054 406 3108 uilms
432 3054 503 3107 eis
554 3054 765 3106 nomina
810 3061 981 3119 vocat,
1040 3051 1092 3105 id
1142 3059 1227 3104 est
1279 3047 1538 3105 vocabula
1583 3047 1838 3115 imponet.

257 3142 408 3206 Quod
438 3142 718 3196 estdicere
746 3156 759 3194 :
796 3140 955 3195 Dabit
980 3139 1059 3194 eis
1087 3139 1298 3193 diversa
1325 3137 1673 3199 charismata,
1703 3149 1839 3205 quo-

257 3247 377 3286 ram
410 3232 701 3287 occasione
728 3231 939 3286 diversa
989 3231 1209 3285 nomina
1255 3230 1335 3285 eis
1386 3228 1754 3297 imponentur,
1782 3235 1843 3279 ut

256 3326 345 3379 alii
378 3336 666 3396 martyres,
719 3334 773 3380 et
804 3324 893 3378 alii
924 3323 1286 3385 confessores.
1319 3339 1414 3378 seu
1451 3321 1617 3377 etiam
1647 3334 1841 3374 mona-

257 3416 345 3469 chi
399 3416 514 3471 sive
564 3416 808 3471 eremitte
838 3426 1119 3487 vocentur,
1174 3414 1412 3469 autaliis
1462 3411 1708 3485 plurimis
1744 3412 1843 3466 ho-

258 3509 427 3564 nestis
451 3509 759 3565 nominibus
780 3518 1176 3578 nuncupentur.

329 3598 595 3666 Quoniam
625 3609 803 3653 autem
836 3608 1042 3652 natura:
1067 3597 1261 3652 divina:
1301 3596 1840 3650 identitatemosten-

261 3693 440 3755 derat,
482 3690 571 3745 ubi
635 3690 809 3744 dixit:
844 3687 1083 3742 Laudato
1144 3689 1448 3752 Dominum,
1475 3686 1839 3757 pluralitatem

258 3779 421 3835 etiam
458 3794 812 3851 personarum
831 3779 1091 3844 ostendit,
1112 3778 1191 3833 sic
1225 3795 1239 3831 :
1295 3777 1553 3841 Laudare,
1596 3777 1838 3847 inquam,

248 3872 567 3937 Dominum,
594 3882 648 3927 et
672 3872 775 3927 hoc
797 3887 861 3927 ea
882 3872 1187 3936 occasione,
1234 3871 1359 3940 quia
1403 3887 1622 3941 magnus
1674 3879 1758 3925 est
1784 3869 1838 3924 in

261 3976 457 4021 natura
493 3964 633 4019 Deus
665 3974 858 4030 noster,
888 3962 1072 4026 Pater,
1102 3962 1310 4017 scilicet
1333 3970 1522 4032 potens
1550 3969 1656 4026 est,
1679 3975 1839 4030 quem

258 4072 361 4111 nos
386 4056 663 4126 propheta:
685 4054 787 4108 viri
831 4052 1245 4108 auctorizabilcs
1294 4051 1460 4106 Deum
1514 4066 1636 4106 esse
1682 4065 1841 4119 repu-

260 4158 459 4201 tunius.
486 4144 553 4198 Et
580 4161 768 4215 magna
790 4144 955 4196 virtus
1001 4143 1140 4211 ejus,
1165 4144 1217 4195 id
1245 4151 1328 4197 est
1356 4142 1523 4196 Filius
1547 4141 1637 4211 qui
1667 4141 1840 4195 virtus

258 4238 443 4294 Patris
472 4236 689 4298 dicitur,
722 4249 787 4290 eo
816 4233 958 4304 quod
1008 4221 1167 4287 Pater
1201 4233 1383 4287 omnia
1409 4247 1504 4302 per
1537 4246 1661 4286 eum
1713 4231 1766 4285 di
1787 4247 1839 4286 s-

260 4330 411 4401 ponit
451 4335 506 4383 et
544 4327 876 4382 moderatur.
909 4324 1008 4401 Ρςι
1046 4324 1145 4379 has
1199 4326 1339 4379 duas
1382 4337 1642 4392 personas
1704 4334 1839 4388 quas

1938 496 2285 554 innnansueti
2333 498 2672 562 existentes,
2710 498 2866 553 fidem
2921 501 3079 573 581
3134 504 3334 560 habere
3394 519 3529 560 con-

1938 599 2205 645 temnunt.
2254 590 2603 646 Commendat
2631 589 2750 645 fidei
2806 595 3265 651 mansuetudinem
3291 636 3305 661 ,
3340 605 3533 651 osten-

1938 683 2072 737 dens
2142 680 2287 752 quod
2352 681 2618 736 mansueti
2691 697 2723 735 a
2769 681 2998 737 Domino
3049 687 3435 756 suscipiuntur,
3475 698 3532 742 et

1946 772 2252 827 econtrario
2300 780 2612 840 peccatores
2666 771 3009 828 immansueti
3064 773 3527 841 bumihantnr,ut

1942 867 2021 921 sic
2052 881 2147 920 nos
2175 865 2242 919 ab
2282 865 2767 919 immansuetudine
2807 865 3130 920 retraheudo
3172 858 3245 921 3d
3280 880 3532 922 mansne-

1941 957 2179 1011 tudinem
2226 954 2435 1009 invitet.
2493 955 2621 1010 Dico
2655 956 2798 1026 quod
2835 972 3059 1026 magnus
3107 965 3191 1012 est
3242 957 3518 1022 Dominus,

1941 1049 2100 1105 Pater
2149 1059 2205 1106 et
2244 1050 2410 1106 Filius
2442 1059 2497 1105 et
2534 1049 2768 1119 Spiritus
2808 1061 3051 1107 sanctus.
3103 1051 3387 1116 Dominus,
3445 1051 3531 1105 iu-

1940 1159 2124 1212 quam,
2175 1143 2461 1213 suscipiens
2517 1152 2846 1204 mansuetos,
2877 1142 2966 1211 qui
3003 1142 3048 1197 si
3090 1143 3270 1196 statim
3302 1158 3406 1195 non
3450 1142 3532 1195 in-

1944 1237 2270 1300 tellexerint,
2306 1238 2462 1291 tidem
2493 1250 2600 1289 non
2634 1234 2931 1304 repellunt;
2963 1234 3061 1289 sed
3089 1234 3154 1287 ad
3188 1233 3289 1287 hoc
3319 1232 3523 1286 intelli-

1943 1330 2172 1399 gendum
2199 1329 2430 1400 qualiter
2465 1343 2607 1383 unus
2644 1337 2699 1382 et
2729 1327 2903 1380 trinus
2933 1326 3023 1390 sit,
3061 1332 3341 1381 mansuete
3374 1324 3527 1379 inre—

1943 1420 2193 1489 stigando
2229 1420 2496 1474 nituntur.
2538 1417 2841 1486 Suscipiens
2868 1415 3087 1486 quidem
3114 1427 3435 1476 mansuetas,
3474 1414 3529 1469 id

1942 1519 2027 1566 est
2056 1511 2278 1565 medens
2307 1510 2411 1572 eis,
2444 1517 2505 1562 ut
2539 1506 2859 1577 ignorantia:
2905 1507 3238 1562 debilitatem
3289 1504 3520 1567 auferat,

1943 1609 2000 1655 et
2025 1599 2343 1654 facultatem
2394 1596 2768 1668 intelligentim
2799 1596 3064 1651 conferat.
3100 1593 3531 1648 Pereatoresau.

1947 1702 2045 1747 tem
2076 1691 2535 1759 antonomastice,
2579 1692 2786 1746 scilicet
2826 1691 3235 1749 immansuetos,
3282 1702 3381 1756 per
3408 1686 3536 1741 sub-

1875 1757 1920 1816 Β
1952 1784 2270 1837 tractionem
2321 1757 2528 1852 gratiis
2561 1794 2672 1835 suae
2697 1779 3009 1845 humiliatus,
3061 1778 3112 1832 id
3138 1771 3235 1832 est
3278 1776 3535 1848 dejiciens

1946 1873 2013 1927 ab
2055 1872 2408 1944 intelligentia
2460 1886 2622 1941 usque
2664 1871 2733 1923 ad
2785 1879 3001 1931 terram,
3050 1868 3103 1923 id
3139 1876 3223 1922 cst
3257 1879 3427 1935 usque
3465 1864 3532 1918 ad

1949 1972 2222 2020 terrenqu
2258 1962 2612 2018 intellectum.
2659 1956 2829 2029 Quod
2861 1969 2942 2017 est
2989 1959 3213 2015 dicere:
3259 1957 3383 2012 ideo
3410 1956 3535 2023 quia

1946 2055 2292 2111 immansueti
2343 2066 2493 2117 sunt,
2542 2052 2913 2108 subtrahendo
2961 2051 3140 2105 lumen
3188 2047 3376 2120 gratia:
3423 2062 3535 2101 sine

1946 2145 2199 2201 humiliat
2223 2160 2317 2199 eos
2344 2144 2620 2209 Dominus,
2649 2151 2709 2198 ut
2737 2157 2844 2198 non
2877 2141 3052 2198 solum
3079 2156 3183 2194 non
3212 2137 3533 2207 intelligant,

1947 2238 2039 2295 sed
2070 2246 2127 2292 ut
2153 2237 2343 2302 etiam,
2373 2234 2517 2306 quod
2552 2234 2931 2306 gravissimum
2949 2239 3054 2297 est,
3081 2230 3148 2286 de
3178 2230 3288 2285 Deo
3316 2236 3534 2283 terrene

1946 2329 2208 2395 sentiant,
2235 2336 2402 2396 utque
2428 2327 2495 2382 de
2520 2324 2762 2396 quolibet
2792 2323 3013 2379 homine
3042 2325 3109 2377 de
3138 2320 3254 2390 ipso
3284 2329 3470 2391 agant.

1952 2464 1955 2469 .
2017 2419 2284 2487 Quoniam
2312 2432 2444 2487 ergo
2472 2424 2781 2469 mansuetos
2829 2411 3076 2480 suscipit,
3107 2418 3161 2465 et
3199 2417 3535 2479 peccatores,

1946 2523 2005 2564 se
2040 2506 2274 2578 superbe
2310 2514 2367 2561 et
2404 2505 2768 2560 immansuete
2800 2499 3086 2563 habentes,
3133 2497 3404 2562 lnuniliat,
3434 2512 3535 2553 vos

1947 2585 2491 2666 ﬁdeles-quicunque,
2522 2593 2659 2649 utsi
2691 2592 2932 2647 nondum
2979 2586 3211 2658 suscepti
3260 2588 3395 2643 estis
3442 2603 3535 2641 su-

1946 2690 2284 2760 scipiamiui;
2317 2689 2361 2742 si
2398 2703 2526 2741 vero
2568 2686 2683 2756 jam
2738 2683 2999 2753 suscepti,
3049 2682 3222 2750 magis
3262 2689 3318 2736 et
3360 2682 3532 2751 magis

1946 2781 2315 2851 suscipiamiui
2351 2770 2617 2834 mansueti
2656 2776 2974 2839 existentes,
3005 2772 3276 2843 praecinitc
3302 2772 3528 2826 Domino

1945 2874 1999 2928 in
2026 2872 2352 2940 confessione
2380 2880 2728 2941 peccatorum
2770 2874 3101 2921 vestrorum.
3140 2863 3292 2930 Quod
3338 2871 3423 2918 est
3448 2864 3534 2917 d2-

1946 2982 2116 3023 cere:
2149 2965 2205 3020 lu
2246 2964 2438 3036 primis
2484 2970 2709 3032 peccata
2756 2944 2935 3013 vestra
2986 2956 3265 3011 humiliter
3305 2954 3532 3009 conﬁte-

1948 3057 2103 3119 mini,
2150 3071 2270 3126 quaa
2313 3053 2581 3110 confessio
2628 3052 2802 3107 dulcis
2845 3061 3039 3106 cantus
3074 3058 3126 3103 et
3167 3048 3377 3118 primus
3423 3048 3532 3102 erit

1948 3148 2079 3203 Dco.
2110 3147 2174 3202 Et
2205 3155 2325 3216 post
2352 3145 2748 3201 confessionem
2779 3142 2986 3212 psallite
3008 3140 3118 3196 Deo
3141 3150 3340 3205 nostra,
3369 3142 3422 3196 id
3445 3150 3529 3196 est

1944 3240 2083 3296 bene
2133 3239 2434 3311 operamini
2483 3238 2550 3292 ad
2600 3238 2861 3291 honorem
2893 3234 3128 3289 Domini.
3160 3231 3406 3298 Psallite,
3440 3234 3526 3287 in-

1943 3348 2125 3402 quam,
2157 3317 2441 3385 existendo
2475 3329 2528 3383 in
2562 3328 2789 3393 cithara,
2822 3324 2873 3379 id
2902 3332 2987 3380 est
3026 3324 3081 3378 in
3111 3323 3529 3378 mortificatione

1943 3423 2140 3479 carnis.
2175 3421 2240 3477 Et
2268 3436 2395 3476 vere
2430 3419 2832 3491 prmeinendum
2862 3425 2917 3471 et
2944 3413 3279 3485 paullendum
3308 3425 3393 3469 est
3422 3415 3529 3468 Deo

1943 3526 2153 3571 nostro.
2187 3514 2290 3580 Qui
2324 3528 2518 3585 nempe
2550 3528 2674 3568 cum
2706 3512 2808 3566 hoc
2851 3518 2936 3565 est
2978 3508 3120 3578 quod
3150 3508 3311 3577 aperit
3344 3506 3528 3560 malum

1944 3609 1996 3661 in
2028 3606 2268 3671 nubibus,
2299 3606 2349 3661 id
2380 3615 2463 3660 est
2494 3620 2619 3659 cum
2651 3602 2887 3658 occultet
2930 3600 3158 3672 mystica
3195 3613 3395 3653 arcana
3429 3613 3526 3651 sua

1940 3700 1997 3754 in
2044 3698 2527 3770 praedicatoribus,
2576 3695 2667 3764 qui
2715 3701 2936 3762 propter
2995 3691 3080 3747 sui
3142 3690 3528 3747 sublimitatem

1942 3792 2139 3847 caelum
2170 3791 2447 3853 dicuntur,
2491 3789 2630 3843 idem
2680 3796 2861 3840 tamen
2910 3782 3109 3839 cmlum
3152 3791 3326 3852 parat,
3367 3781 3531 3835 idest

1942 3882 2070 3937 facit
2100 3881 2349 3951 pluvium,
2400 3879 2451 3933 id
2483 3886 2568 3932 est
2594 3885 2835 3947 apertam
2874 3883 2931 3930 et
2954 3873 3276 3945 irrigantem
3323 3872 3530 3927 doctri-

1943 3990 2068 4028 nam
2119 3982 2273 4027 terra:
2311 3985 2423 4025 suae
2468 3968 2745 4024 Eeclesim.
2797 3965 2954 4034 Quod
3000 3972 3088 4019 est
3138 3977 3203 4017 ae
3250 3963 3296 4017 si
3347 3960 3522 4039 dicat:

1940 4065 2075 4121 Cum
2107 4065 2221 4136 ipse
2261 4064 2314 4119 in
2342 4062 2599 4133 apostolis
2633 4070 2688 4115 et
2729 4057 3012 4129 prophetis
3047 4055 3285 4111 occultet
3333 4056 3529 4126 mysti-

1940 4173 2063 4211 cum
2118 4154 2455 4209 intellectum
2499 4158 2837 4205 secretorum
2870 4160 3113 4211 suorum,
3149 4147 3271 4200 ideo
3300 4161 3368 4201 ne
3398 4144 3528 4200 vile-

1941 4258 2076 4316 seat,
2102 4247 2349 4302 eumdem
2381 4255 2558 4298 tamen
2590 4242 2925 4297 intellectum
2955 4240 3224 4308 fidelibus,
3248 4241 3341 4312 qui
3376 4250 3522 4296 terra

1940 4342 2058 4411 ejus
2087 4346 2236 4403 sunt,
2264 4335 2555 4405 aliquando
2585 4350 2683 4405 per
2714 4333 3161 4389 illuminationem
3203 4334 3396 4403 gratiae
3416 4348 3528 4388 sua:

259 4420 493 4475 allirmat
514 4435 635 4475 esse
646 4433 892 4491 magnas,
918 4416 1181 4487 Spiritum
1195 4426 1438 4471 sanctum
1450 4428 1571 4469 esse
1588 4428 1837 4482 magnum

1946 4430 2170 4496 revelat,
2202 4438 2260 4482 ut
2286 4428 2357 4482 sit
2382 4427 2463 4481 eis
2490 4426 2543 4480 in
2570 4426 2688 4481 loco
2720 4425 2934 4495 pluviae,
2979 4423 3188 4480 scilicet
3215 4433 3272 4477 ut
3303 4438 3398 4478 eos
3421 4424 3527 4478 im-

262 4512 527 4566 innuitur.
560 4509 637 4564 Ne
670 4525 798 4565 vero
827 4519 1049 4578 prepter
1081 4506 1339 4562 vocabula
1385 4505 1622 4570 diversa,
1654 4504 1708 4558 in
1741 4519 1839 4557 na-

265 4612 387 4657 tura
431 4600 704 4654 videretur
751 4612 873 4652 csse
922 4598 1228 4663 diversitas,
1281 4603 1524 4650 removet
1572 4593 1674 4647 hoc
1719 4608 1840 4646 cum

262 4690 414 4746 addit
446 4708 458 4743 :
504 4688 570 4742 Et
599 4688 726 4744 licet
752 4702 781 4739 a
809 4688 969 4740 Patre
992 4686 1063 4740 sit
1108 4685 1213 4739 alia
1241 4700 1471 4755 persona
1514 4684 1702 4749 Filius,
1764 4692 1846 4737 ta-

266 4796 386 4836 men
407 4781 697 4850 sapimtia',
717 4778 768 4833 id
790 4776 1017 4833 estFilio
1040 4776 1342 4844 ejusPatris
1366 4792 1467 4830 non
1483 4785 1840 4836 estnumerus,

264 4872 319 4929 id
339 4872 723 4926 estdiversitas
750 4879 806 4925 et
825 4868 1194 4937 multiplicitas
1227 4880 1281 4923 et
1298 4867 1533 4921 varietas
1554 4867 1604 4918 in
1622 4872 1837 4919 natura.

266 4964 383 5019 Non
406 4965 547 5018 enim
582 4971 902 5018 numeratur
929 4961 1034 5015 alia
1061 4961 1256 5026 Patris,
1290 4960 1391 5014 alia
1424 4959 1546 5013 Filii
1580 4958 1839 5023 essentia,

267 5058 362 5111 sed
401 5056 639 5126 perfecte
660 5064 742 5110 est
789 5055 869 5108 eis
898 5054 1086 5109 eadem
1125 5062 1179 5108 et
1234 5050 1570 5106 iuvariabilis
1622 5058 1837 5102 natura.

266 5149 560 5203 Numerum
590 5162 687 5216 pro
710 5146 1023 5201 diversitate
1045 5155 1099 5199 et
1124 5144 1525 5213 multiplicitate
1548 5141 1723 5211 ponit,
1775 5154 1842 5194 eo

264 5240 410 5311 quod
442 5253 529 5294 res
554 5240 798 5294 diversas
828 5247 885 5293 et
924 5238 1250 5308 multiplices
1297 5250 1586 5290 numerare
1614 5248 1844 5289 consue-

266 5332 461 5388 vimus.
488 5331 623 5398 Quia
650 5346 782 5386 vero
809 5340 865 5386 et
891 5332 1152 5385 unitatem
1192 5331 1245 5384 in
1285 5338 1500 5393 natura,
1533 5337 1591 5383 et
1637 5329 1689 5383 in
1720 5342 1844 5398 per-

267 5426 419 5481 sonis
447 5439 569 5481 esse
618 5424 1075 5494 multiplicitatem
1128 5424 1459 5490 ostenderat,
1506 5438 1629 5477 eum
1686 5422 1846 5495 hujus

268 5515 467 5572 secreti
518 5514 829 5571 intellectus
887 5515 1137 5570 omnibus
1186 5516 1433 5573 fidelibus
1488 5532 1595 5571 non
1636 5524 1845 5585 pateat,

269 5607 816 5678 omnibusquetamen
831 5596 957 5661 inde
970 5605 1103 5661 fides
1131 5608 1395 5664 habenda.
1420 5608 1558 5663 Sunt
1579 5608 1723 5661 enim
1748 5608 1849 5663 ha:-

275 5701 424 5757 retici
472 5701 654 5770 multi,
690 5700 780 5771 qui
831 5714 951 5755 cum
985 5698 1142 5770 hujus
1186 5711 1343 5759 tanta:
1393 5704 1470 5759 rei
1496 5704 1684 5761 notitia
1750 5720 1845 5760 ca-

1944 4524 2075 4578 lulat
2104 4530 2157 4576 et
2188 4519 2398 4575 fertiles
2420 4517 2608 4583 faciat,
2643 4517 2711 4572 ad
2741 4515 3149 4571 similitudinem
3175 4514 3388 4586 pluviae,
3420 4524 3528 4569 ter-

1946 4632 2061 4671 ram
2097 4613 2326 4684 rigantis
2369 4621 2423 4666 et
2452 4611 2685 4667 fertilem
2736 4609 3007 4665 facientis.
3055 4609 3324 4663 Dicuntur
3360 4607 3524 4662 etiam

1944 4703 2247 4775 hujnsmodi
2277 4717 2474 4755 arcana
2507 4700 2727 4766 caelum,
2774 4713 2840 4754 eo
2867 4698 3031 4767 mod,
3083 4698 3225 4753 sicut
3260 4697 3523 4761 caelestia,

1945 4796 2206 4850 celantur.
2237 4792 2473 4863 Exponit
2501 4801 2683 4845 autem
2730 4790 2999 4860 quomodo
3029 4789 3223 4844 caelum
3260 4790 3364 4844 hoc
3395 4788 3526 4843 facit

1944 4886 2207 4957 pluviam,
2263 4885 2344 4939 sic
2372 4901 2385 4937 :
2417 4880 2606 4948 Parat,
2644 4882 2886 4951 inquam,
2935 4882 3080 4936 Deus
3120 4880 3317 4936 cadum
3372 4890 3527 4934 terra:

1946 4977 2197 5049 pluviam.
2229 4975 2335 5041 Qui
2367 4974 2618 5028 videlicet
2647 4973 2775 5027 illud
2805 4972 3003 5027 coelum
3025 4970 3265 5026 existens
3294 4970 3348 5023 iu
3377 4985 3528 5023 mon-

1946 5071 2103 5133 tibus,
2134 5068 2185 5121 id
2208 5075 2310 5131 est,
2342 5067 2393 5120 in
2419 5066 2680 5136 apostolis
2711 5074 2767 5119 et
2787 5062 3089 5133 prepgetis,
3116 5076 3253 5132 quos
3276 5060 3527 5130 superius

1945 5163 2116 5217 nubes
2165 5159 2400 5222 vocavit,
2430 5158 2694 5228 producit,
2726 5155 2777 5210 id
2808 5163 2891 5209 est
2919 5154 3093 5222 aperit
3118 5161 3173 5205 et
3214 5150 3529 5205 manifestat

1946 5251 2196 5307 ﬁdelibus
2224 5248 2577 5314 suis,'ccelum
2615 5248 2738 5302 dico
2758 5246 2999 5301 existens
3046 5244 3249 5314 fenum,
3293 5252 3342 5297 et
3397 5243 3517 5296 Iter-

1949 5344 2088 5409 bam,
2158 5357 2258 5411 pro
2327 5340 2603 5395 frumento
2656 5338 2828 5409 ponit,
2876 5352 2942 5392 eo
2989 5337 3136 5406 quod
3172 5336 3300 5391 dum
3328 5344 3412 5390 est
3441 5335 3521 5388 vi—

1948 5435 2085 5497 ride,
2117 5434 2283 5488 berba
2314 5432 2535 5487 dicitur.
2568 5429 2923 5485 Frumentum
2955 5437 3135 5483 autem
3173 5426 3373 5482 dicitur
3412 5440 3528 5497 my-

1947 5525 2120 5579 sticus
2144 5522 2467 5585 intellectus,
2487 5522 2580 5590 qui
2616 5520 2744 5576 solis
2759 5516 3095 5589 spiritalibus
3119 5526 3176 5572 et
3199 5515 3337 5570 bene
3366 5516 3527 5570 ratio-

1950 5615 2162 5670 nalibus
2208 5613 2483 5685 congruit,
2531 5612 2673 5668 sicut
2732 5612 3066 5667 frumentum
3126 5604 3524 5664 rationabilium

1952 5705 2300 5774 animalium,
2361 5704 2565 5762 scilicet
2616 5705 2896 5762 hominum
2951 5716 3033 5762 est
3080 5698 3257 5761 cibus.
3315 5698 3527 5757 Fcnum
