3962 6318
497 282 517 326 1
539 278 627 329 ΗΠ

1030 279 1066 329 ὃ
1127 277 1473 335 BHUNONIS
1513 277 2155 337 CAHTHUSIANOHUM
2196 275 2683 341 INSTITUTOHIS
2721 279 2867 338 OPP.
2900 285 3077 342 PARS
3106 287 3143 342 l.

3622 300 3644 355 1
3661 301 3742 359 ωδ

494 397 673 443 autem
718 394 861 460 quod
891 393 1018 449 solis
1051 395 1516 455 irrationabilibus
1561 401 1812 456 idoneum
1861 406 1964 462 est,
1996 396 2062 451 ini

2180 407 2305 449 vero
2318 405 2549 462 partem,
2566 413 2685 465 qua)
2700 397 2852 466 ignea
2868 404 3370 475 apparuit,superbi
3386 408 3741 483 signabantur,

497 482 768 537 tsllectum
812 487 877 540 ad
911 486 1145 542 litteram
1192 490 1472 563 designat;
1521 510 1628 563 quo
1664 493 1780 548 solo
1811 491 1990 546 idiota:
2020 500 2073 547 et

495 573 656 629 rudes
708 577 892 632 ﬁdeles
938 587 1183 645 utuntur,
1217 583 1309 651 qui
1356 585 1509 653 quasi
1553 583 1953 638 irrationabiles
1996 584 2072 637 vi-

494 664 709 734 dentur,
733 682 869 737 quos
891 671 1055 724 etiam
1077 672 1326 740 jumenta
1343 682 1498 728 vocat
1520 675 1584 726 ad
1608 674 2068 742 comparationem

494 756 718 827 mystice
750 760 1184 833 intelligentium.
1236 765 1468 834 Exponit
1506 776 1685 820 autem
1724 767 1921 835 quibus
1947 785 2070 836 pro-

490 844 634 898 ducit
693 846 909 915 fenum,
963 862 1009 907 et
1061 855 1256 921 quibus
1328 855 1561 921 herbam,
1619 856 1717 911 sic.
1782 855 2065 925 Producit,

492 937 711 1006 inquam
736 942 915 1011 fenum
942 954 988 997 et
1012 944 1247 999 herbam.
1284 944 1511 999 Ilerbam
1543 948 1664 1003 dico
1695 949 1877 1004 datam
1907 953 2067 1005 servi-

490 1030 590 1083 tuti
618 1033 921 1097 hominum,
958 1035 1009 1090 id
1060 1045 1145 1091 est
1190 1038 1600 1107 perfectiorilnts
1654 1042 1922 1110 ﬁdelibus,
1974 1046 2064 1116 qui

486 1119 744 1178 dicuntur
794 1126 1029 1183 servitus
1061 1128 1359 1197 hominum,
1391 1146 1455 1186 eo
1487 1133 1631 1202 quod
1674 1134 1854 1190 minus
1891 1136 2066 1205 perfe-

487 1213 591 1267 c1is
618 1214 928 1273 hominibus
944 1220 1183 1276 serviant
1206 1223 1258 1275 in
1288 1222 1535 1279 doctrinm
1554 1265 1568 1290 ,
1597 1235 1654 1279 ut
1682 1225 2061 1299 Hieronymus,

488 1304 841 1375 Augustinus,
874 1308 1216 1377 Ambrosius,
1272 1314 1585 1384 Gregorius,
1619 1325 1673 1371 et
1700 1319 1881 1373 earteri
1908 1319 2061 1377 tales.

488 1394 764 1463 Producit,
803 1400 1042 1472 inquam,
1094 1404 1318 1460 herbam
1378 1408 1623 1462 servituti
1673 1410 1978 1478 hominum,
2012 1414 2062 1468 id

485 1493 570 1539 est
594 1487 867 1555 perfectis.
916 1491 1018 1557 Qui
1046 1495 1209 1548 etiam
1238 1496 1327 1550 dat
1347 1497 1625 1566 jumentis,
1671 1500 1722 1554 id
1751 1512 1837 1558 est
1884 1504 2063 1560 minus

486 1578 743 1645 perfectis
788 1592 841 1637 et
877 1584 1057 1641 idiotis
1095 1604 1264 1641 escam
1296 1590 1548 1657 ipsorum,
1578 1591 1629 1647 id
1652 1601 1736 1648 est
1768 1608 1949 1649 escam
1981 1595 2062 1651 eis

482 1683 801 1739 congruam,
830 1676 1074 1731 videlicet
1098 1662 1301 1735 fenum.

554 1758 635 1815 Ne
684 1778 814 1821 vero
862 1767 1148 1835 rideretur
1196 1770 1297 1826 hoc
1344 1771 1525 1828 fenum
1577 1784 1630 1830 et
1660 1776 1883 1832 herbam
1932 1778 2062 1835 dare

480 1850 611 1906 solis
660 1852 905 1911 ﬁdelibus
957 1873 1021 1912 ex
1062 1858 1282 1926 iudicis,
1330 1864 1565 1920 ostendit
1614 1868 1868 1935 quoniam
1897 1871 2063 1925 etiam

484 1941 585 1996 hoc
611 1943 763 1999 dabit
795 1945 1040 2005 ﬁdelibus
1062 1966 1127 2005 ex
1158 1954 1426 2022 gentibus,
1457 1955 1535 2011 sic
1562 1974 1574 2009 :
1604 1957 1783 2023 Dabit,
1818 1961 2065 2030 inquam,

482 2050 663 2089 escam
695 2038 803 2093 leni
827 2041 1103 2097 ethcrbm.
1142 2044 1204 2098 Et
1238 2062 1342 2100 non
1387 2047 1559 2103 solum
1593 2050 1840 2106 ﬁdelibus
1865 2069 1926 2108 ex
1967 2055 2063 2109 Ju-

483 2126 638 2181 daico
688 2130 903 2199 populo,
943 2134 1034 2188 sed
1067 2145 1113 2189 et
1165 2136 1323 2206 pullis
1375 2155 1673 2207 corvorum,
1736 2143 1788 2197 id
1827 2155 1910 2199 est
1944 2147 2066 2200 ﬁliis

482 2219 761 2288 gentilium
809 2223 1236 2292 idololatrarum,
1280 2230 1370 2297 qui
1413 2230 1618 2287 similes
1651 2244 1777 2288 sunt
1806 2238 1984 2292 corvis
2011 2239 2063 2292 in

485 2311 769 2382 nigredine
806 2329 1174 2385 peccatorum,
1227 2323 1406 2391 pullis,
1462 2326 1708 2395 inquam,
1746 2345 1850 2383 non
1889 2333 2064 2385 omni-

485 2402 603 2465 bus,
633 2402 723 2456 sed
762 2406 1119 2463 invocantibus
1148 2428 1287 2476 eum,
1332 2414 1385 2468 id
1433 2424 1514 2469 est
1543 2420 1829 2475 orantibus
1854 2438 1976 2477 eum
2010 2424 2062 2477 in

482 2491 718 2558 puritate
732 2493 879 2560 ﬁdei,
909 2498 1378 2557 sciliectﬁdelibns
1407 2504 1571 2576 582
1597 2523 1663 2561 ex
1687 2512 2063 2582 gentibus,qui

482 2596 723 2652 congrue
758 2587 920 2656 pullis
945 2604 1233 2645 corvorum
1278 2607 1686 2665 comparantur.
1738 2601 1892 2656 Sient
1918 2606 2063 2659 enim

481 2689 770 2732 corvorum
801 2682 958 2749 pulli,
998 2683 1126 2737 dum
1153 2686 1331 2741 adhuc
1356 2690 1604 2759 patribus
1635 2694 1917 2765 nigredine
1952 2700 2065 2754 dis-

480 2764 689 2823 similes
729 2781 873 2837 sunt,
906 2773 975 2829 ab
1001 2775 1131 2843 ipsis
1177 2794 1281 2832 non
1338 2794 1653 2855 pascuntur,
1703 2764 1798 2842 sed
1842 2790 1907 2843 de
1944 2806 2066 2847 rore

482 2858 664 2923 vivere
720 2880 749 2917 a
809 2865 1140 2940 pliysiologis
1194 2884 1534 2941 asseruntur,
1587 2878 1660 2932 ita
1716 2897 1932 2951 quoque
1996 2900 2062 2940 ex

478 2955 729 3019 gemitus
776 2958 899 3012 ﬁdei
934 2977 959 3015 s
1004 2963 1097 3031 qni
1139 2963 1247 3032 iam
1297 2982 1395 3036 per
1445 2971 1770 3041 baptismum
1824 2975 2063 3044 ipsorum

2176 492 2229 538 et
2252 484 2540 540 mundanis
2555 486 3121 561 voluptatibusdediti,
3139 500 3283 564 quod
3299 514 3399 567 pro
3415 502 3626 561 delictis
3647 510 3743 564 suis

2176 575 2283 646 igni
2305 586 2543 634 tartareo
2559 591 2685 635 sunt
2704 583 2970 639 tradendi.
2994 585 3116 643 Non
3133 592 3251 658 erit,
3267 594 3513 665 inquam,
3530 600 3741 672 benepla-

2174 667 2333 721 citum
2346 669 2393 723 ei
2409 670 2460 724 in
2476 672 2743 741 superbis,
2761 690 2858 729 nec
2874 676 2924 729 in
2942 675 3259 745 luxuriosis,
3277 685 3370 737 sed
3383 667 3739 757 beneplaciium

2171 771 2244 812 est
2259 758 2483 816 Domino
2503 765 2812 833 respicienti
2831 782 3077 840 respectu
3106 776 3495 833 misericordia:
3517 798 3668 848 super
3683 787 3740 838 ti-

2172 861 2363 906 mentes
2416 869 2531 907 eum
2579 864 2732 911 casto
2776 858 2986 915 timore.
3049 863 3202 931 Quod
3237 874 3322 921 est
3366 867 3740 929 dicerezBene

2171 944 2346 1012 placet
2373 944 2604 1003 Domino
2650 949 2701 1004 in
2736 951 3050 1011 timentibus
3099 974 3180 1023 se,
3233 976 3379 1035 quos
3409 960 3625 1035 respicit
3669 984 3740 1023 re-

2170 1044 2357 1104 spectu
2426 1039 2847 1109 misericordiar,
2906 1054 2966 1101 ut
3018 1046 3180 1104 iaciat
3227 1068 3322 1107 eos
3362 1055 3613 1112 timentes
3670 1077 3735 1115 se.

2170 1123 2566 1195 Beneplacitum
2599 1141 2673 1184 est
2731 1132 2781 1186 ei
2809 1133 2863 1186 in
2900 1135 2974 1189 eis
3020 1138 3109 1207 qui
3137 1151 3345 1209 sperant
3387 1159 3493 1198 non
3529 1134 3739 1215 superbe

2170 1214 2222 1269 in
2258 1216 2470 1295 seipsis,
2510 1220 2604 1275 sed
2643 1239 2799 1293 super
2828 1226 3213 1299 misericordia,
3254 1232 3305 1286 id
3337 1236 3516 1290 estde
3546 1239 3737 1291 miseri-

2168 1311 2354 1364 cordia
2385 1312 2523 1383 ejus.
2557 1313 2674 1370 Non
2707 1318 2850 1372 enim
2885 1319 3079 1375 sullicit
3114 1323 3325 1392 timere,
3361 1327 3464 1380 nisi
3496 1328 3651 1382 etiam
3678 1332 3736 1385 sit

2167 1414 2408 1468 sperare.
2424 1401 2490 1457 Et
2506 1419 2536 1458 e
2555 1419 2839 1462 converso.
2857 1408 3008 1474 Quod
3037 1420 3120 1465 est
3144 1412 3323 1467 dicere
3350 1430 3364 1467 :
3392 1415 3643 1470 Dominus
3668 1420 3734 1471 di-

2167 1489 2282 1561 ligit
2318 1493 2570 1551 timentes
2622 1513 2702 1565 se,
2748 1507 2803 1554 et
2830 1512 3112 1567 sperantes
3163 1504 3394 1560 Salutem
3433 1508 3485 1561 in
3534 1524 3615 1573 eo,
3645 1527 3732 1565 non

2165 1588 2615 1653 praesumentibus
2645 1591 2714 1647 de
2757 1594 2962 1649 meritis
2988 1596 3100 1650 suis
3133 1608 3470 1666 arroganter.

2591 1698 2658 1753 IN
2698 1700 2823 1757 PSA
2833 1702 3029 1759 LMUM
3068 1706 3320 1761 CXLVII.

2240 1784 2436 1841 Psalmi
2487 1791 2766 1845 centesimi
2794 1796 3192 1865 quadragesimi
3234 1800 3473 1869 septimi.
3526 1801 3729 1859 Titulus.

2172 1875 2419 1931 Alleluia.
2485 1879 2601 1935 Vox
2666 1880 2950 1953 Pr0pheta:
3013 1887 3128 1956 qui,
3185 1903 3308 1943 cum
3373 1890 3428 1944 in
3488 1896 3729 1960 superiori

2168 1968 2376 2043 psalmo
2423 1971 2611 2027 ﬁdeles
2648 1974 2714 2028 ad
2754 1974 3079 2031 laudandum
3122 1980 3291 2034 Deum
3337 1981 3643 2039 invitaverit
3673 2003 3729 2040 ex

2169 2064 2603 2119 consideratione
2639 2068 3014 2124 aediﬁcationis
3048 2070 3385 2128 Hierusalem
3413 2076 3663 2142 caelestis,
3683 2092 3730 2134 et

2168 2156 2602 2225 congregationis
2622 2158 3025 2215 idololatrartnn
3050 2161 3211 2218 Israel
3236 2164 3523 2229 factorum,
3557 2170 3607 2222 in
3635 2172 3722 2226 hoc

2168 2260 2384 2315 quoque
2421 2248 2631 2317 psalmo
2676 2250 2860 2307 ﬁdeles
2901 2254 2967 2307 ad
3010 2255 3103 2309 Dei
3152 2256 3361 2312 laudem
3404 2260 3724 2325 adhortatur,

2168 2350 2233 2389 ex
2262 2351 2325 2390 ea
2350 2340 2658 2405 occasione,
2695 2343 2819 2411 quia
2850 2359 3001 2399 seras
3028 2356 3305 2415 portarum
3337 2349 3587 2406 Ecclesiae
3619 2370 3729 2407 con-

2169 2425 2411 2492 fortavit,
2438 2443 2504 2482 ne
2530 2429 2738 2485 valeant
2766 2431 2835 2486 ab
2863 2433 3133 2489 luereticis
3163 2438 3451 2508 confr'ngi.
3499 2442 3563 2494 Et
3587 2442 3729 2497 etiam

2169 2531 2234 2568 ex
2265 2516 2699 2573 consideratione
2736 2524 3108 2578 conversionis
3145 2529 3506 2594 quorumdam
3534 2531 3728 2587 haereti-

2168 2620 2376 2673 corum,
2413 2624 2573 2678 quam
2614 2613 2777 2666 etiam
2812 2614 2865 2667 in
2895 2615 2996 2670 hoc
3032 2616 3239 2685 psalmo
3277 2622 3531 2675 ostendit.

2238 2695 2450 2764 Lauda,
2474 2698 2831 2768 Hierusalem,
2856 2703 3161 2771 Dominum,
3193 2707 3356 2763 lauda
3386 2709 3554 2764 Deum
3581 2722 3729 2773 tuum,

2168 2787 2317 2855 Sion,
2344 2807 2408 2846 ac
2432 2792 2476 2849 si
2502 2794 2648 2849 dicat
2673 2813 2686 2848 ε
2714 2796 2815 2861 Tu,
2849 2797 3107 2865 Ecclesia,
3146 2799 3308 2854 lauda
3334 2801 3617 2857 Dominum
3639 2804 3730 2858 Pa-

2169 2894 2306 2937 trem
2330 2897 2395 2939 eo
2415 2885 2823 2954 contuitu,quia
2850 2887 3106 2943 Dominus
3134 2900 3236 2945 est.
3264 2880 3471 2955 Lauda,
3502 2894 3727 2963 inquam,

2167 2973 2319 3026 sicut
2344 2973 2421 3027 sis
2446 2974 2803 3042 Hierusalem,
2830 2977 2880 3031 id
2903 2987 2987 3032 est
3006 2978 3311 3048 paciticata,
3337 2996 3528 3050 pacem
3557 2984 3733 3037 videli-

478 3050 726 3114 patribus
769 3052 823 3105 in
856 3054 1140 3125 nigredine
1192 3068 1543 3127 peccatorum
1588 3066 1883 3124 dissimiles
1911 3081 2061 3138 sunt,

2168 3072 2251 3117 cet
2279 3064 2481 3120 habens
2512 3072 2578 3119 ad
2609 3066 2777 3121 Deum
2814 3078 2870 3121 et
2895 3068 2961 3122 ad
2988 3070 3317 3139 proximum,
3342 3089 3462 3141 qua:
3484 3090 3585 3143 pax
3602 3085 3677 3129 est
3692 3076 3733 3130 ei

481 3157 585 3195 non
638 3144 876 3214 ipsorum
921 3162 1130 3218 patrum
1161 3155 1439 3211 erroribus
1468 3159 1765 3229 replentur,
1816 3164 1910 3219 sed
1943 3181 2064 3220 rore

478 3233 737 3289 doctrina:
783 3239 1045 3305 spiritalis
1076 3242 1413 3300 reﬁciuntur.
1450 3246 1565 3302 Dixi
1595 3251 1734 3320 quod
1765 3252 1878 3323 jam
1912 3271 2065 3309 man-

477 3334 659 3381 suetos
694 3330 1053 3396 praecinentes
1093 3344 1148 3389 et
1190 3337 1481 3403 psallentes
1510 3342 1792 3410 suscipiet,
1823 3354 1878 3400 et
1916 3346 2064 3402 dabit

478 3415 559 3469 eis
580 3415 762 3473 fenum
788 3429 841 3474 et
873 3422 1117 3478 herbam.
1150 3424 1214 3480 In
1240 3427 1557 3495 fortitudine
1581 3447 1707 3487 vero
1738 3436 1876 3506 equi,
1903 3437 1953 3491 id
1978 3448 2063 3494 est

482 3505 534 3559 in
572 3507 697 3564 forti
743 3525 907 3582 equo,
936 3516 1142 3570 scilicet
1185 3519 1234 3572 in
1282 3520 1498 3576 homine
1534 3505 1792 3594 superbo,
1847 3530 1937 3599 qui
1966 3546 2062 3600 per

479 3612 680 3666 equum
711 3600 907 3657 fortem
952 3606 1234 3676 accipitur,
1270 3625 1336 3663 eo
1364 3614 1506 3680 quod
1536 3613 1607 3669 sit
1637 3615 1838 3669 animal
1877 3634 2062 3689 super-

482 3690 794 3759 bissimum,
850 3714 949 3751 non
994 3686 1205 3754 habebit
1257 3703 1573 3760 voluntatem
1631 3708 2057 3780 beneplacentiru.

479 3779 633 3846 Quod
656 3792 741 3837 est
763 3785 942 3842 dicere
969 3805 982 3841 :
1013 3789 1132 3845 Non
1155 3792 1342 3862 diliget
1375 3798 1660 3865 superbos,
1689 3805 2061 3871 nequesusci-

480 3873 607 3941 piet.
641 3874 753 3930 Nec
776 3876 1148 3949 beneplacitum
1173 3884 1268 3937 erit
1300 3886 1346 3938 ei
1376 3887 1431 3939 in
1452 3888 1591 3944 tibiis
1618 3891 1734 3954 riri,
1768 3893 1819 3947 id
1840 3903 1925 3949 est
1951 3913 2058 3951 non

478 3966 666 4038 diliget
698 3969 1001 4040 voluptates
1043 3976 1329 4041 sicculares
1372 3979 1604 4043 hominis
1641 3983 1900 4052 alicujus,
1939 4004 2059 4058 qua}

478 4074 577 4127 per,
621 4060 780 4117 tibias
830 4066 1197 4134 accipiuntur,
1250 4083 1368 4136 qum
1424 4083 1551 4124 sunt
1607 4074 1808 4129 musica
1859 4077 2059 4132 instru-

478 4162 682 4216 n.e.:ta,
745 4156 813 4210 ad
862 4159 1212 4228 voluptuosos
1265 4162 1586 4230 attinentia;
1639 4167 1717 4220 vel
1778 4169 1933 4223 tibias
1956 4171 2054 4224 viri

477 4243 609 4300 dicit
632 4247 933 4302 subteriora
969 4252 1203 4306 hominis
1235 4270 1354 4323 qth
1378 4264 1542 4310 etiam
1581 4272 1742 4312 crura
1777 4259 2051 4333 dicuntur,

477 4350 574 4405 per
601 4353 722 4407 quae
759 4340 1024 4397 luxuriosi
1066 4345 1315 4401 homines
1359 4348 1718 4417 accipiuntur,
1746 4367 1811 4406 eo
1835 4352 1978 4421 quod
2003 4354 2054 4408 in

2168 3171 2378 3211 summa
2430 3158 2566 3215 laus.
2619 3161 2683 3216 Et
2726 3162 2884 3217 lauda
2922 3180 3043 3218 eum
3084 3180 3149 3219 eo
3189 3168 3458 3235 contuitu,
3499 3170 3625 3238 quia
3661 3181 3735 3224 est

2170 3246 2309 3303 Deus
2340 3259 2483 3317 tuus,
2511 3252 2737 3309 Creator
2776 3264 2915 3311 tuus.
2959 3256 3168 3326 Lauda,
3202 3260 3447 3329 inquam,
3482 3263 3562 3317 sic
3591 3275 3647 3317 ut
3671 3266 3736 3317 sis

2161 3339 2322 3406 Sion,
2351 3344 2636 3413 speculans
2665 3347 2873 3403 scilicet
2904 3350 3165 3417 etelestia,
3196 3368 3317 3421 qua:
3346 3354 3641 3423 speculatio
3662 3368 3735 3410 est

2164 3432 2213 3485 ei
2252 3432 2387 3497 laus,
2438 3435 2489 3488 in
2539 3452 2643 3505 qua
2687 3438 2799 3507 ipse
2851 3439 3003 3495 valde
3047 3441 3370 3498 delectatur.
3416 3445 3546 3499 Dico
3588 3447 3734 3515 lauda

2166 3521 2449 3578 Dominum
2475 3526 2640 3580 Deum
2674 3539 2844 3584 tuum.
2903 3530 2968 3585 Et
3004 3531 3124 3587 ideo
3152 3548 3275 3588 eam
3303 3533 3469 3588 lauda
3503 3537 3734 3615 quoniam

2165 3616 2476 3685 confortavit
2519 3635 2663 3674 seras
2702 3632 2976 3691 portarum
3018 3634 3254 3690 tuarum,
3291 3626 3503 3681 scilicet
3538 3626 3736 3682 confor-

2166 3713 2309 3759 tatos
2340 3714 2396 3759 et
2423 3706 2816 3778 insuperabiles
2851 3711 3013 3768 faciet
3049 3722 3238 3768 contra
3272 3715 3584 3781 haereticos,
3610 3732 3733 3786 pra:-

2164 3793 2299 3850 latos
2328 3803 2472 3862 tuos,
2501 3798 2592 3866 qui
2625 3808 2785 3873 erunt
2816 3816 2949 3855 sera:
2991 3811 3267 3871 portarum
3303 3813 3545 3871 tuarum,
3589 3807 3639 3861 id
3663 3816 3736 3861 est

2163 3888 2466 3944 munitores
2495 3890 2898 3960 Scripturarum
2940 3894 3350 3963 prophetarum,
3389 3912 3460 3952 ne
3487 3899 3557 3952 ab
3584 3898 3737 3953 hane

2164 3979 2288 4034 tieis
2317 3980 2535 4036 valeant
2576 3983 2859 4054 dissipari;
2905 3986 2996 4054 qui
3035 4002 3221 4041 carum
3270 3990 3650 4045 auctoritatem
3676 3992 3735 4043 ad

2161 4073 2390 4141 nihilum
2443 4075 2686 4146 redigere
2736 4077 3036 4141 intendent,
3091 4088 3151 4135 ut
3209 4080 3494 4137 Manichaei
3556 4094 3610 4139 et
3657 4084 3734 4138 alii

2161 4164 2362 4235 plures,
2396 4166 2725 4224 allirmantes
2762 4169 2906 4239 ipsas
2942 4185 3065 4225 esse
3100 4170 3341 4226 funditus
3377 4174 3732 4228 evacuandas.

2159 4254 2321 4326 583
2356 4257 2565 4313 Dictum
2612 4268 2696 4312 est
2746 4273 2777 4312 a
2823 4259 3175 4314 similitudine
3212 4275 3484 4329 serarnm,
3518 4278 3636 4333 qua:
3676 4265 3735 4318 ad

2160 4347 2263 4402 hoc
2281 4348 2450 4417 portis
2488 4349 2784 4420 inﬁguntur
2825 4357 2884 4404 ut
2927 4364 3021 4427 eas
3077 4350 3353 4427 muniant,
3405 4368 3475 4407 ne
3524 4354 3735 4423 quilibet

478 4429 718 4497 renibus,
740 4433 841 4502 qui
859 4434 1005 4490 tibiis
1051 4437 1288 4506 contigui
1335 4450 1481 4504 sunt,
1526 4439 1737 4494 luxuria
1788 4443 2055 4513 praecipue

2168 4445 2339 4506 raptor
2378 4437 2597 4491 domum
2654 4438 2884 4493 introeat
2930 4424 3017 4493 ad'
3038 4424 3456 4495 deAastandum.
3498 4441 3735 4497 Ecclesia:

477 4520 810 4577 dominatur.
842 4523 1131 4596 Cumergo
1156 4527 1285 4582 dicit
1312 4529 1365 4581 in
1394 4529 1537 4582 tibiis
1558 4530 1657 4582 viri
1682 4530 2058 4601 beneplacitum

476 4629 580 4667 non
628 4615 723 4666 erit
757 4616 828 4679 ei,
868 4615 1008 4670 idem
1055 4618 1199 4672 valet
1235 4634 1299 4673 ac
1338 4618 1380 4672 si
1418 4619 1629 4674 dicatur
1671 4620 1723 4674 in
1770 4621 2059 4679 luxuriosis

475 4707 785 4763 hominibus
831 4708 1235 4778 bencplzuentia
1283 4728 1389 4766 non
1422 4712 1546 4773 ,crit
1581 4713 1662 4777 ei,
1716 4714 1923 4770 scilicet
1953 4733 2057 4771 non

476 4800 661 4870 diliget
690 4801 1017 4871 luxuriosos,
1069 4820 1246 4873 neque
1289 4806 1576 4876 suscipiet,
1629 4808 1726 4862 sed
1780 4823 1875 4863 eos
1917 4809 2060 4878 juste

475 4892 769 4962 disperdet.
823 4894 974 4961 Quod
1018 4895 1271 4950 nimirum
1318 4912 1414 4966 per
1459 4898 1718 4963 visionem
1752 4899 2063 4969 praeﬁgura-

476 4993 588 5039 tum
616 4995 700 5041 est
728 4986 1029 5042 Ezechielis
1051 4987 1345 5057 prophetae,
1387 4988 1471 5043 cui
1503 4988 1763 5043 Dominus
1789 5005 1817 5042 a
1845 4988 2060 5060 cingulo

474 5078 744 5148 superius,
781 5077 835 5132 in
873 5079 1066 5134 electri
1108 5077 1311 5147 specie,
1343 5094 1373 5131 a
1419 5080 1637 5148 cingulo
1678 5096 1807 5135 vero
1835 5080 2061 5137 inferius

478 5170 530 5223 in
577 5172 758 5241 specie
786 5172 927 5241 ignis
974 5172 1171 5242 legitur
1202 5172 1518 5241 apparuisse
1569 5171 1787 5243 (Ezecli.
1822 5191 1941 5241 vni,
1982 5176 2057 5245 7).

475 5261 608 5315 Cum
649 5263 796 5317 enim
828 5264 910 5318 sic
940 5264 1213 5334 apparuit,
1252 5263 1481 5319 formam
1529 5267 1770 5320 omnium
1800 5267 2061 5323 Christia-

477 5370 693 5418 norum,
727 5364 785 5410 et
808 5357 1192 5412 salvandorum
1222 5365 1276 5412 et
1297 5358 1693 5428 perdendorum
1718 5360 1848 5415 inse
1876 5375 2060 5429 susce-

472 5449 573 5519 pil.
607 5446 742 5502 Nam
787 5464 882 5518 per
921 5461 1131 5520 partem
1172 5453 1508 5520 superiorem
1567 5468 1688 5523 qua:
1730 5453 1918 5509 electri
1956 5455 2062 5508 cla-

472 5558 593 5600 ram
612 5542 848 5612 speciem
872 5544 1127 5611 obtinuit,
1153 5545 1395 5601 salvandi
1424 5545 1489 5617 ad
1514 5561 1804 5615 supernam
1831 5546 2060 5615 patriam

464 5639 578 5697 inte
590 5637 815 5692 HthHlCS
829 5637 1188 5706 accipiuntur,
1210 5639 1303 5709 qui
1331 5638 1397 5692 in.
1415 5637 1712 5693 virtutibus
1732 5646 1789 5692 et
1806 5638 2061 5706 operibus

466 5734 632 5791 ιηοηί
682 5731 949 5787 habentur
991 5730 1121 5787 clari
1170 5745 1226 5787 ct
1269 5732 1563 5800 conspicui.
1604 5730 1709 5787 Per
1746 5730 2060 5788 inferiorem

2160 4535 2326 4597 portae
2350 4527 2624 4596 propheta:
2648 4526 2927 4589 dicuntur,
2947 4544 3011 4583 eo
3040 4529 3182 4597 quod
3206 4543 3302 4597 per
3332 4531 3605 4586 doctrinas
3624 4547 3734 4586 suas

2162 4616 2284 4671 ﬁdei
2310 4616 2560 4671 introitus
2594 4617 2828 4684 fuerunt,
2854 4619 3309 4687 quemadmodum
3355 4630 3527 4690 portae
3558 4623 3733 4675 domus

2161 4706 2387 4778 alicujus
2432 4708 2684 4763 introitus
2714 4718 2857 4763 sunt.
2898 4708 3001 4764 Per
3041 4709 3144 4765 hoc
3173 4719 3353 4766 autem
3392 4713 3535 4781 quod
3598 4718 3735 4768 seras

2160 4796 2513 4864 eonfortabit,
2568 4814 2633 4854 ne
2679 4800 2875 4855 cedant
2923 4800 3420 4871 impngnationibus
3470 4806 3734 4859 lueretico-

2163 4907 2303 4958 rum,
2334 4892 2613 4958 benedixit,
2644 4893 2695 4947 id
2736 4902 2820 4948 est
2866 4894 3149 4951 benedicet
3186 4896 3312 4963 ﬁliis
3340 4898 3443 4950 tuis
3471 4900 3524 4951 in
3553 4909 3599 4951 te
3629 4914 3736 4967 per-

2138 4994 2526 5060 manentibus,
2560 5008 2664 5049 non
2694 5010 2757 5047 ex
2804 4992 2926 5048 ﬁdei
2969 5002 3072 5048 tum
3098 4996 3491 5051 comnmnitate
3512 5014 3610 5068 per
3653 5000 3736 5052 de-

2162 5087 2464 5157 ceptionem
2534 5087 2913 5142 haereticorum
2980 5087 3404 5156 egredientibus.
3460 5089 3737 5145 Benedieet

2162 5179 2378 5247 quidem
2418 5178 2545 5246 ﬁliis
2574 5180 2699 5243 tuis,
2730 5189 2785 5232 et
2817 5179 3060 5249 augendo
3087 5192 3182 5232 eos
3210 5182 3508 5235 secundum
3560 5198 3737 5237 nume:

2164 5283 2304 5332 rum,
2333 5276 2390 5321 et
2413 5266 2753 5323 sublimando
2783 5268 2837 5322 in
2888 5268 3207 5336 virtutibus,
3241 5270 3333 5338 qui
3384 5270 3629 5339 profecto
3677 5274 3737 5324 ab

2163 5358 2434 5414 haereticis
2480 5358 2904 5429 dissiparentur,
2956 5360 3058 5414 nisi
3106 5375 3242 5415 ser-.e
3285 5360 3733 5433 confortarentur.

2164 5450 2294 5505 Dico
2342 5450 2503 5503 lauda
2542 5450 2848 5516 Dominum,
2892 5452 2983 5520 qui
3034 5466 3137 5504 non
3186 5451 3362 5507 solum
3420 5451 3738 5507 confortabit

2163 5559 2306 5598 seras
2332 5553 2603 5612 portarum
2633 5552 2865 5607 tuarum,
2910 5541 3158 5597 videlicet
3184 5542 3572 5613 Augustinum,
3620 5543 3736 5597 Hie-

2165 5650 2470 5704 ronymum,
2502 5633 2763 5688 Hilarium
2787 5645 2842 5689 et
2869 5643 3117 5699 caateros,
3145 5644 3199 5689 et
3234 5651 3342 5688 non
3375 5636 3550 5690 solum
3594 5637 3737 5691 bene-

2165 5726 2305 5780 dicct
2336 5724 2461 5794 ﬁliis
2483 5726 2607 5793 tuis,
2638 5725 2733 5781 sed
2759 5726 2921 5781 etiam
2949 5726 3035 5796 qui
3069 5727 3236 5793 posuit
3263 5726 3395 5796 ﬁnes
3433 5739 3551 5782 tuos
3570 5741 3733 5798 pacem
