3978 6328
311 310 446 365 14119

1199 302 1556 359 EXPOSITIO
1597 300 1663 355 IN
1691 296 2038 361 PSALMOS.
2072 329 2143 338 —-
2175 298 2364 353 PSAL.
2394 298 2641 352 CXLVII.

3443 307 3576 364 Mil)

304 443 404 491 per
432 424 769 495 emphasim,
799 424 851 479 id
878 432 962 479 est
988 423 1077 493 qui
1112 431 1272 491 ponet
1312 420 1496 475 afﬁnes
1525 429 1665 485 tuos,
1691 417 1896 473 scilicet
1926 420 1969 477 Λ
2003 414 2253 468 videlicet
2280 429 2372 467 eos
2404 414 2456 466 iu
2510 414 2858 484 intelligentia
2891 426 2943 471 et
2973 419 3127 474 bouis
3165 422 3420 491 operibus
3450 422 3576 480 “fer-

258 572 263 577 .
304 519 578 574 lueriticos
605 518 881 589 paciﬁcos.
914 516 1066 584 Quod
1093 525 1177 570 est
1200 515 1382 568 dicere
1414 529 1426 564 :
1459 511 1560 578 Qui
1596 511 1757 579 faciet
1789 513 1896 564 lite-

2002 506 2137 560 tiles.
2172 505 2318 573 Quos
2362 505 2579 575 ipsimct
2629 505 2777 573 prius
2826 522 2919 574 per
2960 510 3303 580 deceptiones
3353 530 3478 568 suas
3508 516 3577 570 ab

258 664 261 667 δ
304 610 507 664 ιοριίρος
559 610 960 678 impugnatores
1007 608 1081 662 tui
1131 617 1305 662 tecum
1357 624 1544 677 pacem
1594 606 1794 660 habere
1840 614 1897 658 ct
1964 597 2239 659 ,Ecclesia
2287 597 2528 651 sublatos
2576 596 2884 651 reddiderat
2933 603 3167 657 steriles.
3222 605 3358 659 Dicit
3394 617 3574 660 autem

303 698 676 765 concordiam,
725 698 1090 753 convertendo
1142 713 1255 764 eos,
1303 714 1372 753 ne
1420 697 1649 767 amplius
1694 698 1884 751 instent

1997 688 2100 742 hoc
2130 703 2159 740 a
2202 687 2555 742 similitudine
2595 688 2830 771 cineris,
2878 691 3019 757 quia
3068 695 3282 748 I'llsliCiS
3327 694 3492 767 584
3522 699 3573 750 in

304 788 405 844 tibi
439 788 587 844 falsis
630 789 1204 858 argumentationibus.
1236 790 1438 844 Alliues
1484 788 1741 844 Ecclesiae
1784 788 1893 843 ha:-

306 882 510 936 rcticos
541 881 687 942 dicit,
713 896 778 936 eo
806 881 948 951 quod
979 882 1080 951 ipsi
1112 883 1164 936 in
1190 883 1292 937 hoc
1322 882 1608 937 videantur
1629 882 1744 952 ejus
1771 895 1893 936 esse

304 972 494 1035 vicini,
541 971 797 1040 quoniam
840 972 1044 1026 eisdem
1096 974 1456 1029 sacramentis
1507 973 1892 1029 ecclesiasticis

266 1118 271 1124 ,
305 1072 551 1127 utuntur,
585 1072 639 1116 et
675 1064 893 1117 easdem
939 1066 1311 1131 auctoritates,
1343 1083 1480 1137 quas
1536 1066 1675 1120 male
1723 1082 1893 1136 expo-

261 1220 271 1227 _
303 1154 482 1207 ncndo
518 1163 833 1222 pervertunt
861 1155 1101 1223 recipere
1126 1156 1395 1209 videntur.
1421 1155 1613 1220 Ponet,
1644 1156 1889 1225 inquam,
1955 1212 1963 1217 ,

302 1242 436 1311 ﬁnes
469 1254 585 1298 tuos
613 1260 810 1313 pacem,
860 1255 907 1298 et
938 1246 1105 1299 etiam
1150 1248 1329 1313 satiat,
1364 1245 1415 1299 id
1457 1254 1542 1301 est
1584 1246 1806 1301 satiabit
1840 1255 1891 1299 te

303 1332 459 1399 adipe
487 1333 758 1402 frumenti,
779 1349 883 1388 non
905 1333 1111 1389 furfure
1138 1344 1366 1400 tantum,
1388 1335 1889 1406 videlicetmystico

304 1421 582 1477 intellectu
615 1422 769 1492 legis,
801 1440 906 1478 non
947 1440 1013 1479 eo
1045 1435 1249 1480 tantum
1277 1428 1369 1496 qui
1399 1427 1466 1481 ad
1515 1427 1749 1482 litteram
1786 1438 1887 1482 est.

258 1498 265 1575 ί
301 1512 530 1582 Adipcm
560 1513 691 1570 dicit
738 1514 996 1569 frumenti
1031 1517 1342 1584 medullam,
1373 1533 1493 1588 qum
1543 1520 1705 1573 etiam
1729 1520 1890 1590 vulgo

303 1604 479 1659 farina
509 1605 723 1659 dicitur.
758 1605 862 1660 Per
905 1605 1117 1676 adipem
1147 1621 1277 1674 ergo
1306 1606 1562 1663 frumenti
1605 1612 1697 1679 qui
1752 1610 1889 1664 inte-

265 1698 418 1773 .rius
444 1705 547 1761 cst,
580 1707 635 1751 et
663 1698 958 1766 pretiosum
999 1699 1128 1768 quid
1172 1706 1227 1753 et
1266 1709 1424 1770 gustu
1473 1701 1683 1757 dulcior
1725 1717 1887 1772 quam

302 1784 478 1841 furfur
507 1789 766 1858 mysticus
801 1788 933 1859 legis
980 1790 1286 1846 intellectus
1312 1792 1599 1862 accipitur,
1628 1794 1718 1863 qui
1745 1771 1890 1850 intc-
1924 1771 1964 1823 Β

1958 1934 1961 1937 μ
1995 1893 2119 1929 tttttn
2153 1890 2363 1947 tempus
2392 1881 2641 1935 indurata
2681 1882 2933 1948 cllicitur,
2971 1884 3125 1953 cujus
3154 1886 3395 1955 crystalli
3424 1898 3574 1940 tanta

304 1875 415 1929 rior
443 1885 544 1942 est,
583 1885 639 1931 et
682 1878 897 1933 subtilis
935 1887 989 1934 et
1031 1880 1306 1948 pretiosus
1351 1890 1406 1936 et
1456 1882 1615 1954 longe
1657 1884 1884 1948 dulcior,

303 1982 469 2042 quam
525 1966 775 2023 litteralis
835 1969 1172 2037 intellectus,
1228 1987 1336 2042 quo
1391 1973 1576 2030 ﬁdeles
1632 1974 1887 2030 Ecclesiae

263 2040 271 2126 ξ
302 2039 519 2111 Christo
556 2059 833 2115 revelante
869 2063 1154 2117 satiantur.
1186 2039 1289 2118 Per
1320 2064 1494 2119 furfur
1531 2077 1712 2122 autem
1744 2069 1887 2138 quod

301 2150 541 2203 exterius
586 2158 667 2203 est
703 2159 759 2204 et
804 2167 1050 2221 grossunt
1082 2153 1320 2224 aliquid,
1355 2164 1408 2211 et
1452 2172 1557 2211 non
1599 2159 1732 2212 adeo
1764 2174 1887 2228 pre-

305 2237 524 2301 tiosum,
554 2237 855 2293 intellectus
881 2241 947 2294 ad
981 2240 1219 2296 litteram
1251 2243 1589 2315 intelligitur,
1616 2247 1706 2317 qui
1732 2250 1885 2316 quasi

303 2327 556 2389 exterior,
597 2336 650 2381 et
699 2330 765 2383 ad
814 2333 1272 2401 comparationem
1318 2336 1529 2405 mystici
1583 2338 1888 2393 intellectus

306 2433 550 2487 grossum
575 2417 776 2488 aliquid
802 2430 904 2488 cst,
931 2432 983 2475 et
1011 2439 1117 2478 non
1154 2440 1542 2495 usquequaque
1565 2432 1884 2497 pretiosum,

306 2526 416 2577 quo
466 2496 579 2563 s‘olo
631 2509 929 2583 Synagogae
965 2514 1059 2569 ﬁlii
1092 2526 1303 2572 veteres
1345 2518 1682 2574 imbuuntur.
1730 2522 1887 2577 Unde

306 2601 565 2657 Dominus
598 2604 665 2657 ad
696 2604 986 2674 discipulos
1018 2617 1249 2664 testatus
1280 2619 1362 2664 est
1391 2629 1404 2664 :
1450 2630 1468 2662 ι
1507 2612 1668 2668 Vobis
1698 2613 1884 2670 datum

304 2706 388 2748 cst
442 2710 601 2751 nosse
658 2697 973 2768 mysterium
1007 2701 1157 2770 regni
1212 2702 1325 2763 Dei,
1359 2704 1571 2758 caeteris
1611 2714 1791 2760 autem
1833 2707 1884 2759 in

266 2784 598 2855 _parabolis,
644 2799 703 2841 ut
749 2789 991 2846 videntes
1042 2808 1145 2845 non
1199 2793 1449 2860 videant,
1496 2803 1551 2849 et
1605 2795 1888 2853 audientes

306 2889 410 2928 non
448 2876 749 2947 intelligant
775 2878 924 2950 (Luc.
956 2897 1073 2947 vtn,
1104 2882 1211 2952 10).
1252 2902 1272 2935 ι

378 2966 607 3033 Exponit
640 2978 819 3023 autem
843 2974 1117 3040 quomodo
1140 2983 1305 3043 ponet
1342 2975 1596 3031 Ecclesia:
1626 2977 1762 3033 ﬁnes
1786 2993 1884 3048 pa-

305 3071 446 3122 cem,
496 3058 574 3112 sic
604 3075 618 3111 :
652 3059 858 3128 Lauda,
914 3063 1154 3133 inquam,
1192 3066 1494 3133 Dominum,
1544 3070 1635 3139 qui
1675 3071 1859 3125 emittit

305 3148 356 3199 id
388 3157 472 3203 est
499 3150 586 3218 qui
624 3152 839 3207 emittet
870 3151 1129 3224 eloquium
1168 3174 1321 3211 suum
1353 3169 1527 3225 terrm,
1572 3162 1624 3215 id
1655 3172 1740 3217 est
1786 3164 1887 3218 d0-

303 3238 534 3294 ctrinam
566 3256 717 3294 suam
752 3245 1006 3312 terrenis,
1052 3246 1259 3302 scilicet
1286 3248 1578 3316 haereticis,
1602 3267 1667 3306 ac
1709 3253 1756 3307 si
1800 3252 1886 3308 di—

302 3340 390 3385 cit
433 3348 446 3384 :
495 3332 603 3386 lloe
660 3334 819 3389 tnodo
871 3334 1059 3392 afﬁnes
1126 3339 1379 3395 Ecclesiae
1434 3342 1715 3399 lucreticos
1764 3360 1886 3400 cum

305 3422 544 3476 licolesia
593 3425 921 3495 paciﬁcabit,
952 3429 1076 3497 quia
1125 3446 1219 3499 per
1268 3430 1453 3486 fideles
1500 3433 1755 3491 Ecclesiae
1800 3451 1887 3491 sa-

307 3513 465 3567 tiatos
491 3514 664 3584 adipe,
692 3517 905 3572 emittet
934 3520 1234 3574 doctrinam
1260 3522 1379 3577 ﬁdei
1418 3525 1688 3581 htereticis
1717 3538 1886 3583 terre-

304 3602 387 3656 nis
411 3605 695 3658 sententiis
739 3607 1157 3665 adluercntibus.
1186 3611 1300 3668 Non
1350 3624 1527 3671 autem
1558 3619 1663 3672 erit
1710 3618 1887 3673 inefﬁ-

276 3679 398 3747 .cax
426 3710 605 3750 sermo
627 3698 885 3754 doctrinae
916 3700 1052 3770 ejus,
1083 3704 1177 3758 sed
1210 3705 1451 3761 velociter
1482 3711 1670 3777 currit,
1704 3710 1755 3764 id
1804 3720 1886 3766 est

304 3795 487 3840 curret
514 3803 683 3840 sermo
724 3789 982 3846 doctrinae
1016 3794 1153 3863 ejus,
1204 3796 1255 3849 id
1284 3805 1371 3851 est
1421 3798 1685 3855 citissime
1723 3815 1887 3869 peuc-

274 3879 583 3953 jtrahitrin‘
623 3882 787 3936 corda
842 3891 1205 3955 terrenortttn,
1260 3889 1343 3943 vel
1386 3891 1646 3947 velociter
1701 3904 1886 3951 curret

302 3989 469 4025 sermo
500 3974 638 4043 ejus,
678 3975 836 4030 idest
863 3977 971 4034 cito
999 3980 1420 4047 promovebitur,
1449 3993 1649 4038 etcum
1671 4001 1884 4042 summo

304 4061 504 4128 impetu
537 4062 856 4131 eloquentiae
888 4064 1041 4134 fluet,
1078 4077 1137 4123 ut
1174 4085 1280 4124 non
1308 4073 1478 4140 possit
1511 4088 1540 4126 a
1585 4073 1734 4129 falsis
1770 4076 1882 4131 hae-

303 4152 593 4206 reticorum
660 4155 1056 4224 objectionihus
1097 4159 1378 4230 impediri,
1416 4161 1573 4231 juxta
1626 4166 1754 4221 illttd
1816 4169 1884 4224 de

302 4242 573 4311 Stephano
613 4262 626 4299 :
667 4265 684 4297 ι
724 4246 837 4301 Non
882 4258 1133 4319 poterant
1182 4253 1437 4312 resistere
1483 4258 1789 4327 sapientiae,
1825 4272 1881 4318 et

300 4335 512 4404 spiritui
566 4339 656 4407 qui
710 4340 1031 4410 loquebatur
1059 4346 1198 4416 (Act.
1228 4363 1304 4416 vr,
1339 4347 1447 4421 10).
1486 4369 1505 4405 ›
1542 4352 1756 4419 Cttrret,
1796 4356 1881 4410 itt-

1997 777 2113 832 loco
2142 778 2250 832 ﬁmi
2308 794 2472 848 super
2522 788 2721 832 terram
2769 783 3072 851 spargitur,
3102 792 3158 835 ιιι
3207 800 3333 855 eam
3385 788 3577 857 impiu—

1996 871 2208 940 guaudo
2237 868 2469 925 fertilem
2516 868 2701 925 faciat.
2743 871 2856 925 Non
2893 873 3065 927 solum
3096 885 3274 929 autem
3304 878 3451 931 dabit
3497 880 3579 932 ni-

1993 976 2102 1014 vem
2135 962 2266 1015 sicut
2297 961 2495 1029 lanam,
2528 971 2581 1017 et
2629 972 2839 1033 sparget
2870 964 3109 1018 nebulam
3154 968 3286 1020 sicut
3330 970 3573 1034 cinerem,

1994 1050 2088 1105 sed
2110 1051 2270 1105 etiam
2321 1052 2496 1115 mittit,
2527 1052 2576 1105 id
2604 1061 2689 1106 est
2737 1054 2910 1108 mittet
2941 1054 3060 1109 aliis
3107 1056 3241 1109 sicut
3293 1059 3576 1122 buccellas,

1994 1138 2159 1194 idest
2202 1142 2597 1211 contparabiles
2628 1142 2884 1199 bttccellis
2935 1146 3241 1215 crystallum
3299 1165 3450 1202 suam
3502 1150 3578 1203 fa-

1993 1242 2160 1297 ctam,
2198 1231 2338 1301 quod
2371 1242 2451 1285 est
2475 1232 2655 1288 dicere
2687 1233 2840 1287 :Nou
2899 1234 3070 1289 solum
3104 1236 3388 1292 lnereticos
3434 1239 3574 1305 illos,

1993 1324 2083 1393 qui
2117 1324 2205 1377 uix
2238 1332 2420 1390 erunt,
2454 1324 2505 1377 id
2534 1334 2617 1379 est
2644 1325 2752 1380 cito
2781 1326 3067 1395 possibiles
3099 1329 3165 1381 ad
3196 1329 3575 1386 resolvendum

1962 1412 1966 1416 ’
1993 1418 2057 1471 de
2089 1416 2423 1471 inﬁdelitatis
2450 1418 2669 1483 duritia,
2703 1419 2842 1472 sicut
2873 1421 2962 1472 uix
3002 1421 3108 1474 cito
3154 1431 3330 1491 potest
3359 1423 3575 1483 resolvi,

1992 1508 2085 1562 sed
2117 1518 2171 1562 et
2204 1500 2323 1564 illos
2350 1512 2443 1579 qui
2482 1511 2617 1565 adeo
2647 1511 2880 1565 indurati
2933 1522 3094 1567 erunt
3136 1514 3190 1568 iu
3238 1515 3574 1576 inﬁdelitate.

1995 1608 2053 1652 ut
2077 1599 2162 1653 vix
2193 1601 2398 1670 possint
2430 1602 2650 1657 resolvi.
2682 1603 2831 1658 Uude
2862 1605 3028 1659 etiam
3070 1606 3358 1676 crystallus
3389 1607 3577 1663 dicun-

1995 1698 2104 1755 tur,
2144 1706 2255 1759 prze
2286 1692 2569 1748 nimietate
2601 1694 2847 1749 videlicet
2878 1696 3093 1751 duritia:
3121 1712 3253 1751 suae.
3280 1698 3581 1769 Crystallus

1991 1781 2212 1853 quippe,
2247 1793 2305 1838 ut
2334 1786 2542 1856 physici
2580 1787 2887 1856 perhibent,
2915 1804 2981 1842 ex
3026 1788 3196 1859 glacie
3242 1806 3336 1859 per
3367 1792 3575 1846 diutur-

1991 1977 2072 2022 cst
2103 1968 2304 2024 duritia
2346 1982 2403 2025 ttt
2432 1972 2519 2026 vix
2565 1972 2735 2043 frangi
2783 1976 2957 2029 valeat
2984 1986 3075 2030 aut
3106 1978 3301 2047 secari.
3330 1979 3575 2048 Crystal-

1992 2060 2098 2114 lum
2125 2071 2301 2115 autem
2337 2064 2475 2120 hanc
2508 2066 2810 2130 haereticos,
2836 2068 3044 2123 scilicet
3070 2084 3135 2123 ex
3162 2078 3308 2123 tanta
3337 2071 3575 2125 obstina-

1994 2154 2137 2209 tione
2166 2155 2379 2209 duritiac
2427 2158 2648 2212 resolvit
2689 2158 2853 2224 Deus,
2890 2177 3136 2216 cumcos
3190 2177 3286 2231 per
3338 2162 3577 2217 ﬁdelium

1991 2248 2429 2315 praedicationem
2461 2265 2774 2315 conversos,
2802 2255 2868 2306 ad
2912 2252 3169 2308 Ecclesia:
3198 2257 3571 2310 communita-

1994 2349 2099 2391 tem
2154 2342 2381 2406 reducit,
2412 2352 2464 2397 et
2495 2358 2679 2397 eorum
2715 2344 2877 2397 corda
2918 2345 3070 2414 prius
3112 2349 3273 2410 dura,
3330 2348 3398 2401 ad
3454 2348 3574 2403 ﬁdei

1991 2431 2491 2500 perceptibilitatem
2540 2434 2718 2488 mollia
2753 2434 2905 2488 facit.
2962 2435 3111 2491 lianc
3141 2439 3457 2507 crystallum
3511 2440 3568 2494 li-

1964 2523 2297 2593 quefactam
2345 2534 2452 2578 tam
2488 2525 2785 2596 perfectam
2836 2530 2885 2581 iu
2921 2528 3148 2582 scientia
3181 2539 3236 2584 et
3284 2533 3583 2586 sanctitate

1992 2628 2204 2667 morum
2232 2615 2428 2679 reddit,
2462 2624 2519 2668 ut
2563 2631 2682 2669 eam
2718 2618 2884 2670 etiam
2915 2617 3035 2673 aliis
3073 2620 3161 2687 qui
3203 2622 3352 2688 prius
3398 2622 3465 2676 ab
3509 2639 3572 2677 ea

1991 2703 2199 2771 decepti
2227 2714 2349 2757 sunt
2392 2714 2447 2757 ct
2476 2722 2503 2758 a
2549 2706 2650 2760 ﬁde
2694 2708 2951 2775 separati,
3006 2709 3370 2764 buccellarum
3402 2713 3576 2766 vicem

1992 2784 2228 2848 retinere
2273 2793 2457 2860 faciat,
2510 2796 2717 2850 scilicet
2766 2806 2824 2851 nt
2851 2813 2945 2852 eos
2994 2800 3240 2853 reﬁciant
3290 2802 3578 2857 dulcedine

1960 2886 2389 2961 praedicationis
2417 2902 2543 2946 sum.
2587 2889 2653 2942 ad
2693 2887 2910 2943 modum
2964 2889 3350 2956 huccellarum,
3378 2895 3576 2962 quibus

1990 2977 2184 3049 aliquis
2212 2979 2457 3034 esuriens
2485 2980 2746 3035 reﬁcitur.

1868 3115 1883 3139 ν
1916 3110 1959 3168 C
2059 3089 2204 3146 Bene
2226 3107 2354 3146 vero
2380 3092 2511 3147 dicit
2540 3109 2634 3149 eos
2679 3104 2783 3148 n0n
2816 3110 2982 3163 panes
3012 3096 3265 3166 integros,
3308 3098 3403 3154 sed
3450 3101 3573 3156 bne-

1992 3179 2190 3243 cellas;
2226 3190 2284 3235 ut
2312 3198 2409 3250 per
2456 3183 2558 3237 hoc
2604 3185 2813 3247 innuat,
2843 3187 2985 3254 quod
3024 3187 3203 3242 nullus
3230 3190 3365 3244 adeo
3396 3194 3577 3261 perfe-

1990 3282 2110 3328 ctus
2131 3286 2235 3339 est,
2272 3276 2361 3343 qui
2387 3291 2603 3331 omnem
2644 3278 2927 3331 scientiam
2964 3279 3053 3333 vel
3077 3279 3382 3336 doctrinam
3432 3286 3577 3340 obti-

1991 3373 2144 3429 neat,
2192 3367 2284 3421 sed
2317 3368 2686 3437 unusquisque
2713 3379 2919 3437 partem
2949 3370 3182 3440 aliquam
3216 3373 3445 3440 obtinet,
3474 3392 3572 3431 ceu

1990 3453 2231 3508 huccella
2260 3457 2415 3525 panis
2460 3473 2584 3527 pars
2629 3460 2731 3513 est.
2766 3459 3015 3529 Congrne
3047 3479 3262 3533 quoque
3292 3468 3444 3536 ponit
3468 3484 3577 3522 non

1968 3544 2291 3611 simplicem
2326 3548 2653 3618 crystallum,
2682 3551 2774 3605 sed
2818 3551 3126 3621 crystallum
3156 3571 3331 3622 suam,
3374 3567 3434 3611 ut
3476 3574 3577 3628 per

1992 3634 2132 3688 hanc
2162 3650 2346 3690 vocem
2396 3637 2744 3705 determinet,
2784 3642 2926 3709 quod
2952 3658 3056 3696 non
3098 3659 3317 3699 omnem
3348 3646 3577 3718 crystal-

1988 3723 2098 3778 lum
2124 3739 2245 3780 esse
2270 3726 2529 3781 buccellas
2560 3730 2739 3796 faciet,
2776 3733 2868 3786 sed
2902 3732 3048 3787 illam
3090 3744 3299 3790 tantum
3327 3754 3448 3807 qua:
3476 3754 3571 3792 sua

1987 3814 2112 3878 erit,
2145 3814 2352 3870 scilicet
2379 3832 2499 3886 quae
2538 3818 2649 3888 jam
2676 3829 2762 3875 est
2807 3823 2875 3876 ad
2909 3823 3264 3881 salvationem
3302 3830 3575 3896 prmdesti—

1988 3914 2135 3960 nata.
2151 3905 2329 3975 Dabit,
2351 3909 2594 3980 inquam,
2622 3914 2786 3969 nivem
2810 3926 2868 3970 ut
2890 3916 3567 3992 lanam,elmilletcryslal-

1986 3998 2096 4052 lunt
2124 4010 2178 4053 ut
2207 4002 2486 4058 buccellas.
2539 4004 2605 4059 Et
2648 4014 2775 4063 tunc
2811 4011 2927 4079 quis
2962 4012 3202 4066 existens
3232 4022 3352 4067 ante
3377 4014 3575 4082 faciem

1988 4087 2199 4159 frigoris
2228 4092 2343 4161 ejus
2365 4096 2634 4150 sustinebit
2661 4097 2828 4166 ipsam
2855 4100 3045 4153 faciem
3070 4100 3320 4163 ?Nullus.
3340 4119 3404 4160 ac
3429 4106 3473 4160 si
3492 4108 3575 4161 di-

1987 4183 2251 4238 cat:Cum
2283 4184 2394 4252 ipse
2418 4200 2511 4239 eos
2536 4187 2625 4254 qui
2654 4187 2825 4257 frigus
2844 4189 2947 4243 dici
2972 4206 3067 4259 per
3093 4193 3393 4262 emphasim
3422 4206 3573 4265 pote-

1989 4281 2220 4335 runt,co
2250 4274 2392 4340 quod
2422 4289 2452 4327 a
2482 4275 2745 4332 charitate
2772 4278 2952 4349 frigidi
2983 4283 3195 4349 penitus
3214 4294 3394 4353 erunt,
3429 4290 3570 4357 quod

1986 4370 2171 4429 postea
2204 4362 2372 4433 frigus
2406 4366 2457 4419 in
2485 4366 2722 4422 calorem
2764 4370 3050 4427 charitatis
3082 4384 3376 4442 mutatum,
3404 4379 3571 4448 ipsius

300 4442 483 4494 quam,
514 4430 754 4486 velociter
771 4451 941 4488 sermo
969 4436 1103 4506 ejus.
1142 4438 1245 4504 Qui
1271 4455 1368 4509 per
1395 4442 1689 4499 efficaciam
1727 4447 1885 4517 hujus
1917 4452 1969 4505 Dr
1989 4450 2081 4506 Dei
2106 4454 2372 4521 possessio
2401 4456 2511 4521 ﬁet,
2535 4457 2601 4512 ad
2625 4458 3041 4529 dispertlemlum
3073 4473 3126 4517 et
3150 4430 3576 4537 impugnatidmn

300 4519 570 4574 sermonis
594 4522 705 4584 dat,
739 4525 789 4578 id
816 4534 900 4580 est
927 4527 1075 4582 dabit
1114 4534 1281 4583 nivem
1321 4532 1455 4585 sicut
1507 4533 1707 4601 lanam,
1738 4540 1882 4594 scili-

301 4615 385 4659 cet
416 4608 567 4675 ipsos
598 4611 882 4669 haereticos
913 4616 1003 4686 qui
1037 4626 1197 4672 eruut
1222 4619 1335 4688 nix,
1366 4623 1416 4675 id
1455 4636 1539 4678 est
1565 4627 1630 4681 ad
1664 4627 1881 4684 modum

303 4697 443 4750 nivis
485 4699 648 4754 nimis
695 4705 984 4775 congelati,
1012 4717 1067 4761 et
1102 4724 1131 4762 a
1174 4710 1441 4768 cbaritate
1492 4714 1690 4785 frigidi,
1722 4716 1883 4775 faciet

299 4787 434 4841 adeo
469 4788 518 4842 in
548 4791 814 4848 charitate
857 4794 1124 4863 fervidos,
1158 4800 1409 4855 utetiam
1454 4802 1546 4859 det
1570 4822 1662 4861 eos
1705 4807 1881 4863 lanam

301 4878 419 4932 aliis
464 4880 692 4952 frigidis,
719 4887 925 4943 scilicet
948 4898 1007 4943 ut
1035 4906 1126 4947 eos
1157 4899 1248 4962 qui
1273 4895 1544 4951 charitate
1590 4908 1755 4954 erunt
1789 4899 1882 4956 fri-

280 4972 406 5055 gidi
442 4972 675 5055 foveant,
709 4987 764 5032 et
809 4979 859 5033 in
895 4981 1160 5039 charitate
1190 4989 1401 5042 fervere
1449 4987 1674 5054 faciant,
1698 4993 1767 5046 ad
1808 4995 1882 5048 si-

301 5063 658 5120 militudinem
700 5069 858 5139 lanas,
895 5088 959 5128 ex
982 5090 1089 5145 qua
1125 5079 1507 5134 vestimentum
1559 5081 1639 5148 ﬁt,
1671 5094 1728 5137 ιιι
1756 5100 1881 5140 cor-

284 5168 400 5237 pus
434 5154 610 5210 foveat
635 5169 690 5213 ct
716 5160 945 5217 calidum
977 5168 1186 5222 reddat.
1230 5169 1409 5234 Dabit,
1440 5172 1685 5240 inquam,
1717 5176 1881 5230 nivem

300 5245 433 5297 sicut
466 5251 664 5312 lanam,
696 5262 743 5304 et
766 5254 1004 5310 nebulam
1035 5260 1167 5312 sicut
1198 5262 1423 5315 cinerem
1467 5264 1685 5332 spargit,
1720 5266 1769 5320 id
1803 5277 1883 5321 est

300 5348 540 5408 sparget,
581 5341 631 5394 id
660 5353 741 5397 est
768 5345 886 5402 illos
922 5349 1204 5408 hazreticos
1232 5355 1321 5424 qui
1354 5357 1503 5424 prius
1536 5368 1694 5411 erunt
1716 5359 1882 5413 nebu-

302 5426 402 5482 losi
435 5438 490 5484 et
545 5431 596 5485 in
642 5434 991 5509 intelligentia
1022 5443 1322 5514 obscurati,
1378 5448 1702 5505 illuminabit
1751 5466 1881 5506 vero

298 5521 424 5578 ﬁdei
455 5523 753 5595 intellectu,
777 5542 833 5586 et
870 5548 963 5589 eos
992 5537 1319 5596 illuminatos
1351 5552 1569 5613 sparget
1620 5546 1753 5597 sicut
1804 5545 1878 5598 ci-

299 5630 500 5681 nerem,
553 5618 604 5672 id
635 5630 717 5676 est
743 5623 1027 5683 distribnet
1053 5645 1146 5685 eos
1198 5632 1266 5686 ad
1314 5633 1714 5701 praedicandum
1760 5634 1881 5690 aliis

297 5706 599 5769 nebulosis.
630 5722 684 5766 ut
718 5714 959 5773 videlicet
990 5720 1096 5775 sint
1135 5722 1188 5777 itt
1220 5723 1336 5779 loco
1367 5725 1585 5781 cineris.
1620 5726 1880 5801 facientes

1966 4601 1971 4607 .
1986 4556 2211 4604 caeteros
2233 4548 2456 4621 frigidos
2470 4551 2663 4615 mittet,
2678 4553 2797 4623 quis
2811 4555 3186 4611 lneretit-ornm
3211 4569 3333 4613 ante
3357 4561 3575 4629 faciem,

1986 4640 2038 4694 id
2063 4650 2145 4696 est
2171 4653 2298 4696 an‘e
2329 4652 2649 4712 przesentem
2709 4660 2895 4701 eorum
2945 4648 3256 4705 instantiam
3309 4654 3568 4715 existens,

1985 4733 2181 4801 poterit
2203 4741 2406 4789 tantam
2434 4735 2738 4789 instantiam
2772 4739 3057 4793 verbomm
3090 4750 3143 4796 et
3169 4742 3433 4799 facundiae
3459 4746 3576 4799 illo-

1986 4838 2105 4877 rum
2138 4824 2406 4880 sustinere
2437 4832 2493 4879 ct
2523 4827 2792 4890 resistere,
2828 4838 2885 4880 ut
2911 4841 3198 4901 superetur
3244 4834 3325 4888 sie
3377 4844 3434 4888 ut
3461 4851 3574 4889 non

1985 4912 2181 4969 habeat
2206 4915 2347 4983 quod
2374 4918 2751 4972 contradicat?
2775 4918 2983 4975 Nullus.
3044 4922 3155 4977 Hoc
3189 4934 3371 4977 autem
3428 4929 3576 4994 quod

1985 5004 2085 5057 sub
2118 5004 2537 5075 interrogatione
2566 5023 2688 5062 eum
2735 5006 2937 5076 majOre
2967 5011 3137 5064 laudis
3190 5014 3429 5081 pondere
3476 5031 3548 5085 po

1986 5093 2084 5157 nit,
2108 5094 2435 5162 asquivalens
2454 5106 2537 5151 est
2568 5112 2631 5152 ae
2658 5098 2703 5153 si
2747 5100 2925 5154 taliter
2952 5110 3259 5167 poneretur.
3288 5104 3422 5157 Cum
3456 5104 3574 5175 ipse

1986 5183 2105 5237 illos
2134 5185 2222 5252 qui
2248 5185 2396 5252 prius
2427 5184 2604 5257 frigidi
2641 5189 2775 5242 adeo
2802 5197 2963 5242 erunt
2986 5200 3044 5244 ut
3068 5191 3159 5244 nix
3186 5201 3240 5246 et
3283 5196 3573 5265 crystallus

1985 5274 2089 5328 dici
2122 5275 2330 5345 possint
2360 5275 2631 5333 ferventes
2651 5276 2890 5341 eﬁ‘ectos,
2949 5281 3017 5335 ad
3065 5281 3349 5338 hmreticos
3397 5285 3569 5355 impu-

1984 5366 2254 5434 gnaudum
2279 5368 2474 5433 mittet,
2504 5378 2647 5422 tanta
2690 5370 2795 5423 erit
2847 5387 3034 5427 eorum
3089 5374 3370 5443 sapientia.
3422 5387 3567 5429 tanta

1987 5455 2234 5510 facundia
2267 5467 2325 5511 ut
2347 5459 2427 5514 eis
2449 5458 2593 5513 nulla
2629 5461 2800 5528 possit
2852 5461 3230 5519 haereticorum
3262 5466 3566 5533 eloquentia

1987 5547 2258 5602 resistere.
2294 5547 2429 5614 Quia
2486 5564 2617 5603 vero
2665 5550 2732 5606 de
2782 5546 3161 5609 haireticorum
3214 5553 3569 5608 conversione

1983 5647 2189 5708 egerat,
2234 5639 2347 5692 vult
2408 5640 2695 5696 ostendere
2756 5641 2894 5697 hanc
2949 5643 3355 5700 conversionem
3402 5642 3573 5698 totius

1986 5730 2362 5798 cooperatfone
2393 5729 2671 5788 Trinitatis
2700 5747 2820 5789 esse
2851 5734 3081 5790 futuram
3112 5733 3253 5801 quod
3276 5733 3351 5790 sic
3391 5734 3523 5790 dicit
3551 5750 3566 5763 '
