3978 6328
426 216 550 270 ΙΗΙ

973 211 1030 269 S.
1069 209 1416 268 BRUNONIS
1452 207 2096 268 CARTHUSIANORUM
2133 207 2619 281 lNSTlTUTOBIS
2645 210 2792 268 OPP.
2830 210 3011 266 ΡΑΡιδ
3043 211 3079 266 l.

3562 216 3711 272 HIS

415 323 592 388 Dabit,
645 323 881 393 inquam,
927 321 1068 378 Deus
1122 322 1287 379 Pater
1333 324 1497 378 nivem
1539 324 1673 377 sicut
1697 322 1895 383 lanam.
1945 331 1992 377 et
2022 326 2071 385 Α
2101 321 2268 377 Deum
2299 322 2745 389 adhortantis,ex
2763 324 3202 381 consideratione
3222 326 3715 385 omniumcreatu-

412 414 713 486 crystallum
734 415 865 469 sicut
896 416 1174 472 buccellas.
1217 415 1284 473 Ut
1310 418 1426 472 haec
1454 426 1631 471 autem
1656 418 1813 482 fiant,
1840 418 1996 472 entit-

412 509 493 572 tit,
518 507 567 563 id
590 516 673 562 est
713 508 924 564 emittet
965 507 1175 562 verbum
1222 526 1396 575 suum,
1427 510 1479 563 id
1506 518 1589 564 est
1611 524 1676 564 ex
1718 524 1780 564 se
1821 509 2000 566 mittet

413 599 607 654 Filium
642 616 797 656 suum
847 601 913 656 ad
951 602 1051 655 hoc
1081 600 1408 656 faciendum.
1436 601 1846 670 Mittetquidem
1890 617 1998 657 nou

413 690 674 753 localiter,
699 706 805 746 non
836 690 1139 759 visibiliter,
1183 692 1278 747 sed
1315 691 1631 761 spiritaliter
1676 702 1731 746 et
1761 690 2000 747 i.:eﬂ‘ahi-

412 785 555 841 liter.
594 783 687 838 Vel
754 785 949 838 emittet
993 784 1199 838 verbum
1251 799 1426 849 suum,
1480 784 1531 838 id
1574 794 1654 839 est
1702 785 1755 839 in
1811 797 1998 855 aperto

415 878 595 931 mittet
633 870 827 933 Filium
877 892 1071 943 suum,
1124 885 1382 946 quantum
1435 878 1501 932 ad
1544 880 1811 936 notitiam.
1845 881 1997 947 Quod

412 969 694 1024 estdicere
723 988 735 1022 :
763 968 919 1022 Dabit
944 968 1284 1023 eisnotitiam
1325 968 1444 1023 Filii
1471 969 1552 1025 sui
1584 972 1789 1026 scilicet
1813 972 1994 1038 fidem,

412 1068 471 1114 ut
496 1075 618 1113 eum
648 1073 835 1113 verum
859 1066 915 1113 et
940 1057 1108 1112 Deum
1146 1066 1202 1113 et
1233 1060 1524 1127 hominem,
1560 1072 1614 1117 et
1638 1061 1740 1118 sibi
1775 1072 1998 1121 coaeter-

411 1164 561 1216 num,
585 1156 638 1204 et
672 1146 1180 1204 consubstantialem
1229 1150 1477 1205 credant.
1512 1151 1580 1205 Et
1613 1167 1708 1223 per
1756 1152 2001 1210 emissio-

409 1257 533 1296 nem
569 1239 716 1295 verbi
743 1240 1038 1312 liquefaciet
1056 1258 1140 1308 ea,
1163 1241 1340 1297 nivem
1363 1244 1569 1300 scilicet
1589 1254 1644 1301 et
1662 1248 1993 1317 crystallum.

412 1331 562 1398 Quod
586 1331 873 1386 estdicere
905 1330 1079 1387 :Cum
1126 1342 1284 1389 antea
1333 1336 1490 1391 valde
1518 1337 1717 1392 fuerint
1741 1338 1995 1407 indurati,

409 1430 464 1477 et
485 1422 620 1477 adeo
655 1430 714 1477 ut
769 1422 859 1477 uix
918 1432 975 1478 et
1029 1425 1317 1495 crystallus
1367 1426 1640 1493 dicantur,
1697 1430 1812 1499 ipse
1861 1429 1998 1486 Filio

409 1522 734 1581 cooperante
754 1528 821 1568 ex
845 1514 1043 1569 duritia
1079 1515 1331 1582 resolvet,
1361 1526 1415 1572 ct
1436 1532 1530 1576 eos
1571 1519 1805 1589 liquidos
1837 1520 1998 1576 faciet

408 1613 462 1658 et
482 1602 759 1667 molles,et
783 1604 849 1659 ad
878 1605 1208 1662 credendum
1231 1606 1436 1664 faciles.
1465 1608 1581 1664 Non
1612 1610 1783 1665 solum
1815 1619 1994 1669 autem

411 1697 530 1751 hazc
556 1712 654 1767 per
701 1697 895 1753 Filium
944 1701 1277 1768 operahitur,
1339 1704 1436 1759 sed
1479 1714 1533 1758 et
1583 1720 1678 1775 per
1736 1705 1996 1777 Spiritum

408 1797 680 1845 sanctum.
723 1789 859 1845 Nam
881 1801 1101 1847 sanctus
1129 1792 1362 1863 Spiritus
1385 1796 1500 1865 ejus
1523 1796 1693 1867 ﬂabit,
1732 1798 1783 1853 id
1811 1807 1896 1854 est
1930 1801 1998 1856 ad

407 1883 588 1939 nivem
620 1890 676 1939 et
697 1883 1010 1956 crystallum
1036 1886 1265 1944 interius
1311 1890 1594 1960 aspirabit,
1640 1902 1687 1946 et
1728 1893 1806 1947 sic
1835 1895 1998 1963 ﬂuent

405 1989 558 2042 aqua:
582 1974 730 2029 lacti.
769 1973 965 2031 Fluent
994 1977 1243 2047 quidem,
1277 1980 1330 2036 id
1352 1983 1605 2052 estproni
1638 1993 1693 2038 et
1742 1983 1870 2039 ﬂuxi
1929 1986 1997 2042 ad

406 2063 566 2120 ﬁdem
590 2076 645 2120 et
674 2066 995 2123 charitatem
1022 2068 1173 2124 fient.

476 2155 644 2222 Aqua:
673 2171 801 2211 vero
829 2168 990 2213 erunt
1035 2160 1159 2214 aliis
1185 2201 1201 2225 ,
1247 2160 1298 2215 id
1333 2173 1416 2217 est
1447 2162 1581 2219 alios
1606 2165 1905 2233 induratos,
1930 2168 1998 2223 ad

406 2244 624 2298 modum
656 2261 915 2315 aquarum
946 2248 1247 2319 irrigabunt
1287 2251 1534 2309 doctrina
1569 2270 1690 2320 sua,
1744 2267 1798 2311 et
1832 2276 1861 2311 a
1900 2261 2000 2314 du-

405 2332 530 2387 ritia
555 2349 650 2389 sua
683 2337 952 2391 resolvent
1000 2350 1054 2392 et
1080 2339 1283 2397 fertiles
1316 2341 1536 2411 facient,
1571 2363 1601 2401 a
1650 2347 2000 2407 similitudine

406 2424 579 2477 austri
613 2424 815 2480 dictum
877 2436 979 2494 est,
1008 2444 1115 2497 quo
1162 2429 1325 2486 ﬂante
1376 2434 1528 2491 nives
1552 2446 1606 2489 et
1662 2438 1862 2507 glacies
1914 2457 2000 2495 re-

404 2512 701 2579 solvuntur,
733 2525 787 2570 et
810 2530 964 2584 aqua:
996 2517 1153 2572 facta:
1174 2519 1365 2575 ﬂuunt.
1386 2521 1622 2593 Exponit
1643 2536 1821 2581 autem
1864 2546 2000 2599 quo-

403 2607 566 2661 modo
598 2611 689 2661 nix
737 2618 792 2664 et
819 2609 1106 2680 crystallus
1154 2612 1403 2669 resoluta:
1453 2625 1507 2670 et
1532 2615 1835 2687 liquefactae
1872 2623 1999 2697 aliis

401 2697 706 2754 eﬂiciautur
755 2716 909 2771 aqum
934 2744 949 2769 ,
989 2703 1069 2759 sic
1103 2720 1135 2767 τη
1166 2706 1295 2761 Dico
1332 2705 1474 2776 quol
1528 2710 1787 2769 Dominus
1835 2714 1997 2787 585

402 2794 700 2864 liquefaciel
753 2795 929 2850 nivem
976 2807 1031 2851 et
1076 2798 1390 2869 crystallum
1445 2814 1459 2854 :
1508 2811 1563 2856 et
1612 2803 1776 2860 faciet
1828 2822 1999 2876 aquas

401 2886 660 2961 ﬂuentes;
690 2888 780 2957 qui
806 2903 1000 2958 nempe
1034 2888 1296 2947 Dominus
1332 2906 1429 2963 per
1464 2895 1562 2950 has
1592 2910 1760 2966 aquas
1786 2915 1997 2954 annun-

2102 430 2285 479 rarum
2300 414 2437 483 ejus,
2452 417 3120 476 eteontuituexaltationis
3131 420 3406 491 p0pulisui
3427 423 3483 478 in
3502 423 3712 481 futuro.

2178 505 2433 575 Laudate,
2456 523 2647 563 omnes
2673 508 2878 576 fideles,
2905 509 3213 577 Dominum,
3231 512 3510 569 Christum
3535 520 3708 571 omni-

2101 598 2258 651 moda
2286 597 2465 666 laude,
2504 599 2568 652 de
2594 599 2756 665 caelis,
2781 600 2834 655 id
2867 610 2952 656 est
2979 602 3045 657 de
3070 604 3516 661 consideratione
3540 606 3716 664 caelo-

2102 705 2221 744 rum
2247 706 2382 761 quos
2406 691 2635 746 creavit.
2663 692 2767 746 Per
2785 691 2953 748 ccelos
2979 694 3069 749 hic
3090 694 3391 765 accipimus
3414 697 3566 766 ipsos
3588 714 3708 753 cae-

2101 782 2179 838 los
2211 781 2538 849 materiales,
2586 791 2642 837 et
2670 798 2861 839 omnes
2887 792 3169 841 creaturas
3198 801 3319 856 qua:
3348 788 3402 841 in
3429 789 3515 844 eis
3558 799 3707 850 sunt,

2102 881 2211 928 tam
2230 873 2543 938 rationales,
2558 882 2617 927 ut
2629 874 2851 945 spiritus
2867 875 3138 942 caelestes,
3154 892 3315 947 quam
3340 878 3709 944 irrationales,

2099 963 2344 1019 utsolem
2377 972 2432 1019 et
2461 964 2643 1020 lunam
2672 973 2728 1021 et
2769 966 2976 1022 stellas.
3010 967 3319 1024 Materiales
3361 986 3498 1026 vero
3533 971 3708 1027 caelos

2099 1057 2348 1123 dicimus,
2389 1066 2444 1111 et
2473 1073 2677 1121 aerem,
2709 1067 2764 1113 et
2810 1060 3050 1126 tethera,
3088 1069 3144 1116 et
3169 1062 3343 1132 ipsum
3378 1062 3708 1119 firmamen-

2101 1156 2213 1202 tum
2235 1187 2250 1211 ,
2282 1155 2338 1203 et
2367 1148 2533 1202 etiam
2562 1159 2768 1217 septem
2817 1149 3052 1206 circulos
3079 1160 3284 1222 septem
3328 1152 3705 1222 planetarum.

2100 1238 2365 1306 Quoniam
2413 1246 2594 1293 autem
2645 1253 2768 1294 cum
2805 1241 3127 1313 simpliciter
3166 1242 3418 1298 dixerat:
3466 1242 3711 1300 Laudate

2099 1328 2384 1384 Dominum
2412 1329 2477 1384 de
2504 1327 2669 1392 caelis,
2693 1345 2792 1399 per
2820 1316 3011 1398 caelos,
3039 1342 3100 1387 ut
3124 1333 3383 1398 diximus,
3417 1346 3710 1406 acceperat

2100 1429 2154 1474 et
2191 1420 2337 1490 ipsos
2368 1419 2568 1486 oculos,
2596 1429 2650 1475 et
2675 1430 2957 1477 creaturas
2992 1422 3144 1490 illas,
3177 1439 3298 1495 qum
3328 1424 3382 1478 in
3411 1424 3497 1480 eis
3539 1436 3669 1480 sunt
3689 1466 3706 1490 ,

2104 1512 2171 1564 ad
2195 1512 2672 1581 exaggerationem
2704 1512 2901 1567 divina:
2935 1513 3109 1569 laudis
3135 1514 3282 1585 ipsas
3309 1525 3597 1571 creaturas
3616 1518 3710 1571 de-

2101 1602 2320 1671 signare
2350 1619 2448 1674 per
2489 1612 2671 1673 partes
2703 1602 2934 1660 intendit
2980 1606 3093 1662 sic:
3125 1606 3396 1674 Laudate,
3431 1608 3657 1678 inquam
3684 1652 3702 1673 ,

2031 1670 2072 1728 Β
2103 1670 2384 1747 Dominum
2411 1693 2475 1748 de
2489 1670 2666 1758 ‘rmlis,
2700 1694 2955 1751 videlicet
2983 1695 3195 1750 lauda!e
3218 1712 3341 1750 eum
3367 1696 3421 1749 in
3453 1698 3703 1760 excelsis,

2101 1783 2155 1837 id
2186 1783 2273 1839 e'st
2304 1784 2359 1839 in
2399 1784 2841 1842 consideratione
2888 1786 3102 1842 illarum
3131 1797 3546 1856 creaturarum,
3577 1806 3707 1861 qua:

2101 1872 2154 1927 in
2180 1872 2318 1929 caelo
2348 1884 2474 1929 sunt
2500 1875 2750 1941 excelsre,
2765 1877 2815 1932 id
2833 1885 2914 1933 est
2931 1877 3193 1949 dignioris
3210 1888 3440 1935 natum.
3459 1880 3707 1951 Exponit

2100 1972 2281 2018 autem
2308 1964 2425 2019 illas
2453 1977 2733 2021 creaturas
2759 1966 3006 2021 excelsas
3020 1982 3118 2037 per
3146 1979 3346 2039 partes,
3373 1984 3498 2025 cum
3514 1970 3700 2025 addit:

2098 2054 2338 2109 Laudate
2357 2073 2495 2124 eum,
2508 2074 2686 2112 omnes
2700 2057 2870 2128 angeli
2890 2057 3028 2128 ejus,
3052 2060 3103 2114 id
3118 2069 3201 2114 est
3220 2076 3250 2112 o
3267 2076 3362 2116 vos
3383 2077 3580 2117 omnes
3601 2078 3704 2117 at:-

2100 2148 2223 2219 geli,
2246 2149 2336 2218 qui
2363 2157 2523 2204 tanta:
2550 2150 2826 2220 dignitatis
2853 2152 3152 2207 existentes
3175 2154 3303 2207 estis
3324 2154 3391 2207 ab
3415 2170 3480 2209 eo
3500 2170 3626 2211 crea
3638 2156 3702 2215 ti.

2099 2247 2272 2295 estote
2299 2239 2543 2296 ﬁdelibus
2576 2242 2801 2296 materia
2842 2242 3094 2298 laudandi
3126 2259 3268 2299 cutn.
3308 2246 3462 2311 Quod
3504 2257 3587 2300 est
3632 2264 3703 2302 ac

2100 2326 2144 2383 si
2177 2327 2363 2383 dicat:
2401 2328 2643 2384 Laudate
2670 2346 2824 2397 eum,
2858 2347 2891 2387 ο
2933 2332 3120 2388 ﬁdeles
3144 2372 3159 2399 ,
3202 2351 3264 2388 ex
3296 2335 3703 2394 consideratio-

2101 2432 2169 2472 ne
2201 2418 2551 2487 angelorum,
2582 2436 2721 2491 quos
2760 2422 2896 2477 adeo
2943 2423 3136 2494 dignos
3179 2426 3403 2479 creavit.
3451 2425 3565 2483 Nec
3601 2444 3698 2483 so-

2100 2507 2381 2565 lummodo
2436 2527 2534 2566 vos
2583 2514 2760 2584 angeli
2812 2514 3041 2568 materia
3094 2515 3215 2572 sitis
3265 2516 3515 2573 fidelibus
3571 2536 3698 2575 eum

2102 2598 2382 2665 laudandi,
2402 2604 2494 2657 sed
2513 2605 2678 2657 etiam
2702 2606 2917 2661 laudate
2938 2625 3056 2662 eum
3074 2647 3090 2674 ,
3114 2625 3291 2663 omnes
3316 2612 3533 2665 virtutes
3556 2612 3697 2682 ejus,

2103 2691 2155 2745 id
2196 2702 2279 2747 est
2304 2709 2336 2749 ο
2363 2709 2457 2749 vos
2484 2710 2674 2750 omnes
2710 2696 3007 2752 caelestium
3038 2698 3326 2769 spirituum
3356 2702 3600 2767 ordines,
3626 2703 3699 2757 ab

2100 2798 2166 2837 co
2192 2784 2491 2854 dignissimi
2524 2786 2576 2840 in
2608 2795 2801 2841 natura
2834 2788 3002 2843 creati
3023 2833 3037 2850 .
3070 2800 3244 2845 estote
3287 2790 3537 2847 fidelibus
3578 2810 3697 2847 ma-

2106 2874 2244 2928 teria
2276 2890 2397 2929 eum
2452 2876 2726 2931 laudandi.
2780 2880 2887 2933 l'er
2936 2879 3163 2935 virtutes
3207 2896 3329 2951 qum
3377 2893 3508 2937 sunt
3550 2901 3695 2940 unus

401 2979 521 3043 tiat,
549 2978 600 3033 id
624 2988 705 3034 est
740 2982 1083 3037 annuntiabit
1116 2983 1240 3039 aliis
1286 2984 1550 3042 ituluratis
1580 2964 1876 3046 eﬂiciendis
1904 3008 1993 3062 per

2103 2964 2238 3021 ordo
2277 2965 2577 3021 cwlestium
2616 2969 2934 3039 Spirituum,
2985 2985 3173 3026 omnes
3220 2973 3441 3028 ordines
3491 2985 3696 3044 praeter

404 3070 506 3124 hoc
532 3070 719 3138 Iacob,
749 3072 802 3127 id
832 3082 916 3128 est
943 3073 1171 3130 viriliter
1215 3075 1545 3134 luctantibus
1576 3080 1788 3136 verbum
1819 3101 1994 3155 suum,

405 3160 456 3215 id
500 3169 585 3217 est
625 3163 874 3219 notitiam
918 3164 1039 3221 Filii
1088 3166 1195 3233 sui,
1227 3166 1312 3222 vel
1341 3170 1549 3227 verbum
1594 3188 1771 3239 suum,
1818 3174 1871 3229 id
1914 3185 1999 3233 est

403 3250 843 3321 praedicationem
887 3253 1035 3309 ﬂdei.
1082 3254 1147 3310 Et
1191 3265 1313 3325 post
1351 3260 1817 3317 annuntiationem
1847 3265 1997 3320 verbi

378 3340 527 3403 .I'idei
578 3344 925 3400 annuntiabit
950 3344 1155 3401 eisdem
1204 3346 1501 3405 eﬂiciendis
1553 3351 1755 3421 Israel,
1808 3355 1862 3410 id
1911 3364 1997 3412 est

401 3431 570 3487 Deum
600 3435 652 3488 in
685 3435 1139 3505 contemplatione
1169 3437 1474 3496 videntibus
1500 3441 1740 3510 justitias
1768 3455 1816 3498 et
1838 3445 1994 3514 judi-

402 3520 483 3572 cia
525 3538 644 3585 sua,
689 3521 740 3576 id
770 3523 1016 3593 estjusta
1052 3524 1255 3594 judicia
1287 3542 1406 3596 sua,
1445 3540 1714 3600 prmcepta
1747 3533 1997 3590 videlicet

403 3625 498 3663 sua
535 3627 655 3680 quae
682 3614 937 3671 dicuntur
980 3632 1077 3687 per
1105 3619 1407 3689 emphasim
1446 3619 1696 3690 iustitia),
1740 3639 1805 3679 eo
1852 3627 1995 3695 quod

397 3697 545 3767 justa
587 3710 734 3769 sunt,
773 3713 829 3759 et
865 3708 1195 3777 complentes
1235 3724 1295 3765 se
1325 3709 1660 3781 justiﬂeant;
1702 3725 1756 3769 et
1787 3714 1993 3784 judicia

404 3790 677 3857 dicuntur,
725 3807 790 3847 eo
836 3796 981 3863 quod
1027 3798 1142 3866 ipse
1189 3816 1253 3856 ea
1308 3801 1555 3858 facienda
1601 3820 1723 3861 esse
1762 3807 1990 3877 judicat.

401 3883 667 3950 Quoniam
703 3900 835 3955 ergo
866 3885 1093 3955 iustitia:
1120 3901 1245 3945 sunt
1273 3902 1328 3946 et
1349 3893 1578 3961 judicia,
1617 3899 1992 3957 enuntiatione

399 3984 527 4029 sunt
558 3976 737 4047 digna.
776 3977 915 4033 Dicit
951 3989 1134 4035 autem
1163 3985 1306 4051 quod
1344 3986 1459 4039 lucc
1489 3990 1799 4056 supradicta
1828 3991 1993 4050 bene-

401 4066 521 4121 ﬁcia
561 4082 666 4122 nou
703 4066 871 4124 faciet
907 4069 1179 4127 haereticis
1208 4073 1479 4141 omnibus,
1517 4077 1611 4131 sed
1641 4081 1988 4150 quibusdam,

399 4166 461 4210 ut
486 4173 582 4227 per
606 4157 708 4213 hoc
732 4173 826 4214 eos
854 4161 1055 4231 quibus
1085 4160 1200 4218 lucc
1232 4163 1365 4218 lient
1390 4165 1681 4223 benevolos
1712 4173 1902 4241 magis,
1937 4181 1990 4229 et

399 4246 540 4299 haud
568 4247 805 4317 ingratos
834 4249 1041 4304 reddat.
1071 4250 1201 4307 Dico
1232 4253 1377 4322 quod
1407 4254 1693 4312 haereticos
1726 4260 1903 4315 nivem
1931 4269 1989 4316 et

2101 3055 2323 3125 angelos
2373 3056 2663 3127 designat,
2714 3060 2857 3129 quod
2901 3074 2966 3115 ex
3017 3060 3279 3116 llehraica
3332 3063 3693 3119 translatione

2100 3150 2471 3220 perpenditur,
2506 3151 2560 3205 in
2596 3167 2702 3221 qua
2748 3152 3006 3208 habetur:
3053 3152 3292 3208 Laudate
3329 3171 3483 3221 eunt,
3507 3173 3691 3211 omnes

2098 3243 2355 3297 exercitus
2376 3243 2508 3312 ejus.
2544 3242 2854 3299 Notandum
2883 3247 3027 3315 quod
3058 3260 3293 3315 congrue
3320 3249 3473 3318 ponit
3506 3250 3690 3319 angeli

2097 3331 2213 3401 ejus
2248 3342 2305 3387 et
2341 3334 2555 3388 virtutes
2596 3336 2749 3406 ejus,
2797 3352 2920 3392 cum
2964 3347 3087 3408 post
3136 3348 3314 3394 tamen
3363 3354 3469 3394 non
3507 3341 3686 3407 dicat,

2096 3422 2175 3477 sol
2203 3423 2318 3493 ejus
2353 3424 2471 3479 sine
2508 3424 2636 3481 luna
2665 3427 2800 3496 ejus.
2836 3429 2953 3483 Non
2994 3431 3137 3500 quod
3182 3440 3239 3485 et
3286 3431 3368 3486 lue
3416 3442 3692 3488 creatura:

2096 3514 2212 3584 ejus
2237 3530 2342 3570 non
2370 3515 2511 3581 sint,
2541 3519 2636 3573 sed
2661 3535 2783 3574 cum
2812 3520 3062 3577 caelestes
3092 3522 3317 3592 spiritus
3346 3524 3437 3593 qui
3467 3525 3688 3594 dignio-

2097 3619 2185 3661 res
2224 3614 2351 3661 sunt
2393 3607 2507 3676 ejus
2548 3624 2668 3665 esse
2715 3621 3000 3669 creaturas
3050 3613 3309 3681 aﬂirmat,
3354 3616 3424 3671 de
3462 3620 3684 3673 caneris

2095 3698 2284 3768 procul
2324 3699 2490 3755 dubio
2534 3711 2770 3758 constat.

2165 3790 2410 3847 Excelsis
2439 3793 2602 3848 etiam
2647 3805 2703 3850 et
2738 3796 3076 3866 dignioribus
3121 3796 3379 3852 emlorum
3414 3800 3689 3855 creaturis

2092 3899 2193 3955 per
2220 3896 2405 3955 partes
2435 3886 2727 3954 denotatis,
2757 3889 2869 3958 agit
2911 3889 2978 3943 de
3026 3889 3418 3960 indignioribus
3445 3891 3691 3946 caelesti-

2092 3978 2196 4034 bus
2221 3980 2509 4045 creaturis,
2551 3995 2671 4049 qua:
2711 3989 2927 4047 tamen,
2972 3990 3233 4051 quantum
3284 3986 3352 4037 ad
3394 3986 3475 4037 sui
3519 3995 3686 4038 natu-

2093 4083 2245 4133 ram,
2276 4068 2410 4124 satis
2458 4068 2674 4141 egregie
2705 4078 2861 4135 sunt,
2912 4086 3036 4124 eum
3085 4070 3297 4124 subdit:
3333 4070 3448 4124 Non
3502 4071 3685 4125 solum

2093 4159 2314 4214 laudent
2346 4161 2492 4215 illum
2522 4160 2697 4232 angeli
2726 4170 2781 4216 et
2820 4161 3080 4227 virtutes,
3112 4163 3205 4217 sed
3248 4162 3413 4216 etiam
3441 4161 3690 4216 Laudate

2091 4266 2241 4315 eum,
2269 4252 2347 4305 sol
2389 4261 2439 4306 et
2483 4252 2645 4317 luna;
2678 4252 2893 4307 laudate
2923 4269 3061 4315 eum,
3098 4269 3275 4307 omnes
3312 4253 3496 4307 stellaz.
3525 4253 3687 4320 Quod

399 4336 709 4407 crystallum
736 4340 1031 4396 existentes
1056 4343 1309 4411 resolvet,
1335 4354 1389 4399 et
1415 4346 1578 4400 etiam
1603 4362 1697 4403 eos
1719 4364 1838 4405 esse
1864 4351 1986 4407 aliis
2014 4350 2064 4409 D
2094 4349 2179 4395 εει
2200 4341 2410 4396 dicere:
2441 4341 2546 4396 V05
2571 4341 2651 4397 501
2672 4382 2687 4408 ν
2727 4351 2781 4397 ει
2807 4342 2955 4406 luna.
2978 4351 3034 4397 ει
3072 4342 3244 4398 ειοηίθ
3270 4343 3496 4399 miriﬁce
3521 4344 3593 4398 ab
3618 4360 3688 4398 οι)

399 4444 570 4498 aquas
615 4429 799 4485 faciet.
849 4430 974 4485 Non
1009 4443 1192 4488 autem
1230 4434 1372 4504 fecit,
1406 4436 1459 4491 id
1496 4447 1579 4493 est
1617 4438 1779 4495 faciet
1812 4441 1987 4498 taliter

399 4520 541 4572 omni
578 4519 801 4586 nationi,
844 4520 896 4575 id
933 4529 1019 4577 est
1043 4524 1191 4577 omni
1220 4524 1553 4580 multitudini
1585 4527 1987 4598 haereticorum,

400 4609 608 4664 scilicet
646 4627 749 4665 non
781 4613 860 4667 sic
891 4611 1148 4679 resolvet,
1177 4623 1233 4669 et
1260 4631 1428 4685 aquas
1455 4632 1578 4673 esse
1607 4618 1773 4675 faciet
1798 4636 1989 4679 omnes

403 4701 710 4768 haereticos,
739 4713 787 4757 et
822 4721 924 4758 non
949 4705 1305 4775 mattifeslabit
1344 4708 1420 4762 eis
1442 4706 1589 4776 justa
1627 4711 1838 4781 judicia
1864 4730 1983 4781 sua,

399 4792 609 4847 scilicet
661 4808 768 4849 non
831 4794 995 4851 faciet
1042 4798 1298 4854 omnibus
1352 4799 1697 4856 manifestum
1755 4804 1987 4873 qualiter

398 4884 659 4954 quosdam
698 4899 794 4956 per
826 4886 1251 4945 misericordiam
1290 4889 1561 4946 resolvere
1589 4901 1645 4947 et
1681 4893 1988 4951 illuminare

394 4976 627 5048 judicet;
658 4978 919 5047 quosdam
943 4993 1072 5032 vero
1092 4978 1238 5047 justo
1259 4982 1464 5052 judicio
1485 4998 1583 5038 suo
1619 4984 1988 5041 subtrahendo

398 5069 630 5139 gratiam
677 5069 892 5124 induret
934 5077 989 5125 et
1033 5080 1289 5135 excmcet,
1336 5073 1421 5127 vel
1470 5090 1574 5128 non
1620 5074 1989 5131 manifestabit

399 5159 649 5214 omnibus
666 5159 872 5229 judicia
895 5176 1017 5226 sua,
1038 5159 1091 5216 id
1111 5168 1187 5216 est
1214 5172 1479 5232 praacepta
1502 5178 1624 5228 sua,
1646 5163 1854 5220 scilicet
1878 5180 1986 5220 non

400 5245 563 5302 faciet
599 5251 848 5306 omnibus
886 5251 1261 5321 manifestum,
1303 5252 1535 5323 qualiter
1565 5254 1683 5326 ejus
1716 5263 1984 5326 praecepta

400 5337 515 5394 sint
544 5340 883 5408 complenda.

824 5434 889 5488 IN
930 5434 1257 5493 PSALMUM
1297 5435 1569 5495 CXLVIII.

470 5521 668 5578 Psalmi
693 5526 970 5581 centesimi
996 5528 1393 5601 quadragesimi
1416 5529 1619 5585 octavi.
1636 5527 1864 5583 Titulus.
1890 5528 1984 5581 Al-

401 5613 579 5671 leluia.
613 5613 727 5672 Vox
769 5613 1050 5687 Propheta:
1082 5619 1265 5679 ﬂdcles
1295 5636 1484 5679 omnes
1542 5622 1607 5679 ad
1661 5620 1982 5677 laudandum

2094 4432 2439 4503 compositae,
2466 4440 2644 4489 estote
2687 4434 3203 4490 ﬁdelibus'matetia
3234 4451 3356 4489 eum
3398 4435 3683 4489 laudandi.

2091 4522 2208 4579 Non
2250 4524 2424 4580 solum
2452 4534 2633 4579 autem
2665 4523 2746 4580 sol
2775 4532 2829 4579 et
2871 4524 2993 4578 iuua
3013 4564 3028 4589 ,
3059 4534 3115 4579 et
3139 4525 3340 4592 stellaE,
3382 4527 3683 4579 scandam

2091 4615 2197 4669 hoc
2225 4613 2367 4683 quod
2392 4613 2674 4678 existunt,
2708 4614 2819 4669 sint
2845 4614 3072 4669 materia
3101 4631 3223 4670 eum
3264 4614 3517 4668 laudandi
3536 4655 3553 4677 ,
3583 4616 3683 4669 sed

2091 4716 2139 4761 et
2165 4705 2341 4760 lumen
2366 4721 2430 4761 ex
2457 4706 2537 4761 eis
2564 4706 2729 4779 586
2752 4709 3051 4777 procedens
3078 4708 3262 4764 laudet
3284 4749 3298 4771 ,
3347 4708 3399 4762 id
3438 4717 3521 4763 est
3561 4725 3683 4764 ma-

2091 4797 2229 4852 teria
2256 4797 2326 4852 sit
2352 4796 2602 4852 laudandi
2638 4798 2948 4853 Dominum.
2976 4798 3094 4853 Alia
3137 4800 3336 4869 quippe
3362 4799 3687 4855 considera-

2092 4888 2167 4943 tio
2193 4897 2276 4943 est
2304 4888 2526 4944 laudare
2555 4888 2840 4944 Dominum
2864 4889 2929 4945 de
2955 4889 3059 4945 hoc
3092 4892 3233 4960 quod
3267 4893 3380 4947 haec
3403 4891 3646 4946 existunt
3664 4934 3682 4956 ,

2090 4980 2192 5034 alia
2240 4994 2370 5035 vero
2399 4982 2467 5035 de
2513 4980 2617 5035 hoc
2655 4982 2799 5051 quod
2850 4981 3029 5037 iumen
3080 4984 3353 5037 emittunt.
3402 4982 3683 5038 Caelontm

2089 5069 2356 5124 creaturis
2391 5082 2488 5139 per
2524 5079 2708 5139 partes
2757 5070 3014 5137 ostens’s,
3045 5073 3110 5125 de
3139 5070 3272 5141 ipsis
3301 5072 3459 5125 cmlis
3506 5072 3682 5126 etiam

2090 5160 2200 5230 agit
2229 5176 2353 5214 cum
2392 5160 2715 5230 subiungit:
2750 5160 2867 5216 Non
2902 5162 3074 5217 solum
3123 5163 3342 5217 laudent
3387 5178 3512 5217 eum
3554 5162 3681 5227 sol,

2088 5259 2142 5304 ct
2180 5249 2329 5314 luna,
2384 5259 2437 5304 et
2484 5250 2686 5316 stellae,
2733 5261 2788 5306 et
2838 5252 3049 5317 lumen,
3099 5256 3193 5309 sed
3237 5254 3403 5308 etiam
3440 5255 3684 5308 «audate

2088 5355 2237 5404 eum,
2275 5340 2327 5394 id
2356 5349 2440 5396 est
2467 5342 2700 5415 materia
2728 5351 2902 5398 estote
2933 5342 3183 5399 laudandi
3215 5360 3338 5399 cum
3378 5359 3470 5399 vos
3514 5360 3685 5415 supc-

2092 5434 2263 5489 riores
2303 5434 2416 5488 coeli
2450 5434 2697 5489 caelorum
2739 5436 3057 5492 inferiorum
3109 5436 3455 5505 complexivi.
3506 5435 3682 5506 Supe-

2093 5524 2266 5579 riores
2294 5524 2384 5594 qui
2411 5525 2579 5580 cmlos
2610 5526 2893 5581 inferiores
2919 5529 3163 5584 ambiunt
3193 5530 3322 5583 dicit
3359 5529 3681 5585 firmamen~

2095 5624 2207 5671 tum
2251 5625 2304 5672 et
2330 5617 2559 5685 mthcra,
2589 5617 2871 5677 inferiores
2903 5636 3029 5678 vero
3067 5620 3294 5677 circulos
3325 5620 3678 5692 planetarum
