3962 6318
249 264 379 325 HIS

1091 262 1453 322 EXPOSlTlO
1479 263 1546 321 ΙΝ
1584 261 1922 320 PSALMOS.
1953 274 2018 301 ‘-
2057 260 2251 317 PSAL.
2284 264 2548 322 CXILV'Hl.

3373 275 3509 332 MH-

221 398 299 445 ‘et
332 398 534 441 aerem.
566 382 631 437 Et
668 396 775 437 nor.
804 380 977 438 solum
1015 380 1175 435 modo
1203 379 1325 435 cmli
1374 379 1660 434 Dominum
1702 376 1816 430 lau-
1845 378 1891 437 Α
1922 383 2298 444 corrumpunt,
2350 377 2431 429 sic
2479 386 2539 431 ut
2588 380 2639 433 in
2660 381 2710 434 lc
2741 381 2921 438 clades
2954 384 3231 441 mortifera
3259 378 3503 455 oriatur;

246 484 392 543 dent,
407 477 500 534 sed
521 487 568 530 et
589 492 741 547 aqua:
754 490 870 545 qua:
884 490 1040 544 super
1062 472 1217 528 oculos
1239 482 1358 527 sunt
1390 470 1603 526 laudent
1632 486 1818 524 nomen

157 620 159 623 .
243 568 479 631 Domini,
513 567 564 622 id
611 576 695 621 est
723 580 902 621 causa-
940 565 1049 620 sint
1080 580 1250 633 quare
1284 579 1313 617 a
1343 563 1591 617 ﬁdelibus
1635 561 1819 615 laude-

243 673 329 716 tur
356 674 548 714 nomen
578 657 820 723 Domini,
858 656 909 711 id
940 664 1024 710 est
1048 670 1215 723 quare
1260 654 1518 708 Dominus
1546 653 1818 715 laudetur,

239 769 305 806 ex
347 749 784 805 consideratione
829 747 1010 818 Inagui
1064 745 1300 800 nominis
1348 744 1465 815 ejus
1492 784 1506 808 ,
1554 744 1696 813 quod
1732 752 1816 797 est

242 840 498 896 Dominus
537 850 592 895 et
634 838 894 903 Creator,
938 836 1031 907 qui
1073 836 1126 890 in
1177 836 1280 891 hoc
1329 835 1483 891 valde
1527 844 1719 905 potens
1764 842 1819 887 et

239 930 501 987 mirabilis
532 938 776 1000 apparet,
800 930 943 1000 quod
976 944 1081 984 non
1110 926 1285 984 solum
1317 928 1417 985 sub
1452 929 1813 995 ﬁrmamento,

238 1026 329 1079 sed
356 1024 521 1078 etiam
552 1037 718 1092 super
744 1023 1151 1079 ﬁrmamentum
1182 1038 1351 1094 aquas
1400 1022 1603 1078 ereavit
1623 1062 1637 1088 ,
1663 1022 1814 1093 juxta

247 1113 386 1183 quod
429 1113 482 1166 in
528 1111 725 1166 Genesi
767 1111 991 1183 legitur:
1027 1112 1266 1168 «Divisit
1292 1112 1436 1168 Deus
1474 1127 1667 1183 aquas,
1695 1128 1816 1183 qua:

235 1213 389 1261 erant
415 1205 516 1260 sub
543 1203 907 1269 ﬁrmamento,
924 1206 992 1261 ab
1016 1205 1100 1260 his
1122 1220 1242 1276 quae
1264 1216 1421 1260 erant
1440 1219 1608 1274 super
1633 1205 1814 1260 ﬁrma-

236 1306 475 1350 mentum
504 1292 658 1360 (Gen.
690 1312 739 1361 ι,
767 1294 845 1367 7).
873 1295 1054 1363 Quare
1098 1306 1279 1352 autem
1321 1297 1392 1353 ibi
1421 1306 1619 1353 creatze
1657 1306 1813 1361 sunt,

232 1396 285 1441 et
311 1387 354 1441 si
386 1401 486 1440 nos
510 1386 712 1451 lateat,
742 1402 847 1441 non
885 1396 1064 1444 tamen
1092 1388 1299 1459 absque
1325 1390 1531 1445 ratione
1567 1398 1624 1445 et
1668 1390 1814 1445 utili-

237 1487 343 1532 tate
395 1477 632 1532 maxima
693 1477 895 1534 faetum
940 1493 1070 1535 esse
1121 1481 1418 1549 putandum
1465 1488 1567 1536 est.
1629 1481 1815 1537 Potest

231 1570 396 1639 qumri
425 1586 439 1622 :
473 1569 652 1636 Quare
691 1569 857 1624 Deum
899 1569 1240 1627 laudabimus
1266 1586 1332 1627 ex
1376 1573 1813 1629 consideratione

231 1661 357 1715 solis
388 1670 443 1715 et
487 1660 659 1725 lunae,
697 1668 757 1716 et
802 1660 1108 1729 stellarum,
1136 1670 1191 1718 et
1234 1663 1528 1730 caelorum,
1567 1673 1622 1720 et
1652 1679 1813 1734 aqua-

1921 467 2171 522 homiues
2203 466 2470 521 interdum
2503 468 2781 535 devorant,
2828 468 3112 530 eteorum
3156 493 3375 546 pecora,
3420 481 3504 535 vel

1922 555 2047 609 ﬂatu
2079 571 2180 611 suo
2225 556 2543 611 incendunt.
2594 557 2649 611 In
2681 560 2888 629 alyssis
2919 579 3047 619 vero
3088 581 3230 635 saepe
3262 567 3506 624 homines

1921 648 2344 719 submerguntur
2365 657 2420 702 et
2450 662 2703 718 pereunt,
2735 661 2793 703 ut
2824 652 2875 704 in
2915 654 3093 711 nimiis
3124 656 3504 726 profunditati.

1920 739 2021 793 bus
2043 739 2342 794 ﬂuminum.
2363 741 2606 807 Qualiter
2626 750 2804 795 autem
2829 743 2967 813 ignis
2987 755 3037 798 et
3062 749 3289 815 grando,
3306 757 3361 803 et
3385 751 3499 816 nix,

1920 839 1976 885 et
2012 830 2233 901 glacies,
2264 842 2319 886 et
2369 833 2595 901 spiritus
2625 832 2978 901 prnceflarum
3010 835 3191 890 homin
3229 855 3254 892 s
3281 839 3499 905 laedant,

1919 936 2042 979 cum
2086 924 2240 981 valde
2273 925 2345 978 sit
2387 934 2687 994 expertum,
2744 940 2847 979 non
2892 935 2974 980 est
3018 929 3277 995 exemplis
3317 941 3501 986 osten—

1919 1014 2047 1070 dere
2076 1017 2456 1071 necessarium.
2492 1017 2557 1071 Et
2586 1033 2706 1071 cum
2758 1017 2871 1073 lucc
2917 1020 3099 1073 omnia
3132 1019 3281 1089 justo
3298 1019 3502 1089 judicio

1920 1100 2011 1160 Del
2046 1116 2298 1174 noceant,
2349 1117 2527 1163 tamen
2553 1109 2733 1163 omnia
2776 1108 2841 1162 ad
2884 1108 3097 1163 laudem
3132 1109 3360 1178 justitite
3386 1112 3502 1182 ejus

1917 1207 2184 1266 spectant.
2213 1198 2349 1266 Quia
2375 1208 2555 1254 autem
2587 1199 2704 1254 haec
2737 1200 2803 1253 ad
2829 1200 3095 1271 justitiam
3124 1201 3217 1257 Dei
3250 1203 3501 1270 attinent,

1918 1289 2080 1361 587
2110 1291 2388 1346 evidenter
2409 1292 2651 1347 ittnuitur
2675 1308 2797 1347 cum
2821 1293 2967 1348 addit
2991 1313 3003 1348 :
3026 1292 3158 1361 Qua:
3183 1296 3361 1349 omnia
3384 1296 3504 1350 dra-

1918 1392 2085 1431 cones
2110 1377 2317 1432 scilicet
2339 1378 2615 1448 etahyssi,
2647 1387 2779 1443 etc.,
2809 1379 3257 1437 faciuntverbum
3281 1383 3421 1452 ejus,
3451 1384 3503 1436 id

1916 1474 1997 1520 est
2025 1476 2349 1536 praeceptum
2383 1468 2502 1538 ejus
2537 1469 2779 1524 nocendo
2800 1468 2883 1525 bis
2905 1472 3098 1541 quibus
3122 1472 3272 1544 justo
3299 1472 3505 1543 judicio

1919 1556 2011 1611 Dei
2042 1572 2237 1612 nocere
2270 1570 2558 1630 coguntur.

1928 1678 1933 1681 -
1984 1644 2099 1700 Non
2128 1646 2301 1701 solum
2322 1657 2499 1703 autem
2523 1650 2608 1704 lue
2626 1650 2831 1706 nociva
2849 1660 3115 1707 creaturae
3144 1652 3251 1707 sint
3277 1654 3500 1709 materia

232 1753 381 1807 mm?
412 1752 492 1807 Ad
516 1753 661 1823 quod
701 1753 992 1823 respondet
1021 1724 1130 1808 sic};
1167 1753 1397 1819 Idcirco,
1432 1724 1649 1821 "diales,
1687 1724 1808 1809 (gum
1846 1724 1887 1778 Β
1915 1736 2112 1792 divinte
2147 1737 2348 1805 laudis,
2378 1740 2470 1795 sed
2499 1750 2552 1795 et
2579 1741 2739 1797 utiles
2771 1750 2998 1798 terrenae
3027 1753 3290 1799 creaturae
3326 1746 3499 1801 Deum

229 1844 443 1899 laudate
491 1844 735 1899 centuitu
776 1844 1020 1899 omnium
1065 1846 1287 1912 horum,
1333 1846 1458 1914 quia
1497 1847 1605 1916 ipse
1641 1846 1805 1913 dixit,

230 1937 281 1991 id
307 1947 389 1991 est
426 1936 655 1999 statuit,
689 1934 890 2000 voluit,
931 1935 1222 2005 disposuit,
1266 1947 1313 1991 et
1356 1952 1424 1991 ex
1459 1936 1629 1991 nihilo
1658 1937 1807 2006 facta

227 2036 347 2080 sunt
373 2036 606 2096 quatuor
631 2020 933 2092 elementa,
974 2042 1095 2097 qua:
1139 2026 1360 2082 fuerunt
1403 2030 1630 2082 materia
1676 2029 1809 2084 isto~

230 2132 344 2171 rum
371 2116 635 2171 omnium.
666 2116 788 2187 Ipse
816 2126 1000 2186 postea
1031 2119 1297 2172 mandavit
1324 2119 1375 2172 in
1407 2119 1596 2174 eadem
1629 2119 1808 2191 dispo-

228 2210 424 2266 sitione
465 2225 559 2265 sua
585 2251 600 2277 ,
646 2220 694 2264 et
734 2222 912 2264 creata
952 2220 1073 2264 sunt
1117 2211 1233 2265 haec
1271 2211 1485 2276 omnia,
1531 2212 1582 2266 id
1624 2221 1709 2267 est
1740 2228 1804 2267 ex

227 2304 311 2357 his
372 2311 604 2372 quatuor
668 2301 952 2357 elementis
1014 2301 1271 2356 formata.
1327 2302 1617 2373 Postquam
1677 2320 1807 2358 vero

225 2405 407 2449 creata
437 2402 563 2449 sunt
583 2435 598 2459 ,
619 2408 717 2465 per
737 2394 983 2449 eamdem
1011 2393 1414 2464 dispositionem
1438 2410 1593 2449 suam
1619 2397 1805 2449 statuit

224 2503 285 2540 ea
318 2502 478 2556 usque
504 2486 559 2540 in
594 2484 842 2540 saculum
878 2484 1060 2539 saeculi
1088 2486 1379 2551 duratura,
1408 2486 1461 2540 id
1488 2496 1570 2541 est
1618 2486 1693 2540 ita
1741 2502 1804 2540 ea

225 2576 487 2630 stabilivit
547 2585 603 2630 ut
660 2576 713 2630 in
754 2585 1018 2631 :eternum
1065 2575 1337 2629 durabilia
1383 2576 1513 2630 sint.
1563 2576 1629 2629 Et
1669 2592 1806 2646 pra:-

225 2676 461 2735 ceptnm,
506 2665 557 2720 id
603 2674 687 2721 est
729 2674 988 2720 statutqu
1031 2682 1189 2720 suum
1220 2667 1391 2735 posuit
1446 2667 1499 2720 in
1542 2668 1615 2721 eis
1659 2667 1804 2737 quali

225 2757 383 2812 modo
424 2757 842 2827 unumquodque
886 2771 944 2811 se
980 2756 1239 2819 haberet,
1273 2767 1319 2810 et
1365 2757 1496 2811 illud
1539 2767 1803 2812 statutum

224 2862 327 2900 non
358 2848 672 2916 pra'leribil,
699 2848 751 2901 id
779 2856 864 2901 est
909 2861 1014 2901 non
1054 2845 1425 2912 exinanietur,
1451 2847 1544 2901 scd
1590 2861 1805 2917 semper

222 2940 324 2993 erit
352 2939 565 2992 ﬁrmum
598 2946 650 2992 et
674 2936 891 2993 stabile.

291 3029 584 3102 Postquam
611 3030 794 3085 lideles
827 3029 1071 3084 invitavit
1098 3029 1161 3082 ad
1188 3028 1279 3084 Dei
1306 3028 1515 3083 laudem
1539 3045 1601 3084 ex
1626 3029 1804 3085 censi-

219 3120 497 3175 derationc
523 3121 805 3187 caelorum,
838 3128 891 3174 et
923 3135 1042 3190 qua:
1072 3120 1124 3173 in
1157 3120 1238 3174 eis
1282 3129 1427 3182 sunt,
1464 3118 1530 3173 ad
1558 3123 1802 3176 eamdem

217 3212 431 3267 laudem
460 3228 555 3268 eos
589 3213 781 3267 invitat
812 3228 876 3267 ex
907 3213 1340 3268 consideratione
1379 3222 1537 3269 terra:
1568 3224 1622 3270 et
1651 3230 1808 3270 crea-

220 3315 497 3370 turarmu,
528 3319 648 3373 qua:
684 3302 735 3357 in
766 3318 828 3357 ea
866 3312 992 3357 sunt
1028 3302 1277 3357 addendo
1304 3303 1383 3359 sic
1412 3320 1426 3358 :
1462 3304 1579 3359 Dixi
1613 3322 1626 3360 :
1660 3304 1805 3360 Lau-

216 3393 336 3447 date
370 3392 656 3447 Dominum
682 3393 746 3447 de
776 3393 937 3448 caelis.
977 3390 1091 3446 Non
1124 3391 1296 3448 solum
1325 3404 1505 3449 autem
1535 3408 1658 3450 eum
1690 3395 1805 3449 lau-

215 3484 355 3539 detis
386 3484 453 3538 de
480 3482 914 3538 consideratione
942 3481 1225 3550 (telorum,
1260 3484 1354 3539 sed
1383 3483 1547 3539 etiam
1590 3484 1805 3539 laudate

218 3574 504 3628 Dominum
531 3574 593 3628 de
619 3583 780 3639 terra,
806 3575 859 3629 id
885 3583 966 3629 est
991 3574 1057 3629 de
1085 3575 1523 3631 consideratione
1551 3588 1710 3631 terrae
1736 3577 1804 3631 ab

211 3673 528 3729 eocreatae,
561 3663 702 3719 sicut
729 3662 976 3734 superius
1003 3678 1099 3733 per
1126 3663 1293 3719 caelos
1323 3664 1534 3736 accepit
1576 3676 1630 3720 et
1662 3666 1804 3735 ipsos

212 3753 408 3818 etelos,
448 3761 503 3807 et
534 3768 654 3824 quae
690 3753 743 3806 in
773 3753 853 3809 eis
890 3761 1016 3807 sunt
1046 3770 1059 3805 :
1095 3753 1169 3807 ita
1202 3753 1290 3808 hic
1317 3769 1532 3825 quoque
1562 3770 1659 3825 per
1690 3765 1802 3811 ter-

213 3836 329 3901 ram
359 3854 535 3911 notat,
563 3854 617 3900 et
648 3846 816 3915 ipsam
851 3854 1077 3913 terram,
1102 3854 1157 3901 et
1187 3856 1468 3903 creaturas
1510 3864 1631 3918 qua:
1666 3865 1802 3903 eon-

212 3938 460 3993 tinentur
495 3936 547 3989 in
583 3951 668 3990 ea.
699 3934 843 4003 Quas
869 3936 935 3991 ad
973 3935 1248 3991 cumulum
1276 3937 1472 3992 divinae
1500 3939 1674 3994 laudis
1706 3955 1804 4009 per

208 4038 401 4099 partes
446 4028 692 4098 designat
730 4043 853 4082 cum
899 4027 978 4082 sic
1023 4028 1169 4083 addit
1219 4042 1234 4081 :
1288 4026 1542 4085 Videlicet
1586 4030 1803 4087 laudent

210 4140 337 4177 eum
375 4122 628 4175 dracones
660 4137 834 4175 omnes
862 4120 1055 4189 abyssi,
1102 4130 1150 4174 et
1198 4120 1355 4191 ignis,
1398 4131 1443 4175 et
1493 4123 1720 4191 grando,
1753 4135 1799 4177 et

209 4217 327 4282 nix,
377 4223 424 4267 et
470 4212 681 4281 glacies,
729 4222 777 4266 et
822 4211 1036 4281 spiritus
1101 4210 1370 4265 excitantur
1412 4211 1797 4281 procellarum,

212 4317 414 4363 ventus
469 4304 675 4361 scilicet
723 4305 815 4375 qui
863 4314 1168 4360 commovet
1219 4305 1484 4375 procellas
1533 4306 1586 4359 in
1638 4306 1797 4360 mari.

1913 1828 2161 1896 laudent,
2181 1829 2234 1885 id
2272 1840 2355 1885 est
2377 1832 2601 1888 materia
2626 1833 2734 1887 sint
2762 1834 3012 1889 ﬁdelibus
3032 1834 3199 1890 Deum
3224 1837 3500 1904 laudandi,

1911 1935 2111 1979 montes
2140 1924 2389 1980 videlicet
2410 1925 2628 1982 laudent
2660 1928 2849 1995 Deum,
2885 1939 2939 1985 et
2967 1942 3144 1985 omnes
3193 1930 3349 1985 colles
3405 1932 3497 2000 qui

1911 2013 2207 2069 necessarii
2235 2022 2361 2070 sunt
2390 2016 2723 2083 hotuinibus,
2769 2019 2895 2089 quia
2953 2021 3006 2073 in
3063 2020 3143 2075 eis
3191 2034 3398 2074 messes
3443 2028 3498 2071 et

1913 2105 2083 2159 vincte
2112 2114 2258 2171 sunt,
2294 2107 2433 2161 unde
2459 2108 2706 2164 homines
2760 2110 2977 2166 aluntur
3018 2121 3072 2168 et
3121 2120 3406 2182 putantur;
3443 2113 3495 2164 iu

1912 2198 2044 2266 ipsis
2089 2213 2304 2268 quoque
2329 2213 2519 2253 eorum
2561 2211 2809 2258 armenta
2863 2215 3179 2274 pascuntur.
3238 2205 3305 2259 Et
3353 2203 3498 2273 ligna
3580 2246 3585 2249 Α

1911 2288 2189 2356 [ructifera
2214 2286 2431 2341 laudent
2464 2292 2627 2344 Deum
2655 2308 2776 2361 qua:
2799 2294 2851 2346 in
2881 2295 3153 2349 montibus
3179 2304 3495 2359 nascuntur,

1908 2394 2138 2447 quorum
2179 2378 2444 2435 fructibus
2471 2382 2718 2438 homines
2772 2385 3107 2439 reﬁciuntur.
3160 2385 3275 2439 Non
3322 2388 3496 2442 Solum

1907 2480 2001 2522 aut
2059 2470 2203 2538 ligna
2254 2472 2556 2537 fructifera,
2608 2474 2700 2528 sed
2755 2485 2802 2527 et
2861 2493 3037 2529 omnes
3086 2478 3229 2530 cedri
3277 2480 3498 2534 laude.t

1908 2560 2097 2614 Deum.
2132 2563 2235 2615 Per
2257 2564 2450 2619 cedros
2476 2574 2653 2619 autem
2681 2581 2804 2635 qua:
2830 2569 3055 2622 arbores
3096 2581 3220 2624 Sttut
3259 2572 3495 2630 steriles.

1908 2663 2138 2706 eteteras
2167 2653 2394 2707 arbores
2414 2655 2626 2709 steriles
2655 2657 2871 2725 accipit,
2922 2673 3042 2726 quae
3089 2658 3214 2713 licet
3247 2660 3497 2717 infracti-

1907 2740 2056 2805 ferte,
2089 2744 2154 2796 ad
2184 2745 2559 2798 aediﬁcandum
2590 2744 2766 2800 tamen
2796 2748 2983 2803 domos
3013 2758 3069 2802 et
3104 2751 3169 2803 ad
3194 2750 3330 2805 alios
3363 2768 3495 2809 usus

1908 2834 2185 2889 hominum
2208 2844 2333 2889 sunt
2359 2835 2584 2890 idonea).
2616 2835 2863 2892 Laudent
2888 2853 3101 2908 quoque
3124 2841 3289 2895 Deum
3315 2843 3493 2898 bestia:

1906 2923 2205 2990 silvestres,
2230 2940 2458 2993 quarum
2481 2925 2605 2979 alite
2615 2926 2764 2995 justo
2784 2927 2991 2996 judicio
3016 2928 3107 2984 Dei
3138 2933 3316 2986 noxiae
3343 2944 3491 3001 sunt,

1909 3024 1967 3070 ut
1993 3015 2175 3071 leones
2198 3025 2254 3071 et
2290 3016 2574 3086 lupi;aliae
2606 3032 2734 3074 vero
2770 3018 2865 3074 Dei
2899 3020 3271 3078 miserit-ordia
3310 3026 3491 3090 utiles,

1910 3114 1967 3161 ut
1996 3105 2207 3176 lepores
2234 3116 2283 3163 et
2315 3109 2483 3163 cervi.
2517 3107 2769 3164 Laudent
2808 3110 2971 3165 etiam
3020 3114 3260 3168 unic-ersa
3305 3133 3495 3185 pecora

1908 3203 2115 3258 scilicet
2144 3203 2347 3257 domita
2376 3203 2651 3271 animalia,
2704 3213 2760 3259 ut
2803 3205 2971 3261 boves
2998 3217 3051 3262 et
3073 3206 3341 3276 jumenta,
3372 3225 3494 3281 qua:

1906 3296 1977 3351 ad
2018 3311 2150 3351 usus
2196 3296 2475 3350 hominum
2535 3304 2662 3351 sunt
2694 3296 2884 3351 utilia.
2948 3298 3224 3369 Serpentes
3278 3318 3493 3374 quoque

1907 3384 2144 3451 laudent,
2176 3399 2295 3454 quae
2354 3382 2498 3453 justo
2524 3385 2730 3453 judicio
2780 3384 2872 3440 Dei
2917 3397 3137 3453 nocent,
3189 3400 3234 3443 et
3260 3391 3491 3447 volucres

1904 3486 2164 3545 pennata',
2204 3491 2324 3545 qua:
2351 3486 2599 3546 prosunt.
2636 3473 2886 3529 l’ennatte
2916 3491 3019 3530 nou
3050 3486 3133 3533 est
3163 3480 3397 3548 positum
3421 3484 3490 3537 ad

1907 3566 2292 3633 diﬁ‘ereutiam,
2316 3568 2409 3623 sed
2446 3569 2513 3621 ad
2548 3568 2806 3639 majorem
2837 3569 3090 3638 potentia:
3127 3570 3221 3625 Dei
3255 3572 3487 3630 laudem.

1905 3661 2062 3715 Aliud
2093 3661 2235 3717 enim
2266 3670 2351 3716 est
2380 3661 2473 3716 Dei
2499 3660 2796 3731 potentiam
2829 3661 3070 3729 laudare,
3127 3678 3192 3719 eo
3245 3667 3488 3723 contuitu

1905 3752 2047 3823 quod
2078 3751 2327 3807 volucres
2352 3751 2611 3814 existunt,
2647 3751 2795 3805 aliud
2824 3761 3003 3807 autem
3031 3755 3174 3823 quod
3202 3770 3325 3810 ctnn
3357 3772 3488 3828 pen-

1907 3853 2047 3897 natze
2081 3841 2212 3905 sint,
2250 3842 2317 3895 ad
2346 3841 2633 3895 velandum
2671 3850 2918 3911 potentes
2962 3851 3109 3897 sunt.
3142 3844 3261 3899 Sint
3316 3848 3478 3901 etiam

1906 3936 2131 3989 materia
2172 3936 2423 3992 laudandi
2459 3937 2646 4000 Deum,
2682 3954 2820 4007 reges
2844 3947 2997 3991 terra:
3031 3949 3078 3992 et
3104 3955 3279 3993 omnes
3305 3942 3486 4010 populi

1904 4029 2376 4095 subditi,etetiam
2394 4031 2857 4102 cazteriprincipes
2887 4032 3124 4086 minores
3160 4033 3392 4102 rt-gibus,
3426 4045 3485 4091 ut

1904 4120 2133 4175 duceset
2149 4123 2396 4185 comites,
2418 4131 2472 4175 et
2492 4138 2595 4176 non
2616 4122 2789 4176 solum
2807 4121 3099 4191 principes,
3119 4124 3212 4177 sed
3229 4133 3276 4177 et
3302 4142 3484 4182 omnes

1894 4212 2103 4281 jndices
2130 4223 2301 4277 teme,
2330 4222 2439 4265 tam
2473 4212 2545 4265 illi
2581 4212 2671 4280 qui
2712 4222 2837 4266 sunt
2871 4213 3165 4283 ptincipcs,
3193 4231 3353 4285 quam
3388 4220 3481 4287 qui

1903 4305 2179 4374 principes
2206 4320 2312 4359 non
2349 4313 2493 4359 sunt.
2526 4304 2719 4360 Plures
2742 4305 2884 4360 enim
2916 4315 3044 4360 sunt
3080 4307 3481 4380 minoresjudi-

208 4397 372 4466 Quod
394 4405 477 4452 est
506 4396 687 4451 dicere
713 4413 726 4449 :
760 4395 886 4452 llazc
911 4396 1092 4452 omnia
1122 4412 1241 4467 quae
1269 4407 1517 4464 potenter
1543 4408 1797 4467 operatus
1827 4401 1874 4459 ι)
1901 4409 2013 4458 eos,
2031 4395 2122 4463 qui
2144 4394 2244 4450 etsi
2266 4393 2496 4463 quodam
2520 4396 2679 4449 modo
2700 4395 2973 4465 principes
2993 4398 3097 4452 sint
3126 4408 3300 4454 tamen
3323 4418 3481 4458 usua-

207 4499 297 4546 est
338 4497 397 4544 et
436 4487 684 4555 miriﬁce,
718 4489 943 4544 materia
974 4488 1102 4553 sint,
1135 4502 1303 4557 quare
1331 4503 1361 4542 a
1408 4489 1654 4544 ﬁdelibus
1687 4489 1799 4543 lau-

147 4615 154 4623 ι
209 4581 396 4635 detur.
446 4578 579 4633 Cum
630 4588 811 4633 autem
865 4580 931 4634 de
982 4578 1215 4633 terrenis
1252 4579 1536 4633 creaturis
1581 4579 1649 4633 ad
1702 4579 1799 4635 Dei

206 4668 430 4723 laudem
466 4675 609 4736 agat,
651 4668 749 4722 has
787 4682 894 4720 non
936 4666 1232 4736 incongrue
1269 4666 1629 4736 praeposuisse
1662 4668 1799 4722 vide-

209 4770 325 4815 tur.
366 4756 556 4813 Omnia
587 4757 733 4812 enim
774 4758 878 4813 ista
914 4766 969 4812 et
1005 4758 1052 4812 si
1092 4757 1400 4815 hominibus
1439 4760 1550 4815 sint
1585 4762 1799 4827 nociva,

208 4855 319 4909 hoc
352 4851 526 4921 ipsum
561 4858 761 4916 tamen,
793 4850 936 4923 quod
982 4851 1274 4921 aliquando
1302 4863 1520 4918 nocent,
1548 4853 1695 4924 justo
1717 4853 1802 4923 ju-

211 4944 367 5003 dicio
411 4943 507 4998 Dei
552 4944 847 5015 contingit,
898 4945 989 5015 qui
1042 4960 1138 5015 per
1185 4947 1377 5001 harum
1423 4955 1799 5003 creaturarum

134 5072 137 5073 ν
208 5037 486 5104 ofﬁcium,
527 5037 787 5093 ultionem
828 5039 895 5092 de
934 5036 1333 5095 offendentibus
1368 5054 1426 5095 se
1462 5040 1693 5109 accepit.
1734 5040 1801 5094 Et

207 5128 344 5199 quia
391 5126 569 5183 minus
615 5126 683 5182 de
719 5127 815 5183 his
859 5129 1163 5195 constabat,
1208 5145 1275 5183 an
1324 5131 1391 5185 ad
1431 5129 1536 5184 Dei
1586 5129 1797 5185 laudem

207 5219 544 5292 pertineant,
575 5219 644 5273 de
683 5219 768 5273 bis
792 5220 942 5289 prius
975 5221 1113 5291 agit;
1151 5228 1205 5275 et
1232 5235 1359 5276 ecce
1397 5220 1669 5289 quomodo
1710 5238 1801 5275 no-

206 5322 396 5368 ceant.
438 5312 709 5367 Dracones
750 5313 893 5367 enim
940 5328 1063 5367 cum
1108 5312 1278 5385 ignea:
1323 5322 1531 5366 natura:
1578 5311 1704 5375 sint,
1745 5321 1801 5366 ct

213 5406 365 5459 inter
404 5411 602 5457 caetera
646 5401 938 5456 animantia
989 5410 1147 5457 teme
1192 5401 1481 5472 praecipui,
1533 5409 1591 5454 ut
1634 5402 1796 5455 etiam

209 5496 532 5567 elephantes
581 5494 860 5549 strictione
900 5493 1082 5549 cauda)
1125 5508 1284 5565 posse
1326 5506 1578 5563 rumpere
1623 5494 1800 5562 perhio

208 5589 466 5650 beantur,
504 5586 654 5657 jusw
691 5583 893 5655 judicio
925 5584 1017 5665 Dei
1056 5584 1343 5654 aliquando
1389 5584 1457 5638 ad
1502 5586 1799 5641 correctio-

212 5693 341 5737 tzcm
395 5678 731 5748 peccantium
783 5692 960 5733 aerem
1010 5686 1371 5743 commovent,
1419 5685 1471 5731 ct
1522 5677 1650 5732 ﬁalu
1702 5692 1799 5733 suo

1903 4486 2027 4541 liter
2053 4484 2322 4555 principes
2342 4501 2448 4540 non
2472 4486 2743 4542 dicuntur.
2764 4486 2875 4543 Hoc
2887 4497 3065 4546 autem
3086 4502 3253 4550 totum
3267 4504 3423 4553 estac
3436 4500 3480 4553 si

1902 4579 2048 4635 dicat
2071 4597 2086 4634 :
2109 4578 2164 4634 In
2189 4579 2288 4635 hoc
2301 4594 2537 4651 quoque,
2556 4596 2588 4635 ο
2617 4580 3033 4647 tideles,habete
3061 4588 3340 4643 materiam
3364 4589 3473 4645 lan-

1902 4672 2062 4727 dandi
2080 4672 2271 4737 Deum,
2287 4672 2429 4741 quod
2448 4674 2516 4726 ita
2536 4672 2759 4741 pulchre
2774 4682 2830 4728 et
2842 4675 3091 4731 ordinate
3107 4693 3277 4750 genus
3293 4680 3472 4735 huma-

1902 4763 2377 4833 numdisposuitut
2395 4762 2484 4816 alii
2513 4779 2691 4834 reges,
2715 4765 2805 4819 alii
2828 4767 3121 4837 principes,
3138 4770 3225 4823 alii
3244 4770 3480 4838 judicrs,

1902 4864 1955 4909 et
1983 4854 2285 4910 aliisubdili
2309 4856 2437 4910 sint.
2468 4855 2705 4922 Quorum
2730 4857 2945 4927 quidem
2980 4875 3163 4931 regum
3192 4870 3248 4916 et
3276 4864 3476 4932 princi-

1902 4959 2053 5014 pum,
2069 4943 2157 4998 alii
2172 4942 2317 5011 justa
2333 4944 2429 4999 Dei
2442 4945 2803 5012 promissione
2824 4947 2925 5001 sibi
2939 4948 3182 5004 subditos
3198 4954 3477 5022 tyrannide

1901 5048 1998 5089 sua
2037 5034 2406 5103 multipliciter
2434 5033 2696 5106 aﬂligunt,
2730 5036 2819 5091 alii
2852 5052 2982 5091 vero
3008 5036 3145 5094 bene
3172 5042 3475 5097 misericor-

1902 5126 1988 5179 dia
2012 5124 2104 5179 Dei
2132 5135 2343 5195 regunt.
2382 5124 2506 5180 Sint
2532 5141 2747 5195 quoque.
2776 5127 3001 5182 materia
3034 5129 3200 5185 Deum
3223 5130 3480 5188 laudandi

1892 5215 2109 5284 juvenes
2133 5224 2180 5269 et
2208 5215 2452 5286 virgines,
2478 5216 2686 5271 scilicet
2713 5216 2883 5273 virilis
2900 5232 3063 5274 sexus
3087 5229 3139 5274 et
3165 5218 3475 5279 feminiuus.

1901 5307 2272 5377 Perjuvenes,
2304 5324 2494 5364 sexum
2547 5308 2792 5375 virilem;
2847 5324 2945 5379 per
2992 5311 3228 5379 virgines
3275 5323 3478 5379 autem,

1902 5416 2088 5457 sexum
2121 5401 2437 5456 muliebrem
2463 5400 2727 5471 designat.
2761 5401 2922 5457 Senes
2968 5402 3188 5473 insuper
3226 5423 3341 5460 cum
3382 5406 3453 5475 ju

1902 5493 2133 5548 nioribn‘s
2162 5494 2374 5548 laudent
2405 5510 2593 5548 nomen
2619 5495 2859 5559 Domini,
2898 5496 2950 5549 id
2978 5505 3063 5550 est
3091 5512 3247 5551 senes
3294 5506 3346 5552 et
3387 5496 3473 5565 ju-

1902 5587 2083 5642 niorcs
2136 5587 2243 5642 sint
2297 5587 2522 5642 materia
2579 5603 2748 5656 quare
2790 5587 3037 5642 laudetur
3083 5588 3331 5654 Domina,
3384 5605 3472 5644 sx

1902 5679 2329 5736 consideratfone
2353 5679 2585 5735 nominis
2610 5679 2710 5747 sui,
2743 5679 2885 5750 quod
2915 5694 2986 5736 rs
3019 5689 3229 5735 creator
3256 5688 3307 5734 et
3358 5695 3473 5734 ou.-
