4122 6058
323 389 3637 419 Ἠ

847 599 2041 794 SANCTUS
2225 605 3130 798 BRUNO

1127 898 1466 964 0RDINIS
1509 899 2282 964 CARTHUSIANORUM
2324 902 2842 967 INSTITUTOR.

552 1235 1398 1379 SANCTA
1566 1237 2687 1380 BBUNONIS
2853 1241 3414 1382 ACTA

1327 1483 1489 1555 (Acta
1525 1481 1631 1540 SS.
1667 1483 1919 1541 Bolland.
1974 1485 2204 1561 Optobr.
2239 1491 2281 1540 t.
2320 1489 2410 1551 Ill,
2443 1488 2534 1543 die
2566 1490 2642 1561 6.)

1011 1661 2145 1769 COMMENTARIUS
2241 1664 2930 1774 PRAZVIUS.

301 2040 342 2113 §
373 2044 414 2094 ι.
645 2040 785 2094 ναίω
823 2055 929 2118 seu
976 2039 1378 2118 _Acta_edcnda
1429 2043 1544 2118 sint
1566 2057 1583 2092 :
1618 2040 1846 2118 diuersa,
1887 2058 1914 2096 ε
1945 2045 2000 2104 Α
2034 2057 2134 2097 sua
2152 2043 2742 2116 digestasexhibeant,
2761 2048 2952 2106 vocari
2975 2064 3094 2104 non
3117 2047 3412 2103 immerito
3430 2050 3632 2118 potue-

379 2113 569 2184 quibus
597 2111 709 2164 haec
733 2116 830 2163 aut
859 2111 1098 2232 con/ccta
1125 2111 1297 2178 fuere,
1349 2116 1444 2163 aut
1481 2110 1912 2174 illustrabuntur,

383 2200 464 2232 seu
513 2181 749 2232 subsidia
789 2197 877 2232 seu
968 2187 1265 2232 ocumenta.
1315 2181 1606 2232 horumque
1639 2200 1803 2232 unum
1848 2182 1912 2232 ad

383 2181 464 2236 Seu
513 2181 749 2253 subsidia
789 2197 877 2233 seu
931 2181 1265 2253 documenta,
1315 2181 1606 2253 horumque
1639 2200 1803 2237 unum
1848 2182 1917 2237 ad

378 2253 641 2306 Actorum
669 2251 864 2304 calcem
891 2253 1053 2305 etiam
1081 2251 1357 2306 edendum.

373 2409 490 2464 Etsi
521 2411 658 2463 ante
681 2408 871 2463 saeculi
887 2409 1027 2463 sexti
1056 2409 1512 2464 decimiinitium
1540 2412 1728 2465 nullus
1748 2414 1919 2483 plane

298 2514 546 2552 omnem
591 2497 730 2550 Vitas
761 2496 818 2550 8.
865 2498 1165 2564 Brunonis,
1201 2515 1355 2553 anno
1396 2515 1463 2552 ex
1493 2499 1753 2554 dicendis
1783 2504 1910 2555 1101

297 2585 584 2649 defuncti,
612 2584 841 2652 seriem,
877 2601 1182 2656 moresque
1238 2590 1296 2640 et
1337 2591 1501 2656 gesta
1545 2605 1610 2641 ex
1659 2588 1916 2644 instituto

296 2673 508 2728 litteris
529 2673 901 2742 consignarit,
925 2690 1044 2727 non
1063 2673 1370 2728 defuerunt
1398 2679 1594 2730 tamen
1618 2693 1647 2730 e
1671 2678 1918 2732 celeber-

295 2761 476 2826 rimo,
510 2777 684 2830 quem
716 2761 1104 2816 sanctissimus
1150 2762 1241 2816 hic
1272 2763 1599 2832 patriarcha
1647 2764 1912 2834 instituit,

296 2849 518 2904 Ordine
549 2849 672 2912 viri,
707 2849 970 2902 doctrina
991 2849 1155 2919 juxta
1188 2866 1253 2903 ac
1306 2851 1518 2921 pietate
1556 2854 1912 2922 spectabiles,

294 2929 398 3008 qui
431 2937 615 2990 multo
641 2937 816 2990 etiam
848 2937 1035 3003 citius,
1053 2954 1180 3008 qua:
1207 2939 1276 2993 de
1302 2940 1613 2994 Carthusiaa
1643 2943 1914 3013 principis

293 3025 616 3080 aliarumve
632 3026 1041 3079 nonnullarum
1057 3026 1230 3080 initiis
1253 3043 1319 3081 ac
1340 3028 1739 3084 fundatoribus
1753 3047 1910 3085 com-

291 3117 466 3185 perta
493 3113 807 3178 habebant,
839 3114 1277 3184 diligentissime
1309 3116 1366 3169 in
1399 3117 1704 3182 chartas,si
1723 3119 1910 3173 nonin

292 3203 502 3271 vulgus
527 3200 733 3271 (neque
757 3201 914 3255 enim
947 3201 1007 3255 id
1030 3202 1176 3256 forte
1205 3220 1434 3258 summa
1465 3221 1668 3260 eorum
1696 3207 1913 3262 sivisset

2025 2147 2110 2197 re,
2146 2133 2423 2204 aliterque
2470 2136 2845 2194 nihilominus
2877 2139 3206 2209 nuncupata
3257 2136 3433 2191 etiam
3476 2151 3639 2208 repe-

2027 2220 2393 2288 riuntur,duo
2411 2224 2776 2294 potissimum
2796 2229 2869 2283 ad
2884 2226 3278 2299 cognitionem
3299 2241 3494 2280 meam
3514 2242 3639 2297 pcr-

2028 2325 2256 2375 venere,
2275 2312 2841 2384 contractius'unum,
2856 2315 3128 2387 prolixius
3146 2314 3318 2370 aliud.
3341 2316 3420 2369 De
3441 2315 3639 2368 ambo-

2029 2415 2179 2465 rum,
2218 2402 2414 2469 utpote
2437 2400 2494 2454 in
2529 2403 2734 2474 quibus
2760 2422 2877 2459 non
2909 2420 3110 2476 pauca,
3143 2420 3271 2476 qua;
3295 2403 3366 2458 de
3411 2402 3467 2456 S.
3505 2403 3639 2456 Bru-

2029 2503 2181 2541 none
2205 2492 2986 2557 narrantur,fundamentum
3007 2491 3244 2558 habent,
3263 2494 3431 2546 mtate
3449 2494 3640 2545 aucto-

2028 2574 2310 2647 ritateque
2334 2578 2549 2648 juverit
2571 2583 2846 2635 lectorem
2890 2580 3179 2636 edocuisse
3202 2581 3274 2635 ab
3294 2579 3415 2651 ipso
3443 2579 3636 2634 statim

2027 2662 2188 2718 initio
2220 2665 2387 2735 hujus
2415 2668 2851 2734 Commentarii,
2885 2669 2945 2723 in
2973 2685 3086 2740 quo
3136 2668 3327 2723 Sancti
3378 2667 3633 2737 ejusdem

2025 2756 2187 2823 gesta
2215 2755 2413 2809 omnia
2442 2755 2818 2822 discutienda,
2855 2757 3307 2829 illustrandaque
3338 2763 3490 2814 sunt.

2097 2844 2147 2896 3.
2185 2844 2232 2895 Α
2265 2843 2545 2899 Chronico
2579 2846 2948 2900 contractiori
3001 2845 3231 2916 incipio.
3266 2847 3523 2902 Labbeus
3556 2847 3641 2902 Bi-

2023 2929 2322 2985 bliotheca}
2352 2932 2519 2986 Novae
2551 2933 2833 2988 librorum
2856 2951 2991 2988 mss.
3026 2937 3170 2990 tom.
3209 2939 3257 3002 1,
3280 2950 3413 3005 pag.
3444 2938 3547 2990 638
3577 2939 3635 2990 et

2022 3019 2171 3073 binis
2201 3036 2361 3091 seqq.
2391 3020 2543 3074 inter
2560 3022 2842 3092 Opuscula
2863 3023 3138 3077 Historica
3159 3039 3188 3076 e
3211 3023 3404 3078 codice
3426 3039 3532 3077 ms.
3569 3023 3626 3077 S.

2023 3106 2268 3178 Remigii
2298 3108 2595 3163 Remensis
2609 3113 2872 3164 recenset
2891 3111 3143 3183 quinque
3174 3110 3361 3181 elogia
3389 3111 3630 3178 diversa,

2025 3214 2274 3268 quorum
2302 3198 2490 3267 primo
2524 3214 2618 3252 res
2646 3199 2948 3270 praecipuae
2975 3217 3008 3252 a
3040 3199 3097 3253 S.
3133 3200 3401 3253 Brunone
3431 3203 3628 3270 gestm,

291 3288 605 3357 modestia)
627 3289 851 3358 publice
878 3289 1152 3356 edendas,
1181 3295 1333 3346 certe
1362 3309 1494 3370 cum
1515 3293 1724 3348 futuris
1748 3295 1908 3350 dein-
1951 3286 2258 3371 Breliquis
2303 3302 2458 3352 νθΓο,
2512 3303 2639 3357 (11183
2687 3287 2761 3341 ad
2802 3291 3048 3359 quatuor
3080 3287 3202 3357 ejus
3249 3287 3542 3357 pI‘OXimOS
3568 3288 3626 3343 in

294 3392 429 3446 ceps
457 3375 702 3430 instituti
754 3376 840 3430 sui
889 3377 1262 3432 sectatoribus
1303 3367 1570 3450 privatim
1613 3382 1766 3437 intra
1814 3385 1911 3439 do-

292 3479 498 3518 muum
525 3479 773 3517 secessus
796 3464 853 3517 in
871 3465 1200 3534 exemplum
1224 3468 1762 3537 communicandas,
1778 3487 1910 3526 con-

289 3551 554 3619 jecerint,
590 3551 650 3604 in
681 3551 862 3622 iisque
921 3568 1151 3606 summa
1194 3555 1400 3608 saltem
1447 3555 1596 3624 vitae,
1647 3574 1680 3610 a
1709 3563 1906 3613 sancto

301 3638 622 3693 Fundatore
653 3655 756 3692 suo
789 3642 948 3705 actae,
997 3641 1189 3711 capita
1225 3642 1570 3697 'delibarint.
1625 3643 1808 3708 Quam
1849 3647 1907 3701 id

295 3727 515 3780 veritati
541 3730 842 3794 consonet,
875 3732 1220 3800 argumento
1252 3733 1340 3784 est
1373 3731 1560 3786 Brevis
1587 3733 1742 3803 apud
1761 3735 1904 3789 Mar-

287 3816 532 3867 teneum
563 3815 834 3869 Veterum
860 3814 1216 3886 Scriptorum
1247 3821 1406 3872 tomo
1431 3819 1496 3872 VI
1520 3820 1734 3874 inserta
1757 3822 1907 3876 ordi-

287 3901 377 3954 nis
409 3901 828 3956 Carthusiensis
886 3903 1150 3971 Historia,
1186 3904 1240 3958 in
1275 3906 1434 3976 cujus
1487 3909 1733 3979 Prologo
1781 3909 1902 3965 haec

284 3989 563 4059 leguntur
593 4006 607 4044 :
643 4011 672 4040 ‹‹
700 3991 853 4054 Licet
880 3991 1133 4063 quinque
1177 3993 1350 4063 primi
1395 3995 1618 4049 Priores
1655 3997 1902 4067 (Majoris

283 4076 626 4146 Carthasim)
655 4078 745 4132 hic
771 4078 1007 4133 inferius
1040 4081 1307 4152 descripti
1348 4081 1404 4135 in
1439 4084 1696 4153 pluribus
1728 4085 1900 4142 Chro-

281 4163 425 4218 uicis
448 4165 832 4235 reperiantur,
868 4168 1062 4220 tamen
1078 4184 1428 4224 successores
1459 4186 1682 4238 eorum,
1709 4173 1897 4228 nescio

280 4267 396 4320 qua
421 4250 497 4305 de
524 4267 711 4316 causa,
746 4252 937 4307 taliter
988 4257 1121 4308 sunt
1170 4255 1437 4310 oblivioni
1493 4258 1708 4325 traditi,
1743 4261 1898 4330 quod

280 4339 440 4392 nulla
466 4338 696 4408 penitus
725 4357 793 4394 ex
823 4340 902 4395 eis
933 4343 1219 4398 memoria
1245 4359 1348 4414 per
1369 4344 1621 4416 aliquam
1654 4347 1895 4418 scriptu-

291 4440 410 4479 ram
432 4426 738 4481 habeatur.
775 4448 802 4476 »

358 4516 409 4565 2.
443 4513 583 4568 Cum
618 4515 796 4582 enim,
827 4517 923 4588 qui
944 4517 1067 4572 haec
1103 4524 1414 4587 memorat,
1448 4526 1646 4577 auctor
1672 4540 1892 4596 anony-

2026 3373 2335 3428 Carthusiaa
2377 3374 2613 3444 majoris
2650 3373 2907 3445 prioratu
2939 3391 3288 3429 successores
3314 3375 3629 3445 pertinent,

2021 3462 2356 3516 summatim
2375 3462 2767 3517 continentur.
2793 3463 3002 3533 Elogiis
3019 3463 3076 3516 in
3104 3463 3290 3534 capite
3314 3463 3631 3534 praeﬁgitur

2017 3548 2107 3603 hic
2141 3549 2334 3603 titulus
2362 3565 2426 3603 :«
2449 3551 2527 3604 De
2552 3549 3003 3604 institutionibus
3030 3549 3248 3604 ordinis
3271 3550 3632 3604 Carthusicn-

2016 3637 2088 3691 sis
2117 3655 2129 3692 :
2159 3659 2185 3686 ›)
2222 3654 2424 3693 verum
2456 3655 2588 3692 cum
2615 3638 2672 3692 in
2691 3638 2973 3692 librorum
3005 3637 3460 3710 Syllabo,‘quem
3476 3656 3625 3710 prae-

2013 3726 2162 3780 fatus
2189 3727 2469 3780 librorum
2491 3743 2625 3780 mss.
2645 3729 2836 3781 tomus
2858 3726 3112 3797 praefert,
3148 3727 3408 3797 posthaec
3427 3728 3622 3796 verba,

2017 3837 2044 3866 «
2073 3816 2152 3869 De
2181 3813 2636 3868 Institutionibus
2670 3814 2888 3868 ordinis
2911 3814 3342 3881 Carthusiensis,
3377 3836 3404 3862 »
3429 3816 3623 3869 statim

2013 3905 2280 3974 ponatur,
2317 3923 2343 3950 »
2375 3902 2489 3956 sive
2543 3901 2613 3956 de
2663 3901 2720 3956 S.
2764 3903 3053 3968 Brunone,
3094 3902 3164 3956 de
3197 3901 3515 3968 Landuino,
3551 3903 3622 3958 de

2011 3992 2180 4045 Petro
2221 3990 2540 4056 Francisco,
2574 3989 2645 4043 de
2674 3991 2894 4045 Joanne
2939 3991 3139 4056 Tusco,
3180 4006 3245 4043 ac
3292 3989 3548 4061 Guigone
3591 4009 3626 4046 a

2009 4081 2204 4132 sancto
2229 4079 2510 4144 Romano,
2540 4077 2741 4147 primis
2776 4077 3086 4132 Carthusiaa
3119 4077 3422 4149 prioribus,
3460 4098 3488 4126 η
3519 4096 3620 4133 ne-

2007 4165 2142 4231 scio,
2163 4183 2235 4219 an
2261 4182 2363 4237 pro
2389 4188 2414 4213 ‹‹
2437 4165 2889 4219 institutionibus
2915 4187 2942 4214 »
2966 4165 3279 4236 legendum
3297 4165 3485 4236 potius
3501 4183 3619 4222 non

2006 4252 2076 4306 sit
2105 4275 2132 4301 ‹‹
2180 4252 2618 4306 institutoribus.
2668 4273 2697 4300 »
2732 4253 2944 4306 Verum
2989 4252 3135 4306 sitne
3185 4252 3285 4320 ita,
3331 4268 3404 4306 an
3435 4269 3615 4320 secus,

2004 4357 2211 4411 parum
2231 4341 2429 4407 refert,
2454 4357 2518 4395 ac
2539 4340 2728 4411 proin,
2759 4341 3012 4396 breviter
3027 4341 3135 4396 hoc
3154 4344 3374 4408 notato,
3398 4343 3470 4396 ad
3486 4359 3615 4398 rem

2005 4430 2189 4502 ipsam
2218 4430 2543 4496 redeamus,
2578 4445 2845 4500 nuncque
2896 4429 2953 4483 in
2996 4432 3244 4499 tempus,
3295 4447 3408 4501 quo
3459 4431 3610 4486 dicta

2004 4518 2191 4589 elogia
2212 4517 2420 4588 scripta
2451 4517 2583 4583 sint,
2613 4516 2993 4588 inquiramus.
3022 4516 3307 4571 Launoius
3337 4516 3611 4574 Disserta-

284 4615 410 4654 mus
438 4603 540 4656 sub
569 4605 762 4657 seculi
787 4605 968 4675 quinti
993 4606 1201 4660 decimi
1234 4608 1485 4676 initium,
1519 4611 1600 4664 uti
1627 4628 1789 4666 num.
1828 4585 1891 4668 l7
1923 4585 1970 4644 α
2002 4607 2160 4660 tione
2181 4606 2250 4660 de
2265 4622 2400 4659 vera
2417 4622 2585 4659 causa
2612 4621 2862 4658 secessus
2883 4603 2940 4658 S.
2967 4604 3249 4659 Brunonis
3264 4605 3322 4659 in
3344 4622 3608 4662 eremum

279 4688 521 4755 docebo,
551 4692 859 4763 scripserit,
886 4694 1169 4750 Chronica
1193 4713 1352 4764 sane,
1369 4713 1618 4767 quorum
1649 4701 1893 4756 mentio-

280 4793 413 4831 nem
445 4779 632 4833 verbis
657 4781 908 4836 recitatis
929 4783 1084 4848 facit,
1101 4784 1198 4838 diu
1214 4788 1348 4838 ante
1369 4787 1644 4841 saeculum
1667 4792 1888 4844 sextum

277 4864 787 4922 decimumfuerint
800 4871 1062 4925 elucubra
1072 4872 1228 4926 tazad
1241 4873 1362 4926 haec
1376 4874 1602 4941 eadem,
1613 4876 1887 4946 quoniam

276 4951 432 5005 haud
461 4953 629 5008 dubie
665 4955 738 5009 de
766 4957 1014 5029 quinque
1042 4958 1366 5030 primorum
1399 4962 1708 5019 Carthusize
1739 4965 1889 5035 prio-

279 5055 410 5092 rum
453 5042 622 5110 gestis
676 5045 987 5116 utcumque
1021 5048 1343 5114 tractarint,
1397 5065 1628 5104 summa
1681 5053 1886 5107 saltem

277 5142 495 5192 rerum,
511 5129 583 5183 ad
596 5129 929 5186 Brunoncm
953 5135 1356 5203 spectantium,
1381 5137 1567 5206 capita
1585 5139 1881 5205 delibasse,

279 5213 662 5271 indubitatum
690 5222 953 5289 apparet,
981 5221 1058 5274 uti
1091 5223 1267 5275 etiam
1294 5225 1729 5279 aCartliusianis
1748 5227 1882 5280 scri-

276 5305 375 5371 pta
404 5302 592 5370 fuisse,
617 5306 889 5373 maxime,
914 5323 1044 5362 cum
1078 5309 1135 5362 in
1165 5311 1296 5365 solis
1326 5311 1446 5366 fere
1481 5313 1882 5369 Carthusiano-

277 5405 406 5443 rum
430 5389 694 5446 domibus
706 5393 925 5448 fuerint
948 5395 1197 5464 inventa,
1217 5399 1426 5471 diuque
1443 5400 1498 5454 in
1524 5401 1676 5456 hisce
1700 5403 1884 5456 omni-

276 5493 350 5531 no
398 5477 517 5532 fere
545 5479 760 5537 inedita
791 5484 1084 5538 latuerint.
1115 5488 1292 5542 Porro
1315 5506 1346 5544 e
1371 5490 1662 5546 Chronicis
1684 5491 1880 5560 hujus-

277 5565 432 5621 modi
457 5585 582 5637 quae
608 5569 713 5625 hoc
730 5572 967 5626 nomine
991 5572 1381 5649 idcirco,quod
1396 5595 1486 5635 res
1499 5596 1601 5652 per
1616 5582 1882 5652 tempora

762 5670 997 5726 Pnaon.
1035 5671 1188 5731 CLII.

186 5855 343 5977 »δο

2000 4711 2124 4765 cap.
2166 4698 2213 4758 1,
2246 4693 2282 4763 §
2314 4711 2345 4745 v
2365 4693 2504 4747 illud
2535 4693 2720 4763 ipsum
2744 4692 2920 4746 etiam
2950 4691 3006 4746 S.
3032 4693 3312 4748 Brunonis
3329 4694 3603 4765 elogium,

1999 4782 2155 4854 quod
2179 4781 2438 4835 Labbeus
2468 4782 2590 4835 loco
2622 4797 2757 4835 mox
2784 4780 2877 4834 cit.
2898 4780 3145 4847 exhibet,
3177 4799 3209 4836 e
3232 4799 3338 4836 ms.
3364 4785 3604 4837 statuto-

1996 4887 2126 4925 rum
2159 4873 2217 4924 et
2247 4868 2748 4934 consuetudinum,
2768 4885 2803 4922 a
2831 4868 3107 4939 Guigone,
3133 4869 3334 4941 quinto
3363 4870 3601 4924 Carthu-

1996 4959 2092 5014 size
2113 4957 2213 5028 Maj
2224 4957 2336 5012 oris
2362 4957 2576 5029 priore,
2600 4956 2966 5026 scriptarum,
2997 4957 3214 5012 ordinis
3237 4956 3598 5012 Carthusien-

1994 5047 2068 5101 sis
2087 5046 2281 5101 codice
2312 5046 2372 5100 in
2403 5045 2662 5100 medium
2689 5045 2940 5113 adducit,
2972 5045 3186 5117 aitque,
3204 5045 3376 5110 hunc,
3401 5045 3458 5099 in
3484 5062 3596 5116 quo

1993 5135 2228 5206 pariter,
2256 5150 2382 5205 quas
2412 5136 2538 5189 loco
2565 5135 2659 5189 cit.
2690 5134 2842 5205 apud
2866 5135 3176 5199 Labbeum,
3199 5133 3597 5203 proximorum

1994 5229 2241 5294 quatuor
2288 5224 2469 5278 sancti
2517 5223 2698 5278 nostri
2742 5224 2799 5278 in
2834 5223 3140 5278 Carthasim
3181 5222 3444 5278 Prioratu
3471 5239 3593 5277 suc-

1993 5329 2283 5367 cessorum
2315 5311 2504 5383 elogia
2530 5315 2772 5379 exstant,
2805 5311 3028 5366 Parisiis
3050 5312 3202 5384 apud
3235 5311 3596 5366 Carthusien-

1988 5419 2078 5456 ses
2109 5401 2403 5457 asservari.

2063 5493 2116 5548 4.
2161 5492 2301 5548 Hinc
2329 5507 2502 5562 porro
2551 5490 2749 5545 auctor
2794 5488 3208 5548 Carthusiensis
3247 5505 3594 5563 anonymus,

1990 5580 2088 5652 qui
2130 5580 2438 5637 Annalium
2480 5577 2698 5634 ordinis
2736 5577 2818 5634 sui
2869 5581 3082 5639 librum
3132 5581 3430 5652 quartum,
3474 5582 3599 5636 luce

3110 5682 3134 5736 l
