4122 6058
440 232 499 293 li
1256 221 1316 285 S.
1390 224 1736 285 BBUNONIS
1789 223 2423 286 CARTHUSIANORUM
2465 226 2934 288 lNSTlTUTORlS
3691 235 3761 296 l2

437 358 664 436 publica
734 352 1033 423 hactenus,
1078 354 1210 411 licet
1253 372 1524 412 excusum
1569 371 1687 412 non
1740 355 2042 424 donatum,
2070 356 2126 418 Α
2147 369 2350 414 earum
2380 356 2506 414 loco
2532 355 2764 415 initium
2796 356 3069 416 Breviarii
3097 355 3238 416 Vitae
3259 357 3527 433 Guigouis
3557 380 3760 436 super-

440 462 784 517 mecumque
810 444 1182 500 nihilominus
1204 462 1237 498 a
1262 445 1521 499 Patribus
1544 444 1928 500 Carthusianis
1942 460 2045 515 pro

438 552 668 592 summa
700 550 901 588 eorum
933 534 1292 588 humanitate
1325 533 1839 599 communicatum,
1864 535 2050 587 elucu-

438 625 642 691 bravit,
694 640 855 677 num.
915 626 1005 677 lO-l
1061 622 1310 692 conjicit,
1345 622 1601 677 codicem
1649 623 1833 689 illum,
1873 638 2049 693 quem

440 712 737 769 Carthusia
764 711 1094 766 Parisiensis
1120 714 1388 779 asservat,
1424 711 1697 782 scriptum
1720 712 1889 766 fuisse
1920 714 2048 765 tan-

437 808 563 858 tum
594 806 724 874 post
755 817 973 855 annum
1010 804 1165 866 1257,
1204 800 1351 854 circa
1381 816 1556 871 quem
1609 800 1904 854 Carthusia
1929 800 2051 853 haec

440 892 696 964 primum
729 889 836 942 fuit
865 888 1126 955 fundata,
1156 888 1519 959 necdumque
1559 887 1783 942 Statuta
1814 885 2048 953 ltiﬂ‘erii,

443 997 570 1053 quae
603 977 840 1049 antiqua
868 980 1165 1043 vocantur,
1195 976 1428 1030 fuerant
1462 977 1811 1047 praescripta.
1841 976 2051 1029 Verum

442 1085 577 1123 mox
600 1065 872 1130 afﬁrmat,
907 1067 963 1118 et
992 1064 1199 1118 merito
1219 1064 1474 1134 quidem,
1508 1080 1635 1135 quas
1658 1064 1716 1118 in
1730 1064 1936 1118 eodem
1956 1078 2050 1117 c0-

446 1157 569 1211 dice
603 1155 673 1208 de
700 1153 757 1208 S.
786 1154 1053 1207 Brunone
1078 1152 1372 1223 tribusque
1394 1151 1595 1224 primis
1608 1154 1738 1223 post
1756 1153 1908 1207 hunc
1926 1152 2055 1206 Car-

445 1243 645 1300 thusia:
700 1241 985 1313 prioribus
1053 1240 1441 1311 reperiuntur,
1524 1240 1728 1295 litteris
1780 1241 2058 1295 mandata

444 1333 615 1389 fuisse
646 1334 910 1401 tempore
940 1329 1231 1401 Guigonis,
1265 1329 1449 1400 quinti
1485 1329 1792 1384 Carthusia:
1828 1329 2055 1400 prioris,

446 1422 618 1493 idque
646 1422 909 1473 constare
936 1436 1002 1473 ex
1022 1418 1131 1472 alio
1156 1417 1368 1472 ordinis
1396 1417 1806 1472 Carthusiensis
1830 1435 2059 1472 earum-

450 1510 586 1564 dem
617 1506 1097 1562 consuetudinum
1128 1506 1320 1560 codice
1351 1522 1483 1573 ms.,
1518 1523 1551 1560 a
1578 1506 1901 1561 venerando
1925 1507 2061 1561 Car-

450 1597 651 1654 thusize
672 1593 1001 1649 Montis-Dei
1027 1595 1194 1647 Patre
1218 1593 1407 1664 priore
1446 1594 1519 1647 ad
1551 1610 1685 1647 eum
1730 1594 1789 1648 in
1821 1594 2060 1649 Carthu-

2147 445 2446 515 scriptum,
2468 463 2595 516 quas
2608 447 2732 500 Vita
2749 447 2953 501 eadem
2976 449 3195 504 recenti
3227 466 3405 505 manu
3427 452 3767 509 continuata

2147 532 2255 586 fuit
2285 533 2342 589 in
2376 535 2556 589 altero
2582 535 2718 591 folio
2734 535 3228 608 dimidiato,quod
3246 538 3410 593 facile
3443 540 3765 610 deprchen-

2150 620 2303 675 ditur
2316 623 2666 692 prmcedenti
2694 624 2857 690 folio,
2886 624 2942 677 in
2976 641 3087 697 quo
3112 627 3245 680 sunt
3270 627 3459 698 elogia
3488 631 3767 700 praefato-

2148 725 2280 765 rum
2314 714 2561 782 quatuor
2580 711 2861 783 priorum,
2887 733 2915 761 n
2942 713 3220 785 alterique
3239 716 3522 785 sequenti,
3556 718 3613 772 in
3645 736 3764 791 quo

2149 799 2455 867 praedictus
2467 800 2848 871 capitulorum
2864 801 3143 856 indiculus
3160 803 3526 859 continuatus
3547 805 3760 877 fuerat,

2155 908 2183 936 «
2212 886 2583 943 intersertum
2614 888 2803 944 fuisse.
2834 889 2996 945 Unde
3026 892 3206 961 patet,
3239 891 3457 948 dictum
3493 893 3764 965 Guigonis

2153 974 2404 1046 elogium
2438 980 2567 1047 post
2594 977 2740 1031 illius
2772 981 3025 1032 mortem
3056 978 3115 1033 in
3153 979 3462 1050 praefatum
3504 982 3764 1040 codicem

2151 1062 2322 1118 fuisse
2347 1063 2714 1135 interjectum
2742 1087 2770 1115 »
2804 1083 2902 1121 seu
2915 1067 3160 1121 illatum.
3181 1068 3485 1138 Hactenus,
3516 1071 3561 1124 si
3580 1087 3768 1142 pauca

2154 1152 2462 1222 exceperis,
2497 1169 2645 1224 quae,
2678 1153 2800 1208 aliis
2830 1155 3252 1210 characteribus
3284 1157 3571 1227 adhibitis,
3596 1160 3765 1215 clari-

2156 1240 2289 1295 tatis
2335 1256 2504 1295 causa
2553 1242 2757 1313 adjeci,
2800 1242 3062 1297 laudatus
3126 1243 3351 1298 Ordinis
3403 1244 3768 1303 Carthusiani

2158 1327 2441 1383 annalista
2460 1345 2804 1401 anonymus.
2830 1331 2908 1384 Ex
2936 1329 3022 1384 his
3043 1347 3241 1401 porro,
3259 1330 3496 1405 aliisque
3512 1351 3684 1406 supra
3703 1336 3766 1391 in

2159 1416 2416 1471 medium
2459 1416 2715 1472 adductis
2755 1421 2840 1472 est
2880 1435 3254 1490 consequens,
3306 1423 3365 1475 et
3411 1422 3613 1492 saepius
3635 1423 3768 1493 jam

2160 1507 2574 1573 memoratum,
2608 1504 2711 1560 etsi
2724 1506 2901 1560 etiam
2930 1506 3202 1578 Guigonis
3244 1507 3429 1579 quinti
3455 1509 3768 1567 Carthusia;

2163 1592 2372 1648 Prioris
2401 1594 2654 1665 elogium
2677 1595 2989 1663 contineat,
3020 1595 3223 1650 Montis
3262 1596 3365 1651 Dei
3399 1597 3677 1667 codicem,
3711 1604 3771 1654 et

453 1685 597 1740 siam
625 1682 979 1749 transmisso,
1014 1682 1130 1753 qui,
1162 1698 1289 1753 quae
1332 1681 1390 1736 in
1437 1682 1629 1737 codice
1661 1682 1960 1737 Parisiensi
1992 1683 2061 1737 de
2090 1675 2141 1733 Β
2163 1684 2409 1753 quatuor
2436 1682 2761 1753 primorum
2777 1683 3085 1738 Carthusia;
3115 1683 3372 1753 priorum
3404 1685 3610 1757 elogia,
3641 1704 3772 1758 quae

457 1774 665 1829 Sancto
694 1773 891 1826 nostro
926 1770 1315 1842 proximisque
1374 1771 1422 1840 ei
1437 1788 1499 1824 us
1542 1775 1789 1843 quatuor
1836 1771 1893 1825 in
1927 1770 2061 1825 Car-

454 1860 656 1915 thusiaa
687 1858 911 1929 Majoris
939 1858 1199 1929 prioratu
1221 1858 1606 1913 successoribu
1637 1859 1851 1931 selogia
1873 1875 2064 1914 occur-

452 1954 610 2015 runt,
674 1947 890 2019 pariter
939 1944 1360 2017 complectitur,
1416 1963 1731 2019 eorumque
1774 1948 2061 2015 omnium,

453 2036 551 2110 qui
576 2036 635 2090 in
671 2034 873 2089 ordine
906 2032 1059 2088 nunc
1091 2033 1474 2103 reperiantur,
1507 2035 1933 2106 antiquissimus
1957 2040 2062 2103 est,

452 2127 653 2197 utpote
684 2122 743 2177 in
772 2122 969 2192 Majori
1001 2121 1298 2176 Carthusia
1327 2122 1656 2192 exscriptus,
1680 2126 1850 2195 atque
1881 2124 1939 2177 in
1962 2124 2064 2179 do-

453 2230 617 2270 mum
640 2210 974 2268 Montis-Dei
1003 2227 1036 2264 a
1064 2210 1367 2277 Gaufredo,
1413 2211 1703 2281 ejusdem"
1729 2211 2070 2283 proto-prio-

452 2319 536 2369 re,
571 2317 747 2367 anno,
782 2316 894 2371 quo
927 2298 1169 2353 fundata
1196 2300 1317 2353 haec
1339 2299 1466 2366 fuit,
1488 2300 1692 2367 Christi
1724 2304 1857 2355 H36
1880 2304 2066 2355 trans-

454 2392 735 2462 portatus,
770 2388 849 2441 uti
904 2387 1085 2458 liquet
1140 2405 1208 2441 ex
1250 2388 1372 2460 ipso
1417 2388 1514 2443 illo
1563 2389 1777 2456 codice,
1807 2390 1878 2443 ad
1907 2390 2067 2461 cujus

454 2480 669 2534 calcem
696 2478 817 2532 haec
847 2477 1118 2547 leguntur
1145 2493 1158 2531 :
1187 2500 1213 2527 ‹‹
1238 2477 1312 2531 Ex
1338 2493 1534 2531 eremo
1562 2477 1872 2546 Qarthusiee
1903 2478 2062 2545 olim,

455 2568 632 2624 modo
664 2565 845 2620 eremi
879 2565 949 2619 de
972 2565 1294 2619 Monte-Dei
1328 2565 1399 2619 ab
1446 2582 1600 2620 anno
1649 2569 1899 2621 ucxxxw.
1936 2588 1963 2615 ››
2000 2568 2066 2623 Et

453 2654 693 2711 inferius
734 2671 747 2708 :
785 2676 813 2704 ‹‹
840 2653 1175 2718 Gaufredus,
1208 2653 1372 2708 Prior
1416 2653 1486 2707 de
1542 2654 2067 2710 Monte-Deihabuit

455 2761 522 2799 ex
554 2744 707 2797 dono
741 2739 941 2796 domui
971 2740 1263 2812 Guigonis.
1295 2763 1323 2790 ››

510 2836 586 2885 κΰ.
641 2833 724 2884 lla
767 2830 889 2884 fere
940 2832 1226 2900 quantum
1281 2830 1353 2883 ad
1409 2831 1790 2886 substantiam
1830 2832 2066 2886 laudatu

2160 1770 2252 1824 hic
2286 1771 2657 1843 Labbeusque
2687 1773 2812 1827 loco
2829 1787 3003 1842 supra
3026 1772 3120 1825 cit.
3147 1772 3494 1843 suppeditat,
3524 1774 3775 1845 ipsomet

2162 1859 2420 1930 Guigone
2449 1859 2509 1913 in
2541 1860 2677 1914 vivis
2701 1860 2886 1914 adhuc
2914 1860 3240 1930 superstite,
3262 1877 3362 1914 seu
3392 1866 3525 1916 ante
3551 1879 3774 1918 annum

2167 1951 2323 2016 1138,
2356 1965 2468 2020 quo
2500 1948 2789 2002 hicvivere
2813 1949 2937 2019 jam
2962 1948 3410 2015 desierat,fuisse
3427 1950 3770 2022 conscripta.

2162 2038 2289 2091 Jam
2330 2052 2487 2104 vero,
2532 2052 2663 2105 cum
2713 2052 2806 2091 res
2835 2036 2915 2091 ita
2960 2036 3052 2103 sit,
3104 2052 3393 2091 summam
3437 2054 3576 2093 sane
3628 2039 3774 2106 hinc,

2166 2141 2417 2198 quorum
2436 2125 2801 2194 complexum
2816 2140 2923 2194 ego
2947 2123 3216 2194 deinceps
3227 2125 3524 2180 annalistas
3544 2126 3782 2181 Carthu-

2165 2214 2309 2270 siani
2323 2212 2598 2285 anonymi
2612 2214 2738 2285 plus
2755 2211 3065 2282 semeljam
3078 2211 3292 2266 laudati
3314 2215 3577 2285 exemplo
3597 2236 3624 2263 ‹‹
3641 2230 3780 2284 qua-

2166 2307 2301 2358 tuor
2330 2302 2658 2373 primorum
2682 2300 2991 2355 Carthusiua
3023 2299 3259 2370 priorun
3277 2300 3593 2355 Chranicon
3617 2322 3645 2349 ››
3670 2318 3772 2372 ap-

2167 2392 2415 2465 pellabo,
2448 2389 2808 2461 simplicique
2858 2388 3127 2444 Chronici
3157 2388 3392 2443 nomine
3427 2388 3558 2459 jam
3597 2406 3775 2461 supra

2167 2479 2415 2545 distinxi,
2449 2478 2626 2533 ﬁdem
2653 2477 2805 2549 apud
2827 2493 3029 2531 omnes
3060 2480 3378 2543 merentur,
3393 2479 3591 2547 utpote
3612 2476 3670 2530 in
3689 2477 3779 2531 lit-

2164 2571 2317 2624 teras
2345 2568 2610 2638 conjecta
2638 2566 2708 2620 ab
2732 2569 2983 2632 auctore,
3003 2564 3237 2619 etsinon
3252 2567 3408 2620 certo
3430 2568 3590 2633 noto,
3605 2566 3778 2620 rebus

2167 2660 2389 2723 tamen,
2408 2672 2536 2728 quae
2567 2654 2627 2709 in
2658 2654 2724 2709 iis
2756 2655 3086 2721 narrantur,
3116 2654 3442 2724 synchrono
3474 2669 3539 2707 ac
3568 2654 3779 2709 verosi-

2166 2746 2379 2802 militer
2408 2746 2657 2816 ipsomet
2684 2741 2962 2813 Guigone,
3015 2741 3421 2812 primmvarum
3463 2741 3777 2797 Carthusias

2167 2832 2678 2898 Consuetudinum,
2717 2830 2919 2902 quibus
2958 2830 3162 2885 eadem
3214 2830 3610 2900 praefiguntur,
3637 2830 3775 2884 scri-

454 2919 737 2975 annalista
759 2916 1177 2985 Carthusiensis
1196 2934 1539 2989 anonymus,
1569 2920 1980 2991 quipraeterea,
2004 2919 2061 2973 S.
2097 2961 2145 3019 Ο
2166 2926 2354 2995 ptore,
2387 2920 2484 2993 qui
2515 2919 2805 2991 equidem,
2827 2917 2873 2972 si
2903 2934 3031 2989 quas
3061 2918 3132 2971 de
3163 2919 3410 2988 quatuor
3424 2916 3624 2987 primis
3646 2918 3780 2972 Car-

456 3006 738 3062 Brunonis
765 3005 1040 3077 elogium,
1074 3004 1131 3059 in
1160 3005 1356 3060 codice
1393 3023 1494 3061 suo
1528 3007 1924 3080 antiquissimo
1969 3007 2066 3061 des
2100 3004 2370 3066 "thusiaa
2429 3007 2719 3063 Prioribus
2776 3009 2843 3061 ae
2893 3005 3243 3060 nominatim
3286 3004 3343 3059 S.
3406 3005 3673 3059 Brunone
3714 3005 3775 3061 in

453 3097 750 3167 scriptum,
781 3093 1107 3165 elogioque,
1141 3095 1297 3166 quod
1326 3095 1585 3150 Labbcus
1615 3096 1739 3150 loco
1766 3112 1937 3166 supra
1967 3094 2069 3150 cits

455 3184 704 3249 exhibet,
734 3180 1019 3254 apprime,
1060 3181 1143 3235 uti
1175 3198 1243 3235 ex
1273 3182 1531 3253 ejusdem
1576 3183 1865 3254 scriptoris
1908 3183 2069 3238 dicti-

445 3272 693 3337 eruitur,
718 3285 1059 3334 consonum,
1079 3269 1187 3335 cui,
1212 3270 1470 3339 ejusdem
1492 3272 1672 3326 sancti
1692 3272 2069 3343 elogio,quos.

458 3359 741 3414 Launoius
767 3356 1008 3411 ecodice
1039 3356 1339 3411 Parisiensi
1370 3358 1668 3430 excerpsit,
1703 3377 1880 3414 unum
1913 3360 2074 3415 essed

456 3446 650 3520 paucis
689 3444 914 3512 additis,
949 3447 1121 3516 atque
1170 3445 1347 3511 idem,
1385 3446 1660 3513 afﬁrmat,
1711 3448 1889 3502 trium
1939 3448 2072 3502 dein

464 3535 711 3590 aliorum
740 3532 1023 3603 priorum,
1045 3533 1634 3601 Londuininimirum,
1665 3535 1815 3591 Petri
1850 3536 2070 3603 Franci,

459 3638 560 3678 seu
588 3620 888 3686 Francisci,
932 3624 990 3675 et
1036 3621 1273 3676 Joannis
1301 3622 1481 3689 Tusci,
1519 3623 1615 3695 qui
1656 3624 1915 3695 proxime
1945 3627 2074 3696 post

462 3711 520 3766 S.
557 3711 887 3765 Brunonem
908 3709 1266 3777 Carthusiam
1288 3715 1581 3779 rexerunt,
1609 3713 1799 3785 elogia
1824 3714 2070 3785 integra,

463 3818 591 3874 qua:
624 3803 681 3854 et
705 3799 826 3870 ipsa
841 3815 974 3853 cum
991 3800 1333 3855 eorumdem
1354 3802 1573 3873 elogiis,
1597 3804 1751 3873 apud
1781 3803 2073 3857 Lahbeum

460 3891 588 3945 loco
623 3903 795 3958 supra
823 3887 920 3941 cit.
946 3889 1316 3955 exstantibus,
1342 3890 1695 3945 adamussim
1724 3893 2070 3960 congruunt,

465 3994 497 4031 e
527 3976 721 4031 codice
752 3992 853 4030 suo
899 3976 1294 4047 antiquissimo
1326 3979 1673 4046 transcribit,
1703 3995 1769 4033 ac
1801 3995 1953 4047 mox,
2001 3996 2074 4034 ne

466 4064 594 4138 quis
622 4064 810 4133 hujus,
835 4063 993 4135 quod
1009 4063 1285 4135 elogium,
1306 4064 1551 4138 Guigoni
1574 4066 1942 4133 adornatum,
1973 4067 2073 4121 ad-

467 4154 667 4207 notato
699 4151 875 4207 etiam
906 4150 1074 4221 hujus
1100 4152 1279 4219 obitu,
1311 4152 1409 4224 qui
1446 4170 1600 4209 anno
1634 4157 1765 4209 1137
1813 4154 2074 4226 contigit,

2172 3096 2452 3155 Chronico
2483 3096 2580 3150 illo
2612 3094 2962 3159 referuntur,
2997 3109 3115 3148 non
3135 3091 3443 3162 scripserit,
3466 3091 3782 3148 verosimil-

2172 3187 2312 3243 lime
2332 3187 2537 3241 saltem
2568 3183 2774 3238 viderit
2799 3199 2869 3237 ac
2899 3181 3251 3253 approbarit.

2244 3283 2297 3333 7.
2358 3275 2722 3346 Quapropter
2752 3274 2815 3326 ut
2854 3271 2912 3325 in
2944 3270 3066 3341 ipso
3107 3270 3303 3325 statim
3365 3269 3783 3326 Commentarii

2172 3366 2342 3437 hujus
2373 3363 2573 3418 limine
2604 3360 2898 3432 quoddam
2929 3358 3067 3412 Vitae
3091 3357 3283 3412 Sancti
3308 3358 3490 3413 nostri
3512 3375 3789 3430 compen-

2174 3454 2356 3519 dium,
2371 3452 2460 3507 cui
2474 3453 2597 3506 tuto
2614 3448 2711 3502 ﬁdi
2733 3450 2926 3519 queat,
2942 3445 3194 3500 studioso
3218 3446 3421 3501 lectori
3455 3447 3783 3515 exhibeam,

2174 3540 2231 3596 S.
2266 3538 2549 3596 Brunonis
2569 3536 2844 3607 elogium,
2863 3533 3142 3589 Chronico
3157 3533 3236 3586 illi
3258 3533 3562 3601 inclusum,
3578 3551 3784 3606 eaque,

2174 3646 2301 3702 qua;
2338 3629 2396 3683 in
2440 3628 2549 3682 hoc
2591 3625 2661 3680 de
2692 3624 2788 3679 illo
2834 3624 3164 3688 narrantur,
3219 3623 3630 3692 complectens,
3673 3623 3821 3699 huc,

2173 3717 2349 3772 modo
2381 3713 2723 3779 transcribo,
2757 3712 2925 3782 quale
2955 3710 3108 3780 apud
3123 3710 3417 3765 Labbeum
3436 3711 3562 3762 loco
3586 3710 3783 3778 saepis-

2174 3804 2316 3858 sime
2339 3802 2467 3872 jam
2491 3801 2586 3853 cit.
2613 3801 2814 3852 exstat.
2852 3797 2941 3851 Sic
2969 3798 3145 3852 habet
3169 3815 3182 3852 :
3220 3820 3247 3846 «
3276 3796 3537 3868 Magister
3568 3797 3782 3865 Bruno,
3860 3792 3865 3797 ’

2175 3890 2409 3945 natione
2460 3885 2801 3941 Teutonicus
2832 3901 2898 3939 ex
2927 3886 3200 3956 praeclara
3219 3884 3358 3939 urbe
3391 3882 3646 3950 Colonia,
3681 3900 3785 3954 pa-

2172 3978 2429 4034 rentibus
2490 3991 2606 4030 non
2644 3973 2895 4029 obscuris
2946 3973 3038 4044 [aL
3084 3973 3303 4027 additur
3340 3973 3550 4043 natus],
3584 3972 3789 4028 litteris

2176 4070 2296 4122 tam
2327 4063 2690 4119 saecularibus
2719 4079 2894 4134 quam
2919 4061 3120 4115 divinis
3133 4061 3294 4115 valde
3318 4061 3592 4128 munitus,
3612 4062 3789 4115 eccle-

2177 4156 2273 4210 sia:
2304 4152 2619 4219 Remensis,
2652 4168 2781 4224 quas
2830 4150 2968 4205 nulli
3000 4149 3151 4204 inter
3180 4149 3503 4204 Gallicanae
3533 4150 3788 4204 secunda

468 4239 683 4311 pariter
728 4236 1041 4304 contineat,
1074 4240 1478 4310 antiquitatem
1509 4257 1681 4312 supra
1727 4241 2077 4296 adstructam
2104 4249 2156 4307 D
2179 4247 2284 4310 est,
2317 4241 2625 4297 canonicus
2654 4243 2711 4293 et
2746 4240 3071 4294 scholarum
3119 4237 3415 4309 magister,
3448 4237 3649 4291 relicto
3680 4254 3789 4291 sa:-

465 4328 665 4381 forsan
694 4329 887 4397 neget,
908 4326 989 4381 ita
1019 4328 1386 4398 prosequitur
1410 4345 1424 4382 :
1449 4350 1475 4377 ‹‹
1500 4328 1629 4383 Haec
1651 4329 1727 4383 ibi
1745 4329 1815 4383 de
1833 4332 2080 4401 quatuor

468 4412 671 4486 primis
690 4413 999 4479 Carthusia:
1016 4414 1634 4488 prioribus,statimque
1647 4415 1706 4470 in
1716 4410 1923 4471 eodem
1941 4417 2078 4473 folio

473 4500 651 4571 (verso
704 4498 930 4567 scilicet)
956 4500 1060 4555 sub
1093 4500 1270 4555 finem
1298 4502 1530 4556 alterius
1586 4504 1869 4573 (secundae
1915 4504 2081 4559 nimi-

468 4586 621 4657 rum)
659 4586 887 4658 pagina:
913 4588 1119 4642 eodem
1164 4590 1515 4656 charactere,
1557 4607 1670 4662 quo
1722 4594 1874 4647 totus
1903 4593 2081 4648 codex

471 4677 735 4730 exaratus
766 4678 872 4742 est,
907 4676 1179 4747 nulloque
1217 4677 1518 4749 interjecto
1552 4678 1837 4735 linearum
1872 4680 2076 4753 spatio,

468 4762 816 4835 sequebatur
852 4762 1134 4819 indiculus
1173 4765 1553 4836 capitulorum
1599 4768 2079 4825 consuetudinum

469 4849 762 4923 Guigonis,
797 4851 896 4923 qui
927 4851 986 4905 in
1038 4851 1220 4907 tribus
1247 4853 1475 4926 paginis
1503 4855 1868 4928 sequentibus
1903 4857 2081 4916 conti-

472 4943 681 4995 nuatus
704 4939 910 4995 fuerat.

539 5029 592 5080 6.
626 5049 654 5078 ‹‹
685 5026 797 5083 Sed
817 5031 1018 5099 postea
1038 5026 1259 5100 priores
1279 5029 1447 5086 lineae
1474 5031 1641 5103 hujus
1670 5032 1922 5106 indiculi,
1951 5050 2080 5106 qua;

466 5114 764 5171 residuum
786 5116 1017 5172 alterius
1044 5117 1272 5189 paginas
1297 5119 1470 5191 primi
1497 5119 1621 5176 folii
1642 5102 1998 5189 immediate,
2018 5125 2082 5178 ut

467 5219 603 5259 mox
648 5202 915 5272 diximus,
960 5208 1090 5275 post
1132 5205 1302 5260 breve
1349 5208 1603 5279 elogium
1644 5208 1881 5264 Joannis
1918 5209 2081 5266 Tusci

468 5289 679 5364 (quarti
722 5291 1032 5360 Carthusia:
1066 5294 1291 5365 Majoris
1342 5296 1565 5368 prioris)
1613 5299 1999 5370 complebant,
2044 5317 2078 5355 a

466 5377 772 5435 recentiori
803 5395 1004 5448 manu,
1033 5398 1161 5456 quae
1183 5383 1557 5441 nihilominus
1583 5385 1807 5442 videtur
1824 5386 2078 5443 vetustis-

468 5466 638 5538 sima,
690 5468 1023 5527 obliterata!
1073 5472 1152 5544 (id
1208 5476 1294 5529 est
1354 5475 1674 5547 expunctus)
1734 5475 1987 5538 fuerunt,
2042 5493 2076 5531 ο

2178 4333 2329 4399 culo,
2361 4346 2603 4385 eremun
2626 4326 3228 4391 Carthus'efundavit,
3252 4328 3308 4379 et
3321 4324 3572 4380 rexitsex
3594 4324 3784 4379 annis.

2180 4419 2308 4486 Qui,
2340 4420 2582 4490 cogente
2612 4432 2761 4488 papa
2791 4415 3042 4481 Urbano,
3072 4414 3229 4485 cujus
3242 4412 3537 4484 quondam
3568 4427 3785 4481 praece-

2180 4507 2528 4580 ptorfuerat,
2549 4506 2874 4559 Romanam
2899 4501 3150 4573 perrexit
3166 4501 3237 4555 ad
3254 4499 3494 4567 curiam,
3511 4499 3787 4554 eumdem

2180 4597 2397 4667 Papam
2426 4592 2628 4648 solatio
2660 4594 2718 4646 et
2750 4591 2986 4646 consilio
3018 4591 3076 4644 in
3107 4587 3503 4643 Ecclesiasticis
3543 4588 3789 4659 negotiis

2173 4684 2490 4756 juvaturus.
2524 4680 2637 4736 Sed
2666 4696 2799 4735 cum
2829 4680 3109 4733 tumultus
3127 4679 3186 4731 et
3211 4692 3403 4731 mores
3432 4676 3604 4731 curiae
3635 4675 3790 4731 ferre

2179 4788 2297 4828 non
2326 4771 2535 4843 posset,
2554 4767 2767 4823 relictas
2799 4766 3120 4821 solitudinis
3141 4768 3200 4819 et
3228 4764 3434 4836 quietis
3460 4780 3661 4819 amore
3681 4763 3787 4818 ﬂa-

2178 4875 2371 4934 grans,
2393 4857 2596 4913 relicta
2622 4861 2801 4922 curia,
2828 4856 3163 4925 contempto
3193 4852 3370 4909 etiam
3413 4851 3791 4923 archiepisco-

2179 4952 2318 5021 patu
2360 4944 2694 5018 Rbegiensis
2751 4941 3022 5009 ecclesiae,
3066 4942 3140 4997 ad
3199 4957 3396 5014 quem,
3446 4939 3568 5009 ipso
3632 4940 3790 5011 Papa

2179 5036 2427 5102 volente,
2464 5034 2675 5088 electus
2717 5031 2925 5096 fuerat,
2978 5029 3037 5084 in
3069 5028 3346 5085 Calabriae
3377 5041 3664 5093 eremum,
3698 5026 3790 5082 cui

2176 5122 2368 5180 Turris
2396 5137 2613 5177 nomen
2669 5123 2774 5185 est,
2806 5117 3071 5172 successit
3136 5117 3228 5189 [αι.
3263 5115 3468 5181 melius,
3512 5113 3785 5186 secessit],

2178 5211 2392 5283 ibique,
2443 5208 2599 5263 laicis
2646 5211 2704 5262 et
2759 5204 2976 5261 clericis
3024 5201 3463 5277 quamplurimis
3498 5201 3786 5271 adunatis,

2177 5297 2447 5356 solitariae
2466 5296 2597 5352 vitae
2629 5294 3010 5368 propositum,
3041 5292 3295 5366 quandiu
3322 5290 3480 5357 vixit,
3511 5289 3783 5345 exercuit.

2173 5387 2368 5460 ibique
2382 5385 2685 5441 defunctus
2704 5384 2976 5440 humatus
2990 5385 3076 5439 est
3087 5383 3216 5456 post
3230 5394 3526 5455 egressum
3543 5377 3787 5435 Carthu-

2172 5476 2294 5532 tsias
2323 5473 2628 5532 undecimo
2658 5474 2785 5547 plus
2813 5473 3005 5531 minus
3032 5486 3205 5528 anno.
3227 5490 3256 5519 ››

3620 5766 3729 5878 ὁ)

3721 5846 3874 5932 £24:

3855 5924 3880 5958 δ
