  <div class='ocr_page' id='page_1' title='image "/cluster/home/n/w/nwhite01/storage/ocr_20150623/152/hvd.32044054760103/012.png"; bbox 0 0 3996 6012; ppageno 0'>
   <div class='ocr_carea' id='block_1_1' title="bbox 223 304 302 368">
    <p class='ocr_par' dir='ltr' id='par_1_1' title="bbox 223 304 302 368">
     <span class='ocr_line' id='line_1_1' title="bbox 223 304 302 368; baseline 0.025 -2"><span class='ocrx_word' id='word_1_1' title='bbox 223 304 302 368; x_wconf 72' lang='lat' dir='ltr'>l3</span> 
     </span>
    </p>
   </div>
   <div class='ocr_carea' id='block_1_2' title="bbox 1798 301 3543 371">
    <p class='ocr_par' dir='ltr' id='par_1_2' title="bbox 1798 301 3543 371">
     <span class='ocr_line' id='line_1_2' title="bbox 1798 301 3543 371; baseline 0.005 -9"><span class='ocrx_word' id='word_1_2' title='bbox 1798 301 1979 362; x_wconf 69' lang='lat' dir='ltr'>ACTA</span> <span class='ocrx_word' id='word_1_3' title='bbox 3477 309 3543 371; x_wconf 74' lang='grc'>14</span> 
     </span>
    </p>
   </div>
   <div class='ocr_carea' id='block_1_3' title="bbox 306 408 3548 509">
    <p class='ocr_par' dir='ltr' id='par_1_3' title="bbox 306 408 3548 509">
     <span class='ocr_line' id='line_1_3' title="bbox 306 408 3548 509; baseline 0.001 -17"><span class='ocrx_word' id='word_1_4' title='bbox 306 438 358 492; x_wconf 88' lang='lat'>8.</span> <span class='ocrx_word' id='word_1_5' title='bbox 395 431 661 509; x_wconf 82' lang='lat' dir='ltr'>Elogium</span> <span class='ocrx_word' id='word_1_6' title='bbox 689 431 800 490; x_wconf 88' lang='lat' dir='ltr'>hoc</span> <span class='ocrx_word' id='word_1_7' title='bbox 829 429 889 490; x_wconf 90' lang='lat' dir='ltr'>in</span> <span class='ocrx_word' id='word_1_8' title='bbox 923 408 1340 490; x_wconf 78' lang='lat' dir='ltr'>Commentarii</span> <span class='ocrx_word' id='word_1_9' title='bbox 1385 428 1558 504; x_wconf 89' lang='lat' dir='ltr'>hujus</span> <span class='ocrx_word' id='word_1_10' title='bbox 1601 428 1844 487; x_wconf 88' lang='lat' dir='ltr'>decursu</span> <span class='ocrx_word' id='word_1_11' title='bbox 1864 437 1919 496; x_wconf 83' lang='grc' dir='ltr'><strong>Α</strong></span> <span class='ocrx_word' id='word_1_12' title='bbox 1943 427 2228 496; x_wconf 87' lang='lat' dir='ltr'>alumnus,</span> <span class='ocrx_word' id='word_1_13' title='bbox 2261 427 2643 499; x_wconf 83' lang='lat' dir='ltr'>concinnavit,</span> <span class='ocrx_word' id='word_1_14' title='bbox 2681 431 2852 504; x_wconf 88' lang='lat' dir='ltr'>atque</span> <span class='ocrx_word' id='word_1_15' title='bbox 2893 429 2966 490; x_wconf 88' lang='lat' dir='ltr'>ad</span> <span class='ocrx_word' id='word_1_16' title='bbox 3011 429 3334 491; x_wconf 82' lang='lat' dir='ltr'>decessores</span> <span class='ocrx_word' id='word_1_17' title='bbox 3383 452 3548 498; x_wconf 88' lang='lat' dir='ltr'>meos</span> 
     </span>
    </p>
   </div>
   <div class='ocr_carea' id='block_1_4' title="bbox 221 521 1840 592">
    <p class='ocr_par' dir='ltr' id='par_1_4' title="bbox 221 521 1840 592">
     <span class='ocr_line' id='line_1_4' title="bbox 221 521 1840 592; baseline -0.007 -12"><span class='ocrx_word' id='word_1_18' title='bbox 221 525 353 580; x_wconf 84' lang='lat' dir='ltr'>usui</span> <span class='ocrx_word' id='word_1_19' title='bbox 377 541 498 579; x_wconf 90' lang='lat' dir='ltr'>non</span> <span class='ocrx_word' id='word_1_20' title='bbox 532 540 663 578; x_wconf 90' lang='lat' dir='ltr'>raro</span> <span class='ocrx_word' id='word_1_21' title='bbox 687 523 815 592; x_wconf 89' lang='lat' dir='ltr'>erit;</span> <span class='ocrx_word' id='word_1_22' title='bbox 843 523 1165 578; x_wconf 86' lang='lat' dir='ltr'>notandum</span> <span class='ocrx_word' id='word_1_23' title='bbox 1194 523 1388 575; x_wconf 87' lang='lat' dir='ltr'>autem</span> <span class='ocrx_word' id='word_1_24' title='bbox 1413 521 1482 576; x_wconf 91' lang='lat' dir='ltr'>de</span> <span class='ocrx_word' id='word_1_25' title='bbox 1503 522 1710 576; x_wconf 63' lang='lat' dir='ltr'>czetero</span> <span class='ocrx_word' id='word_1_26' title='bbox 1735 521 1840 585; x_wconf 89' lang='lat' dir='ltr'>est,</span> 
     </span>
    </p>
   </div>
   <div class='ocr_carea' id='block_1_5' title="bbox 223 604 1848 686">
    <p class='ocr_par' dir='ltr' id='par_1_5' title="bbox 223 604 1848 686">
     <span class='ocr_line' id='line_1_5' title="bbox 223 604 1848 686; baseline -0.006 -18"><span class='ocrx_word' id='word_1_27' title='bbox 223 616 480 686; x_wconf 80' lang='lat' dir='ltr'>quatuor</span> <span class='ocrx_word' id='word_1_28' title='bbox 511 612 743 666; x_wconf 86' lang='lat' dir='ltr'>ultimas</span> <span class='ocrx_word' id='word_1_29' title='bbox 773 611 896 681; x_wconf 84' lang='lat' dir='ltr'>ejus</span> <span class='ocrx_word' id='word_1_30' title='bbox 918 627 1103 677; x_wconf 84' lang='lat' dir='ltr'>voces,</span> <span class='ocrx_word' id='word_1_31' title='bbox 1123 610 1226 664; x_wconf 89' lang='lat' dir='ltr'>etsi</span> <span class='ocrx_word' id='word_1_32' title='bbox 1257 610 1316 663; x_wconf 92' lang='lat' dir='ltr'>in</span> <span class='ocrx_word' id='word_1_33' title='bbox 1349 607 1660 664; x_wconf 64' lang='lat' dir='ltr'>Carthusiaa</span> <span class='ocrx_word' id='word_1_34' title='bbox 1695 604 1848 660; x_wconf 89' lang='lat' dir='ltr'>Pari-</span> 
     </span>
    </p>
   </div>
   <div class='ocr_carea' id='block_1_6' title="bbox 221 693 1844 770">
    <p class='ocr_par' dir='ltr' id='par_1_6' title="bbox 221 693 1844 770">
     <span class='ocr_line' id='line_1_6' title="bbox 221 693 1844 770; baseline -0.006 -14"><span class='ocrx_word' id='word_1_35' title='bbox 221 701 432 756; x_wconf 83' lang='lat' dir='ltr'>siensis</span> <span class='ocrx_word' id='word_1_36' title='bbox 452 699 670 766; x_wconf 91' lang='lat' dir='ltr'>codice,</span> <span class='ocrx_word' id='word_1_37' title='bbox 705 715 736 752; x_wconf 91' lang='lat' dir='ltr'>e</span> <span class='ocrx_word' id='word_1_38' title='bbox 769 715 881 770; x_wconf 88' lang='lat' dir='ltr'>quo</span> <span class='ocrx_word' id='word_1_39' title='bbox 917 698 1059 752; x_wconf 91' lang='lat' dir='ltr'>illud</span> <span class='ocrx_word' id='word_1_40' title='bbox 1091 697 1372 755; x_wconf 90' lang='lat' dir='ltr'>Launoius</span> <span class='ocrx_word' id='word_1_41' title='bbox 1393 697 1450 750; x_wconf 90' lang='lat' dir='ltr'>in</span> <span class='ocrx_word' id='word_1_42' title='bbox 1487 693 1844 752; x_wconf 87' lang='lat' dir='ltr'>Dissertatio-</span> 
     </span>
    </p>
   </div>
   <div class='ocr_carea' id='block_1_7' title="bbox 224 783 1845 860">
    <p class='ocr_par' dir='ltr' id='par_1_7' title="bbox 224 783 1845 860">
     <span class='ocr_line' id='line_1_7' title="bbox 224 783 1845 860; baseline -0.006 -13"><span class='ocrx_word' id='word_1_43' title='bbox 224 807 370 846; x_wconf 89' lang='lat' dir='ltr'>nem</span> <span class='ocrx_word' id='word_1_44' title='bbox 401 805 569 845; x_wconf 78' lang='lat' dir='ltr'>suam</span> <span class='ocrx_word' id='word_1_45' title='bbox 585 805 756 860; x_wconf 86' lang='lat' dir='ltr'>supra</span> <span class='ocrx_word' id='word_1_46' title='bbox 773 788 1070 844; x_wconf 86' lang='lat' dir='ltr'>laudatam</span> <span class='ocrx_word' id='word_1_47' title='bbox 1093 787 1304 854; x_wconf 80' lang='lat' dir='ltr'>intulit,</span> <span class='ocrx_word' id='word_1_48' title='bbox 1319 802 1436 840; x_wconf 90' lang='lat' dir='ltr'>non</span> <span class='ocrx_word' id='word_1_49' title='bbox 1459 783 1845 851; x_wconf 78' lang='lat' dir='ltr'>inveniantur,</span> 
     </span>
    </p>
   </div>
   <div class='ocr_carea' id='block_1_8' title="bbox 224 873 1848 945">
    <p class='ocr_par' dir='ltr' id='par_1_8' title="bbox 224 873 1848 945">
     <span class='ocr_line' id='line_1_8' title="bbox 224 873 1848 945; baseline -0.007 -8"><span class='ocrx_word' id='word_1_50' title='bbox 224 879 574 938; x_wconf 83' lang='lat' dir='ltr'>retinendas</span> <span class='ocrx_word' id='word_1_51' title='bbox 605 883 802 933; x_wconf 88' lang='lat' dir='ltr'>tamen</span> <span class='ocrx_word' id='word_1_52' title='bbox 833 893 976 945; x_wconf 88' lang='lat' dir='ltr'>esse,</span> <span class='ocrx_word' id='word_1_53' title='bbox 999 893 1131 932; x_wconf 91' lang='lat' dir='ltr'>cum</span> <span class='ocrx_word' id='word_1_54' title='bbox 1163 880 1221 930; x_wconf 90' lang='lat' dir='ltr'>et</span> <span class='ocrx_word' id='word_1_55' title='bbox 1251 893 1286 930; x_wconf 89' lang='lat' dir='ltr'>a</span> <span class='ocrx_word' id='word_1_56' title='bbox 1308 875 1534 930; x_wconf 86' lang='lat' dir='ltr'>Labbeo</span> <span class='ocrx_word' id='word_1_57' title='bbox 1563 874 1621 928; x_wconf 92' lang='lat' dir='ltr'>in</span> <span class='ocrx_word' id='word_1_58' title='bbox 1652 873 1848 928; x_wconf 88' lang='lat' dir='ltr'>codice</span> 
     </span>
    </p>
   </div>
   <div class='ocr_carea' id='block_1_9' title="bbox 229 961 1852 1038">
    <p class='ocr_par' dir='ltr' id='par_1_9' title="bbox 229 961 1852 1038">
     <span class='ocr_line' id='line_1_9' title="bbox 229 961 1852 1038; baseline -0.006 -14"><span class='ocrx_word' id='word_1_59' title='bbox 229 969 514 1026; x_wconf 83' lang='lat' dir='ltr'>Remensi</span> <span class='ocrx_word' id='word_1_60' title='bbox 546 967 603 1022; x_wconf 91' lang='lat' dir='ltr'>S.</span> <span class='ocrx_word' id='word_1_61' title='bbox 629 966 918 1038; x_wconf 85' lang='lat' dir='ltr'>Remigiii,</span> <span class='ocrx_word' id='word_1_62' title='bbox 952 968 1009 1020; x_wconf 89' lang='lat' dir='ltr'>et</span> <span class='ocrx_word' id='word_1_63' title='bbox 1041 967 1112 1021; x_wconf 91' lang='lat' dir='ltr'>ab</span> <span class='ocrx_word' id='word_1_64' title='bbox 1141 965 1451 1020; x_wconf 81' lang='lat' dir='ltr'>Annalium</span> <span class='ocrx_word' id='word_1_65' title='bbox 1490 961 1852 1020; x_wconf 87' lang='lat' dir='ltr'>Carthusien-</span> 
     </span>
    </p>
   </div>
   <div class='ocr_carea' id='block_1_10' title="bbox 228 1053 1854 1128">
    <p class='ocr_par' dir='ltr' id='par_1_10' title="bbox 228 1053 1854 1128">
     <span class='ocr_line' id='line_1_10' title="bbox 228 1053 1854 1128; baseline -0.006 -14"><span class='ocrx_word' id='word_1_66' title='bbox 228 1059 386 1114; x_wconf 88' lang='lat' dir='ltr'>sium</span> <span class='ocrx_word' id='word_1_67' title='bbox 421 1057 552 1113; x_wconf 86' lang='lat' dir='ltr'>libri</span> <span class='ocrx_word' id='word_1_68' title='bbox 581 1057 771 1128; x_wconf 86' lang='lat' dir='ltr'>quarti</span> <span class='ocrx_word' id='word_1_69' title='bbox 798 1057 1076 1110; x_wconf 87' lang='lat' dir='ltr'>hactenus</span> <span class='ocrx_word' id='word_1_70' title='bbox 1091 1071 1208 1110; x_wconf 90' lang='lat' dir='ltr'>non</span> <span class='ocrx_word' id='word_1_71' title='bbox 1233 1053 1445 1126; x_wconf 83' lang='lat' dir='ltr'>vulgati</span> <span class='ocrx_word' id='word_1_72' title='bbox 1461 1055 1693 1107; x_wconf 89' lang='lat' dir='ltr'>auctore</span> <span class='ocrx_word' id='word_1_73' title='bbox 1716 1067 1854 1106; x_wconf 90' lang='lat' dir='ltr'>ano-</span> 
     </span>
    </p>
   </div>
   <div class='ocr_carea' id='block_1_11' title="bbox 227 1139 1853 1220">
    <p class='ocr_par' dir='ltr' id='par_1_11' title="bbox 227 1139 1853 1220">
     <span class='ocr_line' id='line_1_11' title="bbox 227 1139 1853 1220; baseline -0.005 -18"><span class='ocrx_word' id='word_1_74' title='bbox 227 1163 439 1220; x_wconf 76' lang='lat' dir='ltr'>nymo,</span> <span class='ocrx_word' id='word_1_75' title='bbox 462 1151 584 1201; x_wconf 88' lang='lat' dir='ltr'>tum</span> <span class='ocrx_word' id='word_1_76' title='bbox 610 1145 669 1199; x_wconf 89' lang='lat' dir='ltr'>in</span> <span class='ocrx_word' id='word_1_77' title='bbox 681 1145 810 1215; x_wconf 89' lang='lat' dir='ltr'>jam</span> <span class='ocrx_word' id='word_1_78' title='bbox 843 1161 1014 1215; x_wconf 78' lang='lat' dir='ltr'>supra</span> <span class='ocrx_word' id='word_1_79' title='bbox 1044 1145 1368 1197; x_wconf 90' lang='lat' dir='ltr'>memorato</span> <span class='ocrx_word' id='word_1_80' title='bbox 1389 1139 1853 1212; x_wconf 89' lang='lat' dir='ltr'>codice,reliquis</span> 
     </span>
    </p>
   </div>
   <div class='ocr_carea' id='block_1_12' title="bbox 231 1229 1856 1305">
    <p class='ocr_par' dir='ltr' id='par_1_12' title="bbox 231 1229 1856 1305">
     <span class='ocr_line' id='line_1_12' title="bbox 231 1229 1856 1305; baseline -0.006 -14"><span class='ocrx_word' id='word_1_81' title='bbox 231 1235 510 1292; x_wconf 89' lang='lat' dir='ltr'>omnibus</span> <span class='ocrx_word' id='word_1_82' title='bbox 541 1233 886 1305; x_wconf 84' lang='lat' dir='ltr'>antiquiore,</span> <span class='ocrx_word' id='word_1_83' title='bbox 921 1236 1043 1286; x_wconf 89' lang='lat' dir='ltr'>tum</span> <span class='ocrx_word' id='word_1_84' title='bbox 1076 1231 1252 1286; x_wconf 87' lang='lat' dir='ltr'>etiam</span> <span class='ocrx_word' id='word_1_85' title='bbox 1284 1230 1342 1284; x_wconf 92' lang='lat' dir='ltr'>in</span> <span class='ocrx_word' id='word_1_86' title='bbox 1375 1231 1517 1298; x_wconf 86' lang='lat' dir='ltr'>aliis,</span> <span class='ocrx_word' id='word_1_87' title='bbox 1533 1231 1615 1284; x_wconf 92' lang='lat' dir='ltr'>uti</span> <span class='ocrx_word' id='word_1_88' title='bbox 1645 1230 1690 1283; x_wconf 90' lang='lat' dir='ltr'>is</span> <span class='ocrx_word' id='word_1_89' title='bbox 1711 1229 1856 1299; x_wconf 89' lang='lat' dir='ltr'>ipse-</span> 
     </span>
    </p>
   </div>
   <div class='ocr_carea' id='block_1_13' title="bbox 231 1318 1855 1392">
    <p class='ocr_par' dir='ltr' id='par_1_13' title="bbox 231 1318 1855 1392">
     <span class='ocr_line' id='line_1_13' title="bbox 231 1318 1855 1392; baseline -0.007 -12"><span class='ocrx_word' id='word_1_90' title='bbox 231 1327 362 1380; x_wconf 85' lang='lat' dir='ltr'>met</span> <span class='ocrx_word' id='word_1_91' title='bbox 411 1325 680 1390; x_wconf 80' lang='lat' dir='ltr'>testatur,</span> <span class='ocrx_word' id='word_1_92' title='bbox 713 1321 930 1376; x_wconf 83' lang='lat' dir='ltr'>fuerint</span> <span class='ocrx_word' id='word_1_93' title='bbox 961 1323 1230 1392; x_wconf 77' lang='lat' dir='ltr'>repertm,</span> <span class='ocrx_word' id='word_1_94' title='bbox 1259 1318 1520 1390; x_wconf 84' lang='lat' dir='ltr'>exigique</span> <span class='ocrx_word' id='word_1_95' title='bbox 1554 1319 1626 1372; x_wconf 91' lang='lat' dir='ltr'>ad</span> <span class='ocrx_word' id='word_1_96' title='bbox 1657 1333 1855 1372; x_wconf 81' lang='lat' dir='ltr'>sensus</span> 
     </span>
    </p>
   </div>
   <div class='ocr_carea' id='block_1_14' title="bbox 235 1406 1856 1483">
    <p class='ocr_par' dir='ltr' id='par_1_14' title="bbox 235 1406 1856 1483">
     <span class='ocr_line' id='line_1_14' title="bbox 235 1406 1856 1483; baseline -0.006 -15"><span class='ocrx_word' id='word_1_97' title='bbox 235 1412 742 1483; x_wconf 86' lang='lat' dir='ltr'>complementum</span> <span class='ocrx_word' id='word_1_98' title='bbox 773 1409 1096 1464; x_wconf 83' lang='lat' dir='ltr'>videantur.</span> <span class='ocrx_word' id='word_1_99' title='bbox 1131 1409 1217 1462; x_wconf 83' lang='lat' dir='ltr'>Ad</span> <span class='ocrx_word' id='word_1_100' title='bbox 1254 1409 1500 1462; x_wconf 90' lang='lat' dir='ltr'>alterum</span> <span class='ocrx_word' id='word_1_101' title='bbox 1554 1424 1585 1462; x_wconf 91' lang='lat' dir='ltr'>e</span> <span class='ocrx_word' id='word_1_102' title='bbox 1635 1406 1856 1460; x_wconf 87' lang='lat' dir='ltr'>duobus</span> 
     </span>
    </p>
   </div>
   <div class='ocr_carea' id='block_1_15' title="bbox 238 1494 1858 1570">
    <p class='ocr_par' dir='ltr' id='par_1_15' title="bbox 238 1494 1858 1570">
     <span class='ocr_line' id='line_1_15' title="bbox 238 1494 1858 1570; baseline -0.005 -16"><span class='ocrx_word' id='word_1_103' title='bbox 238 1499 560 1566; x_wconf 86' lang='lat' dir='ltr'>Chronicis,</span> <span class='ocrx_word' id='word_1_104' title='bbox 594 1498 750 1570; x_wconf 89' lang='lat' dir='ltr'>quod</span> <span class='ocrx_word' id='word_1_105' title='bbox 771 1499 938 1568; x_wconf 89' lang='lat' dir='ltr'>plura</span> <span class='ocrx_word' id='word_1_106' title='bbox 961 1497 1148 1551; x_wconf 89' lang='lat' dir='ltr'>adhuc</span> <span class='ocrx_word' id='word_1_107' title='bbox 1181 1496 1250 1549; x_wconf 92' lang='lat' dir='ltr'>de</span> <span class='ocrx_word' id='word_1_108' title='bbox 1269 1494 1326 1548; x_wconf 93' lang='lat' dir='ltr'>S.</span> <span class='ocrx_word' id='word_1_109' title='bbox 1360 1496 1625 1549; x_wconf 90' lang='lat' dir='ltr'>Brunone</span> <span class='ocrx_word' id='word_1_110' title='bbox 1655 1509 1858 1564; x_wconf 89' lang='lat' dir='ltr'>suppe-</span> 
     </span>
    </p>
   </div>
   <div class='ocr_carea' id='block_1_16' title="bbox 239 1580 1858 1659">
    <p class='ocr_par' dir='ltr' id='par_1_16' title="bbox 239 1580 1858 1659">
     <span class='ocr_line' id='line_1_16' title="bbox 239 1580 1858 1659; baseline -0.006 -16"><span class='ocrx_word' id='word_1_111' title='bbox 239 1589 409 1654; x_wconf 87' lang='lat' dir='ltr'>ditat,</span> <span class='ocrx_word' id='word_1_112' title='bbox 447 1586 714 1659; x_wconf 87' lang='lat' dir='ltr'>quodque</span> <span class='ocrx_word' id='word_1_113' title='bbox 747 1586 916 1656; x_wconf 88' lang='lat' dir='ltr'>quale</span> <span class='ocrx_word' id='word_1_114' title='bbox 947 1584 1038 1651; x_wconf 90' lang='lat' dir='ltr'>sit,</span> <span class='ocrx_word' id='word_1_115' title='bbox 1073 1587 1130 1638; x_wconf 91' lang='lat' dir='ltr'>et</span> <span class='ocrx_word' id='word_1_116' title='bbox 1159 1584 1390 1656; x_wconf 88' lang='lat' dir='ltr'>quando</span> <span class='ocrx_word' id='word_1_117' title='bbox 1437 1582 1734 1654; x_wconf 88' lang='lat' dir='ltr'>scriptum,</span> <span class='ocrx_word' id='word_1_118' title='bbox 1766 1580 1858 1636; x_wconf 86' lang='lat' dir='ltr'>hic</span> 
     </span>
    </p>
   </div>
   <div class='ocr_carea' id='block_1_17' title="bbox 241 1670 1856 1742">
    <p class='ocr_par' dir='ltr' id='par_1_17' title="bbox 241 1670 1856 1742">
     <span class='ocr_line' id='line_1_17' title="bbox 241 1670 1856 1742; baseline -0.005 -12"><span class='ocrx_word' id='word_1_119' title='bbox 241 1675 423 1731; x_wconf 86' lang='lat' dir='ltr'>etiam</span> <span class='ocrx_word' id='word_1_120' title='bbox 438 1673 886 1738; x_wconf 89' lang='lat' dir='ltr'>discutiendum,</span> <span class='ocrx_word' id='word_1_121' title='bbox 904 1673 1027 1742; x_wconf 89' lang='lat' dir='ltr'>jam</span> <span class='ocrx_word' id='word_1_122' title='bbox 1063 1670 1597 1742; x_wconf 78' lang='lat' dir='ltr'>progredior.Aliud</span> <span class='ocrx_word' id='word_1_123' title='bbox 1613 1670 1719 1724; x_wconf 91' lang='lat' dir='ltr'>hoc</span> <span class='ocrx_word' id='word_1_124' title='bbox 1741 1684 1856 1724; x_wconf 91' lang='lat' dir='ltr'>non</span> 
     </span>
    </p>
   </div>
   <div class='ocr_carea' id='block_1_18' title="bbox 1943 519 2626 575">
    <p class='ocr_par' dir='ltr' id='par_1_18' title="bbox 1943 519 2626 575">
     <span class='ocr_line' id='line_1_18' title="bbox 1943 519 2626 575; baseline 0.004 -4"><span class='ocrx_word' id='word_1_125' title='bbox 1943 533 2097 574; x_wconf 88' lang='lat' dir='ltr'>anno</span> <span class='ocrx_word' id='word_1_126' title='bbox 2132 521 2263 574; x_wconf 75' lang='lat'><strong>1727</strong></span> <span class='ocrx_word' id='word_1_127' title='bbox 2293 519 2626 575; x_wconf 85' lang='lat' dir='ltr'>transmisit.</span> 
     </span>
    </p>
   </div>
   <div class='ocr_carea' id='block_1_19' title="bbox 2022 607 3552 682">
    <p class='ocr_par' dir='ltr' id='par_1_19' title="bbox 2022 607 3552 682">
     <span class='ocr_line' id='line_1_19' title="bbox 2022 607 3552 682; baseline 0.008 -21"><span class='ocrx_word' id='word_1_128' title='bbox 2022 611 2104 661; x_wconf 90' lang='grc'>10.</span> <span class='ocrx_word' id='word_1_129' title='bbox 2138 607 2232 662; x_wconf 89' lang='lat' dir='ltr'>Vir</span> <span class='ocrx_word' id='word_1_130' title='bbox 2261 608 2351 662; x_wconf 88' lang='lat' dir='ltr'>hic</span> <span class='ocrx_word' id='word_1_131' title='bbox 2381 609 2700 680; x_wconf 86' lang='lat' dir='ltr'>religiosus,</span> <span class='ocrx_word' id='word_1_132' title='bbox 2729 611 2965 665; x_wconf 88' lang='lat' dir='ltr'>scientia</span> <span class='ocrx_word' id='word_1_133' title='bbox 2997 629 3113 666; x_wconf 93' lang='lat' dir='ltr'>non</span> <span class='ocrx_word' id='word_1_134' title='bbox 3148 612 3355 682; x_wconf 89' lang='lat' dir='ltr'>minus,</span> <span class='ocrx_word' id='word_1_135' title='bbox 3375 617 3440 682; x_wconf 82' lang='lat' dir='ltr'>ut</span> <span class='ocrx_word' id='word_1_136' title='bbox 3463 619 3552 673; x_wconf 89' lang='lat' dir='ltr'>vel</span> 
     </span>
    </p>
   </div>
   <div class='ocr_carea' id='block_1_20' title="bbox 1947 680 3555 773">
    <p class='ocr_par' dir='ltr' id='par_1_20' title="bbox 1947 680 3555 773">
     <span class='ocr_line' id='line_1_20' title="bbox 1947 680 3555 773; baseline 0.007 -24"><span class='ocrx_word' id='word_1_137' title='bbox 1947 696 2133 750; x_wconf 88' lang='lat' dir='ltr'>solum</span> <span class='ocrx_word' id='word_1_138' title='bbox 2173 696 2279 751; x_wconf 88' lang='lat' dir='ltr'>hoc</span> <span class='ocrx_word' id='word_1_139' title='bbox 2306 713 2450 768; x_wconf 89' lang='lat' dir='ltr'>opus</span> <span class='ocrx_word' id='word_1_140' title='bbox 2475 699 2705 752; x_wconf 82' lang='lat' dir='ltr'>abunde</span> <span class='ocrx_word' id='word_1_141' title='bbox 2739 699 2966 770; x_wconf 86' lang='lat' dir='ltr'>probat,</span> <span class='ocrx_word' id='word_1_142' title='bbox 2999 717 3173 771; x_wconf 88' lang='lat' dir='ltr'>quam</span> <span class='ocrx_word' id='word_1_143' title='bbox 3194 680 3406 773; x_wconf 83' lang='lat' dir='ltr'>pietate</span> <span class='ocrx_word' id='word_1_144' title='bbox 3423 680 3555 759; x_wconf 79' lang='lat' dir='ltr'>insi-</span> 
     </span>
    </p>
   </div>
   <div class='ocr_carea' id='block_1_21' title="bbox 1949 783 3550 863">
    <p class='ocr_par' dir='ltr' id='par_1_21' title="bbox 1949 783 3550 863">
     <span class='ocr_line' id='line_1_21' title="bbox 1949 783 3550 863; baseline 0.007 -27"><span class='ocrx_word' id='word_1_145' title='bbox 1949 783 2096 853; x_wconf 90' lang='lat' dir='ltr'>gnis,</span> <span class='ocrx_word' id='word_1_146' title='bbox 2126 783 2418 855; x_wconf 86' lang='lat' dir='ltr'>integrum</span> <span class='ocrx_word' id='word_1_147' title='bbox 2449 785 2506 839; x_wconf 90' lang='lat' dir='ltr'>in</span> <span class='ocrx_word' id='word_1_148' title='bbox 2535 786 2593 840; x_wconf 93' lang='lat' dir='ltr'>id</span> <span class='ocrx_word' id='word_1_149' title='bbox 2617 786 2806 840; x_wconf 88' lang='lat' dir='ltr'>intulit</span> <span class='ocrx_word' id='word_1_150' title='bbox 2844 785 2901 842; x_wconf 89' lang='lat' dir='ltr'>S.</span> <span class='ocrx_word' id='word_1_151' title='bbox 2950 789 3230 845; x_wconf 90' lang='lat' dir='ltr'>Brunonis</span> <span class='ocrx_word' id='word_1_152' title='bbox 3275 793 3550 863; x_wconf 85' lang='lat' dir='ltr'>elogium,</span> 
     </span>
    </p>
   </div>
   <div class='ocr_carea' id='block_1_22' title="bbox 1949 871 3560 950">
    <p class='ocr_par' dir='ltr' id='par_1_22' title="bbox 1949 871 3560 950">
     <span class='ocr_line' id='line_1_22' title="bbox 1949 871 3560 950; baseline 0.007 -26"><span class='ocrx_word' id='word_1_153' title='bbox 1949 871 2298 944; x_wconf 87' lang='lat' dir='ltr'>descriptum</span> <span class='ocrx_word' id='word_1_154' title='bbox 2320 889 2351 927; x_wconf 92' lang='lat' dir='ltr'>e</span> <span class='ocrx_word' id='word_1_155' title='bbox 2371 875 2631 945; x_wconf 81' lang='lat' dir='ltr'>praefato,</span> <span class='ocrx_word' id='word_1_156' title='bbox 2652 875 2736 929; x_wconf 88' lang='lat' dir='ltr'>uti</span> <span class='ocrx_word' id='word_1_157' title='bbox 2764 875 2824 929; x_wconf 90' lang='lat' dir='ltr'>id</span> <span class='ocrx_word' id='word_1_158' title='bbox 2839 881 3001 932; x_wconf 86' lang='lat' dir='ltr'>vocat</span> <span class='ocrx_word' id='word_1_159' title='bbox 3031 878 3240 950; x_wconf 89' lang='lat' dir='ltr'>aliique</span> <span class='ocrx_word' id='word_1_160' title='bbox 3273 881 3560 937; x_wconf 89' lang='lat' dir='ltr'>nihilomi-</span> 
     </span>
    </p>
   </div>
   <div class='ocr_carea' id='block_1_23' title="bbox 1951 963 3555 1040">
    <p class='ocr_par' dir='ltr' id='par_1_23' title="bbox 1951 963 3555 1040">
     <span class='ocr_line' id='line_1_23' title="bbox 1951 963 3555 1040; baseline 0.007 -25"><span class='ocrx_word' id='word_1_161' title='bbox 1951 978 2056 1015; x_wconf 88' lang='lat' dir='ltr'>nus</span> <span class='ocrx_word' id='word_1_162' title='bbox 2103 963 2287 1028; x_wconf 87' lang='lat' dir='ltr'>aliter,</span> <span class='ocrx_word' id='word_1_163' title='bbox 2353 966 2415 1016; x_wconf 92' lang='lat' dir='ltr'>ut</span> <span class='ocrx_word' id='word_1_164' title='bbox 2457 964 2584 1034; x_wconf 88' lang='lat' dir='ltr'>jam</span> <span class='ocrx_word' id='word_1_165' title='bbox 2636 964 2821 1031; x_wconf 86' lang='lat' dir='ltr'>docui,</span> <span class='ocrx_word' id='word_1_166' title='bbox 2873 967 3186 1038; x_wconf 90' lang='lat' dir='ltr'>appellant,</span> <span class='ocrx_word' id='word_1_167' title='bbox 3230 969 3555 1040; x_wconf 90' lang='lat' dir='ltr'>primorum</span> 
     </span>
    </p>
   </div>
   <div class='ocr_carea' id='block_1_24' title="bbox 1951 1051 3558 1127">
    <p class='ocr_par' dir='ltr' id='par_1_24' title="bbox 1951 1051 3558 1127">
     <span class='ocr_line' id='line_1_24' title="bbox 1951 1051 3558 1127; baseline 0.007 -23"><span class='ocrx_word' id='word_1_168' title='bbox 1951 1051 2203 1122; x_wconf 90' lang='lat' dir='ltr'>quinque</span> <span class='ocrx_word' id='word_1_169' title='bbox 2235 1052 2451 1123; x_wconf 69' lang='lat' dir='ltr'>Magna:</span> <span class='ocrx_word' id='word_1_170' title='bbox 2485 1053 2795 1108; x_wconf 67' lang='lat' dir='ltr'>Carthusiaa</span> <span class='ocrx_word' id='word_1_171' title='bbox 2827 1054 3090 1110; x_wconf 87' lang='lat' dir='ltr'>Priorum</span> <span class='ocrx_word' id='word_1_172' title='bbox 3122 1056 3425 1127; x_wconf 91' lang='lat' dir='ltr'>Chronico,</span> <span class='ocrx_word' id='word_1_173' title='bbox 3459 1077 3558 1115; x_wconf 88' lang='lat' dir='ltr'>seu</span> 
     </span>
    </p>
   </div>
   <div class='ocr_carea' id='block_1_25' title="bbox 1953 1139 3561 1214">
    <p class='ocr_par' dir='ltr' id='par_1_25' title="bbox 1953 1139 3561 1214">
     <span class='ocr_line' id='line_1_25' title="bbox 1953 1139 3561 1214; baseline 0.007 -22"><span class='ocrx_word' id='word_1_174' title='bbox 1953 1139 2348 1210; x_wconf 89' lang='lat' dir='ltr'>antiquissimo</span> <span class='ocrx_word' id='word_1_175' title='bbox 2383 1141 2552 1210; x_wconf 88' lang='lat' dir='ltr'>hujus</span> <span class='ocrx_word' id='word_1_176' title='bbox 2599 1141 2931 1213; x_wconf 85' lang='lat' dir='ltr'>exemplari,</span> <span class='ocrx_word' id='word_1_177' title='bbox 2965 1147 3100 1198; x_wconf 87' lang='lat' dir='ltr'>ante</span> <span class='ocrx_word' id='word_1_178' title='bbox 3145 1162 3348 1214; x_wconf 87' lang='lat' dir='ltr'>annos,</span> <span class='ocrx_word' id='word_1_179' title='bbox 3387 1148 3466 1202; x_wconf 89' lang='lat' dir='ltr'>uti</span> <span class='ocrx_word' id='word_1_180' title='bbox 3494 1165 3561 1202; x_wconf 86' lang='lat' dir='ltr'>ex</span> 
     </span>
    </p>
   </div>
   <div class='ocr_carea' id='block_1_26' title="bbox 1953 1227 3560 1304">
    <p class='ocr_par' dir='ltr' id='par_1_26' title="bbox 1953 1227 3560 1304">
     <span class='ocr_line' id='line_1_26' title="bbox 1953 1227 3560 1304; baseline 0.007 -23"><span class='ocrx_word' id='word_1_181' title='bbox 1953 1227 2374 1282; x_wconf 87' lang='lat' dir='ltr'>characteribus</span> <span class='ocrx_word' id='word_1_182' title='bbox 2401 1229 2859 1296; x_wconf 83' lang='lat' dir='ltr'>autumat,facile</span> <span class='ocrx_word' id='word_1_183' title='bbox 2889 1233 3342 1304; x_wconf 80' lang='lat' dir='ltr'>quadringentos</span> <span class='ocrx_word' id='word_1_184' title='bbox 3363 1253 3560 1292; x_wconf 83' lang='lat' dir='ltr'>exara-</span> 
     </span>
    </p>
   </div>
   <div class='ocr_carea' id='block_1_27' title="bbox 1955 1316 3566 1387">
    <p class='ocr_par' dir='ltr' id='par_1_27' title="bbox 1955 1316 3566 1387">
     <span class='ocr_line' id='line_1_27' title="bbox 1955 1316 3566 1387; baseline 0.006 -17"><span class='ocrx_word' id='word_1_185' title='bbox 1955 1316 2194 1387; x_wconf 86' lang='lat' dir='ltr'>to,quod</span> <span class='ocrx_word' id='word_1_186' title='bbox 2216 1316 2272 1370; x_wconf 88' lang='lat' dir='ltr'>in</span> <span class='ocrx_word' id='word_1_187' title='bbox 2293 1317 2799 1372; x_wconf 88' lang='lat' dir='ltr'>Carthusianorum</span> <span class='ocrx_word' id='word_1_188' title='bbox 2823 1319 3248 1376; x_wconf 89' lang='lat' dir='ltr'>Coloniensium</span> <span class='ocrx_word' id='word_1_189' title='bbox 3263 1324 3566 1380; x_wconf 88' lang='lat' dir='ltr'>bibliothe-</span> 
     </span>
    </p>
   </div>
   <div class='ocr_carea' id='block_1_28' title="bbox 1955 1405 3568 1483">
    <p class='ocr_par' dir='ltr' id='par_1_28' title="bbox 1955 1405 3568 1483">
     <span class='ocr_line' id='line_1_28' title="bbox 1955 1405 3568 1483; baseline 0.006 -25"><span class='ocrx_word' id='word_1_190' title='bbox 1955 1421 2022 1458; x_wconf 90' lang='lat' dir='ltr'>ca</span> <span class='ocrx_word' id='word_1_191' title='bbox 2050 1407 2388 1471; x_wconf 84' lang='lat' dir='ltr'>asservatur,</span> <span class='ocrx_word' id='word_1_192' title='bbox 2402 1405 2532 1459; x_wconf 88' lang='lat' dir='ltr'>huic</span> <span class='ocrx_word' id='word_1_193' title='bbox 2550 1406 2688 1459; x_wconf 91' lang='lat' dir='ltr'>olim</span> <span class='ocrx_word' id='word_1_194' title='bbox 2703 1423 2736 1460; x_wconf 91' lang='lat' dir='ltr'>a</span> <span class='ocrx_word' id='word_1_195' title='bbox 2753 1408 2920 1461; x_wconf 88' lang='lat' dir='ltr'>Petro</span> <span class='ocrx_word' id='word_1_196' title='bbox 2939 1407 3414 1483; x_wconf 81' lang='lat' dir='ltr'>Rinckio,insigni</span> <span class='ocrx_word' id='word_1_197' title='bbox 3438 1413 3568 1468; x_wconf 88' lang='lat' dir='ltr'>Car-</span> 
     </span>
    </p>
   </div>
   <div class='ocr_carea' id='block_1_29' title="bbox 1958 1492 3569 1571">
    <p class='ocr_par' dir='ltr' id='par_1_29' title="bbox 1958 1492 3569 1571">
     <span class='ocr_line' id='line_1_29' title="bbox 1958 1492 3569 1571; baseline 0.006 -25"><span class='ocrx_word' id='word_1_198' title='bbox 1958 1493 2018 1546; x_wconf 91' lang='lat' dir='ltr'>th</span> <span class='ocrx_word' id='word_1_199' title='bbox 2027 1492 2157 1546; x_wconf 70' lang='lat' dir='ltr'>usize</span> <span class='ocrx_word' id='word_1_200' title='bbox 2173 1492 2526 1547; x_wconf 85' lang='lat' dir='ltr'>Coloniensis</span> <span class='ocrx_word' id='word_1_201' title='bbox 2541 1494 3236 1564; x_wconf 84' lang='lat' dir='ltr'>benefactore,donatum,</span> <span class='ocrx_word' id='word_1_202' title='bbox 3251 1499 3569 1571; x_wconf 87' lang='lat' dir='ltr'>integrum-</span> 
     </span>
    </p>
   </div>
   <div class='ocr_carea' id='block_1_30' title="bbox 1958 1580 3566 1659">
    <p class='ocr_par' dir='ltr' id='par_1_30' title="bbox 1958 1580 3566 1659">
     <span class='ocr_line' id='line_1_30' title="bbox 1958 1580 3566 1659; baseline 0.007 -26"><span class='ocrx_word' id='word_1_203' title='bbox 1958 1598 2068 1652; x_wconf 88' lang='lat' dir='ltr'>que</span> <span class='ocrx_word' id='word_1_204' title='bbox 2117 1597 2181 1634; x_wconf 91' lang='lat' dir='ltr'>ac</span> <span class='ocrx_word' id='word_1_205' title='bbox 2227 1580 2512 1635; x_wconf 83' lang='lat' dir='ltr'>sincerum</span> <span class='ocrx_word' id='word_1_206' title='bbox 2553 1599 2620 1634; x_wconf 82' lang='lat' dir='ltr'>ex</span> <span class='ocrx_word' id='word_1_207' title='bbox 2663 1584 2967 1638; x_wconf 87' lang='lat' dir='ltr'>collatione</span> <span class='ocrx_word' id='word_1_208' title='bbox 2993 1601 3123 1640; x_wconf 92' lang='lat' dir='ltr'>cum</span> <span class='ocrx_word' id='word_1_209' title='bbox 3170 1587 3566 1659; x_wconf 85' lang='lat' dir='ltr'>antiquissimo</span> 
     </span>
    </p>
   </div>
   <div class='ocr_carea' id='block_1_31' title="bbox 1961 1669 3572 1745">
    <p class='ocr_par' dir='ltr' id='par_1_31' title="bbox 1961 1669 3572 1745">
     <span class='ocr_line' id='line_1_31' title="bbox 1961 1669 3572 1745; baseline 0.006 -21"><span class='ocrx_word' id='word_1_210' title='bbox 1961 1669 2269 1724; x_wconf 71' lang='lat' dir='ltr'>Carthasim</span> <span class='ocrx_word' id='word_1_211' title='bbox 2299 1669 2524 1740; x_wconf 81' lang='lat' dir='ltr'>Majoris</span> <span class='ocrx_word' id='word_1_212' title='bbox 2572 1673 2883 1743; x_wconf 81' lang='lat' dir='ltr'>exemplari</span> <span class='ocrx_word' id='word_1_213' title='bbox 2927 1674 3373 1745; x_wconf 86' lang='lat' dir='ltr'>deprehensum.</span> <span class='ocrx_word' id='word_1_214' title='bbox 3427 1679 3572 1734; x_wconf 91' lang='lat' dir='ltr'>lllud</span> 
     </span>
    </p>
   </div>
   <div class='ocr_carea' id='block_1_32' title="bbox 242 1748 3570 1836">
    <p class='ocr_par' dir='ltr' id='par_1_32' title="bbox 242 1748 3570 1836">
     <span class='ocr_line' id='line_1_32' title="bbox 242 1748 3570 1836; baseline 0.001 -17"><span class='ocrx_word' id='word_1_215' title='bbox 242 1767 352 1832; x_wconf 88' lang='lat' dir='ltr'>est,</span> <span class='ocrx_word' id='word_1_216' title='bbox 387 1779 565 1836; x_wconf 91' lang='lat' dir='ltr'>quam</span> <span class='ocrx_word' id='word_1_217' title='bbox 584 1761 946 1818; x_wconf 87' lang='lat' dir='ltr'>Carthusiani</span> <span class='ocrx_word' id='word_1_218' title='bbox 965 1775 1108 1830; x_wconf 91' lang='lat' dir='ltr'>opus</span> <span class='ocrx_word' id='word_1_219' title='bbox 1140 1777 1238 1814; x_wconf 89' lang='lat' dir='ltr'>seu</span> <span class='ocrx_word' id='word_1_220' title='bbox 1270 1762 1566 1826; x_wconf 85' lang='lat' dir='ltr'>tractatus,</span> <span class='ocrx_word' id='word_1_221' title='bbox 1583 1757 1652 1812; x_wconf 89' lang='lat' dir='ltr'>de</span> <span class='ocrx_word' id='word_1_222' title='bbox 1669 1757 1859 1830; x_wconf 89' lang='lat' dir='ltr'>quoin</span> <span class='ocrx_word' id='word_1_223' title='bbox 1884 1748 1934 1806; x_wconf 93' lang='grc' dir='ltr'>Β</span> <span class='ocrx_word' id='word_1_224' title='bbox 1961 1774 2068 1829; x_wconf 82' lang='lat' dir='ltr'>ego</span> <span class='ocrx_word' id='word_1_225' title='bbox 2101 1756 2293 1811; x_wconf 85' lang='lat' dir='ltr'>Sancti</span> <span class='ocrx_word' id='word_1_226' title='bbox 2325 1757 2504 1812; x_wconf 85' lang='lat' dir='ltr'>nostri</span> <span class='ocrx_word' id='word_1_227' title='bbox 2543 1759 2818 1828; x_wconf 79' lang='lat' dir='ltr'>elogium,</span> <span class='ocrx_word' id='word_1_228' title='bbox 2849 1760 2989 1814; x_wconf 66' lang='lat' dir='ltr'>Vita:</span> <span class='ocrx_word' id='word_1_229' title='bbox 3038 1763 3375 1834; x_wconf 85' lang='lat' dir='ltr'>antiquioris</span> <span class='ocrx_word' id='word_1_230' title='bbox 3404 1766 3570 1823; x_wconf 88' lang='lat' dir='ltr'>titulo</span> 
     </span>
    </p>
   </div>
   <div class='ocr_carea' id='block_1_33' title="bbox 243 1848 1859 1909">
    <p class='ocr_par' dir='ltr' id='par_1_33' title="bbox 243 1848 1859 1909">
     <span class='ocr_line' id='line_1_33' title="bbox 243 1848 1859 1909; baseline -0.004 -3"><span class='ocrx_word' id='word_1_231' title='bbox 243 1869 348 1909; x_wconf 87' lang='lat' dir='ltr'>sua</span> <span class='ocrx_word' id='word_1_232' title='bbox 367 1853 440 1906; x_wconf 90' lang='lat' dir='ltr'>de</span> <span class='ocrx_word' id='word_1_233' title='bbox 463 1850 972 1906; x_wconf 86' lang='lat' dir='ltr'>Carthusianorum</span> <span class='ocrx_word' id='word_1_234' title='bbox 991 1849 1164 1904; x_wconf 88' lang='lat' dir='ltr'>initiis</span> <span class='ocrx_word' id='word_1_235' title='bbox 1183 1848 1593 1903; x_wconf 87' lang='lat' dir='ltr'>Dissertatione</span> <span class='ocrx_word' id='word_1_236' title='bbox 1609 1863 1771 1900; x_wconf 90' lang='lat' dir='ltr'>num.</span> <span class='ocrx_word' id='word_1_237' title='bbox 1794 1850 1859 1900; x_wconf 83' lang='lat'><strong>5’7</strong></span> 
     </span>
    </p>
   </div>
   <div class='ocr_carea' id='block_1_34' title="bbox 245 1935 1862 2011">
    <p class='ocr_par' dir='ltr' id='par_1_34' title="bbox 245 1935 1862 2011">
     <span class='ocr_line' id='line_1_34' title="bbox 245 1935 1862 2011; baseline -0.004 -16"><span class='ocrx_word' id='word_1_238' title='bbox 245 1945 304 1995; x_wconf 92' lang='lat' dir='ltr'>et</span> <span class='ocrx_word' id='word_1_239' title='bbox 332 1941 460 1994; x_wconf 89' lang='lat' dir='ltr'>aliis</span> <span class='ocrx_word' id='word_1_240' title='bbox 480 1940 734 2011; x_wconf 83' lang='lat' dir='ltr'>pluribus</span> <span class='ocrx_word' id='word_1_241' title='bbox 763 1939 1017 1993; x_wconf 80' lang='lat' dir='ltr'>Joannes</span> <span class='ocrx_word' id='word_1_242' title='bbox 1043 1935 1635 2005; x_wconf 87' lang='lat' dir='ltr'>Columbi,Societatis</span> <span class='ocrx_word' id='word_1_243' title='bbox 1651 1939 1862 1990; x_wconf 70' lang='lat' dir='ltr'>nostrae</span> 
     </span>
    </p>
   </div>
   <div class='ocr_carea' id='block_1_35' title="bbox 247 2025 1864 2094">
    <p class='ocr_par' dir='ltr' id='par_1_35' title="bbox 247 2025 1864 2094">
     <span class='ocr_line' id='line_1_35' title="bbox 247 2025 1864 2094; baseline -0.004 -10"><span class='ocrx_word' id='word_1_244' title='bbox 247 2027 538 2092; x_wconf 87' lang='lat' dir='ltr'>sacerdos,</span> <span class='ocrx_word' id='word_1_245' title='bbox 584 2029 709 2082; x_wconf 81' lang='lat' dir='ltr'>fuse</span> <span class='ocrx_word' id='word_1_246' title='bbox 741 2027 986 2093; x_wconf 86' lang='lat' dir='ltr'>disserit,</span> <span class='ocrx_word' id='word_1_247' title='bbox 1012 2029 1166 2081; x_wconf 90' lang='lat' dir='ltr'>recte</span> <span class='ocrx_word' id='word_1_248' title='bbox 1199 2025 1415 2080; x_wconf 88' lang='lat' dir='ltr'>ibidem</span> <span class='ocrx_word' id='word_1_249' title='bbox 1448 2041 1611 2078; x_wconf 89' lang='lat' dir='ltr'>num.</span> <span class='ocrx_word' id='word_1_250' title='bbox 1641 2026 1700 2079; x_wconf 87' lang='grc'><strong>61</strong></span> <span class='ocrx_word' id='word_1_251' title='bbox 1736 2039 1864 2094; x_wconf 88' lang='lat' dir='ltr'>pro-</span> 
     </span>
    </p>
   </div>
   <div class='ocr_carea' id='block_1_36' title="bbox 243 2111 1863 2184">
    <p class='ocr_par' dir='ltr' id='par_1_36' title="bbox 243 2111 1863 2184">
     <span class='ocr_line' id='line_1_36' title="bbox 243 2111 1863 2184; baseline -0.003 -13"><span class='ocrx_word' id='word_1_252' title='bbox 243 2118 410 2184; x_wconf 87' lang='lat' dir='ltr'>bans,</span> <span class='ocrx_word' id='word_1_253' title='bbox 443 2116 776 2170; x_wconf 87' lang='lat' dir='ltr'>Tractatum</span> <span class='ocrx_word' id='word_1_254' title='bbox 821 2115 984 2168; x_wconf 88' lang='lat' dir='ltr'>illum</span> <span class='ocrx_word' id='word_1_255' title='bbox 1036 2113 1447 2168; x_wconf 88' lang='lat' dir='ltr'>concinnatum</span> <span class='ocrx_word' id='word_1_256' title='bbox 1479 2129 1597 2166; x_wconf 89' lang='lat' dir='ltr'>non</span> <span class='ocrx_word' id='word_1_257' title='bbox 1627 2111 1798 2166; x_wconf 86' lang='lat' dir='ltr'>fuisse</span> <span class='ocrx_word' id='word_1_258' title='bbox 1829 2128 1863 2166; x_wconf 77' lang='grc' dir='ltr'>δ,</span> 
     </span>
    </p>
   </div>
   <div class='ocr_carea' id='block_1_37' title="bbox 245 2198 1860 2272">
    <p class='ocr_par' dir='ltr' id='par_1_37' title="bbox 245 2198 1860 2272">
     <span class='ocr_line' id='line_1_37' title="bbox 245 2198 1860 2272; baseline -0.004 -14"><span class='ocrx_word' id='word_1_259' title='bbox 245 2205 551 2259; x_wconf 85' lang='lat' dir='ltr'>Cuillelmo</span> <span class='ocrx_word' id='word_1_260' title='bbox 583 2203 654 2257; x_wconf 94' lang='lat' dir='ltr'>de</span> <span class='ocrx_word' id='word_1_261' title='bbox 686 2203 898 2256; x_wconf 87' lang='lat' dir='ltr'>Elbura</span> <span class='ocrx_word' id='word_1_262' title='bbox 915 2218 1013 2255; x_wconf 89' lang='lat' dir='ltr'>seu</span> <span class='ocrx_word' id='word_1_263' title='bbox 1031 2201 1102 2255; x_wconf 90' lang='lat' dir='ltr'>de</span> <span class='ocrx_word' id='word_1_264' title='bbox 1117 2199 1420 2272; x_wconf 84' lang='lat' dir='ltr'>Yporegia,</span> <span class='ocrx_word' id='word_1_265' title='bbox 1455 2203 1572 2264; x_wconf 87' lang='lat' dir='ltr'>aut,</span> <span class='ocrx_word' id='word_1_266' title='bbox 1594 2199 1638 2252; x_wconf 91' lang='lat' dir='ltr'>si</span> <span class='ocrx_word' id='word_1_267' title='bbox 1661 2198 1860 2266; x_wconf 83' lang='lat' dir='ltr'>mavis,</span> 
     </span>
    </p>
   </div>
   <div class='ocr_carea' id='block_1_38' title="bbox 245 2287 1862 2360">
    <p class='ocr_par' dir='ltr' id='par_1_38' title="bbox 245 2287 1862 2360">
     <span class='ocr_line' id='line_1_38' title="bbox 245 2287 1862 2360; baseline -0.002 -14"><span class='ocrx_word' id='word_1_268' title='bbox 245 2293 317 2346; x_wconf 84' lang='lat' dir='ltr'>ab</span> <span class='ocrx_word' id='word_1_269' title='bbox 347 2295 584 2346; x_wconf 89' lang='lat' dir='ltr'>auctore</span> <span class='ocrx_word' id='word_1_270' title='bbox 603 2292 879 2344; x_wconf 87' lang='lat' dir='ltr'>tractatus</span> <span class='ocrx_word' id='word_1_271' title='bbox 896 2289 965 2343; x_wconf 91' lang='lat' dir='ltr'>de</span> <span class='ocrx_word' id='word_1_272' title='bbox 985 2288 1216 2360; x_wconf 89' lang='lat' dir='ltr'>Origine</span> <span class='ocrx_word' id='word_1_273' title='bbox 1248 2291 1305 2342; x_wconf 90' lang='lat' dir='ltr'>et</span> <span class='ocrx_word' id='word_1_274' title='bbox 1337 2288 1575 2342; x_wconf 87' lang='lat' dir='ltr'>veritate</span> <span class='ocrx_word' id='word_1_275' title='bbox 1593 2287 1862 2357; x_wconf 75' lang='lat' dir='ltr'>perfecta:</span> 
     </span>
    </p>
   </div>
   <div class='ocr_carea' id='block_1_39' title="bbox 243 2373 1862 2450">
    <p class='ocr_par' dir='ltr' id='par_1_39' title="bbox 243 2373 1862 2450">
     <span class='ocr_line' id='line_1_39' title="bbox 243 2373 1862 2450; baseline -0.003 -17"><span class='ocrx_word' id='word_1_276' title='bbox 243 2379 565 2450; x_wconf 87' lang='lat' dir='ltr'>religionis,</span> <span class='ocrx_word' id='word_1_277' title='bbox 599 2378 712 2432; x_wconf 88' lang='lat' dir='ltr'>sive</span> <span class='ocrx_word' id='word_1_278' title='bbox 744 2377 788 2432; x_wconf 91' lang='lat' dir='ltr'>is</span> <span class='ocrx_word' id='word_1_279' title='bbox 818 2392 1039 2443; x_wconf 81' lang='lat' dir='ltr'>revera,</span> <span class='ocrx_word' id='word_1_280' title='bbox 1073 2378 1136 2428; x_wconf 89' lang='lat' dir='ltr'>ut</span> <span class='ocrx_word' id='word_1_281' title='bbox 1167 2375 1429 2429; x_wconf 89' lang='lat' dir='ltr'>Columbi</span> <span class='ocrx_word' id='word_1_282' title='bbox 1456 2373 1862 2445; x_wconf 86' lang='lat' dir='ltr'>putavit,Guil-</span> 
     </span>
    </p>
   </div>
   <div class='ocr_carea' id='block_1_40' title="bbox 245 2461 1866 2532">
    <p class='ocr_par' dir='ltr' id='par_1_40' title="bbox 245 2461 1866 2532">
     <span class='ocr_line' id='line_1_40' title="bbox 245 2461 1866 2532; baseline -0.004 -11"><span class='ocrx_word' id='word_1_283' title='bbox 245 2469 455 2521; x_wconf 89' lang='lat' dir='ltr'>lelmus</span> <span class='ocrx_word' id='word_1_284' title='bbox 483 2467 556 2521; x_wconf 89' lang='lat' dir='ltr'>de</span> <span class='ocrx_word' id='word_1_285' title='bbox 591 2466 798 2519; x_wconf 84' lang='lat' dir='ltr'>Elbura</span> <span class='ocrx_word' id='word_1_286' title='bbox 831 2463 921 2530; x_wconf 88' lang='lat' dir='ltr'>sit,</span> <span class='ocrx_word' id='word_1_287' title='bbox 954 2463 1067 2518; x_wconf 86' lang='lat' dir='ltr'>sive</span> <span class='ocrx_word' id='word_1_288' title='bbox 1103 2464 1266 2529; x_wconf 89' lang='lat' dir='ltr'>Boso,</span> <span class='ocrx_word' id='word_1_289' title='bbox 1304 2462 1558 2516; x_wconf 89' lang='lat' dir='ltr'>decimus</span> <span class='ocrx_word' id='word_1_290' title='bbox 1585 2461 1866 2532; x_wconf 89' lang='lat' dir='ltr'>septimus</span> 
     </span>
    </p>
   </div>
   <div class='ocr_carea' id='block_1_41' title="bbox 245 2550 1866 2624">
    <p class='ocr_par' dir='ltr' id='par_1_41' title="bbox 245 2550 1866 2624">
     <span class='ocr_line' id='line_1_41' title="bbox 245 2550 1866 2624; baseline -0.002 -14"><span class='ocrx_word' id='word_1_291' title='bbox 245 2555 563 2610; x_wconf 68' lang='lat' dir='ltr'>Carthusize</span> <span class='ocrx_word' id='word_1_292' title='bbox 613 2552 838 2624; x_wconf 68' lang='lat' dir='ltr'>Majonis</span> <span class='ocrx_word' id='word_1_293' title='bbox 881 2551 1059 2623; x_wconf 91' lang='lat' dir='ltr'>prior,</span> <span class='ocrx_word' id='word_1_294' title='bbox 1106 2555 1168 2605; x_wconf 92' lang='lat' dir='ltr'>ut</span> <span class='ocrx_word' id='word_1_295' title='bbox 1209 2551 1424 2623; x_wconf 89' lang='lat' dir='ltr'>pluries</span> <span class='ocrx_word' id='word_1_296' title='bbox 1447 2551 1573 2621; x_wconf 84' lang='lat' dir='ltr'>jam</span> <span class='ocrx_word' id='word_1_297' title='bbox 1605 2550 1866 2606; x_wconf 89' lang='lat' dir='ltr'>laudatus</span> 
     </span>
    </p>
   </div>
   <div class='ocr_carea' id='block_1_42' title="bbox 243 2638 1866 2714">
    <p class='ocr_par' dir='ltr' id='par_1_42' title="bbox 243 2638 1866 2714">
     <span class='ocr_line' id='line_1_42' title="bbox 243 2638 1866 2714; baseline -0.005 -14"><span class='ocrx_word' id='word_1_298' title='bbox 243 2644 534 2700; x_wconf 87' lang='lat' dir='ltr'>annalista</span> <span class='ocrx_word' id='word_1_299' title='bbox 554 2658 896 2714; x_wconf 84' lang='lat' dir='ltr'>anonymus,</span> <span class='ocrx_word' id='word_1_300' title='bbox 910 2639 1007 2712; x_wconf 86' lang='lat' dir='ltr'>qui</span> <span class='ocrx_word' id='word_1_301' title='bbox 1038 2639 1526 2694; x_wconf 89' lang='lat' dir='ltr'>Carthusiensium</span> <span class='ocrx_word' id='word_1_302' title='bbox 1553 2638 1866 2692; x_wconf 85' lang='lat' dir='ltr'>Annalium</span> 
     </span>
    </p>
   </div>
   <div class='ocr_carea' id='block_1_43' title="bbox 243 2726 1865 2803">
    <p class='ocr_par' dir='ltr' id='par_1_43' title="bbox 243 2726 1865 2803">
     <span class='ocr_line' id='line_1_43' title="bbox 243 2726 1865 2803; baseline -0.004 -16"><span class='ocrx_word' id='word_1_303' title='bbox 243 2733 461 2787; x_wconf 89' lang='lat' dir='ltr'>librum</span> <span class='ocrx_word' id='word_1_304' title='bbox 511 2735 783 2803; x_wconf 89' lang='lat' dir='ltr'>quartum</span> <span class='ocrx_word' id='word_1_305' title='bbox 830 2729 1108 2783; x_wconf 86' lang='lat' dir='ltr'>hactenus</span> <span class='ocrx_word' id='word_1_306' title='bbox 1143 2744 1260 2782; x_wconf 89' lang='lat' dir='ltr'>non</span> <span class='ocrx_word' id='word_1_307' title='bbox 1293 2729 1586 2798; x_wconf 88' lang='lat' dir='ltr'>vulgatum</span> <span class='ocrx_word' id='word_1_308' title='bbox 1621 2726 1865 2798; x_wconf 90' lang='lat' dir='ltr'>scripsit,</span> 
     </span>
    </p>
   </div>
   <div class='ocr_carea' id='block_1_44' title="bbox 245 2817 1866 2888">
    <p class='ocr_par' dir='ltr' id='par_1_44' title="bbox 245 2817 1866 2888">
     <span class='ocr_line' id='line_1_44' title="bbox 245 2817 1866 2888; baseline -0.004 -12"><span class='ocrx_word' id='word_1_309' title='bbox 245 2839 412 2876; x_wconf 89' lang='lat' dir='ltr'>num.</span> <span class='ocrx_word' id='word_1_310' title='bbox 451 2824 517 2875; x_wconf 79' lang='lat'><strong>55</strong></span> <span class='ocrx_word' id='word_1_311' title='bbox 550 2817 866 2883; x_wconf 91' lang='lat' dir='ltr'>contendit,</span> <span class='ocrx_word' id='word_1_312' title='bbox 885 2833 1058 2888; x_wconf 88' lang='lat' dir='ltr'>seque</span> <span class='ocrx_word' id='word_1_313' title='bbox 1090 2820 1290 2888; x_wconf 87' lang='lat' dir='ltr'>postea</span> <span class='ocrx_word' id='word_1_314' title='bbox 1319 2817 1702 2887; x_wconf 89' lang='lat' dir='ltr'>probaturum</span> <span class='ocrx_word' id='word_1_315' title='bbox 1732 2831 1866 2888; x_wconf 91' lang='lat' dir='ltr'>pro-</span> 
     </span>
    </p>
   </div>
   <div class='ocr_carea' id='block_1_45' title="bbox 245 2910 612 2965">
    <p class='ocr_par' dir='ltr' id='par_1_45' title="bbox 245 2910 612 2965">
     <span class='ocr_line' id='line_1_45' title="bbox 245 2910 612 2965; baseline -0.011 0"><span class='ocrx_word' id='word_1_316' title='bbox 245 2910 449 2965; x_wconf 87' lang='lat' dir='ltr'>mittit.</span> <span class='ocrx_word' id='word_1_317' title='bbox 603 2911 612 2919; x_wconf 89' lang='lat'><strong>&#39;</strong></span> 
     </span>
    </p>
   </div>
   <div class='ocr_carea' id='block_1_46' title="bbox 1961 1845 3570 1924">
    <p class='ocr_par' dir='ltr' id='par_1_46' title="bbox 1961 1845 3570 1924">
     <span class='ocr_line' id='line_1_46' title="bbox 1961 1845 3570 1924; baseline 0.006 -24"><span class='ocrx_word' id='word_1_318' title='bbox 1961 1845 2698 1917; x_wconf 88' lang='lat' dir='ltr'>insignitum,numerisque</span> <span class='ocrx_word' id='word_1_319' title='bbox 2713 1865 2816 1918; x_wconf 89' lang='lat' dir='ltr'>pro</span> <span class='ocrx_word' id='word_1_320' title='bbox 2833 1864 2993 1902; x_wconf 87' lang='lat' dir='ltr'>more</span> <span class='ocrx_word' id='word_1_321' title='bbox 3008 1853 3204 1904; x_wconf 88' lang='lat' dir='ltr'>nostro</span> <span class='ocrx_word' id='word_1_322' title='bbox 3217 1851 3570 1924; x_wconf 89' lang='lat' dir='ltr'>distinctum,</span> 
     </span>
    </p>
   </div>
   <div class='ocr_carea' id='block_1_47' title="bbox 1963 1933 3574 2004">
    <p class='ocr_par' dir='ltr' id='par_1_47' title="bbox 1963 1933 3574 2004">
     <span class='ocr_line' id='line_1_47' title="bbox 1963 1933 3574 2004; baseline 0.006 -17"><span class='ocrx_word' id='word_1_323' title='bbox 1963 1933 2169 1987; x_wconf 89' lang='lat' dir='ltr'>additis</span> <span class='ocrx_word' id='word_1_324' title='bbox 2201 1933 2397 1999; x_wconf 88' lang='lat' dir='ltr'>etiam,</span> <span class='ocrx_word' id='word_1_325' title='bbox 2430 1933 2527 1986; x_wconf 93' lang='lat' dir='ltr'>ubi</span> <span class='ocrx_word' id='word_1_326' title='bbox 2559 1949 2882 2004; x_wconf 80' lang='lat' dir='ltr'>congruum</span> <span class='ocrx_word' id='word_1_327' title='bbox 2910 1935 3102 2004; x_wconf 86' lang='lat' dir='ltr'>fuerit,</span> <span class='ocrx_word' id='word_1_328' title='bbox 3126 1939 3198 1992; x_wconf 92' lang='lat' dir='ltr'>ad</span> <span class='ocrx_word' id='word_1_329' title='bbox 3220 1940 3436 1994; x_wconf 89' lang='lat' dir='ltr'>calcem</span> <span class='ocrx_word' id='word_1_330' title='bbox 3457 1945 3574 1997; x_wconf 83' lang='lat' dir='ltr'>An-</span> 
     </span>
    </p>
   </div>
   <div class='ocr_carea' id='block_1_48' title="bbox 1964 2021 3577 2097">
    <p class='ocr_par' dir='ltr' id='par_1_48' title="bbox 1964 2021 3577 2097">
     <span class='ocr_line' id='line_1_48' title="bbox 1964 2021 3577 2097; baseline 0.007 -23"><span class='ocrx_word' id='word_1_331' title='bbox 1964 2021 2377 2086; x_wconf 86' lang='lat' dir='ltr'>notationibus,</span> <span class='ocrx_word' id='word_1_332' title='bbox 2429 2021 2860 2078; x_wconf 88' lang='lat' dir='ltr'>Commentario</span> <span class='ocrx_word' id='word_1_333' title='bbox 2893 2024 3022 2078; x_wconf 91' lang='lat' dir='ltr'>huic</span> <span class='ocrx_word' id='word_1_334' title='bbox 3065 2027 3469 2097; x_wconf 73' lang='lat' dir='ltr'>subiuncturus</span> <span class='ocrx_word' id='word_1_335' title='bbox 3490 2031 3577 2086; x_wconf 89' lang='lat' dir='ltr'>id-</span> 
     </span>
    </p>
   </div>
   <div class='ocr_carea' id='block_1_49' title="bbox 1963 2109 3575 2191">
    <p class='ocr_par' dir='ltr' id='par_1_49' title="bbox 1963 2109 3575 2191">
     <span class='ocr_line' id='line_1_49' title="bbox 1963 2109 3575 2191; baseline 0.008 -29"><span class='ocrx_word' id='word_1_336' title='bbox 1963 2109 2112 2163; x_wconf 90' lang='lat' dir='ltr'>circo</span> <span class='ocrx_word' id='word_1_337' title='bbox 2159 2127 2306 2176; x_wconf 91' lang='lat' dir='ltr'>sum,</span> <span class='ocrx_word' id='word_1_338' title='bbox 2343 2109 2498 2182; x_wconf 91' lang='lat' dir='ltr'>quod</span> <span class='ocrx_word' id='word_1_339' title='bbox 2535 2110 2813 2181; x_wconf 81' lang='lat' dir='ltr'>scriptum</span> <span class='ocrx_word' id='word_1_340' title='bbox 2851 2112 3004 2168; x_wconf 90' lang='lat' dir='ltr'>aliud</span> <span class='ocrx_word' id='word_1_341' title='bbox 3033 2116 3340 2187; x_wconf 86' lang='lat' dir='ltr'>antiquius,</span> <span class='ocrx_word' id='word_1_342' title='bbox 3374 2117 3432 2172; x_wconf 91' lang='lat' dir='ltr'>in</span> <span class='ocrx_word' id='word_1_343' title='bbox 3461 2136 3575 2191; x_wconf 90' lang='lat' dir='ltr'>quo</span> 
     </span>
    </p>
   </div>
   <div class='ocr_carea' id='block_1_50' title="bbox 1965 2197 3581 2269">
    <p class='ocr_par' dir='ltr' id='par_1_50' title="bbox 1965 2197 3581 2269">
     <span class='ocr_line' id='line_1_50' title="bbox 1965 2197 3581 2269; baseline 0.008 -19"><span class='ocrx_word' id='word_1_344' title='bbox 1965 2198 2128 2269; x_wconf 88' lang='lat' dir='ltr'>plura</span> <span class='ocrx_word' id='word_1_345' title='bbox 2159 2197 2229 2251; x_wconf 89' lang='lat' dir='ltr'>de</span> <span class='ocrx_word' id='word_1_346' title='bbox 2263 2199 2528 2253; x_wconf 81' lang='lat' dir='ltr'>Brunone</span> <span class='ocrx_word' id='word_1_347' title='bbox 2551 2202 2980 2268; x_wconf 87' lang='lat' dir='ltr'>recenseantur,</span> <span class='ocrx_word' id='word_1_348' title='bbox 3007 2218 3125 2256; x_wconf 90' lang='lat' dir='ltr'>non</span> <span class='ocrx_word' id='word_1_349' title='bbox 3147 2204 3486 2261; x_wconf 88' lang='lat' dir='ltr'>invenerim.</span> <span class='ocrx_word' id='word_1_350' title='bbox 3511 2209 3581 2263; x_wconf 86' lang='lat' dir='ltr'>Et</span> 
     </span>
    </p>
   </div>
   <div class='ocr_carea' id='block_1_51' title="bbox 1965 2285 3578 2358">
    <p class='ocr_par' dir='ltr' id='par_1_51' title="bbox 1965 2285 3578 2358">
     <span class='ocr_line' id='line_1_51' title="bbox 1965 2285 3578 2358; baseline 0.007 -19"><span class='ocrx_word' id='word_1_351' title='bbox 1965 2287 2142 2341; x_wconf 87' lang='lat' dir='ltr'>lector</span> <span class='ocrx_word' id='word_1_352' title='bbox 2189 2285 2446 2358; x_wconf 87' lang='lat' dir='ltr'>quidem,</span> <span class='ocrx_word' id='word_1_353' title='bbox 2507 2303 2682 2358; x_wconf 90' lang='lat' dir='ltr'>quam</span> <span class='ocrx_word' id='word_1_354' title='bbox 2743 2289 2925 2342; x_wconf 89' lang='lat' dir='ltr'>multa</span> <span class='ocrx_word' id='word_1_355' title='bbox 2972 2289 3042 2344; x_wconf 90' lang='lat' dir='ltr'>de</span> <span class='ocrx_word' id='word_1_356' title='bbox 3097 2296 3295 2348; x_wconf 88' lang='lat' dir='ltr'>sancto</span> <span class='ocrx_word' id='word_1_357' title='bbox 3350 2295 3578 2351; x_wconf 88' lang='lat' dir='ltr'>Ordinis</span> 
     </span>
    </p>
   </div>
   <div class='ocr_carea' id='block_1_52' title="bbox 1967 2373 3580 2456">
    <p class='ocr_par' dir='ltr' id='par_1_52' title="bbox 1967 2373 3580 2456">
     <span class='ocr_line' id='line_1_52' title="bbox 1967 2373 3580 2456; baseline 0.006 -28"><span class='ocrx_word' id='word_1_358' title='bbox 1967 2373 2381 2428; x_wconf 88' lang='lat' dir='ltr'>Carthusiensis</span> <span class='ocrx_word' id='word_1_359' title='bbox 2428 2374 2756 2428; x_wconf 86' lang='lat' dir='ltr'>lnstitutore</span> <span class='ocrx_word' id='word_1_360' title='bbox 2807 2375 3022 2430; x_wconf 90' lang='lat' dir='ltr'>dictum</span> <span class='ocrx_word' id='word_1_361' title='bbox 3073 2379 3327 2450; x_wconf 89' lang='lat' dir='ltr'>elogium</span> <span class='ocrx_word' id='word_1_362' title='bbox 3376 2399 3580 2456; x_wconf 88' lang='lat' dir='ltr'>suppe-</span> 
     </span>
    </p>
   </div>
   <div class='ocr_carea' id='block_1_53' title="bbox 1967 2461 3578 2540">
    <p class='ocr_par' dir='ltr' id='par_1_53' title="bbox 1967 2461 3578 2540">
     <span class='ocr_line' id='line_1_53' title="bbox 1967 2461 3578 2540; baseline 0.006 -24"><span class='ocrx_word' id='word_1_363' title='bbox 1967 2463 2128 2526; x_wconf 88' lang='lat' dir='ltr'>ditet,</span> <span class='ocrx_word' id='word_1_364' title='bbox 2161 2461 2326 2515; x_wconf 84' lang='lat' dir='ltr'>facile</span> <span class='ocrx_word' id='word_1_365' title='bbox 2353 2461 2410 2516; x_wconf 92' lang='lat' dir='ltr'>id</span> <span class='ocrx_word' id='word_1_366' title='bbox 2423 2462 2752 2516; x_wconf 81' lang='lat' dir='ltr'>.evolvendo</span> <span class='ocrx_word' id='word_1_367' title='bbox 2781 2463 3210 2534; x_wconf 88' lang='lat' dir='ltr'>deprehendet;</span> <span class='ocrx_word' id='word_1_368' title='bbox 3239 2486 3413 2540; x_wconf 89' lang='lat' dir='ltr'>quam</span> <span class='ocrx_word' id='word_1_369' title='bbox 3445 2488 3578 2526; x_wconf 83' lang='lat' dir='ltr'>vero</span> 
     </span>
    </p>
   </div>
   <div class='ocr_carea' id='block_1_54' title="bbox 1967 2551 3576 2626">
    <p class='ocr_par' dir='ltr' id='par_1_54' title="bbox 1967 2551 3576 2626">
     <span class='ocr_line' id='line_1_54' title="bbox 1967 2551 3576 2626; baseline 0.006 -21"><span class='ocrx_word' id='word_1_370' title='bbox 1967 2551 2123 2606; x_wconf 90' lang='lat' dir='ltr'>idem</span> <span class='ocrx_word' id='word_1_371' title='bbox 2162 2551 2466 2622; x_wconf 88' lang='lat' dir='ltr'>antiquum</span> <span class='ocrx_word' id='word_1_372' title='bbox 2497 2551 2586 2618; x_wconf 86' lang='lat' dir='ltr'>sit,</span> <span class='ocrx_word' id='word_1_373' title='bbox 2627 2555 2882 2621; x_wconf 85' lang='lat' dir='ltr'>patescet</span> <span class='ocrx_word' id='word_1_374' title='bbox 2911 2569 2977 2606; x_wconf 86' lang='lat' dir='ltr'>ex</span> <span class='ocrx_word' id='word_1_375' title='bbox 3006 2553 3092 2621; x_wconf 87' lang='lat' dir='ltr'>iis,</span> <span class='ocrx_word' id='word_1_376' title='bbox 3125 2572 3253 2626; x_wconf 71' lang='lat' dir='ltr'>qua:</span> <span class='ocrx_word' id='word_1_377' title='bbox 3284 2555 3354 2611; x_wconf 92' lang='lat' dir='ltr'>de</span> <span class='ocrx_word' id='word_1_378' title='bbox 3399 2557 3576 2614; x_wconf 88' lang='lat' dir='ltr'>Chro-</span> 
     </span>
    </p>
   </div>
   <div class='ocr_carea' id='block_1_55' title="bbox 1969 2637 3579 2717">
    <p class='ocr_par' dir='ltr' id='par_1_55' title="bbox 1969 2637 3579 2717">
     <span class='ocr_line' id='line_1_55' title="bbox 1969 2637 3579 2717; baseline 0.006 -23"><span class='ocrx_word' id='word_1_379' title='bbox 1969 2638 2101 2705; x_wconf 80' lang='lat' dir='ltr'>nici,</span> <span class='ocrx_word' id='word_1_380' title='bbox 2155 2655 2223 2692; x_wconf 81' lang='lat' dir='ltr'>ex</span> <span class='ocrx_word' id='word_1_381' title='bbox 2278 2655 2390 2710; x_wconf 88' lang='lat' dir='ltr'>quo</span> <span class='ocrx_word' id='word_1_382' title='bbox 2456 2637 2827 2712; x_wconf 86' lang='lat' dir='ltr'>desumptum</span> <span class='ocrx_word' id='word_1_383' title='bbox 2884 2644 2987 2708; x_wconf 89' lang='lat' dir='ltr'>est,</span> <span class='ocrx_word' id='word_1_384' title='bbox 3061 2644 3400 2716; x_wconf 86' lang='lat' dir='ltr'>antiquitate</span> <span class='ocrx_word' id='word_1_385' title='bbox 3448 2647 3579 2717; x_wconf 89' lang='lat' dir='ltr'>jam</span> 
     </span>
    </p>
   </div>
   <div class='ocr_carea' id='block_1_56' title="bbox 1971 2726 2178 2781">
    <p class='ocr_par' dir='ltr' id='par_1_56' title="bbox 1971 2726 2178 2781">
     <span class='ocr_line' id='line_1_56' title="bbox 1971 2726 2178 2781; baseline -0.005 0"><span class='ocrx_word' id='word_1_386' title='bbox 1971 2726 2154 2781; x_wconf 89' lang='lat' dir='ltr'>dicam</span> <span class='ocrx_word' id='word_1_387' title='bbox 2166 2769 2178 2780; x_wconf 93' lang='lat'>.</span> 
     </span>
    </p>
   </div>
   <div class='ocr_carea' id='block_1_57' title="bbox 2045 2815 3580 2886">
    <p class='ocr_par' dir='ltr' id='par_1_57' title="bbox 2045 2815 3580 2886">
     <span class='ocr_line' id='line_1_57' title="bbox 2045 2815 3580 2886; baseline 0.008 -16"><span class='ocrx_word' id='word_1_388' title='bbox 2045 2819 2128 2870; x_wconf 83' lang='lat' dir='ltr'>ll.</span> <span class='ocrx_word' id='word_1_389' title='bbox 2162 2815 2278 2870; x_wconf 86' lang='lat' dir='ltr'>Hoc</span> <span class='ocrx_word' id='word_1_390' title='bbox 2298 2815 2427 2886; x_wconf 86' lang='lat' dir='ltr'>jam</span> <span class='ocrx_word' id='word_1_391' title='bbox 2458 2815 2594 2870; x_wconf 89' lang='lat' dir='ltr'>inde</span> <span class='ocrx_word' id='word_1_392' title='bbox 2627 2816 2698 2870; x_wconf 86' lang='lat' dir='ltr'>ab</span> <span class='ocrx_word' id='word_1_393' title='bbox 2731 2833 2885 2872; x_wconf 90' lang='lat' dir='ltr'>anno</span> <span class='ocrx_word' id='word_1_394' title='bbox 2917 2817 3142 2874; x_wconf 89' lang='lat' dir='ltr'>circiter</span> <span class='ocrx_word' id='word_1_395' title='bbox 3183 2825 3309 2880; x_wconf 72' lang='lat'>“51</span> <span class='ocrx_word' id='word_1_396' title='bbox 3345 2839 3446 2878; x_wconf 89' lang='lat' dir='ltr'>seu</span> <span class='ocrx_word' id='word_1_397' title='bbox 3476 2826 3580 2882; x_wconf 91' lang='lat' dir='ltr'>sub</span> 
     </span>
    </p>
   </div>
   <div class='ocr_carea' id='block_1_58' title="bbox 1972 2903 3579 2974">
    <p class='ocr_par' dir='ltr' id='par_1_58' title="bbox 1972 2903 3579 2974">
     <span class='ocr_line' id='line_1_58' title="bbox 1972 2903 3579 2974; baseline 0.006 -16"><span class='ocrx_word' id='word_1_398' title='bbox 1972 2903 2194 2970; x_wconf 88' lang='lat' dir='ltr'>Basilio,</span> <span class='ocrx_word' id='word_1_399' title='bbox 2220 2903 2315 2974; x_wconf 89' lang='lat' dir='ltr'>qui</span> <span class='ocrx_word' id='word_1_400' title='bbox 2338 2903 2652 2958; x_wconf 72' lang='lat' dir='ltr'>Carthusize</span> <span class='ocrx_word' id='word_1_401' title='bbox 2681 2905 2752 2958; x_wconf 87' lang='lat' dir='ltr'>ab</span> <span class='ocrx_word' id='word_1_402' title='bbox 2782 2905 2891 2960; x_wconf 92' lang='lat' dir='ltr'>hoc</span> <span class='ocrx_word' id='word_1_403' title='bbox 2923 2924 3077 2962; x_wconf 90' lang='lat' dir='ltr'>anno</span> <span class='ocrx_word' id='word_1_404' title='bbox 3096 2909 3168 2963; x_wconf 93' lang='lat' dir='ltr'>ad</span> <span class='ocrx_word' id='word_1_405' title='bbox 3195 2928 3415 2966; x_wconf 89' lang='lat' dir='ltr'>annum</span> <span class='ocrx_word' id='word_1_406' title='bbox 3446 2917 3579 2969; x_wconf 80' lang='lat' dir='ltr'>H73</span> 
     </span>
    </p>
   </div>
   <div class='ocr_carea' id='block_1_59' title="bbox 318 2991 3581 3088">
    <p class='ocr_par' dir='ltr' id='par_1_59' title="bbox 318 2991 3581 3088">
     <span class='ocr_line' id='line_1_59' title="bbox 318 2991 3581 3088; baseline 0.002 -36"><span class='ocrx_word' id='word_1_407' title='bbox 318 3001 373 3052; x_wconf 83' lang='lat'>9.</span> <span class='ocrx_word' id='word_1_408' title='bbox 409 2997 548 3061; x_wconf 89' lang='lat' dir='ltr'>Quis</span> <span class='ocrx_word' id='word_1_409' title='bbox 569 2995 802 3048; x_wconf 90' lang='lat' dir='ltr'>interim</span> <span class='ocrx_word' id='word_1_410' title='bbox 833 2993 1024 3061; x_wconf 84' lang='lat' dir='ltr'>fuerit,</span> <span class='ocrx_word' id='word_1_411' title='bbox 1050 2997 1147 3048; x_wconf 89' lang='lat' dir='ltr'>aut</span> <span class='ocrx_word' id='word_1_412' title='bbox 1167 2992 1322 3065; x_wconf 88' lang='lat' dir='ltr'>quod</span> <span class='ocrx_word' id='word_1_413' title='bbox 1357 3009 1570 3047; x_wconf 89' lang='lat' dir='ltr'>nomen</span> <span class='ocrx_word' id='word_1_414' title='bbox 1603 2991 1869 3046; x_wconf 88' lang='lat' dir='ltr'>habuerit</span> <span class='ocrx_word' id='word_1_415' title='bbox 1892 3031 1938 3088; x_wconf 66' lang='grc' dir='ltr'>Ο</span> <span class='ocrx_word' id='word_1_416' title='bbox 1969 2992 2217 3064; x_wconf 78' lang='lat' dir='ltr'>praefuit,</span> <span class='ocrx_word' id='word_1_417' title='bbox 2251 2992 2527 3064; x_wconf 87' lang='lat' dir='ltr'>scriptum</span> <span class='ocrx_word' id='word_1_418' title='bbox 2556 3009 2696 3060; x_wconf 89' lang='lat' dir='ltr'>esse,</span> <span class='ocrx_word' id='word_1_419' title='bbox 2739 2994 2989 3049; x_wconf 85' lang='lat' dir='ltr'>Joannes</span> <span class='ocrx_word' id='word_1_420' title='bbox 3037 2995 3318 3067; x_wconf 89' lang='lat' dir='ltr'>Columbi,</span> <span class='ocrx_word' id='word_1_421' title='bbox 3367 3002 3581 3072; x_wconf 87' lang='lat' dir='ltr'>pluries</span> 
     </span>
    </p>
   </div>
   <div class='ocr_carea' id='block_1_60' title="bbox 247 3079 1865 3153">
    <p class='ocr_par' dir='ltr' id='par_1_60' title="bbox 247 3079 1865 3153">
     <span class='ocr_line' id='line_1_60' title="bbox 247 3079 1865 3153; baseline -0.005 -13"><span class='ocrx_word' id='word_1_422' title='bbox 247 3087 396 3141; x_wconf 89' lang='lat' dir='ltr'>alter</span> <span class='ocrx_word' id='word_1_423' title='bbox 433 3084 529 3138; x_wconf 89' lang='lat' dir='ltr'>ille</span> <span class='ocrx_word' id='word_1_424' title='bbox 561 3082 988 3149; x_wconf 87' lang='lat' dir='ltr'>Carthusianus,</span> <span class='ocrx_word' id='word_1_425' title='bbox 1025 3081 1122 3153; x_wconf 90' lang='lat' dir='ltr'>qui</span> <span class='ocrx_word' id='word_1_426' title='bbox 1156 3082 1462 3136; x_wconf 87' lang='lat' dir='ltr'>tractatum</span> <span class='ocrx_word' id='word_1_427' title='bbox 1495 3097 1592 3134; x_wconf 90' lang='lat' dir='ltr'>seu</span> <span class='ocrx_word' id='word_1_428' title='bbox 1627 3079 1865 3134; x_wconf 90' lang='lat' dir='ltr'>Chroni-</span> 
     </span>
    </p>
   </div>
   <div class='ocr_carea' id='block_1_61' title="bbox 248 3166 1869 3238">
    <p class='ocr_par' dir='ltr' id='par_1_61' title="bbox 248 3166 1869 3238">
     <span class='ocr_line' id='line_1_61' title="bbox 248 3166 1869 3238; baseline -0.004 -11"><span class='ocrx_word' id='word_1_429' title='bbox 248 3189 378 3238; x_wconf 80' lang='lat' dir='ltr'>con,</span> <span class='ocrx_word' id='word_1_430' title='bbox 414 3189 450 3226; x_wconf 90' lang='lat' dir='ltr'>a</span> <span class='ocrx_word' id='word_1_431' title='bbox 479 3169 778 3226; x_wconf 89' lang='lat' dir='ltr'>Columbio</span> <span class='ocrx_word' id='word_1_432' title='bbox 813 3172 1225 3236; x_wconf 90' lang='lat' dir='ltr'>memoratum,</span> <span class='ocrx_word' id='word_1_433' title='bbox 1259 3166 1570 3234; x_wconf 84' lang='lat' dir='ltr'>contexuit,</span> <span class='ocrx_word' id='word_1_434' title='bbox 1607 3167 1763 3222; x_wconf 88' lang='lat' dir='ltr'>nulla</span> <span class='ocrx_word' id='word_1_435' title='bbox 1782 3184 1869 3221; x_wconf 87' lang='lat' dir='ltr'>ra-</span> 
     </span>
    </p>
   </div>
   <div class='ocr_carea' id='block_1_62' title="bbox 247 3254 1866 3330">
    <p class='ocr_par' dir='ltr' id='par_1_62' title="bbox 247 3254 1866 3330">
     <span class='ocr_line' id='line_1_62' title="bbox 247 3254 1866 3330; baseline -0.005 -15"><span class='ocrx_word' id='word_1_436' title='bbox 247 3261 408 3315; x_wconf 88' lang='lat' dir='ltr'>tione</span> <span class='ocrx_word' id='word_1_437' title='bbox 440 3258 764 3330; x_wconf 91' lang='lat' dir='ltr'>comperire</span> <span class='ocrx_word' id='word_1_438' title='bbox 797 3257 969 3328; x_wconf 86' lang='lat' dir='ltr'>quivi,</span> <span class='ocrx_word' id='word_1_439' title='bbox 1005 3258 1342 3326; x_wconf 82' lang='lat' dir='ltr'>nullumque</span> <span class='ocrx_word' id='word_1_440' title='bbox 1375 3254 1419 3308; x_wconf 89' lang='lat' dir='ltr'>is</span> <span class='ocrx_word' id='word_1_441' title='bbox 1450 3254 1609 3325; x_wconf 87' lang='lat' dir='ltr'>operi</span> <span class='ocrx_word' id='word_1_442' title='bbox 1635 3254 1866 3308; x_wconf 89' lang='lat' dir='ltr'>titulum</span> 
     </span>
    </p>
   </div>
   <div class='ocr_carea' id='block_1_63' title="bbox 247 3343 1868 3422">
    <p class='ocr_par' dir='ltr' id='par_1_63' title="bbox 247 3343 1868 3422">
     <span class='ocr_line' id='line_1_63' title="bbox 247 3343 1868 3422; baseline -0.004 -18"><span class='ocrx_word' id='word_1_443' title='bbox 247 3349 512 3422; x_wconf 73' lang='lat' dir='ltr'>praeﬁxit;</span> <span class='ocrx_word' id='word_1_444' title='bbox 542 3348 693 3402; x_wconf 90' lang='lat' dir='ltr'>unde</span> <span class='ocrx_word' id='word_1_445' title='bbox 726 3347 1042 3413; x_wconf 87' lang='lat' dir='ltr'>factum,ut</span> <span class='ocrx_word' id='word_1_446' title='bbox 1067 3345 1124 3398; x_wconf 90' lang='lat' dir='ltr'>id</span> <span class='ocrx_word' id='word_1_447' title='bbox 1157 3345 1228 3400; x_wconf 90' lang='lat' dir='ltr'>ab</span> <span class='ocrx_word' id='word_1_448' title='bbox 1247 3343 1371 3398; x_wconf 90' lang='lat' dir='ltr'>aliis</span> <span class='ocrx_word' id='word_1_449' title='bbox 1389 3343 1626 3416; x_wconf 87' lang='lat' dir='ltr'>quidem</span> <span class='ocrx_word' id='word_1_450' title='bbox 1647 3365 1674 3393; x_wconf 88' lang='grc'><em>‹‹</em></span> <span class='ocrx_word' id='word_1_451' title='bbox 1697 3343 1868 3398; x_wconf 86' lang='lat' dir='ltr'>Chro-</span> 
     </span>
    </p>
   </div>
   <div class='ocr_carea' id='block_1_64' title="bbox 249 3431 1868 3499">
    <p class='ocr_par' dir='ltr' id='par_1_64' title="bbox 249 3431 1868 3499">
     <span class='ocr_line' id='line_1_64' title="bbox 249 3431 1868 3499; baseline -0.004 -7"><span class='ocrx_word' id='word_1_452' title='bbox 249 3439 377 3492; x_wconf 89' lang='lat' dir='ltr'>nica</span> <span class='ocrx_word' id='word_1_453' title='bbox 421 3437 494 3492; x_wconf 91' lang='lat' dir='ltr'>de</span> <span class='ocrx_word' id='word_1_454' title='bbox 527 3435 761 3491; x_wconf 83' lang='lat' dir='ltr'>exordio</span> <span class='ocrx_word' id='word_1_455' title='bbox 796 3434 1023 3490; x_wconf 81' lang='lat' dir='ltr'>Ordinis</span> <span class='ocrx_word' id='word_1_456' title='bbox 1055 3432 1489 3499; x_wconf 71' lang='lat' dir='ltr'>Catthusiensis,</span> <span class='ocrx_word' id='word_1_457' title='bbox 1543 3454 1570 3480; x_wconf 83' lang='lat'>»</span> <span class='ocrx_word' id='word_1_458' title='bbox 1629 3432 1700 3486; x_wconf 89' lang='lat' dir='ltr'>ab</span> <span class='ocrx_word' id='word_1_459' title='bbox 1745 3431 1868 3486; x_wconf 89' lang='lat' dir='ltr'>aliis</span> 
     </span>
    </p>
   </div>
   <div class='ocr_carea' id='block_1_65' title="bbox 249 3519 1864 3580">
    <p class='ocr_par' dir='ltr' id='par_1_65' title="bbox 249 3519 1864 3580">
     <span class='ocr_line' id='line_1_65' title="bbox 249 3519 1864 3580; baseline -0.002 -2"><span class='ocrx_word' id='word_1_460' title='bbox 249 3543 382 3580; x_wconf 89' lang='lat' dir='ltr'>vero</span> <span class='ocrx_word' id='word_1_461' title='bbox 419 3548 448 3574; x_wconf 74' lang='grc' dir='ltr'>α</span> <span class='ocrx_word' id='word_1_462' title='bbox 477 3525 772 3579; x_wconf 88' lang='lat' dir='ltr'>Tractatus</span> <span class='ocrx_word' id='word_1_463' title='bbox 803 3523 874 3577; x_wconf 90' lang='lat' dir='ltr'>de</span> <span class='ocrx_word' id='word_1_464' title='bbox 907 3521 1238 3576; x_wconf 88' lang='lat' dir='ltr'>narratione</span> <span class='ocrx_word' id='word_1_465' title='bbox 1269 3519 1520 3574; x_wconf 80' lang='lat' dir='ltr'>historiae</span> <span class='ocrx_word' id='word_1_466' title='bbox 1547 3519 1864 3574; x_wconf 88' lang='lat' dir='ltr'>inchoatio-</span> 
     </span>
    </p>
   </div>
   <div class='ocr_carea' id='block_1_66' title="bbox 249 3607 1866 3684">
    <p class='ocr_par' dir='ltr' id='par_1_66' title="bbox 249 3607 1866 3684">
     <span class='ocr_line' id='line_1_66' title="bbox 249 3607 1866 3684; baseline -0.004 -16"><span class='ocrx_word' id='word_1_467' title='bbox 249 3613 338 3668; x_wconf 87' lang='lat' dir='ltr'>nis</span> <span class='ocrx_word' id='word_1_468' title='bbox 377 3617 436 3668; x_wconf 91' lang='lat' dir='ltr'>et</span> <span class='ocrx_word' id='word_1_469' title='bbox 481 3611 863 3684; x_wconf 85' lang='lat' dir='ltr'>promotionis</span> <span class='ocrx_word' id='word_1_470' title='bbox 910 3608 1136 3664; x_wconf 89' lang='lat' dir='ltr'>Ordinis</span> <span class='ocrx_word' id='word_1_471' title='bbox 1188 3607 1600 3662; x_wconf 88' lang='lat' dir='ltr'>Carthusiensis</span> <span class='ocrx_word' id='word_1_472' title='bbox 1631 3629 1658 3655; x_wconf 86' lang='lat'><strong><em>»</em></strong></span> <span class='ocrx_word' id='word_1_473' title='bbox 1693 3607 1866 3662; x_wconf 90' lang='lat' dir='ltr'>fuerit</span> 
     </span>
    </p>
   </div>
   <div class='ocr_carea' id='block_1_67' title="bbox 252 3683 1862 3769">
    <p class='ocr_par' dir='ltr' id='par_1_67' title="bbox 252 3683 1862 3769">
     <span class='ocr_line' id='line_1_67' title="bbox 252 3683 1862 3769; baseline -0.003 -16"><span class='ocrx_word' id='word_1_474' title='bbox 252 3683 537 3755; x_wconf 83' lang='lat' dir='ltr'>vocatum.</span> <span class='ocrx_word' id='word_1_475' title='bbox 572 3700 640 3752; x_wconf 87' lang='lat' dir='ltr'>Et</span> <span class='ocrx_word' id='word_1_476' title='bbox 669 3701 801 3769; x_wconf 91' lang='lat' dir='ltr'>apte</span> <span class='ocrx_word' id='word_1_477' title='bbox 834 3697 1069 3769; x_wconf 89' lang='lat' dir='ltr'>quidem</span> <span class='ocrx_word' id='word_1_478' title='bbox 1092 3699 1213 3750; x_wconf 86' lang='lat' dir='ltr'>tam</span> <span class='ocrx_word' id='word_1_479' title='bbox 1231 3696 1359 3762; x_wconf 91' lang='lat' dir='ltr'>hoc,</span> <span class='ocrx_word' id='word_1_480' title='bbox 1377 3711 1552 3766; x_wconf 88' lang='lat' dir='ltr'>quam</span> <span class='ocrx_word' id='word_1_481' title='bbox 1575 3695 1672 3748; x_wconf 93' lang='lat' dir='ltr'>illo</span> <span class='ocrx_word' id='word_1_482' title='bbox 1699 3683 1862 3748; x_wconf 86' lang='lat' dir='ltr'>titulo</span> 
     </span>
    </p>
   </div>
   <div class='ocr_carea' id='block_1_68' title="bbox 245 3785 1863 3862">
    <p class='ocr_par' dir='ltr' id='par_1_68' title="bbox 245 3785 1863 3862">
     <span class='ocr_line' id='line_1_68' title="bbox 245 3785 1863 3862; baseline -0.004 -18"><span class='ocrx_word' id='word_1_483' title='bbox 245 3790 434 3862; x_wconf 89' lang='lat' dir='ltr'>potuit</span> <span class='ocrx_word' id='word_1_484' title='bbox 456 3787 736 3859; x_wconf 83' lang='lat' dir='ltr'>insigniri;</span> <span class='ocrx_word' id='word_1_485' title='bbox 758 3785 996 3852; x_wconf 90' lang='lat' dir='ltr'>etenim,</span> <span class='ocrx_word' id='word_1_486' title='bbox 1013 3790 1075 3840; x_wconf 88' lang='lat' dir='ltr'>ut</span> <span class='ocrx_word' id='word_1_487' title='bbox 1089 3785 1353 3839; x_wconf 86' lang='lat' dir='ltr'>laudatus</span> <span class='ocrx_word' id='word_1_488' title='bbox 1373 3785 1635 3840; x_wconf 86' lang='lat' dir='ltr'>Columbi</span> <span class='ocrx_word' id='word_1_489' title='bbox 1657 3785 1863 3856; x_wconf 90' lang='lat' dir='ltr'>(neque</span> 
     </span>
    </p>
   </div>
   <div class='ocr_carea' id='block_1_69' title="bbox 245 3873 1858 3948">
    <p class='ocr_par' dir='ltr' id='par_1_69' title="bbox 245 3873 1858 3948">
     <span class='ocr_line' id='line_1_69' title="bbox 245 3873 1858 3948; baseline -0.004 -16"><span class='ocrx_word' id='word_1_490' title='bbox 245 3879 408 3933; x_wconf 87' lang='lat' dir='ltr'>enim</span> <span class='ocrx_word' id='word_1_491' title='bbox 439 3893 583 3948; x_wconf 78' lang='lat' dir='ltr'>opus</span> <span class='ocrx_word' id='word_1_492' title='bbox 612 3875 752 3931; x_wconf 91' lang='lat' dir='ltr'>illud</span> <span class='ocrx_word' id='word_1_493' title='bbox 780 3876 1074 3946; x_wconf 88' lang='lat' dir='ltr'>integrum</span> <span class='ocrx_word' id='word_1_494' title='bbox 1107 3873 1181 3928; x_wconf 91' lang='lat' dir='ltr'>ad</span> <span class='ocrx_word' id='word_1_495' title='bbox 1203 3890 1442 3928; x_wconf 90' lang='lat' dir='ltr'>manum</span> <span class='ocrx_word' id='word_1_496' title='bbox 1465 3873 1670 3942; x_wconf 87' lang='lat' dir='ltr'>habeo)</span> <span class='ocrx_word' id='word_1_497' title='bbox 1696 3889 1858 3926; x_wconf 90' lang='lat' dir='ltr'>num.</span> 
     </span>
    </p>
   </div>
   <div class='ocr_carea' id='block_1_70' title="bbox 245 3960 1862 4031">
    <p class='ocr_par' dir='ltr' id='par_1_70' title="bbox 245 3960 1862 4031">
     <span class='ocr_line' id='line_1_70' title="bbox 245 3960 1862 4031; baseline -0.004 -11"><span class='ocrx_word' id='word_1_498' title='bbox 245 3969 314 4020; x_wconf 70' lang='grc'><strong>49</strong></span> <span class='ocrx_word' id='word_1_499' title='bbox 347 3966 418 4020; x_wconf 91' lang='lat' dir='ltr'>de</span> <span class='ocrx_word' id='word_1_500' title='bbox 454 3964 962 4019; x_wconf 79' lang='lat' dir='ltr'>Carthasianorum</span> <span class='ocrx_word' id='word_1_501' title='bbox 995 3962 1168 4017; x_wconf 90' lang='lat' dir='ltr'>initiis</span> <span class='ocrx_word' id='word_1_502' title='bbox 1201 3961 1386 4028; x_wconf 91' lang='lat' dir='ltr'>docet,</span> <span class='ocrx_word' id='word_1_503' title='bbox 1411 3960 1469 4015; x_wconf 89' lang='lat' dir='ltr'>in</span> <span class='ocrx_word' id='word_1_504' title='bbox 1502 3961 1640 4016; x_wconf 89' lang='lat' dir='ltr'>duas</span> <span class='ocrx_word' id='word_1_505' title='bbox 1671 3963 1862 4031; x_wconf 91' lang='lat' dir='ltr'>partes</span> 
     </span>
    </p>
   </div>
   <div class='ocr_carea' id='block_1_71' title="bbox 243 4048 1860 4122">
    <p class='ocr_par' dir='ltr' id='par_1_71' title="bbox 243 4048 1860 4122">
     <span class='ocr_line' id='line_1_71' title="bbox 243 4048 1860 4122; baseline -0.004 -14"><span class='ocrx_word' id='word_1_506' title='bbox 243 4054 498 4108; x_wconf 81' lang='lat' dir='ltr'>diversas</span> <span class='ocrx_word' id='word_1_507' title='bbox 537 4057 622 4106; x_wconf 88' lang='lat' dir='ltr'>est</span> <span class='ocrx_word' id='word_1_508' title='bbox 663 4052 926 4118; x_wconf 88' lang='lat' dir='ltr'>divisum,</span> <span class='ocrx_word' id='word_1_509' title='bbox 960 4067 1205 4122; x_wconf 87' lang='lat' dir='ltr'>quarum</span> <span class='ocrx_word' id='word_1_510' title='bbox 1237 4051 1418 4104; x_wconf 87' lang='lat' dir='ltr'>altera</span> <span class='ocrx_word' id='word_1_511' title='bbox 1461 4048 1860 4120; x_wconf 87' lang='lat' dir='ltr'>complectitur</span> 
     </span>
    </p>
   </div>
   <div class='ocr_carea' id='block_1_72' title="bbox 242 4137 1860 4205">
    <p class='ocr_par' dir='ltr' id='par_1_72' title="bbox 242 4137 1860 4205">
     <span class='ocr_line' id='line_1_72' title="bbox 242 4137 1860 4205; baseline -0.006 -7"><span class='ocrx_word' id='word_1_512' title='bbox 242 4140 478 4198; x_wconf 87' lang='lat' dir='ltr'>Ordinis</span> <span class='ocrx_word' id='word_1_513' title='bbox 507 4139 920 4195; x_wconf 88' lang='lat' dir='ltr'>Carthusiensis</span> <span class='ocrx_word' id='word_1_514' title='bbox 950 4138 1401 4205; x_wconf 89' lang='lat' dir='ltr'>inchoationem,</span> <span class='ocrx_word' id='word_1_515' title='bbox 1438 4139 1619 4192; x_wconf 88' lang='lat' dir='ltr'>altero</span> <span class='ocrx_word' id='word_1_516' title='bbox 1652 4137 1860 4192; x_wconf 91' lang='lat' dir='ltr'>S.Bru-</span> 
     </span>
    </p>
   </div>
   <div class='ocr_carea' id='block_1_73' title="bbox 242 4225 1859 4300">
    <p class='ocr_par' dir='ltr' id='par_1_73' title="bbox 242 4225 1859 4300">
     <span class='ocr_line' id='line_1_73' title="bbox 242 4225 1859 4300; baseline -0.002 -16"><span class='ocrx_word' id='word_1_517' title='bbox 242 4245 464 4284; x_wconf 88' lang='lat' dir='ltr'>nonem</span> <span class='ocrx_word' id='word_1_518' title='bbox 495 4228 902 4300; x_wconf 78' lang='lat' dir='ltr'>proximosque</span> <span class='ocrx_word' id='word_1_519' title='bbox 934 4229 1006 4282; x_wconf 89' lang='lat' dir='ltr'>ab</span> <span class='ocrx_word' id='word_1_520' title='bbox 1039 4244 1106 4282; x_wconf 92' lang='lat' dir='ltr'>eo</span> <span class='ocrx_word' id='word_1_521' title='bbox 1139 4231 1385 4298; x_wconf 89' lang='lat' dir='ltr'>quatuor</span> <span class='ocrx_word' id='word_1_522' title='bbox 1417 4226 1727 4281; x_wconf 73' lang='lat' dir='ltr'>Carthusiae</span> <span class='ocrx_word' id='word_1_523' title='bbox 1751 4225 1859 4280; x_wconf 88' lang='lat' dir='ltr'>Ma-</span> 
     </span>
    </p>
   </div>
   <div class='ocr_carea' id='block_1_74' title="bbox 1962 3080 3582 3152">
    <p class='ocr_par' dir='ltr' id='par_1_74' title="bbox 1962 3080 3582 3152">
     <span class='ocr_line' id='line_1_74' title="bbox 1962 3080 3582 3152; baseline 0.006 -18"><span class='ocrx_word' id='word_1_524' title='bbox 1962 3082 2086 3152; x_wconf 86' lang='lat' dir='ltr'>jam</span> <span class='ocrx_word' id='word_1_525' title='bbox 2119 3080 2474 3146; x_wconf 89' lang='lat' dir='ltr'>laudatus,in</span> <span class='ocrx_word' id='word_1_526' title='bbox 2508 3099 2608 3135; x_wconf 89' lang='lat' dir='ltr'>sua</span> <span class='ocrx_word' id='word_1_527' title='bbox 2640 3081 2709 3135; x_wconf 93' lang='lat' dir='ltr'>de</span> <span class='ocrx_word' id='word_1_528' title='bbox 2733 3082 3241 3141; x_wconf 87' lang='lat' dir='ltr'>Carthusianorum</span> <span class='ocrx_word' id='word_1_529' title='bbox 3273 3087 3446 3142; x_wconf 89' lang='lat' dir='ltr'>initiis</span> <span class='ocrx_word' id='word_1_530' title='bbox 3466 3091 3582 3145; x_wconf 91' lang='lat' dir='ltr'>Dis-</span> 
     </span>
    </p>
   </div>
   <div class='ocr_carea' id='block_1_75' title="bbox 1969 3169 3581 3244">
    <p class='ocr_par' dir='ltr' id='par_1_75' title="bbox 1969 3169 3581 3244">
     <span class='ocr_line' id='line_1_75' title="bbox 1969 3169 3581 3244; baseline 0.006 -20"><span class='ocrx_word' id='word_1_531' title='bbox 1969 3169 2278 3224; x_wconf 86' lang='lat' dir='ltr'>sertatione</span> <span class='ocrx_word' id='word_1_532' title='bbox 2311 3186 2471 3222; x_wconf 91' lang='lat' dir='ltr'>num.</span> <span class='ocrx_word' id='word_1_533' title='bbox 2505 3172 2570 3224; x_wconf 72' lang='lat'>257</span> <span class='ocrx_word' id='word_1_534' title='bbox 2604 3173 2661 3224; x_wconf 91' lang='lat' dir='ltr'>et</span> <span class='ocrx_word' id='word_1_535' title='bbox 2687 3170 2868 3224; x_wconf 87' lang='lat' dir='ltr'>tribus</span> <span class='ocrx_word' id='word_1_536' title='bbox 2897 3188 3055 3244; x_wconf 88' lang='lat' dir='ltr'>seqq.</span> <span class='ocrx_word' id='word_1_537' title='bbox 3089 3175 3406 3230; x_wconf 89' lang='lat' dir='ltr'>contendit.</span> <span class='ocrx_word' id='word_1_538' title='bbox 3425 3179 3581 3237; x_wconf 82' lang='lat' dir='ltr'>Hanc</span> 
     </span>
    </p>
   </div>
   <div class='ocr_carea' id='block_1_76' title="bbox 1969 3257 3582 3337">
    <p class='ocr_par' dir='ltr' id='par_1_76' title="bbox 1969 3257 3582 3337">
     <span class='ocr_line' id='line_1_76' title="bbox 1969 3257 3582 3337; baseline 0.007 -26"><span class='ocrx_word' id='word_1_539' title='bbox 1969 3261 2161 3312; x_wconf 90' lang='lat' dir='ltr'>autem</span> <span class='ocrx_word' id='word_1_540' title='bbox 2189 3273 2352 3311; x_wconf 86' lang='lat' dir='ltr'>suam</span> <span class='ocrx_word' id='word_1_541' title='bbox 2385 3257 2720 3328; x_wconf 88' lang='lat' dir='ltr'>opinionem</span> <span class='ocrx_word' id='word_1_542' title='bbox 2743 3259 2990 3329; x_wconf 88' lang='lat' dir='ltr'>probare</span> <span class='ocrx_word' id='word_1_543' title='bbox 3011 3261 3212 3315; x_wconf 88' lang='lat' dir='ltr'>nititur</span> <span class='ocrx_word' id='word_1_544' title='bbox 3242 3280 3308 3317; x_wconf 83' lang='lat' dir='ltr'>ex</span> <span class='ocrx_word' id='word_1_545' title='bbox 3331 3267 3582 3337; x_wconf 85' lang='lat' dir='ltr'>eo,quod</span> 
     </span>
    </p>
   </div>
   <div class='ocr_carea' id='block_1_77' title="bbox 1967 3344 3580 3423">
    <p class='ocr_par' dir='ltr' id='par_1_77' title="bbox 1967 3344 3580 3423">
     <span class='ocr_line' id='line_1_77' title="bbox 1967 3344 3580 3423; baseline 0.006 -23"><span class='ocrx_word' id='word_1_546' title='bbox 1967 3349 2165 3400; x_wconf 91' lang='lat' dir='ltr'>auctor</span> <span class='ocrx_word' id='word_1_547' title='bbox 2199 3344 2462 3400; x_wconf 89' lang='lat' dir='ltr'>Chronici</span> <span class='ocrx_word' id='word_1_548' title='bbox 2487 3361 2830 3416; x_wconf 85' lang='lat' dir='ltr'>anonymus,</span> <span class='ocrx_word' id='word_1_549' title='bbox 2855 3350 3158 3419; x_wconf 89' lang='lat' dir='ltr'>postquam</span> <span class='ocrx_word' id='word_1_550' title='bbox 3182 3351 3452 3421; x_wconf 73' lang='lat' dir='ltr'>praefatus</span> <span class='ocrx_word' id='word_1_551' title='bbox 3475 3358 3580 3423; x_wconf 90' lang='lat' dir='ltr'>est,</span> 
     </span>
    </p>
   </div>
   <div class='ocr_carea' id='block_1_78' title="bbox 1967 3433 3582 3505">
    <p class='ocr_par' dir='ltr' id='par_1_78' title="bbox 1967 3433 3582 3505">
     <span class='ocr_line' id='line_1_78' title="bbox 1967 3433 3582 3505; baseline 0.006 -17"><span class='ocrx_word' id='word_1_552' title='bbox 1967 3451 2086 3488; x_wconf 90' lang='lat' dir='ltr'>sese</span> <span class='ocrx_word' id='word_1_553' title='bbox 2131 3456 2158 3484; x_wconf 85' lang='lat'>«</span> <span class='ocrx_word' id='word_1_554' title='bbox 2190 3435 2269 3488; x_wconf 91' lang='lat' dir='ltr'>De</span> <span class='ocrx_word' id='word_1_555' title='bbox 2300 3433 2550 3504; x_wconf 89' lang='lat' dir='ltr'>antiquis</span> <span class='ocrx_word' id='word_1_556' title='bbox 2573 3434 2924 3505; x_wconf 88' lang='lat' dir='ltr'>sapientibus</span> <span class='ocrx_word' id='word_1_557' title='bbox 2949 3440 3007 3490; x_wconf 90' lang='lat' dir='ltr'>et</span> <span class='ocrx_word' id='word_1_558' title='bbox 3028 3439 3236 3493; x_wconf 90' lang='lat' dir='ltr'>sanctis</span> <span class='ocrx_word' id='word_1_559' title='bbox 3263 3439 3582 3498; x_wconf 80' lang='lat' dir='ltr'>fundatori-</span> 
     </span>
    </p>
   </div>
   <div class='ocr_carea' id='block_1_79' title="bbox 1966 3521 3583 3594">
    <p class='ocr_par' dir='ltr' id='par_1_79' title="bbox 1966 3521 3583 3594">
     <span class='ocr_line' id='line_1_79' title="bbox 1966 3521 3583 3594; baseline 0.006 -18"><span class='ocrx_word' id='word_1_560' title='bbox 1966 3521 2089 3587; x_wconf 86' lang='lat' dir='ltr'>bus,</span> <span class='ocrx_word' id='word_1_561' title='bbox 2106 3539 2168 3576; x_wconf 88' lang='lat' dir='ltr'>ac</span> <span class='ocrx_word' id='word_1_562' title='bbox 2199 3521 2628 3594; x_wconf 86' lang='lat' dir='ltr'>promotoribus</span> <span class='ocrx_word' id='word_1_563' title='bbox 2651 3521 2877 3577; x_wconf 87' lang='lat' dir='ltr'>Ordinis</span> <span class='ocrx_word' id='word_1_564' title='bbox 2899 3523 3310 3580; x_wconf 88' lang='lat' dir='ltr'>Carthusiensis</span> <span class='ocrx_word' id='word_1_565' title='bbox 3327 3548 3354 3577; x_wconf 87' lang='grc'><strong>››</strong></span> <span class='ocrx_word' id='word_1_566' title='bbox 3377 3533 3583 3586; x_wconf 86' lang='lat' dir='ltr'>tracta-</span> 
     </span>
    </p>
   </div>
   <div class='ocr_carea' id='block_1_80' title="bbox 1965 3610 3576 3683">
    <p class='ocr_par' dir='ltr' id='par_1_80' title="bbox 1965 3610 3576 3683">
     <span class='ocr_line' id='line_1_80' title="bbox 1965 3610 3576 3683; baseline 0.006 -19"><span class='ocrx_word' id='word_1_567' title='bbox 1965 3614 2180 3676; x_wconf 86' lang='lat' dir='ltr'>turum,</span> <span class='ocrx_word' id='word_1_568' title='bbox 2210 3610 2359 3664; x_wconf 88' lang='lat' dir='ltr'>solos</span> <span class='ocrx_word' id='word_1_569' title='bbox 2390 3610 2448 3663; x_wconf 92' lang='lat' dir='ltr'>in</span> <span class='ocrx_word' id='word_1_570' title='bbox 2479 3610 2632 3664; x_wconf 88' lang='lat' dir='ltr'>hisce</span> <span class='ocrx_word' id='word_1_571' title='bbox 2664 3611 3016 3679; x_wconf 90' lang='lat' dir='ltr'>Brunonem,</span> <span class='ocrx_word' id='word_1_572' title='bbox 3045 3613 3430 3683; x_wconf 89' lang='lat' dir='ltr'>Landuinum,</span> <span class='ocrx_word' id='word_1_573' title='bbox 3472 3620 3576 3674; x_wconf 89' lang='lat' dir='ltr'>Pe-</span> 
     </span>
    </p>
   </div>
   <div class='ocr_carea' id='block_1_81' title="bbox 1963 3699 3582 3772">
    <p class='ocr_par' dir='ltr' id='par_1_81' title="bbox 1963 3699 3582 3772">
     <span class='ocr_line' id='line_1_81' title="bbox 1963 3699 3582 3772; baseline 0.007 -20"><span class='ocrx_word' id='word_1_574' title='bbox 1963 3700 2140 3765; x_wconf 88' lang='lat' dir='ltr'>trum,</span> <span class='ocrx_word' id='word_1_575' title='bbox 2173 3699 2457 3752; x_wconf 88' lang='lat' dir='ltr'>Joannem</span> <span class='ocrx_word' id='word_1_576' title='bbox 2495 3702 2552 3752; x_wconf 85' lang='lat' dir='ltr'>et</span> <span class='ocrx_word' id='word_1_577' title='bbox 2578 3699 2897 3770; x_wconf 88' lang='lat' dir='ltr'>Guigonem</span> <span class='ocrx_word' id='word_1_578' title='bbox 2922 3706 3185 3772; x_wconf 89' lang='lat' dir='ltr'>reponat,</span> <span class='ocrx_word' id='word_1_579' title='bbox 3215 3705 3582 3765; x_wconf 77' lang='lat' dir='ltr'>Antelmum-</span> 
     </span>
    </p>
   </div>
   <div class='ocr_carea' id='block_1_82' title="bbox 1963 3785 3576 3856">
    <p class='ocr_par' dir='ltr' id='par_1_82' title="bbox 1963 3785 3576 3856">
     <span class='ocr_line' id='line_1_82' title="bbox 1963 3785 3576 3856; baseline 0.007 -18"><span class='ocrx_word' id='word_1_580' title='bbox 1963 3801 2074 3856; x_wconf 89' lang='lat' dir='ltr'>que</span> <span class='ocrx_word' id='word_1_581' title='bbox 2102 3785 2412 3855; x_wconf 89' lang='lat' dir='ltr'>septimum</span> <span class='ocrx_word' id='word_1_582' title='bbox 2434 3789 2491 3838; x_wconf 89' lang='lat' dir='ltr'>et</span> <span class='ocrx_word' id='word_1_583' title='bbox 2517 3786 2782 3839; x_wconf 90' lang='lat' dir='ltr'>Basilium</span> <span class='ocrx_word' id='word_1_584' title='bbox 2809 3791 3074 3842; x_wconf 88' lang='lat' dir='ltr'>octavum</span> <span class='ocrx_word' id='word_1_585' title='bbox 3095 3789 3404 3848; x_wconf 79' lang='lat' dir='ltr'>Carthusiae</span> <span class='ocrx_word' id='word_1_586' title='bbox 3422 3795 3576 3850; x_wconf 87' lang='lat' dir='ltr'>Prio-</span> 
     </span>
    </p>
   </div>
   <div class='ocr_carea' id='block_1_83' title="bbox 1961 3872 3574 3949">
    <p class='ocr_par' dir='ltr' id='par_1_83' title="bbox 1961 3872 3574 3949">
     <span class='ocr_line' id='line_1_83' title="bbox 1961 3872 3574 3949; baseline 0.008 -23"><span class='ocrx_word' id='word_1_587' title='bbox 1961 3889 2110 3939; x_wconf 89' lang='lat' dir='ltr'>rem,</span> <span class='ocrx_word' id='word_1_588' title='bbox 2124 3875 2221 3944; x_wconf 89' lang='lat' dir='ltr'>qui</span> <span class='ocrx_word' id='word_1_589' title='bbox 2239 3876 2523 3938; x_wconf 88' lang='lat' dir='ltr'>tamen,ut</span> <span class='ocrx_word' id='word_1_590' title='bbox 2544 3872 2786 3927; x_wconf 91' lang='lat' dir='ltr'>dilucide</span> <span class='ocrx_word' id='word_1_591' title='bbox 2805 3875 3328 3949; x_wconf 90' lang='lat' dir='ltr'>ostendit,antiquis</span> <span class='ocrx_word' id='word_1_592' title='bbox 3347 3881 3574 3940; x_wconf 90' lang='lat' dir='ltr'>Ordinis</span> 
     </span>
    </p>
   </div>
   <div class='ocr_carea' id='block_1_84' title="bbox 1963 3959 3568 4035">
    <p class='ocr_par' dir='ltr' id='par_1_84' title="bbox 1963 3959 3568 4035">
     <span class='ocr_line' id='line_1_84' title="bbox 1963 3959 3568 4035; baseline 0.007 -21"><span class='ocrx_word' id='word_1_593' title='bbox 1963 3960 2375 4016; x_wconf 84' lang='lat' dir='ltr'>Carthusiensis</span> <span class='ocrx_word' id='word_1_594' title='bbox 2401 3959 2802 4016; x_wconf 84' lang='lat' dir='ltr'>fundatoribus</span> <span class='ocrx_word' id='word_1_595' title='bbox 2833 3979 2897 4016; x_wconf 92' lang='lat' dir='ltr'>ac</span> <span class='ocrx_word' id='word_1_596' title='bbox 2921 3966 3350 4035; x_wconf 87' lang='lat' dir='ltr'>promotoribus</span> <span class='ocrx_word' id='word_1_597' title='bbox 3367 3986 3568 4026; x_wconf 85' lang='lat' dir='ltr'>accen-</span> 
     </span>
    </p>
   </div>
   <div class='ocr_carea' id='block_1_85' title="bbox 1959 4049 3570 4125">
    <p class='ocr_par' dir='ltr' id='par_1_85' title="bbox 1959 4049 3570 4125">
     <span class='ocr_line' id='line_1_85' title="bbox 1959 4049 3570 4125; baseline 0.007 -21"><span class='ocrx_word' id='word_1_598' title='bbox 1959 4050 2121 4105; x_wconf 89' lang='lat' dir='ltr'>sendi</span> <span class='ocrx_word' id='word_1_599' title='bbox 2153 4051 2360 4104; x_wconf 91' lang='lat' dir='ltr'>merito</span> <span class='ocrx_word' id='word_1_600' title='bbox 2392 4053 2544 4115; x_wconf 90' lang='lat' dir='ltr'>sunt,</span> <span class='ocrx_word' id='word_1_601' title='bbox 2574 4049 2799 4105; x_wconf 89' lang='lat' dir='ltr'>silentio</span> <span class='ocrx_word' id='word_1_602' title='bbox 2843 4055 3166 4123; x_wconf 76' lang='lat' dir='ltr'>praetereat.</span> <span class='ocrx_word' id='word_1_603' title='bbox 3212 4055 3396 4125; x_wconf 91' lang='lat' dir='ltr'>Unde,</span> <span class='ocrx_word' id='word_1_604' title='bbox 3437 4075 3570 4116; x_wconf 89' lang='lat' dir='ltr'>cum</span> 
     </span>
    </p>
   </div>
   <div class='ocr_carea' id='block_1_86' title="bbox 1959 4137 3565 4218">
    <p class='ocr_par' dir='ltr' id='par_1_86' title="bbox 1959 4137 3565 4218">
     <span class='ocr_line' id='line_1_86' title="bbox 1959 4137 3565 4218; baseline 0.008 -26"><span class='ocrx_word' id='word_1_605' title='bbox 1959 4139 2083 4193; x_wconf 87' lang='lat' dir='ltr'>ﬁeri</span> <span class='ocrx_word' id='word_1_606' title='bbox 2113 4138 2170 4192; x_wconf 92' lang='lat' dir='ltr'>id</span> <span class='ocrx_word' id='word_1_607' title='bbox 2202 4139 2302 4192; x_wconf 88' lang='lat' dir='ltr'>abs</span> <span class='ocrx_word' id='word_1_608' title='bbox 2331 4137 2426 4192; x_wconf 94' lang='lat' dir='ltr'>illo</span> <span class='ocrx_word' id='word_1_609' title='bbox 2457 4137 2762 4206; x_wconf 86' lang='lat' dir='ltr'>existimet,</span> <span class='ocrx_word' id='word_1_610' title='bbox 2793 4139 2949 4212; x_wconf 90' lang='lat' dir='ltr'>quod</span> <span class='ocrx_word' id='word_1_611' title='bbox 2979 4140 3059 4207; x_wconf 89' lang='lat' dir='ltr'>hi,</span> <span class='ocrx_word' id='word_1_612' title='bbox 3091 4158 3223 4196; x_wconf 92' lang='lat' dir='ltr'>cum</span> <span class='ocrx_word' id='word_1_613' title='bbox 3271 4146 3565 4218; x_wconf 90' lang='lat' dir='ltr'>scriberet,</span> 
     </span>
    </p>
   </div>
   <div class='ocr_carea' id='block_1_87' title="bbox 1959 4225 3566 4298">
    <p class='ocr_par' dir='ltr' id='par_1_87' title="bbox 1959 4225 3566 4298">
     <span class='ocr_line' id='line_1_87' title="bbox 1959 4225 3566 4298; baseline 0.006 -16"><span class='ocrx_word' id='word_1_614' title='bbox 1959 4225 2178 4297; x_wconf 86' lang='lat' dir='ltr'>antiqui</span> <span class='ocrx_word' id='word_1_615' title='bbox 2197 4242 2314 4281; x_wconf 92' lang='lat' dir='ltr'>non</span> <span class='ocrx_word' id='word_1_616' title='bbox 2334 4229 2543 4293; x_wconf 88' lang='lat' dir='ltr'>essent,</span> <span class='ocrx_word' id='word_1_617' title='bbox 2561 4226 2845 4298; x_wconf 88' lang='lat' dir='ltr'>scripsisse</span> <span class='ocrx_word' id='word_1_618' title='bbox 2861 4243 2996 4280; x_wconf 88' lang='lat' dir='ltr'>eum</span> <span class='ocrx_word' id='word_1_619' title='bbox 3009 4229 3134 4298; x_wconf 93' lang='lat' dir='ltr'>jam</span> <span class='ocrx_word' id='word_1_620' title='bbox 3165 4229 3300 4285; x_wconf 89' lang='lat' dir='ltr'>inde</span> <span class='ocrx_word' id='word_1_621' title='bbox 3321 4233 3393 4288; x_wconf 88' lang='lat' dir='ltr'>ab</span> <span class='ocrx_word' id='word_1_622' title='bbox 3410 4251 3566 4291; x_wconf 89' lang='lat' dir='ltr'>anno</span> 
     </span>
    </p>
   </div>
   <div class='ocr_carea' id='block_1_88' title="bbox 234 4313 3568 4402">
    <p class='ocr_par' dir='ltr' id='par_1_88' title="bbox 234 4313 3568 4402">
     <span class='ocr_line' id='line_1_88' title="bbox 234 4313 3568 4402; baseline 0.003 -31"><span class='ocrx_word' id='word_1_623' title='bbox 234 4317 384 4388; x_wconf 89' lang='lat' dir='ltr'>joris</span> <span class='ocrx_word' id='word_1_624' title='bbox 412 4317 765 4383; x_wconf 88' lang='lat' dir='ltr'>Priores,suo</span> <span class='ocrx_word' id='word_1_625' title='bbox 787 4332 1044 4388; x_wconf 88' lang='lat' dir='ltr'>quosque</span> <span class='ocrx_word' id='word_1_626' title='bbox 1068 4315 1278 4370; x_wconf 90' lang='lat' dir='ltr'>Ordine</span> <span class='ocrx_word' id='word_1_627' title='bbox 1296 4313 1932 4402; x_wconf 47' lang='lat' dir='ltr'>positos,elogiisque‘D</span> <span class='ocrx_word' id='word_1_628' title='bbox 1957 4314 2181 4368; x_wconf 88' lang='lat' dir='ltr'>circiter</span> <span class='ocrx_word' id='word_1_629' title='bbox 2242 4318 2368 4369; x_wconf 80' lang='grc'><strong>1151</strong></span> <span class='ocrx_word' id='word_1_630' title='bbox 2416 4331 2515 4369; x_wconf 88' lang='lat' dir='ltr'>seu</span> <span class='ocrx_word' id='word_1_631' title='bbox 2566 4314 2669 4368; x_wconf 90' lang='lat' dir='ltr'>sub</span> <span class='ocrx_word' id='word_1_632' title='bbox 2718 4315 2941 4383; x_wconf 84' lang='lat' dir='ltr'>Basilio,</span> <span class='ocrx_word' id='word_1_633' title='bbox 3003 4321 3200 4373; x_wconf 88' lang='lat' dir='ltr'>octavo</span> <span class='ocrx_word' id='word_1_634' title='bbox 3256 4320 3568 4381; x_wconf 70' lang='lat' dir='ltr'>Carthusiae</span> 
     </span>
    </p>
   </div>
   <div class='ocr_carea' id='block_1_89' title="bbox 246 4402 1858 4476">
    <p class='ocr_par' dir='ltr' id='par_1_89' title="bbox 246 4402 1858 4476">
     <span class='ocr_line' id='line_1_89' title="bbox 246 4402 1858 4476; baseline -0.003 -16"><span class='ocrx_word' id='word_1_635' title='bbox 246 4408 531 4476; x_wconf 72' lang='lat' dir='ltr'>praeterea</span> <span class='ocrx_word' id='word_1_636' title='bbox 551 4405 725 4459; x_wconf 89' lang='lat' dir='ltr'>etiam</span> <span class='ocrx_word' id='word_1_637' title='bbox 741 4403 1104 4468; x_wconf 88' lang='lat' dir='ltr'>ornatos,uti,</span> <span class='ocrx_word' id='word_1_638' title='bbox 1123 4406 1404 4474; x_wconf 86' lang='lat' dir='ltr'>quantum</span> <span class='ocrx_word' id='word_1_639' title='bbox 1427 4402 1500 4456; x_wconf 88' lang='lat' dir='ltr'>ad</span> <span class='ocrx_word' id='word_1_640' title='bbox 1517 4402 1624 4456; x_wconf 93' lang='lat' dir='ltr'>hoc</span> <span class='ocrx_word' id='word_1_641' title='bbox 1641 4405 1858 4473; x_wconf 87' lang='lat' dir='ltr'>postre-</span> 
     </span>
    </p>
   </div>
   <div class='ocr_carea' id='block_1_90' title="bbox 248 4489 1854 4563">
    <p class='ocr_par' dir='ltr' id='par_1_90' title="bbox 248 4489 1854 4563">
     <span class='ocr_line' id='line_1_90' title="bbox 248 4489 1854 4563; baseline -0.002 -15"><span class='ocrx_word' id='word_1_642' title='bbox 248 4510 434 4560; x_wconf 89' lang='lat' dir='ltr'>mum,</span> <span class='ocrx_word' id='word_1_643' title='bbox 467 4492 730 4563; x_wconf 79' lang='lat' dir='ltr'>intelligo</span> <span class='ocrx_word' id='word_1_644' title='bbox 748 4509 816 4546; x_wconf 82' lang='lat' dir='ltr'>ex</span> <span class='ocrx_word' id='word_1_645' title='bbox 841 4491 1063 4559; x_wconf 77' lang='lat' dir='ltr'>litteris,</span> <span class='ocrx_word' id='word_1_646' title='bbox 1087 4491 1322 4546; x_wconf 65' lang='lat' dir='ltr'>Colonia</span> <span class='ocrx_word' id='word_1_647' title='bbox 1335 4490 1652 4562; x_wconf 75' lang='lat' dir='ltr'>Agrippina</span> <span class='ocrx_word' id='word_1_648' title='bbox 1665 4489 1740 4544; x_wconf 94' lang='lat' dir='ltr'>ad</span> <span class='ocrx_word' id='word_1_649' title='bbox 1760 4507 1854 4545; x_wconf 93' lang='lat' dir='ltr'>me</span> 
     </span>
    </p>
   </div>
   <div class='ocr_carea' id='block_1_91' title="bbox 245 4578 1855 4652">
    <p class='ocr_par' dir='ltr' id='par_1_91' title="bbox 245 4578 1855 4652">
     <span class='ocr_line' id='line_1_91' title="bbox 245 4578 1855 4652; baseline -0.001 -17"><span class='ocrx_word' id='word_1_650' title='bbox 245 4581 394 4636; x_wconf 88' lang='lat' dir='ltr'>datis</span> <span class='ocrx_word' id='word_1_651' title='bbox 423 4581 494 4636; x_wconf 87' lang='lat' dir='ltr'>ab</span> <span class='ocrx_word' id='word_1_652' title='bbox 523 4581 842 4652; x_wconf 86' lang='lat' dir='ltr'>Augustino</span> <span class='ocrx_word' id='word_1_653' title='bbox 873 4579 1260 4647; x_wconf 76' lang='lat' dir='ltr'>Albenbruck,</span> <span class='ocrx_word' id='word_1_654' title='bbox 1312 4578 1608 4633; x_wconf 88' lang='lat' dir='ltr'>Societatis</span> <span class='ocrx_word' id='word_1_655' title='bbox 1643 4581 1855 4633; x_wconf 67' lang='lat' dir='ltr'>nostra:</span> 
     </span>
    </p>
   </div>
   <div class='ocr_carea' id='block_1_92' title="bbox 240 4666 1857 4741">
    <p class='ocr_par' dir='ltr' id='par_1_92' title="bbox 240 4666 1857 4741">
     <span class='ocr_line' id='line_1_92' title="bbox 240 4666 1857 4741; baseline -0.002 -18"><span class='ocrx_word' id='word_1_656' title='bbox 240 4669 562 4736; x_wconf 86' lang='lat' dir='ltr'>sacerdote,</span> <span class='ocrx_word' id='word_1_657' title='bbox 595 4685 728 4723; x_wconf 92' lang='lat' dir='ltr'>cum</span> <span class='ocrx_word' id='word_1_658' title='bbox 758 4669 912 4723; x_wconf 91' lang='lat' dir='ltr'>idem</span> <span class='ocrx_word' id='word_1_659' title='bbox 951 4685 1110 4741; x_wconf 78' lang='lat' dir='ltr'>opus,</span> <span class='ocrx_word' id='word_1_660' title='bbox 1145 4667 1296 4739; x_wconf 90' lang='lat' dir='ltr'>apud</span> <span class='ocrx_word' id='word_1_661' title='bbox 1324 4666 1726 4722; x_wconf 88' lang='lat' dir='ltr'>Carthusianos</span> <span class='ocrx_word' id='word_1_662' title='bbox 1756 4666 1857 4722; x_wconf 92' lang='lat' dir='ltr'>ibi-</span> 
     </span>
    </p>
   </div>
   <div class='ocr_carea' id='block_1_93' title="bbox 241 4755 1854 4830">
    <p class='ocr_par' dir='ltr' id='par_1_93' title="bbox 241 4755 1854 4830">
     <span class='ocr_line' id='line_1_93' title="bbox 241 4755 1854 4830; baseline -0.002 -17"><span class='ocrx_word' id='word_1_663' title='bbox 241 4759 378 4814; x_wconf 88' lang='lat' dir='ltr'>dem</span> <span class='ocrx_word' id='word_1_664' title='bbox 410 4763 656 4822; x_wconf 82' lang='lat' dir='ltr'>exstans,</span> <span class='ocrx_word' id='word_1_665' title='bbox 683 4761 890 4830; x_wconf 89' lang='lat' dir='ltr'>rogatu</span> <span class='ocrx_word' id='word_1_666' title='bbox 923 4773 1054 4811; x_wconf 91' lang='lat' dir='ltr'>meo</span> <span class='ocrx_word' id='word_1_667' title='bbox 1087 4755 1176 4810; x_wconf 89' lang='lat' dir='ltr'>hic</span> <span class='ocrx_word' id='word_1_668' title='bbox 1201 4756 1397 4810; x_wconf 79' lang='lat' dir='ltr'>fuisset</span> <span class='ocrx_word' id='word_1_669' title='bbox 1422 4757 1718 4808; x_wconf 83' lang='lat' dir='ltr'>scrutatus.</span> <span class='ocrx_word' id='word_1_670' title='bbox 1738 4755 1854 4826; x_wconf 87' lang='lat' dir='ltr'>Ego</span> 
     </span>
    </p>
   </div>
   <div class='ocr_carea' id='block_1_94' title="bbox 241 4843 1854 4920">
    <p class='ocr_par' dir='ltr' id='par_1_94' title="bbox 241 4843 1854 4920">
     <span class='ocr_line' id='line_1_94' title="bbox 241 4843 1854 4920; baseline -0.002 -19"><span class='ocrx_word' id='word_1_671' title='bbox 241 4847 300 4901; x_wconf 86' lang='lat' dir='ltr'>id</span> <span class='ocrx_word' id='word_1_672' title='bbox 331 4864 366 4900; x_wconf 88' lang='lat' dir='ltr'>a</span> <span class='ocrx_word' id='word_1_673' title='bbox 385 4851 548 4920; x_wconf 86' lang='lat' dir='ltr'>parte</span> <span class='ocrx_word' id='word_1_674' title='bbox 566 4847 870 4919; x_wconf 77' lang='lat' dir='ltr'>praecipua,</span> <span class='ocrx_word' id='word_1_675' title='bbox 887 4863 1014 4916; x_wconf 58' lang='lat' dir='ltr'>qua</span> <span class='ocrx_word' id='word_1_676' title='bbox 1033 4845 1284 4916; x_wconf 87' lang='lat' dir='ltr'>quinque</span> <span class='ocrx_word' id='word_1_677' title='bbox 1306 4844 1523 4916; x_wconf 85' lang='lat' dir='ltr'>primos</span> <span class='ocrx_word' id='word_1_678' title='bbox 1545 4843 1854 4898; x_wconf 70' lang='lat' dir='ltr'>Carthusize</span> 
     </span>
    </p>
   </div>
   <div class='ocr_carea' id='block_1_95' title="bbox 243 4931 1856 5005">
    <p class='ocr_par' dir='ltr' id='par_1_95' title="bbox 243 4931 1856 5005">
     <span class='ocr_line' id='line_1_95' title="bbox 243 4931 1856 5005; baseline -0.002 -15"><span class='ocrx_word' id='word_1_679' title='bbox 243 4935 490 5001; x_wconf 85' lang='lat' dir='ltr'>Priores,</span> <span class='ocrx_word' id='word_1_680' title='bbox 521 4939 765 5000; x_wconf 87' lang='lat' dir='ltr'>servato,</span> <span class='ocrx_word' id='word_1_681' title='bbox 797 4951 908 5005; x_wconf 94' lang='lat' dir='ltr'>quo</span> <span class='ocrx_word' id='word_1_682' title='bbox 937 4932 1294 4988; x_wconf 86' lang='lat' dir='ltr'>Carthusiam</span> <span class='ocrx_word' id='word_1_683' title='bbox 1333 4948 1551 4996; x_wconf 81' lang='lat' dir='ltr'>rexere,</span> <span class='ocrx_word' id='word_1_684' title='bbox 1581 4931 1856 5004; x_wconf 89' lang='lat' dir='ltr'>temporis</span> 
     </span>
    </p>
   </div>
   <div class='ocr_carea' id='block_1_96' title="bbox 240 5021 1857 5092">
    <p class='ocr_par' dir='ltr' id='par_1_96' title="bbox 240 5021 1857 5092">
     <span class='ocr_line' id='line_1_96' title="bbox 240 5021 1857 5092; baseline -0.001 -14"><span class='ocrx_word' id='word_1_685' title='bbox 240 5023 469 5086; x_wconf 86' lang='lat' dir='ltr'>ordine,</span> <span class='ocrx_word' id='word_1_686' title='bbox 493 5024 744 5088; x_wconf 86' lang='lat' dir='ltr'>exhibet,</span> <span class='ocrx_word' id='word_1_687' title='bbox 780 5045 806 5072; x_wconf 86' lang='lat'><strong>«</strong></span> <span class='ocrx_word' id='word_1_688' title='bbox 839 5022 1166 5076; x_wconf 88' lang='lat' dir='ltr'>Primorum</span> <span class='ocrx_word' id='word_1_689' title='bbox 1208 5021 1462 5092; x_wconf 83' lang='lat' dir='ltr'>quinque</span> <span class='ocrx_word' id='word_1_690' title='bbox 1487 5022 1706 5092; x_wconf 62' lang='lat' dir='ltr'>Magnae</span> <span class='ocrx_word' id='word_1_691' title='bbox 1726 5022 1857 5076; x_wconf 89' lang='lat' dir='ltr'>Car-</span> 
     </span>
    </p>
   </div>
   <div class='ocr_carea' id='block_1_97' title="bbox 241 5109 1850 5180">
    <p class='ocr_par' dir='ltr' id='par_1_97' title="bbox 241 5109 1850 5180">
     <span class='ocr_line' id='line_1_97' title="bbox 241 5109 1850 5180; baseline -0.001 -14"><span class='ocrx_word' id='word_1_692' title='bbox 241 5111 446 5166; x_wconf 72' lang='lat' dir='ltr'>thusia:</span> <span class='ocrx_word' id='word_1_693' title='bbox 476 5113 743 5166; x_wconf 85' lang='lat' dir='ltr'>Priorum</span> <span class='ocrx_word' id='word_1_694' title='bbox 776 5111 1098 5164; x_wconf 88' lang='lat' dir='ltr'>Chronicon</span> <span class='ocrx_word' id='word_1_695' title='bbox 1144 5131 1170 5158; x_wconf 85' lang='grc'><strong>››</strong></span> <span class='ocrx_word' id='word_1_696' title='bbox 1220 5109 1488 5178; x_wconf 87' lang='lat' dir='ltr'>deinceps</span> <span class='ocrx_word' id='word_1_697' title='bbox 1527 5110 1850 5180; x_wconf 87' lang='lat' dir='ltr'>appellabo,</span> 
     </span>
    </p>
   </div>
   <div class='ocr_carea' id='block_1_98' title="bbox 241 5197 1853 5272">
    <p class='ocr_par' dir='ltr' id='par_1_98' title="bbox 241 5197 1853 5272">
     <span class='ocr_line' id='line_1_98' title="bbox 241 5197 1853 5272; baseline -0.002 -18"><span class='ocrx_word' id='word_1_698' title='bbox 241 5199 742 5272; x_wconf 87' lang='lat' dir='ltr'>quemadmodum</span> <span class='ocrx_word' id='word_1_699' title='bbox 765 5197 941 5252; x_wconf 89' lang='lat' dir='ltr'>etiam</span> <span class='ocrx_word' id='word_1_700' title='bbox 960 5200 1094 5251; x_wconf 91' lang='lat' dir='ltr'>ante</span> <span class='ocrx_word' id='word_1_701' title='bbox 1121 5215 1211 5251; x_wconf 90' lang='lat' dir='ltr'>me</span> <span class='ocrx_word' id='word_1_702' title='bbox 1228 5197 1352 5267; x_wconf 85' lang='lat' dir='ltr'>jam</span> <span class='ocrx_word' id='word_1_703' title='bbox 1381 5197 1594 5249; x_wconf 83' lang='lat' dir='ltr'>factum</span> <span class='ocrx_word' id='word_1_704' title='bbox 1612 5197 1776 5251; x_wconf 90' lang='lat' dir='ltr'>video</span> <span class='ocrx_word' id='word_1_705' title='bbox 1795 5197 1853 5250; x_wconf 92' lang='lat' dir='ltr'>in</span> 
     </span>
    </p>
   </div>
   <div class='ocr_carea' id='block_1_99' title="bbox 242 5285 1855 5358">
    <p class='ocr_par' dir='ltr' id='par_1_99' title="bbox 242 5285 1855 5358">
     <span class='ocr_line' id='line_1_99' title="bbox 242 5285 1855 5358; baseline -0.001 -18"><span class='ocrx_word' id='word_1_706' title='bbox 242 5305 353 5341; x_wconf 88' lang='lat' dir='ltr'>ms.</span> <span class='ocrx_word' id='word_1_707' title='bbox 401 5304 528 5358; x_wconf 70' lang='lat' dir='ltr'>quae</span> <span class='ocrx_word' id='word_1_708' title='bbox 580 5303 759 5358; x_wconf 78' lang='lat' dir='ltr'>penes</span> <span class='ocrx_word' id='word_1_709' title='bbox 800 5302 894 5340; x_wconf 88' lang='lat' dir='ltr'>me</span> <span class='ocrx_word' id='word_1_710' title='bbox 926 5289 1029 5352; x_wconf 87' lang='lat' dir='ltr'>est,</span> <span class='ocrx_word' id='word_1_711' title='bbox 1069 5285 1139 5340; x_wconf 91' lang='lat' dir='ltr'>de</span> <span class='ocrx_word' id='word_1_712' title='bbox 1195 5286 1254 5339; x_wconf 86' lang='lat' dir='ltr'>S.</span> <span class='ocrx_word' id='word_1_713' title='bbox 1298 5287 1566 5338; x_wconf 86' lang='lat' dir='ltr'>Brunone</span> <span class='ocrx_word' id='word_1_714' title='bbox 1602 5285 1855 5338; x_wconf 88' lang='lat' dir='ltr'>Diatriba</span> 
     </span>
    </p>
   </div>
   <div class='ocr_carea' id='block_1_100' title="bbox 241 5372 1854 5446">
    <p class='ocr_par' dir='ltr' id='par_1_100' title="bbox 241 5372 1854 5446">
     <span class='ocr_line' id='line_1_100' title="bbox 241 5372 1854 5446; baseline -0.002 -18"><span class='ocrx_word' id='word_1_715' title='bbox 241 5373 1085 5446; x_wconf 73' lang='lat' dir='ltr'>Chronologico-diplomatica,</span> <span class='ocrx_word' id='word_1_716' title='bbox 1140 5390 1314 5445; x_wconf 81' lang='lat' dir='ltr'>quam</span> <span class='ocrx_word' id='word_1_717' title='bbox 1346 5373 1403 5425; x_wconf 83' lang='lat' dir='ltr'>F.</span> <span class='ocrx_word' id='word_1_718' title='bbox 1437 5372 1669 5425; x_wconf 79' lang='lat' dir='ltr'>Michael</span> <span class='ocrx_word' id='word_1_719' title='bbox 1711 5373 1854 5426; x_wconf 80' lang='lat' dir='ltr'>Mor-</span> 
     </span>
    </p>
   </div>
   <div class='ocr_carea' id='block_1_101' title="bbox 241 5459 1858 5535">
    <p class='ocr_par' dir='ltr' id='par_1_101' title="bbox 241 5459 1858 5535">
     <span class='ocr_line' id='line_1_101' title="bbox 241 5459 1858 5535; baseline -0.001 -17"><span class='ocrx_word' id='word_1_720' title='bbox 241 5463 444 5530; x_wconf 80' lang='lat' dir='ltr'>ckens,</span> <span class='ocrx_word' id='word_1_721' title='bbox 501 5461 726 5520; x_wconf 89' lang='lat' dir='ltr'>Ordinis</span> <span class='ocrx_word' id='word_1_722' title='bbox 776 5461 1189 5517; x_wconf 86' lang='lat' dir='ltr'>Carthusiensis</span> <span class='ocrx_word' id='word_1_723' title='bbox 1233 5461 1482 5518; x_wconf 62' lang='lat' dir='ltr'>Colonia;</span> <span class='ocrx_word' id='word_1_724' title='bbox 1527 5459 1858 5535; x_wconf 81' lang='lat' dir='ltr'>Agrippinae</span> 
     </span>
    </p>
   </div>
   <div class='ocr_carea' id='block_1_102' title="bbox 1957 4395 3568 4474">
    <p class='ocr_par' dir='ltr' id='par_1_102' title="bbox 1957 4395 3568 4474">
     <span class='ocr_line' id='line_1_102' title="bbox 1957 4395 3568 4474; baseline 0.007 -18"><span class='ocrx_word' id='word_1_725' title='bbox 1957 4402 2172 4469; x_wconf 88' lang='lat' dir='ltr'>Priore,</span> <span class='ocrx_word' id='word_1_726' title='bbox 2207 4401 2513 4456; x_wconf 86' lang='lat' dir='ltr'>concludit.</span> <span class='ocrx_word' id='word_1_727' title='bbox 2547 4395 2758 4456; x_wconf 86' lang='lat' dir='ltr'>Verum</span> <span class='ocrx_word' id='word_1_728' title='bbox 2805 4403 2943 4474; x_wconf 90' lang='lat' dir='ltr'>quid</span> <span class='ocrx_word' id='word_1_729' title='bbox 2985 4403 3030 4457; x_wconf 89' lang='lat' dir='ltr'>si</span> <span class='ocrx_word' id='word_1_730' title='bbox 3070 4409 3268 4461; x_wconf 89' lang='lat' dir='ltr'>auctor</span> <span class='ocrx_word' id='word_1_731' title='bbox 3303 4409 3568 4468; x_wconf 87' lang='lat' dir='ltr'>Chronici</span> 
     </span>
    </p>
   </div>
   <div class='ocr_carea' id='block_1_103' title="bbox 1956 4491 3566 4570">
    <p class='ocr_par' dir='ltr' id='par_1_103' title="bbox 1956 4491 3566 4570">
     <span class='ocr_line' id='line_1_103' title="bbox 1956 4491 3566 4570; baseline 0.003 -24"><span class='ocrx_word' id='word_1_732' title='bbox 1956 4508 2298 4562; x_wconf 82' lang='lat' dir='ltr'>anonymus,</span> <span class='ocrx_word' id='word_1_733' title='bbox 2333 4507 2465 4544; x_wconf 91' lang='lat' dir='ltr'>cum</span> <span class='ocrx_word' id='word_1_734' title='bbox 2489 4491 2613 4561; x_wconf 89' lang='lat' dir='ltr'>jam</span> <span class='ocrx_word' id='word_1_735' title='bbox 2647 4491 2975 4546; x_wconf 88' lang='lat' dir='ltr'>Brunonem</span> <span class='ocrx_word' id='word_1_736' title='bbox 3025 4493 3278 4566; x_wconf 87' lang='lat' dir='ltr'>aliosque</span> <span class='ocrx_word' id='word_1_737' title='bbox 3319 4503 3566 4570; x_wconf 80' lang='lat' dir='ltr'>quatuor</span> 
     </span>
    </p>
   </div>
   <div class='ocr_carea' id='block_1_104' title="bbox 1956 4578 3562 4650">
    <p class='ocr_par' dir='ltr' id='par_1_104' title="bbox 1956 4578 3562 4650">
     <span class='ocr_line' id='line_1_104' title="bbox 1956 4578 3562 4650; baseline 0.008 -17"><span class='ocrx_word' id='word_1_738' title='bbox 1956 4596 2089 4633; x_wconf 85' lang='lat' dir='ltr'>mox</span> <span class='ocrx_word' id='word_1_739' title='bbox 2114 4578 2442 4634; x_wconf 89' lang='lat' dir='ltr'>nominatos</span> <span class='ocrx_word' id='word_1_740' title='bbox 2465 4578 2862 4646; x_wconf 88' lang='lat' dir='ltr'>recensuisset,</span> <span class='ocrx_word' id='word_1_741' title='bbox 2877 4596 2988 4650; x_wconf 91' lang='lat' dir='ltr'>quo</span> <span class='ocrx_word' id='word_1_742' title='bbox 3018 4581 3209 4638; x_wconf 90' lang='lat' dir='ltr'>minus</span> <span class='ocrx_word' id='word_1_743' title='bbox 3224 4586 3562 4646; x_wconf 81' lang='lat' dir='ltr'>Antelmum</span> 
     </span>
    </p>
   </div>
   <div class='ocr_carea' id='block_1_105' title="bbox 1957 4667 3562 4741">
    <p class='ocr_par' dir='ltr' id='par_1_105' title="bbox 1957 4667 3562 4741">
     <span class='ocr_line' id='line_1_105' title="bbox 1957 4667 3562 4741; baseline 0.007 -19"><span class='ocrx_word' id='word_1_744' title='bbox 1957 4667 2172 4741; x_wconf 84' lang='lat' dir='ltr'>pariter</span> <span class='ocrx_word' id='word_1_745' title='bbox 2214 4684 2278 4721; x_wconf 91' lang='lat' dir='ltr'>ac</span> <span class='ocrx_word' id='word_1_746' title='bbox 2319 4667 2586 4722; x_wconf 88' lang='lat' dir='ltr'>Basilium</span> <span class='ocrx_word' id='word_1_747' title='bbox 2626 4671 2952 4722; x_wconf 87' lang='lat' dir='ltr'>recenseret</span> <span class='ocrx_word' id='word_1_748' title='bbox 2978 4671 3064 4724; x_wconf 89' lang='lat' dir='ltr'>vel</span> <span class='ocrx_word' id='word_1_749' title='bbox 3095 4675 3285 4728; x_wconf 89' lang='lat' dir='ltr'>morte</span> <span class='ocrx_word' id='word_1_750' title='bbox 3316 4677 3402 4730; x_wconf 86' lang='lat' dir='ltr'>vel</span> <span class='ocrx_word' id='word_1_751' title='bbox 3439 4679 3562 4734; x_wconf 89' lang='lat' dir='ltr'>aliis</span> 
     </span>
    </p>
   </div>
   <div class='ocr_carea' id='block_1_106' title="bbox 1956 4755 3563 4834">
    <p class='ocr_par' dir='ltr' id='par_1_106' title="bbox 1956 4755 3563 4834">
     <span class='ocr_line' id='line_1_106' title="bbox 1956 4755 3563 4834; baseline 0.01 -27"><span class='ocrx_word' id='word_1_752' title='bbox 1956 4757 2224 4828; x_wconf 81' lang='lat' dir='ltr'>gravibus</span> <span class='ocrx_word' id='word_1_753' title='bbox 2254 4755 2766 4810; x_wconf 78' lang='lat' dir='ltr'>intervenientibus</span> <span class='ocrx_word' id='word_1_754' title='bbox 2795 4756 2974 4811; x_wconf 88' lang='lat' dir='ltr'>causis</span> <span class='ocrx_word' id='word_1_755' title='bbox 3001 4757 3175 4814; x_wconf 85' lang='lat' dir='ltr'>fuerit</span> <span class='ocrx_word' id='word_1_756' title='bbox 3205 4760 3514 4834; x_wconf 88' lang='lat' dir='ltr'>impeditus</span> <span class='ocrx_word' id='word_1_757' title='bbox 3535 4767 3563 4822; x_wconf 85' lang='lat'><strong>?</strong></span> 
     </span>
    </p>
   </div>
   <div class='ocr_carea' id='block_1_107' title="bbox 1958 4844 3560 4916">
    <p class='ocr_par' dir='ltr' id='par_1_107' title="bbox 1958 4844 3560 4916">
     <span class='ocr_line' id='line_1_107' title="bbox 1958 4844 3560 4916; baseline 0.007 -18"><span class='ocrx_word' id='word_1_758' title='bbox 1958 4845 2104 4910; x_wconf 86' lang='lat' dir='ltr'>Quid</span> <span class='ocrx_word' id='word_1_759' title='bbox 2129 4845 2171 4898; x_wconf 91' lang='lat' dir='ltr'>si</span> <span class='ocrx_word' id='word_1_760' title='bbox 2204 4844 2572 4915; x_wconf 86' lang='lat' dir='ltr'>antiquarum</span> <span class='ocrx_word' id='word_1_761' title='bbox 2604 4861 2704 4898; x_wconf 87' lang='lat' dir='ltr'>seu</span> <span class='ocrx_word' id='word_1_762' title='bbox 2747 4846 3151 4916; x_wconf 68' lang='lat' dir='ltr'>primmvarum</span> <span class='ocrx_word' id='word_1_763' title='bbox 3185 4849 3560 4910; x_wconf 87' lang='lat' dir='ltr'>Consuetudi-</span> 
     </span>
    </p>
   </div>
   <div class='ocr_carea' id='block_1_108' title="bbox 1957 4933 3562 5008">
    <p class='ocr_par' dir='ltr' id='par_1_108' title="bbox 1957 4933 3562 5008">
     <span class='ocr_line' id='line_1_108' title="bbox 1957 4933 3562 5008; baseline 0.006 -20"><span class='ocrx_word' id='word_1_764' title='bbox 1957 4951 2118 5000; x_wconf 91' lang='lat' dir='ltr'>num,</span> <span class='ocrx_word' id='word_1_765' title='bbox 2153 4950 2186 4987; x_wconf 91' lang='lat' dir='ltr'>a</span> <span class='ocrx_word' id='word_1_766' title='bbox 2214 4933 2471 5004; x_wconf 88' lang='lat' dir='ltr'>Guigone</span> <span class='ocrx_word' id='word_1_767' title='bbox 2515 4935 2878 5004; x_wconf 87' lang='lat' dir='ltr'>scriptarum,</span> <span class='ocrx_word' id='word_1_768' title='bbox 2922 4935 3066 4990; x_wconf 89' lang='lat' dir='ltr'>liber</span> <span class='ocrx_word' id='word_1_769' title='bbox 3112 4936 3283 5008; x_wconf 86' lang='lat' dir='ltr'>(hunc</span> <span class='ocrx_word' id='word_1_770' title='bbox 3327 4941 3484 4995; x_wconf 88' lang='lat' dir='ltr'>enim</span> <span class='ocrx_word' id='word_1_771' title='bbox 3515 4944 3562 4998; x_wconf 90' lang='lat' dir='ltr'>is</span> 
     </span>
    </p>
   </div>
   <div class='ocr_carea' id='block_1_109' title="bbox 1955 5021 3562 5094">
    <p class='ocr_par' dir='ltr' id='par_1_109' title="bbox 1955 5021 3562 5094">
     <span class='ocr_line' id='line_1_109' title="bbox 1955 5021 3562 5094; baseline 0.006 -18"><span class='ocrx_word' id='word_1_772' title='bbox 1955 5023 2196 5094; x_wconf 89' lang='lat' dir='ltr'>scriptor</span> <span class='ocrx_word' id='word_1_773' title='bbox 2226 5037 2551 5092; x_wconf 88' lang='lat' dir='ltr'>anonymus</span> <span class='ocrx_word' id='word_1_774' title='bbox 2601 5023 2705 5076; x_wconf 88' lang='lat' dir='ltr'>sub</span> <span class='ocrx_word' id='word_1_775' title='bbox 2756 5021 2935 5077; x_wconf 85' lang='lat' dir='ltr'>ﬁnem</span> <span class='ocrx_word' id='word_1_776' title='bbox 2987 5023 3126 5078; x_wconf 63' lang='lat' dir='ltr'>Vitae</span> <span class='ocrx_word' id='word_1_777' title='bbox 3173 5024 3229 5078; x_wconf 92' lang='lat' dir='ltr'>S.</span> <span class='ocrx_word' id='word_1_778' title='bbox 3278 5026 3562 5086; x_wconf 87' lang='lat' dir='ltr'>Brunonis</span> 
     </span>
    </p>
   </div>
   <div class='ocr_carea' id='block_1_110' title="bbox 1955 5109 3559 5191">
    <p class='ocr_par' dir='ltr' id='par_1_110' title="bbox 1955 5109 3559 5191">
     <span class='ocr_line' id='line_1_110' title="bbox 1955 5109 3559 5191; baseline 0.005 -26"><span class='ocrx_word' id='word_1_779' title='bbox 1955 5110 2193 5166; x_wconf 64' lang='lat' dir='ltr'>edenda:</span> <span class='ocrx_word' id='word_1_780' title='bbox 2224 5126 2326 5181; x_wconf 90' lang='lat' dir='ltr'>pro</span> <span class='ocrx_word' id='word_1_781' title='bbox 2360 5109 2664 5164; x_wconf 85' lang='lat' dir='ltr'>emortuali</span> <span class='ocrx_word' id='word_1_782' title='bbox 2694 5110 2863 5180; x_wconf 88' lang='lat' dir='ltr'>hujus</span> <span class='ocrx_word' id='word_1_783' title='bbox 2893 5127 3046 5165; x_wconf 88' lang='lat' dir='ltr'>anno</span> <span class='ocrx_word' id='word_1_784' title='bbox 3081 5111 3312 5181; x_wconf 82' lang='lat' dir='ltr'>ﬁgendo</span> <span class='ocrx_word' id='word_1_785' title='bbox 3341 5114 3559 5191; x_wconf 86' lang='lat' dir='ltr'>laudat)</span> 
     </span>
    </p>
   </div>
   <div class='ocr_carea' id='block_1_111' title="bbox 1956 5195 3564 5269">
    <p class='ocr_par' dir='ltr' id='par_1_111' title="bbox 1956 5195 3564 5269">
     <span class='ocr_line' id='line_1_111' title="bbox 1956 5195 3564 5269; baseline 0.006 -17"><span class='ocrx_word' id='word_1_786' title='bbox 1956 5199 2029 5252; x_wconf 84' lang='lat' dir='ltr'>ad</span> <span class='ocrx_word' id='word_1_787' title='bbox 2071 5197 2310 5251; x_wconf 88' lang='lat' dir='ltr'>modum</span> <span class='ocrx_word' id='word_1_788' title='bbox 2357 5195 2577 5252; x_wconf 89' lang='lat' dir='ltr'>Codicis</span> <span class='ocrx_word' id='word_1_789' title='bbox 2623 5197 2829 5252; x_wconf 78' lang='lat' dir='ltr'>Montis</span> <span class='ocrx_word' id='word_1_790' title='bbox 2860 5197 2958 5252; x_wconf 89' lang='lat' dir='ltr'>Dei</span> <span class='ocrx_word' id='word_1_791' title='bbox 2990 5197 3391 5269; x_wconf 82' lang='lat' dir='ltr'>antiquissimi,</span> <span class='ocrx_word' id='word_1_792' title='bbox 3428 5207 3564 5262; x_wconf 87' lang='lat' dir='ltr'>alio-</span> 
     </span>
    </p>
   </div>
   <div class='ocr_carea' id='block_1_112' title="bbox 1955 5285 3556 5362">
    <p class='ocr_par' dir='ltr' id='par_1_112' title="bbox 1955 5285 3556 5362">
     <span class='ocr_line' id='line_1_112' title="bbox 1955 5285 3556 5362; baseline 0.006 -24"><span class='ocrx_word' id='word_1_793' title='bbox 1955 5301 2200 5356; x_wconf 83' lang='lat' dir='ltr'>rumque</span> <span class='ocrx_word' id='word_1_794' title='bbox 2231 5285 2503 5354; x_wconf 87' lang='lat' dir='ltr'>plurium,</span> <span class='ocrx_word' id='word_1_795' title='bbox 2533 5285 2630 5356; x_wconf 90' lang='lat' dir='ltr'>qui</span> <span class='ocrx_word' id='word_1_796' title='bbox 2663 5302 2824 5338; x_wconf 89' lang='lat' dir='ltr'>num.</span> <span class='ocrx_word' id='word_1_797' title='bbox 2858 5286 2889 5337; x_wconf 78' lang='grc'>4</span> <span class='ocrx_word' id='word_1_798' title='bbox 2911 5288 2968 5338; x_wconf 80' lang='lat' dir='ltr'>et</span> <span class='ocrx_word' id='word_1_799' title='bbox 2997 5287 3026 5338; x_wconf 78' lang='grc'><strong>5</strong></span> <span class='ocrx_word' id='word_1_800' title='bbox 3056 5291 3364 5344; x_wconf 85' lang='lat' dir='ltr'>memorati</span> <span class='ocrx_word' id='word_1_801' title='bbox 3405 5298 3556 5362; x_wconf 82' lang='lat' dir='ltr'>sunt,</span> 
     </span>
    </p>
   </div>
   <div class='ocr_carea' id='block_1_113' title="bbox 1959 5371 3563 5446">
    <p class='ocr_par' dir='ltr' id='par_1_113' title="bbox 1959 5371 3563 5446">
     <span class='ocr_line' id='line_1_113' title="bbox 1959 5371 3563 5446; baseline 0.002 -18"><span class='ocrx_word' id='word_1_802' title='bbox 1959 5373 2304 5444; x_wconf 85' lang='lat' dir='ltr'>easdemque</span> <span class='ocrx_word' id='word_1_803' title='bbox 2315 5372 2586 5444; x_wconf 87' lang='lat' dir='ltr'>Guigonis</span> <span class='ocrx_word' id='word_1_804' title='bbox 2605 5371 3054 5427; x_wconf 87' lang='lat' dir='ltr'>Consuetudiues</span> <span class='ocrx_word' id='word_1_805' title='bbox 3079 5376 3396 5446; x_wconf 89' lang='lat' dir='ltr'>continent,</span> <span class='ocrx_word' id='word_1_806' title='bbox 3413 5382 3563 5438; x_wconf 80' lang='lat' dir='ltr'>solos</span> 
     </span>
    </p>
   </div>
   <div class='ocr_carea' id='block_1_114' title="bbox 1961 5459 3566 5542">
    <p class='ocr_par' dir='ltr' id='par_1_114' title="bbox 1961 5459 3566 5542">
     <span class='ocr_line' id='line_1_114' title="bbox 1961 5459 3566 5542; baseline -0.001 -26"><span class='ocrx_word' id='word_1_807' title='bbox 1961 5459 2214 5536; x_wconf 86' lang='lat' dir='ltr'>quinque</span> <span class='ocrx_word' id='word_1_808' title='bbox 2233 5461 2450 5540; x_wconf 84' lang='lat' dir='ltr'>primos</span> <span class='ocrx_word' id='word_1_809' title='bbox 2480 5460 2789 5519; x_wconf 70' lang='lat' dir='ltr'>Carthusize</span> <span class='ocrx_word' id='word_1_810' title='bbox 2819 5459 3040 5536; x_wconf 81' lang='lat' dir='ltr'>priores</span> <span class='ocrx_word' id='word_1_811' title='bbox 3065 5461 3125 5525; x_wconf 87' lang='lat' dir='ltr'>in</span> <span class='ocrx_word' id='word_1_812' title='bbox 3155 5463 3338 5539; x_wconf 83' lang='lat' dir='ltr'>capite</span> <span class='ocrx_word' id='word_1_813' title='bbox 3357 5472 3566 5542; x_wconf 74' lang='lat' dir='ltr'>praem.</span> 
     </span>
    </p>
   </div>
  </div>
