3996 6012
432 368 495 422 15
1245 362 1303 415 S.
1378 359 1723 414 BRUNONIS
1785 357 2418 431 CARTHUSJANORUM
2465 358 2931 415 lNSTlTUTORIS
3683 370 3744 423 16

425 488 576 556 ierit,
606 487 824 560 hosque
847 484 1089 559 proinde
1119 486 1269 540 solos
1296 484 1391 539 ille
1420 482 1479 539 in
1512 481 1761 556 antiquis
1804 482 2032 539 Ordinis
2049 487 2105 547 Α
2128 482 2380 557 suppetit
2417 486 2616 539 tamen
2665 488 2967 557 praeterea,
3005 501 3118 558 quo
3152 489 3294 560 quot
3323 487 3488 544 annis
3510 492 3645 547 ante
3687 490 3748 549 id

422 576 833 634 Carthusiensis
885 574 1286 629 fundatoribus
1343 590 1408 628 ac
1447 572 1878 645 promotoribus
1924 572 2026 627 ha-

420 665 628 733 buerit,
656 669 754 720 aut
783 666 933 718 certe
953 664 1288 717 Antelmum
1311 666 1368 716 et
1399 661 1665 716 Basilium
1693 702 1707 725 ,
1738 660 1892 732 quod
1924 676 2029 713 nec

420 754 638 809 ibidem
692 755 1045 806 memoratos
1099 749 1400 817 invenerit,
1457 766 1561 803 nec
1599 747 1828 802 aliunde
1881 747 2029 802 forte

422 844 508 895 sat
534 841 794 912 cognitos
822 837 1108 906 habuerit,
1129 837 1354 892 silentio
1390 835 1822 908 praetereundos
1853 830 2027 890 duxe-

419 927 533 984 rit?

497 1020 579 1071 12.
609 1016 679 1069 Ut
708 1017 769 1068 ut
799 1013 1341 1079 sit,Chronicum,de
1361 1027 1474 1083 quo
1495 1010 1606 1077 hic,
1630 1010 1826 1077 serius,
1852 1027 2027 1083 quam

424 1120 578 1159 anno
606 1102 827 1157 circiter
853 1105 1007 1168 1151,
1040 1101 1317 1172 scriptum
1346 1115 1486 1165 esse,
1533 1098 1675 1153 mihi
1707 1115 1844 1153 sane
1865 1115 2026 1153 vero-

422 1192 781 1257 simllimum,
801 1206 873 1244 ne
900 1189 1087 1243 dicam
1104 1188 1512 1255 indubitatum,
1537 1180 2027 1260 apparet.Etenim

422 1281 543 1352 ejus
573 1282 770 1333 auctor
807 1277 866 1332 in
914 1276 1106 1331 Sancti
1136 1275 1316 1330 nostri
1345 1274 1533 1347 elogio
1582 1292 1682 1329 seu
1708 1274 1833 1328 Vita
1886 1275 2029 1329 anti-

421 1368 606 1440 quiori
652 1383 813 1420 num.
847 1368 880 1419 2
933 1388 960 1413 ‹‹
991 1362 1377 1419 Universitalis
1404 1383 1437 1414 »
1493 1362 1732 1417 nomine
1794 1361 2028 1432 insignit

422 1454 779 1509 academiam
820 1452 1217 1518 Parisiensem,
1271 1468 1420 1523 quas,
1465 1450 1568 1504 etsi
1614 1450 1741 1520 jam
1770 1451 1842 1504 ab
1873 1467 2027 1504 anno

423 1544 645 1598 circiter
681 1546 805 1598 1151
842 1542 1175 1596 societatem
1206 1540 1520 1612 quamdam
1552 1538 1899 1593 constituere
1940 1539 2026 1594 in-

425 1628 1143 1704 ceperit,magistris,omni
1163 1628 1533 1683 scientiarum
1553 1643 1767 1699 genere
1783 1627 2025 1681 instruc-

422 1719 857 1790 tis,ingentique
881 1718 954 1772 ad
973 1716 1462 1772 horumlectiones
1478 1714 1899 1770 conﬂuentium
1921 1714 2029 1769 dis-

421 1808 744 1881 cipulorum
789 1805 1157 1861 multitudine
1203 1804 1459 1871 ﬂoreret,
1513 1825 1540 1854 «
1568 1803 1960 1858 Universitatis
1996 1825 2023 1852 »

416 1900 615 1951 tamen
648 1891 1192 1964 nomine,quidquid
1212 1896 1414 1946 contra
1432 1891 1491 1945 in
1517 1891 1895 1955 unimrsitatis
1921 1893 2026 1946 Pa-

416 1981 667 2038 risiensis
705 1980 951 2035 Historia
989 1980 1208 2034 Bulaeus
1262 1981 1485 2050 arguat,
1510 1982 1643 2033 ante
1692 1978 2027 2033 inchoatum

418 2072 693 2126 saeculum
712 2069 1003 2124 decim-um
1016 2068 1251 2121 tertium
1273 2067 1657 2121 condecorata
1683 2084 1799 2122 non
1813 2067 2027 2135 fuit,uti

417 2158 676 2213 Historiae
725 2155 1019 2211 litterarim
1062 2154 1315 2209 Francia:
1355 2153 1673 2226 Scriptores
1733 2158 1874 2210 tom.
1937 2156 2022 2223 IX,

416 2263 551 2322 pag.
589 2248 656 2301 80
685 2244 913 2311 docent,
943 2246 1114 2317 atque
1157 2242 1309 2315 apud
1337 2259 1540 2297 omnes
1568 2259 1749 2315 prope
1772 2244 2025 2299 eruditos

420 2334 596 2390 modo
620 2334 678 2390 in
704 2333 963 2388 confesso
989 2336 1093 2387 est.
1114 2331 1202 2386 Ad
1220 2332 1342 2386 haec
1372 2330 1527 2386 idem
1544 2334 1763 2399 auctor,
1791 2332 2025 2387 Carthu-

416 2424 515 2481 siaa
542 2423 647 2494 Maj
655 2421 856 2489 oris,ut
864 2422 989 2493 jam
1003 2419 1624 2488 dixi,alumnus,inVita
1637 2419 1829 2476 Sancti
1846 2421 2022 2476 eden-

416 2513 493 2568 da
522 2528 684 2568 num.
700 2513 769 2566 20
795 2510 1065 2565 meminit
1089 2507 1450 2575 Chartularii,
1473 2509 1787 2581 quod,cum
1810 2510 2021 2565 scribe-

412 2598 618 2669 ret,‘in
650 2598 947 2654 Carthusia
969 2597 1166 2669 Majori
1197 2596 1494 2664 exstiterit,
1524 2614 1699 2670 quam
1734 2598 1859 2669 jam
1886 2596 2021 2652 inde

413 2688 485 2743 ab
513 2704 667 2743 anno
715 2685 939 2741 circiter
999 2688 1124 2740 1151
1170 2687 1255 2739 tot
1301 2684 1717 2753 instrumentis,
1760 2689 1901 2757 quot
1948 2685 2021 2740 ad

414 2774 838 2832 Chartularium
888 2772 1312 2829 conficiendum
1345 2772 1716 2838 suffecissent,
1775 2773 2017 2828 instruc-

410 2866 532 2919 tam
561 2863 755 2929 fuisse,
781 2878 987 2934 parum
1010 2860 1279 2916 credibile
1309 2864 1567 2932 apparet.

481 2954 565 3006 13.
598 2951 667 3006 Et
712 2966 865 3017 vero,
897 2966 1030 3005 cum
1065 2948 1394 3015 Carthusiae,
1430 2947 1739 3003 Carthusiae
1774 2948 2016 3022 principi

2127 572 2348 640 fecerit,
2382 575 2505 628 tuto
2540 573 2947 631 determinem.

2203 665 2288 716 15.
2323 661 2471 716 Nihil
2502 662 2735 716 interim
2771 664 2997 719 obstare
3026 665 3271 733 videtur,
3306 683 3420 738 quo
3454 669 3643 724 minus
3682 670 3743 725 id

2129 748 2228 803 abs
2248 748 2346 803 illo
2380 750 2543 803 annis
2574 749 2800 805 circiter
2822 751 3243 825 quinquaginta
3263 757 3362 809 aut
3393 756 3568 812 etiam
3591 774 3747 812 sexa-

2128 836 2289 908 ginta
2315 840 2449 892 ante
2486 837 2704 892 dictum
2737 856 2958 896 annum
2994 843 3131 896 1314
3170 842 3390 897 factum
3432 845 3739 902 credatur:

2126 923 2247 979 imo
2272 940 2406 979 vero
2438 925 2543 980 etsi
2573 926 2697 997 quis
2720 927 3095 998 scriptionem
3115 928 3295 998 illam,
3330 948 3431 986 seu
3455 932 3743 1003 Chronici,

2129 1012 2199 1067 de
2213 1029 2325 1084 quo
2336 1013 2448 1081 hic,
2465 1015 2924 1071 lucubrationem
2951 1020 3085 1073 ante
3106 1034 3326 1074 annum
3341 1020 3567 1076 circiter
3585 1025 3740 1090 1250,

2128 1103 2228 1155 aut
2246 1101 2422 1156 etiam
2452 1104 2587 1158 ante
2606 1120 2827 1159 annum
2857 1105 3082 1161 circiter
3110 1108 3245 1162 1230
3277 1108 3573 1180 figendam
3607 1126 3744 1166 con-

2127 1189 2412 1257 tenderet,
2455 1190 2581 1246 falsi
2612 1208 2746 1247 eum
2782 1195 2938 1248 certo
2967 1193 3306 1250 convincere
3351 1214 3469 1252 non
3492 1215 3740 1270 possem,

2128 1277 2449 1347 quod,jam
2477 1280 2603 1333 tum
2659 1278 2718 1334 in
2754 1280 3051 1336 Carthusia
3089 1283 3287 1354 Majori
3319 1284 3742 1341 Chartularium

2128 1380 2245 1418 non
2275 1365 2569 1432 exstitisse,
2594 1366 2984 1423 indubitatum
3016 1371 3257 1426 omnino
3296 1389 3412 1427 non
3452 1373 3553 1440 sit;
3587 1375 3743 1446 quod

2126 1454 2346 1519 tamen,
2364 1456 2427 1507 ut
2438 1457 2571 1508 ante
2588 1457 2859 1510 neutrum
2876 1457 3028 1511 hunc
3051 1475 3270 1513 annum
3284 1460 3744 1516 lucubrationem

2126 1538 2286 1594 illam
2308 1541 2633 1610 locandam,
2651 1547 2843 1613 posset
2864 1546 3119 1616 probari,
3147 1547 3386 1602 omnino
3409 1548 3740 1620 requiritur,

2128 1627 2249 1683 aliis
2279 1644 2509 1698 prorsus
2550 1631 2840 1699 omnibus,
2877 1632 3079 1704 quibus
3112 1650 3202 1688 res
3234 1639 3392 1690 certo
3424 1637 3739 1704 evincatur,

2126 1715 2503 1788 argumentis,
2536 1721 2817 1789 quantum
2851 1721 3077 1792 opinor,
3112 1722 3523 1778 deficientibus.
3557 1726 3742 1796 Atque

2126 1802 2250 1857 haec
2288 1806 2440 1871 sunt,
2473 1820 2599 1875 quae
2633 1821 2737 1876 pro
2772 1806 3055 1875 Chronici,
3081 1808 3300 1878 primos
3331 1810 3582 1882 quinque
3615 1812 3747 1866 Car-

2127 1889 2329 1945 thusies
2358 1891 2584 1962 Majoris
2612 1892 2861 1962 priores,
2914 1894 3241 1967 horumque
3283 1913 3351 1951 ex
3392 1900 3555 1967 parte
3582 1903 3745 1971 gesta

2129 1978 2331 2033 ordine
2363 1981 2731 2048 recensentis,
2756 1985 2925 2036 aetate
2954 1986 3266 2055 utcumque
3297 1985 3743 2042 determinanda

2128 2071 2454 2122 occurrunt.
2474 2068 2535 2122 Id
2548 2072 2743 2122 autem
2761 2086 2867 2123 nec
2881 2074 3013 2125 ante
3036 2072 3307 2126 saeculum
3332 2073 3567 2128 tertium
3591 2074 3742 2129 deci-

2127 2170 2311 2222 mum,
2334 2172 2439 2210 nec
2459 2159 2587 2227 post
2600 2172 2822 2211 annum
2839 2158 3262 2229 l3léscriptum
3287 2175 3430 2227 esse,
3456 2177 3524 2215 ex
3546 2162 3737 2216 omni-

2124 2243 2229 2298 bus
2243 2243 2369 2314 jam
2390 2242 2553 2299 dictis
2581 2247 2805 2298 certum
2829 2248 3103 2317 apparet;
3126 2250 3343 2318 quanto
3366 2251 3561 2302 autem
3586 2252 3734 2304 tem-

2123 2346 2266 2401 pore
2295 2334 2429 2387 ante
2451 2332 2603 2386 hunc
2628 2349 2848 2387 annum
2871 2333 3089 2388 factum
3122 2334 3180 2389 id
3220 2335 3314 2402 sit,
3358 2336 3527 2407 plane
3556 2337 3737 2392 incer-

2123 2423 2270 2487 tum,
2303 2436 2408 2474 nec
2430 2420 2745 2493 quidquam
2770 2421 3037 2489 occurrit,
3056 2438 3170 2494 quo
3196 2424 3561 2479 monumenti
3587 2424 3732 2480 illius

2126 2510 2359 2563 (etatem
2391 2508 2624 2580 propius
2655 2509 3063 2565 determinem.

2196 2597 2284 2651 16.
2313 2596 2523 2652 Verum
2546 2596 2650 2651 etsi
2671 2613 2763 2651 res
2794 2597 2874 2652 ita
2894 2598 2985 2664 sit,
3018 2599 3330 2654 subsecutis
3352 2599 3726 2657 nihilominus

2118 2684 2479 2755 temporibus
2503 2684 2562 2739 id
2584 2684 2664 2740 ita
2688 2684 3073 2741 Carthusianis
3096 2686 3204 2740 fuit
3227 2688 3555 2759 probatum,
3581 2693 3662 2756 ut,
3684 2689 3729 2744 si

2119 2787 2247 2843 quas
2277 2771 2337 2826 in
2373 2771 2552 2840 libris,
2586 2789 2727 2844 quos
2768 2773 3112 2841 scribebant,
3149 2775 3235 2827 vel
3281 2774 3350 2827 de
3385 2773 3613 2829 Ordinis
3643 2779 3729 2834 sui

2118 2858 2341 2931 origine
2370 2861 2458 2915 vel
2491 2860 2561 2915 de
2591 2860 2648 2915 S.
2680 2862 2945 2915 Brunone
2968 2860 3238 2932 primisve
3262 2864 3389 2931 post
3408 2862 3560 2917 hunc
3586 2880 3726 2935 qua-

2116 2949 2250 3003 tuor
2279 2948 2591 3004 Carthusiaa
2618 2948 2907 3004 Prioribus
2941 2950 3461 3005 commemoranda
3481 2968 3548 3005 ex
3562 2967 3724 3007 occa-

408 3038 628 3105 vicinaa,
671 3038 868 3110 quales
910 3040 1045 3092 sunt
1095 3036 1301 3091 domus
1354 3037 1679 3103 Portarum,
1710 3036 2012 3107 Majortevi,
2042 3044 2087 3103 α
2113 3034 2275 3091 sione
2307 3037 2635 3104 habuerint,
2659 3053 2727 3090 ea
2751 3038 2813 3090 ut
2835 3036 3173 3107 plurimum,
3196 3054 3324 3108 qua:
3355 3038 3544 3109 reipsa
3564 3056 3723 3096 com-

408 3125 715 3191 Durbonis,
746 3124 984 3180 Allionis
1018 3127 1075 3179 et
1099 3124 1268 3178 Vallis
1306 3123 1362 3178 S.
1389 3124 1663 3194 Hugonis,
1696 3124 1866 3196 paulo
1880 3128 2012 3179 ante

405 3230 627 3270 annum
664 3212 907 3279 l250,uti
925 3229 1031 3267 ms.
1056 3211 1126 3266 de
1143 3212 1269 3265 Vita
1305 3211 1362 3266 S.
1388 3212 1670 3266 Brunonis
1697 3212 2009 3279 Tractatus,

404 3318 439 3357 a
468 3301 729 3358 Patribus
757 3299 1144 3356 Carthusianis
1181 3299 1472 3369 hujatibus
1503 3315 1731 3354 mecum
1756 3316 2014 3355 commu-

403 3389 644 3455 nicatus,
678 3404 819 3444 num
835 3389 903 3443 24-
924 3385 1135 3459 prodit,
1156 3386 1225 3440 de
1249 3386 1611 3441 documentis
1627 3386 1740 3441 suis
1757 3385 1816 3441 in
1843 3387 2013 3442 Char-

402 3475 629 3542 tularia,
685 3492 812 3549 quas
858 3475 1085 3546 integra
1138 3473 1425 3546 hodieque
1455 3477 1698 3541 exstant,
1734 3474 2007 3545 cogendis

402 3564 658 3638 primum
706 3562 928 3619 solliciti
957 3561 1190 3629 fuerint,
1223 3562 1493 3617 eamdem
1518 3565 1654 3617 tunc
1685 3564 1743 3615 et
1769 3562 2007 3616 Carthu-

402 3651 499 3708 sie:
528 3651 723 3722 Majori
753 3668 952 3706 curam
968 3650 1224 3724 primum
1251 3649 1421 3705 fuisse
1450 3648 2007 3723 susceptam,verosi-

402 3738 538 3796 mile
579 3738 783 3794 evadit.
819 3738 959 3794 Hinc
983 3754 1156 3811 porro
1179 3738 1307 3809 jam
1332 3736 1791 3810 consequitur,ut
1830 3737 2005 3792 Chro-

401 3827 534 3896 nici,
566 3826 624 3882 in
676 3827 837 3898 cujus
865 3825 956 3881 hic
981 3829 1213 3882 aetatem
1243 3825 1606 3899 inquirimus,
1644 3829 1843 3880 auctor
1865 3843 2005 3881 ano-

399 3932 626 3987 nymus,
654 3918 853 3987 utpote
882 3912 1240 3980 Chartularii,
1275 3913 1450 3986 quod,
1479 3929 1611 3967 cum
1646 3913 2005 3977 scriberet,in

402 4002 698 4059 Carthusia
719 4001 916 4072 Majori
943 4001 1238 4069 exstiterit,
1299 4001 1661 4056 mentionem
1719 4018 1786 4056 ex
1835 4000 1999 4055 dictis

398 4087 635 4156 faciens,
670 4091 807 4144 ante
847 4105 1069 4145 annum
1115 4088 1338 4144 circiter
1368 4091 1521 4153 1250,
1562 4091 1765 4143 contra
1804 4104 1867 4142 ac
1899 4088 2003 4143 Co-

397 4176 648 4236 lumbius
663 4175 878 4245 statuit,
912 4177 1311 4232 verosimiliter
1331 4193 1448 4232 non
1480 4175 2004 4248 scripserit.Verum

396 4267 614 4336 quanto
657 4263 892 4335 quidem
942 4266 1208 4337 tempore
1265 4263 1442 4319 serius
1496 4264 1883 4335 chronologus
1912 4265 2005 4322 ille

394 4350 690 4424 scriptioni
721 4367 962 4407 manum
1001 4350 1295 4407 admovit?

471 4439 557 4495 14.
604 4437 747 4494 Cum
776 4438 1108 4494 Guillelmus
1154 4438 1226 4491 de
1281 4436 1583 4508 Yporegia,
1624 4439 1713 4493 cui
1754 4440 2003 4496 Joannes

398 4524 728 4582 Columbius
737 4525 1065 4581 Tractatum
1083 4524 1153 4578 de
1172 4522 1403 4594 Origine
1416 4524 1723 4579 etVeritate
1736 4527 2003 4598 perfectae

394 4611 690 4687 religionis
709 4613 768 4669 in
783 4613 1190 4671 Dissertatione
1210 4612 1281 4666 de
1304 4611 1811 4670 Carthusianorum
1828 4615 2003 4671 initiis

396 4704 633 4758 num.55
656 4700 1092 4767 attribuit,hunc
1110 4715 1263 4754 anno
1292 4700 1427 4754 1313
1440 4716 1506 4754 ex
1525 4703 1722 4755 mente
1742 4701 2001 4773 ejusdem

394 4786 682 4844 Columbii
712 4786 959 4845 exararit
983 4804 997 4853 ;
1023 4787 1163 4841 Boso
1186 4786 1498 4853 autem,cui
1517 4786 2000 4846 dictusTractatus

391 4875 582 4949 reipsa
599 4875 750 4932 forte
782 4872 1210 4941 adscribendus,
1241 4890 1397 4930 anno
1428 4877 1562 4932 1313
1593 4876 1998 4951 obierit,opor-

390 4966 478 5021 tet
500 4979 659 5033 sane,
691 4966 756 5018 ut
806 4962 899 5019 hic
928 4964 1065 5019 ante
1111 4978 1333 5018 annum
1366 4965 1502 5019 1314
1554 4963 1625 5019 sit
1676 4968 1993 5022 contextus.

393 5051 603 5119 Quare,
656 5066 788 5106 cum
842 5049 966 5121 ejus
1010 5053 1228 5118 auctor,
1282 5050 1656 5124 quiscumque
1687 5053 1926 5110 demum
1952 5055 1998 5110 is

391 5140 483 5208 sit,
517 5136 899 5197 lucubrationi
929 5155 1043 5194 suae
1071 5138 1185 5212 (adi
1212 5140 1498 5196 Joannem
1548 5141 1811 5198 Columbi
1876 5143 1993 5198 Dis-

390 5231 525 5285 σοι-ι.
565 5227 693 5299 jam
730 5224 933 5298 sapius
974 5226 1093 5293 cit.,
1143 5243 1306 5283 num.
1346 5231 1411 5282 55
1452 5231 1511 5283 et
1557 5227 1645 5299 61)
1676 5228 1990 5301 integrum,

390 5314 462 5370 de
511 5329 625 5387 quo
674 5312 787 5380 hic,
832 5312 1155 5386 primorum
1183 5314 1437 5387 quinque
1495 5314 1805 5370 Carthusiae
1835 5317 1991 5371 Prio-

388 5417 521 5457 rum
550 5399 900 5456 Chronicum
941 5401 1267 5471 inseruerit,
1299 5402 1718 5458 consectarium
1746 5404 1985 5459 omnino

389 5490 493 5555 est,
524 5492 588 5544 ut
610 5489 720 5544 hoc
745 5490 943 5545 auctor
982 5494 1116 5547 ante
1143 5508 1363 5547 annum
1399 5492 1532 5546 1314
1569 5491 1985 5562 conscripserit.

390 5577 554 5643 Quod
602 5577 838 5651 quidem
870 5580 1127 5654 quamvis
1156 5582 1243 5635 sat
1283 5583 1505 5637 certum
1531 5583 1825 5654 appareat,
1866 5598 1982 5638 non

2115 3128 2517 3181 memorarunt
2547 3141 2612 3179 ex
2645 3124 2850 3179 eodem
2885 3125 3290 3195 excerpserint,
3316 3124 3517 3181 iisdem
3550 3128 3725 3183 etiam

2111 3210 2256 3278 fere,
2293 3212 2496 3284 quibus
2524 3211 2696 3281 hujus
2726 3215 2943 3279 auctor,
2977 3212 3164 3266 verbis
3200 3229 3320 3267 non
3349 3230 3481 3269 raro
3507 3215 3612 3269 usi.
3643 3218 3723 3271 Ac

2112 3300 2304 3371 primo
2317 3300 2551 3372 quidem
2567 3300 2670 3354 hos
2688 3298 2839 3353 inter
2854 3300 3266 3355 memorandus
3281 3304 3385 3369 est,
3404 3302 3501 3374 qui
3515 3320 3722 3359 monu-

2113 3392 2379 3443 mentum
2395 3386 2537 3442 illud
2561 3387 2618 3441 in
2645 3404 2812 3441 suum
2840 3388 2911 3442 de
2936 3387 3169 3458 Origine
3188 3392 3246 3443 et
3266 3389 3515 3445 Veritate
3540 3392 3725 3464 perfe-

2110 3477 2216 3529 ctas
2247 3473 2541 3546 religionis
2564 3477 2873 3529 tractatum
2916 3474 3127 3541 intulit,
3153 3480 3353 3531 auctor
3392 3494 3564 3549 supra
3598 3481 3722 3550 plus

2107 3562 2287 3617 semel
2317 3563 2600 3629 laudatus,
2634 3562 2748 3617 sive
2776 3562 2820 3618 is
2843 3562 3177 3619 Guillelmus
3202 3564 3272 3619 de
3296 3565 3582 3637 Yporegia
3603 3566 3719 3621 sive

2110 3650 2251 3706 Boso
2273 3650 2509 3705 sit.Huic
2528 3650 2745 3706 accedit
2765 3651 3029 3707 Priorum
3057 3651 3284 3706 Ordinis
3307 3644 3719 3709 Carthusiensis

2107 3739 2510 3811 chronologus,
2538 3756 2572 3793 a
2618 3738 2916 3794 Columbio
2939 3739 2997 3793 in
3032 3739 3437 3795 Dissertatione
3471 3741 3542 3794 de
3590 3742 3722 3796 Car-

2105 3827 2509 3881 thusianorum
2535 3825 2708 3880 initiis
2731 3844 2892 3881 num.
2918 3829 2987 3881 54
3004 3830 3380 3893 memoratus,
3396 3826 3516 3898 qui,
3534 3829 3614 3881 uti
3638 3828 3714 3883 ibi

2106 3913 2200 3968 hic
2221 3913 2468 3985 scriptor
2496 3912 2730 3980 indicat,
2767 3914 3147 3980 horrendum,
3182 3931 3295 3986 quo
3328 3930 3448 3968 sese
3492 3914 3717 3970 Parisiis

2105 4000 2283 4057 homo
2301 4000 2583 4057 redivivus
2601 4001 2941 4057 damnatum
2956 4002 3181 4074 publice
3209 4020 3239 4057 e
3260 4003 3475 4058 feretro
3498 4005 3719 4074 procla-

2107 4088 2303 4158 marit,
2317 4089 2650 4162 prodigium
2665 4088 2867 4145 iisdem
2883 4091 3075 4161 plane,
3102 4090 3306 4162 quibus
3318 4091 3376 4147 id
3390 4090 3449 4145 in
3462 4091 3717 4164 quinque

2105 4176 2434 4250 primorum
2489 4177 2802 4233 Carthusiae
2830 4178 3092 4233 Priorum
3111 4178 3414 4246 Chronico,
3431 4195 3529 4233 seu
3543 4178 3600 4233 in
3620 4196 3719 4234 an-

2103 4265 2337 4337 tiquiori
2377 4264 2567 4321 Sancti
2591 4266 2771 4321 nostri
2803 4266 2946 4325 Vita.
2977 4282 3040 4319 cx
3072 4266 3180 4320 hoc
3211 4266 3457 4334 edenda,
3485 4283 3647 4321 num.
3687 4271 3707 4322 1

2024 4356 2077 4416 Ι)
2104 4356 2163 4408 et
2189 4370 2349 4426 seqq.
2378 4355 2464 4422 fit,
2496 4355 2681 4410 verbis
2711 4354 2945 4425 exponit
2982 4354 3092 4408 alio
3135 4355 3333 4421 etiam,
3380 4372 3555 4426 quam
3598 4373 3713 4428 quo

2101 4442 2225 4498 haec
2253 4446 2550 4510 occurunt,
2583 4442 2770 4514 operis
2814 4442 2899 4498 sui
2930 4443 3053 4497 loco
3078 4440 3158 4496 ita
3188 4457 3559 4498 memorans:
3595 4463 3623 4493 ››
3648 4446 3713 4499 In

2102 4531 2260 4588 brevi
2308 4532 2574 4588 exaudita
2621 4535 2706 4588 est
2746 4530 2929 4587 oratio
2978 4529 3213 4585 Joannis
3257 4529 3465 4596 Birelli,
3500 4531 3713 4587 Priori:

2104 4618 2436 4687 Carthusia),
2478 4623 2537 4674 et
2564 4622 2901 4685 conventus,
2937 4620 3109 4690 atque
3150 4617 3439 4674 Amedeus
3480 4618 3707 4688 Viridis,

2101 4723 2295 4763 comes
2313 4706 2636 4774 Sabaudice,
2663 4707 2844 4762 filium
2868 4707 2939 4761 de
2963 4722 3158 4772 uxore,
3178 4721 3310 4777 qua
3332 4705 3537 4763 sterilis
3552 4711 3713 4779 puta-

2100 4795 2289 4863 batur,
2313 4794 2576 4867 suscepit,
2604 4794 2721 4868 qui,
2745 4794 2921 4849 etiam
2951 4794 3240 4849 Amedeus
3270 4798 3522 4865 vocatus,
3558 4811 3710 4852 nunc

2098 4897 2293 4938 eomes
2324 4881 2625 4938 Sabaudiae
2656 4883 2742 4937 est
2774 4881 3029 4937 effectus.
3065 4903 3093 4931 »

2172 4973 2256 5025 17.
2289 4969 2368 5025 Ex
2410 4968 2497 5024 his
2528 4972 2723 5025 autem
2769 4968 2954 5024 verbis
2995 4969 3386 5043 consequitur,
3429 4974 3493 5028 ut
3526 4970 3710 5028 dictus

2095 5056 2480 5129 chronologus
2505 5072 2572 5111 eo
2595 5056 2876 5127 temporis
2899 5057 3102 5130 spatio,
3122 5059 3279 5132 quod
3304 5059 3374 5113 ab
3401 5076 3554 5114 anno
3574 5062 3706 5115 1383

2096 5145 2169 5199 ad
2208 5161 2429 5200 annum
2466 5147 2592 5200 1391
2638 5144 2879 5211 efﬂuxit,
2914 5144 3144 5201 indubie
3178 5146 3501 5218 scripserit;
3528 5147 3707 5217 priori

2095 5232 2251 5286 enim
2283 5248 2315 5287 e
2332 5232 2481 5288 binis
2500 5232 2652 5287 hisce
2673 5232 2837 5287 annis
2857 5234 3143 5289 Amedeus
3165 5233 3390 5301 Viridis,
3406 5234 3706 5306 posteriori

2092 5335 2226 5374 vero
2248 5319 2369 5390 ejus
2390 5320 2543 5375 filius
2566 5320 2853 5375 Amedeus
2883 5321 3085 5376 itidem
3119 5316 3367 5388 vocdtus,
3397 5338 3427 5375 e
3460 5322 3616 5390 vivis,
3643 5325 3704 5377 ut

2093 5406 2421 5463 Columbius
2448 5408 2573 5463 loco
2605 5408 2698 5462 cit.
2733 5408 2921 5477 docet,
2966 5408 3219 5464 excessit.
3249 5409 3377 5463 Haec
3409 5409 3534 5480 ipsa
3555 5410 3701 5465 inte-

2089 5494 2201 5550 rim
2233 5495 2565 5567 verba,jam
2593 5512 2727 5551 mox
2758 5497 3016 5563 recitata,
3050 5497 3107 5551 in
3134 5495 3289 5551 brevi
3323 5496 3551 5553 Ordinis
3573 5498 3703 5554 Car-

2089 5582 2389 5641 thusiensis
2404 5584 2651 5643 Historia
2667 5585 2820 5658 apud
2829 5586 3180 5642 Marteneum
3194 5587 3353 5643 tomo
3368 5586 3434 5641 VI
3452 5585 3698 5660 Scripto-
