3996 6012
306 244 373 295 17
1888 236 1917 290 ,Α

2018 239 2069 290 ¹Α
2686 273 2690 277 ~
3590 250 3652 303 18

308 381 443 419 rum
476 369 760 434 veterum,
792 368 902 422 col.
961 369 1060 423 189
1099 367 1278 422 etiam
1334 368 1627 437 leguntur,
1684 364 1922 433 hincque
1954 363 2009 420 A
2030 359 2198 417 binos
2220 362 2348 419 illos
2381 362 2573 419 Sancti
2595 364 2947 438 biographos
2975 366 3132 422 idem
3152 368 3244 423 hic
3266 367 3493 425 Ordinis
3508 371 3645 427 Car-

309 453 693 508 nihilominus
716 456 787 509 ab
810 459 1045 511 auctore
1077 456 1151 512 ad
1176 471 1396 510 annum
1424 470 1601 524 usque
1636 453 1771 507 1409
1792 466 1930 522 pro-

308 540 569 609 ducitur;
604 559 781 614 quam
813 544 887 598 ob
937 561 1086 611 rem,
1122 559 1252 599 curn
1306 543 1572 597 Priorum
1617 538 1927 595 Carthusize

307 633 478 699 gesta
509 631 718 684 ordine
761 631 1043 687 Chronico
1102 632 1335 702 insuper
1386 629 1670 695 exhibeat,
1703 643 1930 683 consec-

307 717 529 771 tarium
556 719 796 773 omnino
818 719 1062 781 videtur,
1087 722 1173 774 vel
1191 719 1450 789 utipsum
1475 717 1546 772 sit
1568 715 1930 772 Carthasim.-

306 804 461 859 sium
487 806 751 861 Priorum
778 823 809 860 e
837 805 1139 865 Columbio
1166 823 1300 862 mox
1330 805 1559 861 adducti
1589 802 1928 873 chronologi

305 909 476 965 opus,
506 895 662 965 quod
691 894 783 949 hic
808 895 1057 966 ipsemet
1077 894 1510 962 additamentis,
1542 895 1703 965 gesta
1724 910 1756 947 a
1777 895 1925 947 tem-

306 997 475 1052 pore,
510 998 624 1054 quo
659 982 815 1053 prius
845 984 1171 1055 scripserat,
1206 981 1742 1054 complectentibus,
1776 980 1926 1035 dicto

309 1086 475 1124 anno
506 1073 639 1125 1409
675 1075 777 1126 aut
807 1073 985 1127 etiam
1006 1072 1208 1137 serius,
1228 1072 1385 1126 nulla
1415 1072 1566 1125 facta
1587 1070 1649 1124 in
1678 1069 1764 1135 iis,
1800 1085 1926 1140 quae

305 1158 473 1227 prius
495 1159 820 1231 scripserat,
857 1162 1200 1227 mutatione,
1235 1159 1488 1226 auxerit;
1532 1159 1620 1213 vel
1651 1161 1712 1211 ut
1734 1174 1767 1212 a
1792 1156 1926 1211 scri-

304 1250 482 1317 ptore
503 1249 685 1302 altero
709 1251 766 1301 et
796 1265 863 1302 ex
896 1249 1159 1303 Priorum
1195 1247 1687 1304 Carthusiensium
1713 1243 1927 1300 laudati

307 1351 344 1389 a
365 1335 668 1390 Columbio
684 1336 1021 1407 cbronologi
1045 1353 1221 1408 opere
1246 1337 1400 1408 (ipsis
1422 1336 1589 1406 hujus
1608 1334 1796 1389 verbis
1817 1348 1930 1388 ser-

303 1424 453 1478 vatis
486 1424 728 1492 intactis)
760 1427 816 1479 et
839 1441 908 1479 ex
938 1425 1156 1480 notitiis
1186 1424 1478 1497 scriptisve
1511 1422 1744 1478 aliunde
1778 1438 1930 1477 acce-

302 1513 421 1584 ptis
450 1513 661 1567 eodem
689 1513 839 1568 dicto
871 1530 1024 1569 anno
1060 1515 1196 1569 1409
1221 1516 1319 1571 aut
1346 1513 1521 1567 etiam
1547 1511 1726 1567 serius
1756 1509 1930 1566 fuerit

302 1601 648 1673 eompilata.

2027 450 2332 505 thusiensis
2361 451 2649 508 Generalis
2675 453 3004 508 Franciscus
3043 456 3120 509 du
3160 457 3333 525 Puits,
3385 457 3580 514 Latine
3610 477 3644 513 a

2028 538 2226 606 Puteo,
2261 556 2360 594 seu
2405 539 2475 595 de
2508 541 2685 596 Puteo
2722 542 3034 609 autetiam,
3070 546 3131 598 ut
3181 544 3253 599 ab
3308 544 3429 599 aliis
3471 548 3643 618 (varie

2027 625 2185 681 enim
2201 627 2475 683 Gallicum
2497 628 2555 683 id
2577 646 2902 701 cognomen
2931 631 3130 687 Latino
3157 631 3433 687 idiomate
3459 638 3647 705 potest

2028 730 2145 768 non
2200 714 2393 787 inepte
2445 716 2655 789 efferri)
2715 717 2988 789 scriptum
3051 720 3300 788 invenio,
3362 721 3646 776 Puteanus

2028 802 2288 858 oratione
2312 807 2512 876 aperta
2543 806 2862 878 solutaque,
2895 812 2968 879 ut,
2986 808 3396 864 Corthusianus
3425 826 3644 879 anony-

2028 906 2155 944 mus
2185 892 2444 963 proxime
2481 898 2841 949 memoratus
2870 894 3107 964 fecerat,
3133 897 3315 951 sancti
3345 882 3528 952 Patris
3562 898 3645 952 sui

2025 977 2235 1046 Vitam,
2266 980 2346 1034 uti
2376 980 2707 1037 Theodorus
2737 985 2988 1038 Petraeus
3033 985 3094 1038 in
3124 984 3476 1040 Bibliotheca
3513 986 3645 1040 Car-

2026 1067 2309 1135 thusiana,
2336 1070 2605 1125 Morotius
2632 1071 2689 1125 in
2718 1072 2963 1127 Theatro
2997 1073 3405 1145 chronologico
3435 1074 3646 1146 aliique

2028 1153 2255 1222 docent,
2283 1157 2649 1230 conscripsit;
2686 1175 2716 1213 e
2737 1176 2851 1230 qua
2876 1160 3037 1227 item,
3055 1164 3117 1215 ut
3137 1160 3313 1216 iidem
3340 1164 3645 1230 testantur,

2026 1241 2179 1297 haud
2192 1244 2270 1298 ita
2287 1245 2469 1300 multo
2486 1250 2617 1318 post
2632 1247 2833 1302 Petrus
2857 1248 3310 1316 Blomenvenna,
3336 1248 3646 1305 Carthusize

2027 1329 2381 1387 Goloniensis
2432 1333 2698 1389 alumnus
2741 1335 3048 1407 multisque
3078 1336 3245 1391 annis
3291 1337 3646 1406 moderator,

2029 1418 2345 1474 auctiorem
2377 1420 2605 1488 deinde,
2643 1421 3052 1478 additamentis
3097 1423 3330 1479 aliunde
3376 1425 3644 1498 acceptis,

2027 1505 2181 1574 fecit,
2216 1508 2479 1581 typisque
2508 1509 2567 1564 in
2590 1508 2726 1567 sede
2758 1528 2861 1566 sua
2892 1511 3145 1568 Coloniae
3173 1512 3507 1586 Agrippinae
3532 1515 3648 1569 vul-

2027 1595 2201 1667 gavit.

382 1692 468 1743 18.
511 1689 584 1744 Ut
615 1692 677 1743 ut
707 1689 798 1754 sit,
835 1692 893 1744 et
923 1689 1097 1761 hujus
1126 1689 1401 1762 equidem
1436 1687 1646 1761 operis,
1679 1687 1738 1743 in
1771 1687 1926 1760 quod
1954 1673 2006 1731 Β
2098 1687 2184 1740 20.
2210 1686 2453 1743 Puteani
2485 1688 2827 1756 lucubratio,
2860 1705 2987 1760 quia
3015 1690 3261 1746 auctoris
3285 1691 3368 1747 sui
3407 1690 3645 1747 nomine

296 1778 449 1845 hazc,
486 1778 642 1851 quod
680 1778 830 1833 infra
873 1778 1231 1833 laudandum
1273 1779 1459 1833 adhuc
1491 1778 1582 1844 sit,
1618 1777 1923 1833 observare

298 1866 494 1931 libuit,
518 1869 720 1921 auctor
734 1884 1060 1938 anonymus
1077 1884 1143 1922 ex
1162 1868 1416 1939 quinque
1436 1866 1761 1938 primorum
1786 1866 1919 1921 Car-

296 1954 507 2008 thusiaz
523 1955 787 2009 Priorum
811 1954 1113 2021 Chronico,
1133 1955 1288 2026 quod
1314 1955 1416 2009 sibi
1434 1954 1784 2025 prmluxisse,
1800 1969 1918 2008 non

297 2042 543 2097 obscure
574 2042 633 2096 in
668 2044 913 2114 Prologo
946 2042 1155 2111 innuit,
1192 2044 1484 2115 integrum
1513 2042 1706 2097 Sancti
1739 2041 1919 2096 nostri

299 2131 583 2202 elogium,
618 2131 774 2202 quod
801 2131 939 2186 Vitas
976 2132 1315 2203 antiquioris
1346 2130 1582 2186 nomine
1628 2130 1918 2185 edendum

287 2219 420 2290 jam
455 2220 679 2285 monui,
708 2220 904 2291 paucis
953 2220 1253 2274 dumtaxat
1285 2219 1542 2285 mutatis,
1574 2220 1648 2275 ad
1678 2219 1919 2274 verbum

294 2309 423 2363 fere
472 2308 792 2380 descripsit,
830 2309 912 2363 uti
966 2308 1165 2375 etiam,
1220 2326 1346 2380 quas
1389 2310 1637 2377 exhibet,
1674 2309 1919 2363 aliorum

296 2401 512 2469 quater
542 2397 943 2469 proximorum
976 2399 1106 2468 post
1149 2396 1207 2451 S.
1245 2398 1577 2452 Brunonem
1609 2396 1919 2451 Carthusias

295 2485 594 2552 Priorum,
619 2485 699 2539 uti
725 2485 936 2539 iterum
959 2501 1025 2539 ex
1041 2484 1266 2551 litteris,
1291 2502 1432 2556 quas
1458 2485 1531 2540 ad
1560 2502 1655 2539 me
1684 2484 1930 2540 Colonia

292 2573 622 2645 Agrippina
655 2573 814 2628 dedit
851 2572 1199 2643 Augustinus
1240 2572 1630 2640 Aldenbrﬁck,
1665 2588 1920 2644 quasque

296 2677 467 2715 num.
508 2664 565 2715 11
602 2660 846 2728 laudavi,
878 2659 1159 2731 intelligo.
1194 2660 1306 2714 Nec
1338 2659 1633 2715 immerito
1663 2661 1790 2715 loco
1808 2662 1919 2715 hoc

294 2747 591 2803 recenseri
634 2750 869 2821 possent
889 2766 1004 2804 non
1030 2748 1196 2820 pauci
1222 2748 1336 2816 alii,
1355 2748 1576 2821 hosque
1608 2748 1759 2804 inter
1776 2749 1921 2805 Hen-

294 2836 453 2892 ricus
473 2837 705 2905 Kalkar,
729 2836 955 2893 Ordinis
977 2837 1390 2909 Carthusiensis
1403 2837 1648 2909 scriptor
1664 2838 1919 2893 eruditus

2023 1771 2299 1844 insignita
2329 1775 2595 1847 nuspiam
2615 1776 2923 1849 reperitur,
2947 1793 3067 1832 esse
3097 1776 3323 1833 videtur
3347 1796 3416 1834 ea
3446 1780 3567 1850 ipsa
3584 1780 3639 1833 S.

2024 1860 2305 1917 Brunonis
2334 1863 2479 1930 Vita,
2514 1880 2641 1935 quas
2672 1880 2826 1918 anno
2858 1863 3084 1919 circiter
3134 1868 3265 1920 1515
3296 1865 3525 1921 Οεεὶιθεε
3546 1867 3644 1921 lit-

2020 1948 2158 2001 teris
2192 1949 2445 2005 Gothicis
2478 1952 2691 2023 absque
2729 1951 2976 2006 auctoris
3025 1952 3262 2007 nomine
3283 1969 3504 2022 excusa,
3537 1954 3642 2009 ite-

2019 2036 2273 2108 ratisque
2301 2037 2510 2093 deinde
2532 2040 2679 2110 typis
2696 2041 2932 2095 Lutetiae
2953 2057 3068 2095 una
3080 2057 3213 2096 cum
3233 2059 3406 2114 supra
3424 2059 3645 2098 memo-

2019 2127 2147 2180 rata
2195 2126 2485 2182 Zacharim
2529 2128 2821 2183 Benedicti
2852 2129 3249 2185 lucubratione
3291 2131 3531 2186 metrica
3568 2132 3642 2187 ad

2020 2227 2263 2284 operum
2290 2213 2348 2268 S.
2375 2215 2658 2271 Brunonis
2679 2215 2896 2296 calcem
2929 2233 2963 2271 a
2987 2217 3201 2273 Judoco
3225 2218 3398 2275 Badio
3425 2220 3641 2291 absque

2021 2302 2268 2357 auctoris
2288 2302 2491 2358 itidem
2521 2304 2761 2359 nomine
2786 2304 2895 2359 fuit
2923 2305 3168 2375 adjecta,
3203 2306 3516 2379 Prologum
3544 2308 3642 2362 ha-

2019 2389 2163 2444 bens
2206 2388 2309 2445 sibi
2363 2391 2666 2463 praeﬁxum
2731 2392 2890 2464 cujus
2932 2391 3042 2448 hoc
3094 2393 3327 2449 initium
3374 2412 3389 2451 :
3440 2417 3467 2446 ‹‹
3512 2395 3638 2450 Non

2020 2479 2206 2533 solum
2228 2479 2541 2536 Dominum
2565 2481 2623 2536 in
2643 2480 2884 2548 Sanctis,
2910 2502 2938 2531 υ
2964 2485 3100 2549 etc.,
3120 2483 3313 2555 itaque
3338 2483 3634 2539 inchoata:

2023 2566 2454 2639 «Temporibus
2478 2570 2734 2641 Gregorii
2750 2569 2999 2643 septimi,
3024 2571 3270 2626 Romani
3293 2572 3633 2645 pontificis,»

2020 2658 2129 2709 etc.
2159 2656 2232 2710 At
2260 2672 2394 2713 vero
2426 2656 2750 2726 difficultas,
2785 2674 2913 2731 quae
2939 2658 3030 2714 hic
3060 2676 3118 2715 se
3147 2658 3333 2726 offert,
3353 2661 3637 2717 sermonis

2019 2742 2228 2799 seriem
2256 2743 2681 2818 interrumpere
2709 2763 2804 2801 me
2850 2747 3023 2819 cogit.
3055 2748 3243 2803 Vitam
3273 2749 3473 2816 sancti,
3507 2765 3635 2821 quas

2019 2832 2343 2889 Puteanum
2358 2835 2533 2890 habet
2568 2838 2887 2903 auctorem,
2915 2836 3140 2892 Parisiis
3171 2836 3323 2909 apud
3351 2837 3635 2894 Joannem

296 2942 461 2979 anno
499 2926 633 2980 1408
664 2942 695 2979 e
725 2924 862 2978 vivis
896 2904 1171 2991 sublatus,
1207 2924 1323 2996 qui,
1357 2942 1491 2981 cum
1524 2941 1591 2980 ex
1623 2926 1918 2981 occasione
1951 2949 1997 3008 ο
2019 2921 2264 2976 Parvum
2300 2924 2460 2995 prelo
2487 2922 2654 2978 fuisse
2671 2923 3239 2991 datam,Possevinus
3258 2923 3317 2980 in
3342 2927 3636 2999 Apparatu

297 3014 603 3068 damtaxat
639 3013 709 3068 de
733 3012 941 3068 Sancto
970 3018 1168 3068 nostro
1212 3016 1477 3085 egerunt,
1507 3031 1577 3069 ex
1604 3013 1919 3087 antiquiori
2019 3008 2191 3065 Sacro
2216 3009 2424 3077 tradit;
2456 3027 2654 3082 quare,
2673 3028 2804 3066 cum
2826 3015 3109 3084 praeterea
3125 3013 3409 3069 Launoius
3431 3014 3490 3069 in
3511 3015 3632 3070 Dis-

293 3101 402 3155 illo
425 3104 829 3168 monumento,
854 3100 987 3155 licet
1011 3101 1144 3173 ipsis
1165 3102 1333 3172 hujus
1353 3100 1539 3157 verbis
1573 3118 1690 3156 non
1715 3118 1919 3157 omnes

301 3188 413 3256 usi,
436 3190 717 3244 nonnulla
738 3190 1318 3259 excerpsereLVerum
1343 3206 1475 3244 cum
1508 3188 1565 3244 id
1589 3206 1779 3263 operas
1792 3207 1919 3261 pre-

298 3277 454 3331 tium
489 3293 607 3331 non
633 3280 857 3348 putem,
884 3276 957 3331 ad
986 3276 1116 3331 illos
1146 3278 1510 3349 progredior,
1547 3277 1644 3349 qui
1675 3278 1916 3332 tandem

298 3365 410 3420 sub
440 3365 635 3419 saeculi
664 3368 800 3420 sexti
841 3364 1050 3420 decimi
1098 3364 1327 3419 initium
1376 3383 1467 3420 res
1515 3382 1739 3431 omnes,
1774 3382 1807 3421 a
1855 3365 1911 3421 S.

297 3454 575 3508 Brunone
605 3455 814 3524 gestas,
850 3469 918 3506 ex
951 3450 1214 3507 instituto
1256 3455 1612 3523 pertractare
1648 3456 1783 3507 sunt
1811 3470 1913 3526 ag-

294 3540 503 3613 gressi,
529 3539 969 3595 scribendorum
1000 3538 1328 3607 materiem,
1364 3557 1541 3614 quam
1573 3544 1630 3596 et
1658 3542 1765 3614 ipsi
1796 3558 1913 3597 non

298 3627 524 3695 alienis,
558 3628 659 3682 sed
716 3627 963 3699 propriis
1003 3628 1189 3683 verbis
1244 3628 1646 3699 expresserint,
1681 3645 1712 3683 e
1742 3627 1913 3695 binis,

298 3715 374 3772 de
404 3732 655 3788 quorum
702 3717 872 3770 astate
895 3716 1022 3788 jam
1067 3719 1260 3771 actum
1306 3715 1556 3788 antiquis
1599 3704 1911 3784 Chronicis,

298 3805 541 3878 aliisque
572 3804 828 3876 insuper,
883 3807 947 3859 ut
979 3804 1362 3860 dubitandum
1409 3820 1528 3859 non
1568 3807 1673 3868 est,
1704 3820 1913 3861 monu-

296 3892 516 3949 mentis
588 3896 714 3948 tum
799 3891 1215 3966 antiquioribus
1239 3933 1252 3960 ,
1311 3895 1439 3949 tum
1497 3891 1913 3949 recentioribus

297 3980 513 4038 edocti.

373 4074 459 4126 l9.
503 4070 760 4135 Quatuor
776 4070 867 4125 hic
889 4069 1176 4143 praecipue
1200 4070 1567 4126 memorandi
1589 4073 1742 4139 sunt,
1767 4087 1910 4143 quos

2018 3097 2327 3152 sertatione
2353 3098 2424 3151 de
2445 3113 2613 3152 causa
2641 3115 2888 3153 secessus
2912 3098 2970 3154 S.
2996 3100 3351 3155 Brunonisin
3367 3118 3633 3157 eremum

2016 3201 2140 3256 cap.
2179 3187 2230 3239 5.
2265 3185 2414 3240 circa
2445 3186 2702 3240 medium
2735 3187 3007 3255 afﬁrmet,
3043 3188 3100 3241 in
3132 3188 3276 3252 Vita,
3312 3203 3347 3242 a
3375 3189 3631 3245 Puteano

2016 3272 2244 3345 scripta,
2275 3290 2406 3328 cum
2437 3291 2591 3328 anno
2615 3276 2750 3329 1082
2767 3274 2960 3329 Sancti
2980 3275 3159 3331 nostri
3180 3275 3240 3330 in
3263 3291 3527 3332 eremum
3543 3294 3630 3332 se-

2014 3377 2235 3417 cessum
2253 3362 2545 3433 componi,
2563 3362 2768 3433 hicque
2793 3363 3167 3418 nihilominus
3187 3364 3245 3419 in
3268 3364 3462 3420 Sancti
3483 3366 3628 3433 Vita,

2016 3451 2246 3506 Basileaa
2279 3467 2482 3506 excusa
2536 3467 2692 3506 anno
2725 3453 2859 3507 1084
2910 3452 3120 3507 diserte
3168 3451 3497 3513 innectatur
3521 3454 3632 3509 erit

2014 3538 2267 3593 fortassis
2287 3554 2608 3607 nonnemo,
2631 3539 2729 3611 qui
2753 3539 3087 3613 suspicetur,
3117 3541 3358 3598 Puteani
3387 3543 3537 3598 hanc
3553 3538 3632 3598 fel

2013 3628 2140 3681 tum
2168 3643 2285 3681 non
2324 3643 2464 3681 esse.

2085 3717 2145 3770 21
2160 3755 2172 3767 .
2195 3714 2406 3769 Verum
2427 3715 2632 3770 eadem
2652 3716 2796 3782 Vita,
2816 3733 2942 3788 quae
2959 3716 3187 3773 Basileaa
3207 3735 3273 3773 ac
3292 3718 3499 3774 deinde
3522 3720 3627 3774 Pa-

1988 3800 2157 3856 risiis
2188 3801 2340 3874 apud
2371 3802 2651 3857 Judocum
2681 3804 2921 3858 Badium
2945 3804 3052 3858 fuit
3078 3804 3378 3876 impressa,
3407 3806 3626 3861 ibidem

2012 3890 2164 3962 apud
2189 3889 2474 3944 Joannem
2506 3892 2751 3945 Parvum
2778 3890 2948 3946 fuerit
2970 3890 3224 3947 fortassis
3250 3908 3469 3959 recusa,
3504 3898 3622 3961 aut,

1902 3996 1905 4003 ·
2009 3977 2055 4032 si
2084 3994 2175 4033 res
2204 3994 2364 4033 secus
2391 3979 2623 4044 habeat,
2655 3978 2990 4034 Possevinus
3019 3979 3170 4035 forte
3203 3980 3263 4035 in
3278 3980 3625 4053 assignando

2008 4065 2166 4133 Vitae,
2181 4082 2284 4138 per
2296 4068 2616 4121 Puteanum
2629 4066 3007 4134 concinnatae,
3022 4068 3385 4140 typographo
3400 4069 3622 4138 errarit;

293 4157 719 4231 interprimum
740 4157 1567 4213 locumtenentCarthusianus
1587 4175 1910 4230 anonymus
2009 4156 2165 4228 quod
2221 4155 2490 4210 ultimum
2548 4172 2685 4210 sane
2714 4154 2855 4210 mihi
2884 4156 3379 4213 verosimillimum
3413 4158 3624 4214 idcirco

294 4252 353 4302 et
382 4246 683 4301 Zacharias
712 4246 1070 4311 Benedictus,
1105 4244 1420 4301 Carthusiae
1466 4246 1525 4302 S.
1559 4248 1804 4303 Andreae
1838 4233 1981 4302 deD
2008 4247 2266 4316 apparet,
2309 4245 2485 4317 quod,
2538 4244 2691 4299 facta
2732 4244 2959 4300 Parisiis
2998 4244 3056 4299 in
3107 4245 3468 4302 bibliothecis
3496 4250 3624 4302 tum

292 4335 489 4389 littore
517 4334 768 4389 Venetiis
796 4335 1085 4399 alumnus,
1114 4350 1364 4405 quorum
1396 4334 1492 4389 ille
1520 4336 1663 4406 stylo
1698 4335 1905 4401 soluto,

296 4422 387 4476 hic
414 4422 614 4494 ligato,
657 4422 836 4476 sancti
875 4420 1058 4475 Patris
1097 4421 1181 4475 sui
1233 4425 1396 4493 gesta
1425 4425 1511 4477 est
1553 4424 1904 4495 complexus.

296 4511 508 4566 Prioris
535 4510 855 4565 lucubratio
886 4508 1097 4581 publici
1118 4509 1264 4580 juris
1290 4509 1441 4565 facta
1463 4513 1547 4565 est
1567 4528 1722 4566 anno
1750 4513 1905 4579 1508,

298 4615 415 4672 quo
448 4615 579 4653 eam
605 4614 809 4653 excuso
840 4600 977 4652 tunc
1003 4614 1037 4651 a
1065 4614 1125 4653 se
1156 4597 1214 4652 S.
1250 4598 1532 4652 Brunonis
1562 4599 1620 4653 in
1660 4599 1717 4653 S.
1750 4601 1907 4655 Pauli

295 4686 556 4758 Apostoli
581 4686 859 4759 Epistolas
874 4684 1312 4741 Commentario
1330 4686 1626 4741 Bertoldus
1642 4688 1911 4743 Rembol-

298 4775 423 4841 dus,
457 4774 787 4829 Parisiensis
815 4776 1229 4847 typographus.
1266 4773 1539 4844 praefixit;
1576 4776 1908 4847 posterioris

294 4879 455 4929 vero,
478 4862 583 4917 etsi
596 4866 730 4917 ante
744 4879 962 4917 annum
981 4865 1136 4929 1524,
1156 4878 1266 4933 quo
1292 4878 1422 4917 eam
1443 4864 1515 4918 ad
1544 4864 1601 4918 S.
1628 4865 1908 4919 Brunonis

295 4950 573 5022 Operum,
595 4950 793 5023 typisa
811 4966 929 5005 sese
951 4950 1187 5005 Lutetia:
1205 4953 1339 5006 tunc
1359 4951 1671 5020 editorum,
1691 4954 1908 5007 calcem

293 5039 542 5094 Judocus
566 5038 774 5094 Badius
803 5038 1028 5109 adjecit,
1059 5040 1119 5095 in
1145 5040 1334 5095 lucem
1366 5040 1482 5095 don
1512 5040 1807 5112 prodierit,
1835 5043 1906 5094 ab

294 5130 489 5182 actore
510 5130 710 5183 tamen
715 5127 843 5198 jam
867 5126 1001 5182 inde
1030 5129 1103 5182 ab
1135 5145 1288 5183 anno
1318 5127 1522 5183 itidem
1560 5131 1694 5183 1508
1722 5129 1908 5184 fuerat

293 5214 661 5281 concinnata,
690 5216 772 5270 uti
788 5217 1106 5270 luculenter
1130 5216 1400 5283 ostendit,
1419 5233 1596 5288 quam
1616 5216 1833 5271 ibidem
1848 5218 1907 5272 in

296 5303 485 5377 capite
512 5303 768 5375 prmfert,
816 5303 1067 5374 Epistola
1099 5303 1472 5372 dedicatoria,
1505 5304 1803 5360 Francisco
1832 5305 1908 5359 du

292 5391 472 5459 Puits,
488 5391 714 5448 Ordinis
727 5390 1140 5449 Carthusiensis
1153 5393 1335 5449 Priori
1347 5393 1463 5448 Gen
1471 5393 1629 5460 erali,
1652 5415 1682 5445 «
1698 5392 1907 5457 Quinto

294 5478 542 5535 Kalend.
556 5479 684 5536 Maii
702 5481 839 5536 1508
852 5500 880 5532 ››
897 5478 1190 5551 inscripta.
1207 5480 1329 5537 Non
1343 5479 1441 5536 diu
1451 5481 1769 5538 admodum
1782 5486 1911 5553 post

2008 4332 2266 4405 publicis,
2289 4336 2414 4388 tum
2427 4333 2679 4407 privatis,
2695 4332 3135 4404 diligentissima
3149 4333 3448 4407 indagine,
3467 4337 3625 4391 nulla

2008 4421 2201 4491 plane,
2233 4421 2315 4476 uti
2349 4438 2416 4476 ex
2446 4421 2652 4476 litteris
2683 4421 2755 4475 ab
2782 4420 2969 4476 amico
3002 4421 3138 4476 inde
3166 4423 3412 4494 acceptis
3444 4424 3620 4491 disco,

2009 4508 2066 4564 S.
2100 4510 2383 4565 Brunonis
2411 4509 2553 4575 Vita,
2589 4526 2717 4580 quae
2760 4510 2913 4581 apub
2949 4510 3235 4565 Joannem
3276 4513 3518 4566 Parvum
3552 4512 3625 4567 sit

2008 4614 2230 4659 excusa,
2247 4597 2487 4651 inveniri
2516 4596 2786 4669 potuerit.
2806 4597 2971 4660 Quod
2988 4600 3183 4653 autem
3207 4598 3279 4654 ad
3301 4600 3621 4655 Launoium

2007 4685 2276 4759 pertinet,
2308 4684 2493 4739 Vitam
2517 4684 2583 4751 is,
2606 4702 2734 4756 qua:
2763 4702 2797 4740 a
2817 4686 3072 4741 Puteano
3095 4686 3307 4759 scripta
3330 4704 3448 4742 non
3477 4705 3620 4756 esse,

2009 4790 2113 4845 pro
2142 4773 2445 4845 biographi
2470 4773 2638 4843 hujus
2664 4773 3061 4829 lucubratione
3090 4774 3493 4830 verosimiliter
3518 4792 3622 4846 per

2008 4877 2265 4916 errorem
2278 4860 2578 4930 acceperit,
2595 4877 2663 4916 eo
2676 4860 2897 4916 facilius
2910 4862 3395 4918 committendum
3406 4905 3420 4929 ,
3441 4862 3618 4934 quod,

2011 4952 2071 5003 ut
2091 4950 2216 5021 jam
2242 4949 2460 5004 monui.
2490 4949 2634 5013 Vita,
2659 4950 2963 5005 aPuteano
2994 4951 3346 5018 elucubrata,
3374 4951 3621 5006 auctoris

2007 5036 2091 5091 sui
2114 5036 2349 5092 nomine
2373 5036 2645 5107 insignita
2663 5055 2779 5093 non
2794 5038 3134 5111 reperiatur.
3151 5039 3223 5092 Ut
3235 5042 3295 5092 ut
3323 5038 3413 5103 sit,
3430 5039 3619 5095 Vitam

2009 5124 2200 5180 Sancti
2223 5125 2427 5191 nostri,
2463 5125 2694 5180 Basileas
2721 5142 2878 5182 onno
2905 5126 3129 5181 circiter
3154 5128 3287 5180 1515
3329 5143 3617 5198 excusam,

2008 5214 2245 5269 Puteani
2273 5230 2394 5268 esse
2413 5214 2615 5281 fetum,
2650 5216 2833 5269 multa
2846 5215 3108 5269 suadent.
3142 5214 3337 5271 Primo
3362 5216 3520 5271 enim
3540 5222 3625 5272 ta-
3702 5219 3704 5222 ’

2007 5303 2161 5368 bula,
2174 5301 2567 5375 prodigiosam
2580 5302 2954 5374 hominis,qui
2965 5319 3024 5357 se
3041 5302 3383 5359 damnatum
3399 5306 3625 5378 publice

2010 5390 2233 5445 Parisiis
2271 5390 2595 5460 declararit,
2642 5391 2973 5460 anastasim,
3007 5392 3291 5450 Brunonis
3314 5394 3450 5451 hinc
3487 5411 3625 5453 con-

2007 5478 2352 5548 versionem,
2376 5495 2659 5537 secessum
2682 5479 2743 5535 in
2762 5479 3073 5539 Carthusiae
3102 5482 3472 5541 solitudinem
3490 5484 3629 5540 alia-
