3996 6012
407 289 468 342 19

1253 282 1309 338 s.
1358 280 1701 337 BRUNONIS
1734 242 2363 339 CARTHUSIANORUM
2410 285 2874 342 lNSTlTUTORIS

3654 295 3739 349 20

401 409 965 481 quenonnullahunc
986 423 1302 480 praegressa
1322 410 1909 480 repraesentans,quas
1924 425 2012 463 or-
2030 417 2085 474 Α
2118 410 2311 477 verba,
2362 412 2425 465 ut
2457 428 2545 476 ea,
2582 429 2710 483 quae
2762 410 3133 466 Puteanianae
3176 414 3233 467 et
3282 412 3537 469 Surianaa
3584 414 3737 469 Vitae

400 498 546 551 dinis
579 498 988 552 Carthusicnsis
1020 497 1254 551 Statutis
1281 513 1345 551 ac
1376 497 1709 568 Privilegiis,
1731 497 2008 552 Francisci

401 603 435 639 a
466 588 666 653 Puteo,
691 604 810 653 seu,
837 591 897 641 ut
931 588 1156 641 brevius
1176 589 1398 658 loquar,
1426 587 1664 640 Puteani
1679 586 1841 656 jussu
1865 586 2009 640 Basi-

396 674 503 728 leze
529 690 681 729 anno
701 680 761 730 1
772 680 791 730 1
803 679 835 730 Ο
849 676 1001 747 apud
1013 676 1295 730 Joannem
1309 674 1759 729 Amorbachium
1773 674 2007 742 excusis,

399 764 634 833 praefixa
676 768 780 832 est,
816 765 1119 820 Basileensi
1171 764 1362 819 Sancti
1414 763 1592 817 nostri
1624 763 1761 818 Vita:
1799 764 2013 834 pariter

395 853 733 924 praefigitur.

472 946 560 997 2'2.
588 942 850 998 Secundo
883 943 1377 998 verosimillimum
1391 946 1649 1015 apparet,
1667 945 2011 1007 Puteauum,

402 1034 601 1102 utpote
634 1032 929 1103 plurinum
983 1049 1136 1087 anno
1184 1034 1317 1086 1514
1371 1037 1467 1086 aut
1497 1032 1674 1086 etiam
1724 1032 1894 1103 paulo
1943 1031 2016 1083 ci—

399 1121 530 1187 tius,
566 1125 628 1174 ut
653 1121 995 1175 Sanctorum
1018 1122 1147 1175 albo
1172 1122 1360 1175 Bruno
1388 1120 1823 1187 adscriberetur,
1855 1119 2012 1174 labo-

400 1209 561 1277 rarit,
587 1210 788 1263 litteris
818 1210 986 1279 hujus
1009 1210 1195 1263 Vitam
1232 1213 1365 1263 tunc
1399 1210 1720 1279 mandasse,
1745 1224 2011 1279 eamque,

402 1314 533 1351 cum
558 1298 686 1367 jam
712 1297 814 1363 illi,
844 1299 1032 1351 Leone
1063 1299 1102 1351 X
1132 1315 1362 1352 summo
1394 1298 1664 1368 pontiﬁce
1697 1298 2010 1361 annuente,

397 1386 650 1440 honores
661 1386 937 1441 cmlitibus
962 1385 1179 1456 proprii
1197 1385 1346 1439 dicto
1365 1402 1517 1439 anno
1542 1388 1673 1439 1514
1688 1385 2015 1454 οα-ρίεεδθυῐ

402 1473 635 1541 deferri,
655 1474 800 1545 typis
821 1473 975 1527 haud
996 1474 1177 1527 multo
1196 1478 1322 1542 post
1353 1473 1745 1527 exeudendam
1764 1488 2010 1526 curasse.

398 1562 587 1615 Tertio
621 1578 751 1615 cum
799 1562 869 1615 de
904 1562 1017 1615 vita
1047 1562 1104 1615 S.
1142 1562 1421 1615 Brunonis
1472 1561 1773 1615 Basileensi
1822 1577 2013 1614 sermo

405 1653 509 1715 est,
532 1650 947 1703 Puteanianam
972 1650 1149 1703 iutelli
1158 1649 1235 1719 gi,
1265 1649 1774 1704 Carthusianorum
1797 1648 2018 1702 obtinet

2109 503 2242 552 sunt
2274 500 2455 554 rarius
2485 501 2787 571 alleganda
2822 499 3075 567 veniant,
3119 503 3538 558 commentario
3569 504 3731 570 huic,

2109 587 2153 640 si
2187 588 2418 657 quando
2452 605 2775 658 congruum
2808 588 2866 641 id
2895 588 3085 655 fuerit,
3116 589 3393 656 intexam,
3431 594 3529 645 aut
3549 594 3734 657 certe,

2110 674 2155 728 si
2174 675 2331 745 quid,
2378 677 2530 746 quod
2548 694 2582 730 a
2603 676 2738 730 Vitis
2774 677 2970 731 edenis
3004 677 3149 732 absit
3175 677 3476 750 notarique
3499 696 3736 735 merea-

2110 768 2224 829 tur,
2249 764 2704 836 suppeditent,in
2727 765 3226 835 Annotationibus,
3251 784 3392 838 quas
3420 767 3571 823 hisce
3592 770 3737 824 sub-

2105 852 2362 923 jecturus
2392 870 2542 920 sum,
2576 855 3002 908 inobservatum
3033 855 3189 909 haud
3219 856 3553 926 prasteribo.

2186 944 2274 996 24.
2302 942 2436 996 Tres
2457 943 2648 1014 itaque
2672 944 2901 997 tantum
2934 942 3126 997 Sancti
3157 945 3337 999 nostri
3369 945 3519 999 Vitas
3541 945 3733 1000 diver-

2065 1094 2076 1105 .
2115 1047 2222 1097 sas,
2240 1048 2484 1102 quarum
2504 1031 2629 1085 dua:
2643 1031 3243 1105 recentiores,unaque
3257 1034 3545 1105 antiquior
3555 1051 3737 1106 supra

2116 1122 2460 1185 memorata,
2479 1136 2582 1173 nec
2599 1122 2796 1173 tamen
2813 1120 3003 1173 minus
3036 1138 3212 1191 quam
3233 1125 3466 1176 centum
3487 1122 3741 1193 amplius

2115 1211 2244 1277 post
2264 1207 2385 1276 ejus
2409 1208 2630 1262 obitum
2660 1208 2826 1262 annis
2843 1208 3052 1279 scripta
3064 1213 3167 1274 est,
3191 1211 3494 1278 recudam;
3522 1210 3736 1282 quibus

2116 1313 2247 1351 cum
2269 1298 2549 1367 praeterea
2571 1296 2774 1362 varios,
2791 1313 2932 1367 quos
2956 1297 3191 1351 tandem
3214 1298 3398 1368 gloria
3418 1300 3737 1369 posthuma

2114 1402 2213 1439 seu
2227 1384 2519 1455 quoddam
2542 1385 2729 1455 potius
2749 1384 2915 1454 hujus
2929 1386 3417 1456 supplementum,
3440 1403 3471 1440 e
3493 1386 3735 1440 diversis

2116 1473 2333 1526 notitiis
2356 1472 2648 1544 scriptisve
2691 1474 2995 1527 collectum
3026 1474 3287 1546 excipiet,
3325 1474 3538 1529 Titulos
3559 1475 3731 1529 fune-

2117 1563 2268 1628 bres,
2304 1561 2648 1615 sectionibus
2678 1561 2928 1628 diversis,
2962 1578 3206 1632 quarum
3239 1563 3509 1633 quaelibet
3535 1564 3735 1635 plures

2119 1668 2187 1705 ex
2217 1650 2303 1702 his
2331 1649 2644 1716 contineat,
2678 1650 2751 1703 ad
2776 1650 3219 1705 annotationum
3250 1652 3491 1706 subinde
3515 1652 3737 1706 adden-

398 1738 655 1804 traditio,
680 1739 762 1791 uti
776 1738 1204 1791 subministrata
1224 1756 1256 1792 a
1273 1739 1515 1807 Josepho
1548 1738 1730 1807 Phily,
1750 1752 2017 1789 reveren-
2044 1727 2094 1785 B
2121 1738 2325 1792 darum
2343 1737 2720 1791 commodum
2741 1737 3033 1804 discretos,
3053 1755 3117 1793 ac
3129 1740 3241 1793 suis
3258 1756 3513 1811 quosque
3529 1757 3737 1794 nume-

406 1826 623 1880 dissimi
656 1827 831 1897 patris
862 1830 918 1880 et
949 1827 1179 1896 capituli
1218 1826 1499 1897 generalis
1533 1825 1747 1879 ordinis
1778 1825 2016 1879 Carthu-

404 1914 602 1969 siensis
627 1915 831 1980 scriba,
854 1914 1056 1967 notitia
1074 1930 1167 1967 me
1200 1914 1388 1979 docet,
1416 1916 1755 1983 certumque
1779 1913 2019 1982 apparet

405 2020 472 2057 ex
500 2003 801 2057 Theodoro
847 2005 1107 2067 Petraea;
1136 2002 1412 2071 scriptore
1444 2000 1817 2055 Carthusiano
1848 2015 2020 2068 supra

408 2092 593 2145 adhuc
621 2092 870 2156 laudate,
890 2093 1088 2160 utpote
1120 2090 1215 2160 qui
1238 2090 1295 2143 in
1327 2090 1439 2143 suis
1470 2089 1543 2143 ad
1564 2088 1838 2142 Dorlandi
1871 2088 2017 2142 Chio

408 2179 579 2233 nicon
612 2176 1100 2231 Elncidationihus
1122 2192 1254 2246 pag.
1280 2180 1343 2229 12
1374 2175 1613 2230 Puteani
1642 2175 1827 2228 fetum
1858 2175 2021 2227 vocet

411 2267 468 2322 S.
503 2266 784 2320 Brunonis
800 2265 1011 2331 Vitam,
1040 2264 1113 2319 ad
1146 2265 1304 2334 cujus
1335 2265 1549 2319 calcem
1583 2279 1754 2334 supra
1784 2266 2019 2317 centum

411 2360 468 2411 et
516 2355 811 2426 seXaginta
839 2354 1129 2419 funebres,
1165 2353 1235 2407 de
1269 2352 1474 2423 quibus
1504 2368 1660 2417 mox,
1694 2351 1863 2417 tituli,
1897 2368 2016 2417 seu,

412 2445 493 2498 uti
525 2445 631 2497 hos
663 2443 931 2514 appellat,
979 2441 1270 2512 epitaphia
1299 2441 1667 2511 adjiciuntur,
1700 2456 1826 2510 quae
1858 2442 2019 2493 tanto

414 2549 659 2587 numero
687 2531 790 2585 soli
835 2530 1030 2585 Sancti
1061 2530 1220 2597 Vitae,
1257 2546 1383 2601 quae
1417 2530 1646 2583 Basileee
1677 2546 1879 2583 excusa
1915 2530 2018 2593 est,

413 2621 637 2691 adjecta
670 2618 1055 2689 reperiuntur.
1094 2618 1307 2682 Quarto
1341 2619 1425 2671 ael
1457 2616 1640 2672 utimo
1672 2617 1817 2683 Vita,
1846 2632 2021 2687 quam

414 2708 867 2773 Blomenvenna,
892 2710 953 2761 ut
974 2707 1102 2777 jam
1131 2706 1316 2772 docui,
1354 2705 1639 2776 partimex
1677 2704 1822 2769 Vita,
1856 2720 1891 2756 a
1922 2704 2025 2756 Pu-

416 2801 589 2852 teano
630 2795 859 2866 scripta,
884 2795 1192 2861 contexuit,
1224 2796 1450 2848 tantam
1482 2810 1614 2846 cum
1643 2792 1768 2846 Vita
1797 2791 2022 2845 Basileae

420 2900 641 2950 excusa,
670 2884 753 2937 uti
782 2899 849 2936 ex
882 2882 1170 2952 utriusque
1202 2880 1505 2935 collatione
1535 2879 1735 2950 liquet,
1768 2878 2026 2932 similitu-

420 2973 617 3027 dinem
646 2970 838 3035 habet,
874 2972 935 3023 ut
966 2971 1050 3023 vel
1084 2970 1231 3022 hanc
1254 2986 1320 3022 ex
1352 2968 1465 3033 illa,
1499 2968 1583 3021 vel
1614 2966 1772 3020 illam
1804 2982 1873 3019 ex
1900 2964 2025 3019 haci

421 3077 524 3132 pro
549 3062 713 3130 parte
733 3060 935 3112 saltem
954 3060 1281 3112 contextam
1298 3072 1438 3121 esse,
1461 3055 1531 3109 sit
1548 3071 1794 3109 necesse.
1816 3054 2024 3121 Quare,

420 3149 509 3202 his
539 3147 806 3201 omnibus
848 3144 1163 3217 perpensis,
1213 3146 1400 3198 nullus
1445 3143 1663 3209 dubito,
1698 3142 1833 3214 quin
1878 3141 2022 3208 Vita,

422 3253 549 3308 quae
584 3237 905 3289 Puteanum
937 3234 1111 3287 habet
1142 3236 1459 3299 auctorem,
1494 3248 1563 3285 ea
1595 3230 1715 3301 ipsa
1773 3229 1863 3295 sit,
1900 3245 2027 3300 qum

421 3341 574 3378 anno
605 3322 829 3377 circiter
864 3324 995 3376 1515
1018 3320 1075 3374 in
1091 3322 1279 3375 lucem
1296 3321 1443 3391 typis
1474 3318 1884 3409 liasileensihus
1902 3334 2031 3389 pro-

419 3411 542 3466 diit.

494 3502 581 3554 '23.
616 3502 913 3571 Inceptum
950 3499 1142 3570 itaque
1169 3497 1240 3551 de
1273 3495 1466 3551 Sancti
1494 3494 1653 3562 Vitis,
1690 3493 1861 3548 seculi
1895 3491 2033 3546 sexti

422 3588 629 3643 decimi
647 3588 809 3643 initio
828 3586 1180 3659 conscriptis,
1200 3600 1533 3640 sermonem
1547 3585 1674 3654 jam
1695 3597 2029 3653 prosequor.

426 3678 463 3729 E
493 3676 750 3747 'quatuor
787 3679 908 3748 jam
962 3674 1255 3730 recensitis
1282 3674 1401 3727 sola
1444 3672 1587 3726 mihi
1646 3672 1823 3737 deest,
1857 3685 2033 3741 quam

420 3764 823 3819 Carthusianus
840 3780 1162 3835 anonymus
1178 3759 1763 3830 adornavit,typisque
1783 3758 2035 3811 Berthol-

418 3853 521 3907 dus
552 3853 900 3907 Remboldus
933 3851 1167 3905 Lutetia:
1200 3850 1453 3915 excudit;
1489 3847 1715 3901 etribus
1748 3862 1878 3898 vero
1900 3843 2030 3897 reli-

424 3941 569 4013 quis,
596 3958 843 4012 quarum
874 3942 1052 4007 nulla,
1085 3940 1259 4009 longo
1280 3936 1559 4007 temporis
1576 3934 1896 3999 intervallo,
1916 3948 2029 4004 quo

417 4046 616 4084 earum
644 4032 903 4083 auctores
920 4044 952 4082 a
971 4028 1152 4082 sancti
1183 4026 1341 4080 obitu
1359 4025 1729 4094 scripserunt,
1750 4024 2027 4091 spectato,

416 4119 485 4171 ab
518 4116 859 4187 antiquitate
882 4113 1279 4170 commendari
1297 4116 1505 4185 potest,
1524 4113 1707 4166 solam
1729 4109 2028 4163 Puteania-

412 4222 571 4271 nam,
604 4205 660 4258 in
683 4205 871 4276 capita
889 4208 945 4259 et
964 4221 1237 4259 numeros
1268 4202 1338 4256 de
1359 4217 1521 4255 more
1543 4198 1800 4265 divisam,
1823 4215 1854 4252 e
1872 4197 2021 4251 Basi-

2118 1826 2197 1880 ris
2209 1825 2523 1891 distinctos,
2539 1842 2569 1879 e
2592 1826 2894 1880 Basileensi
2917 1827 3110 1881 Sancti
3127 1828 3252 1882 Vita
3272 1844 3339 1882 eo
3367 1828 3589 1895 ordine,
3613 1845 3733 1899 quo

2121 1915 2193 1968 ad
2210 1914 2303 1983 hui
2315 1931 2377 1967 us
2388 1915 2601 1968 calcem
2619 1914 3004 1986 reperiuntur,
3021 1916 3392 1986 adjuncturus
3405 1916 3579 1971 etiam
3596 1917 3733 1983 sim,

2118 2003 2395 2055 lectorem
2418 2002 2591 2055 modo
2608 2002 2779 2071 hujus
2806 2002 3023 2056 consilii
3064 2002 3178 2057 mei
3203 2004 3490 2058 rationem
3515 2008 3572 2057 et
3591 2003 3735 2075 quid

2119 2089 2330 2143 horum
2362 2087 2599 2142 nomine
2616 2089 2824 2155 veniat,
2861 2089 2951 2144 hic
2983 2090 3167 2144 adhuc
3190 2091 3415 2145 edoceri
3440 2090 3731 2145 convenit.

2120 2178 2181 2230 ln
2214 2193 2376 2230 more
2417 2176 2576 2242 olim,
2617 2176 2794 2230 etiam
2825 2180 2993 2232 aetate
3041 2177 3098 2232 S.
3146 2179 3444 2247 Brunonis,
3475 2179 3736 2251 positum

2120 2268 2263 2332 erat,
2287 2268 2350 2318 ut
2378 2264 2669 2332 monachi,
2696 2282 2826 2319 eum
2852 2265 2977 2336 quis
2999 2283 3063 2321 ex
3092 2266 3492 2338 insignioribus
3524 2282 3735 2321 mona-

2121 2352 2278 2407 sterii
2324 2352 2408 2407 sui
2467 2353 2598 2406 viris
2665 2352 2934 2420 obiisset,
2966 2354 3234 2409 schedam
3278 2371 3377 2408 seu
3426 2354 3733 2426 epistolam

2122 2441 2489 2512 encyclicam,
2534 2441 2733 2495 mortis
2763 2443 2885 2512 ejus
2909 2442 3198 2509 nunciam,
3225 2460 3353 2514 que
3387 2443 3507 2496 fere
3540 2459 3733 2497 mem-

2122 2528 2318 2584 branis
2338 2529 2397 2582 in
2420 2530 2660 2600 longum
2686 2530 2962 2600 porrectis
2983 2532 3300 2598 constabat,
3321 2547 3561 2602 quasque
3576 2530 3738 2602 quod

2122 2635 2240 2672 non
2285 2618 2513 2688 plicata,
2567 2618 2667 2671 sed
2713 2618 3114 2673 Romanorum
3154 2619 3513 2674 voluminum
3553 2619 3737 2673 instar

2123 2707 2313 2760 voluta
2330 2706 2689 2773 esset,Rotuli
2709 2723 2808 2760 seu
2829 2707 2973 2761 Rolli
2994 2706 3230 2761 nomine
3252 2707 3732 2779 distinguebatur,

2123 2808 2228 2864 per
2242 2811 2417 2847 unam
2446 2812 2476 2848 e
2498 2794 2631 2860 suis,
2653 2794 2749 2865 qui
2780 2797 3087 2865 propterea
3108 2795 3431 2850 Rotularius
3452 2800 3550 2851 aut
3568 2796 3739 2851 Polli-

2124 2898 2227 2953 ger
2241 2882 2654 2954 appellabatur,
2683 2882 2756 2936 ad
2787 2882 3157 2950 monasteria,
3183 2884 3454 2939 Ecclesias
3476 2888 3574 2939 aut
3601 2901 3735 2955 per-

2046 3011 2093 3071 C
2124 2985 2313 3037 sonas,
2338 2970 2674 3041 quibuscum
2714 2973 2881 3023 erant
2911 2973 3010 3025 aut
3038 2970 3308 3026 societate
3351 2975 3449 3026 aut
3483 2972 3740 3027 amicitia

2126 3058 2308 3113 aliove
2330 3059 2603 3130 singulari
2622 3058 2794 3112 modo
2817 3058 3129 3130 conjuncti,
3164 3060 3592 3129 submitterent,
3610 3078 3743 3133 pac-

2134 3148 2240 3213 tas,
2275 3146 2659 3200 ordinariasve
2699 3162 2798 3199 seu
2845 3148 3084 3200 statutas
3128 3163 3324 3217 preces
3355 3164 3460 3219 pro
3485 3148 3745 3203 defuncti

2128 3236 2324 3291 anima
2376 3235 2757 3304 postulantes;
2803 3234 3182 3303 responsoriaa
3214 3238 3432 3303 autem,
3482 3254 3611 3309 qum
3663 3237 3742 3292 ad

2130 3320 2459 3392 hujusmodi
2480 3319 2765 3390 epistolas,
2798 3338 2831 3374 a
2860 3321 3138 3392 personis,
3166 3323 3238 3377 ad
3272 3340 3413 3395 quas
3435 3324 3525 3379 hs:
3556 3324 3748 3380 missae

2132 3413 2298 3463 erant
2316 3407 2572 3462 carmine
2594 3408 2954 3479 plerumque,
2971 3425 3036 3463 ac
3059 3409 3301 3464 subinde
3327 3411 3503 3466 etiam
3531 3412 3748 3467 oratio-

2134 3513 2206 3551 ne
2258 3496 2444 3550 soluta
2489 3494 2794 3561 dabantur,
2836 3497 3140 3567 rotuloque
3183 3498 3354 3552 allato
3413 3501 3511 3553 aut
3567 3499 3748 3554 etiam

2133 3585 2344 3638 chartas
2365 3585 2664 3653 separatae,
2691 3586 2863 3655 prout
2875 3600 2967 3637 res
2991 3583 3233 3651 ferebat,
3262 3586 3744 3655 inscribebantur,

2130 3672 2448 3727 Titulorum
2470 3670 2802 3724 funebrium
2834 3670 3073 3725 nomine
3104 3672 3429 3727 veniebant.
3456 3674 3583 3727 Haec
3613 3689 3744 3728 om-

2133 3760 2229 3813 nia
2239 3758 2359 3812 fere
2372 3761 2469 3811 aut
2481 3761 2633 3811 certe
2652 3774 2767 3812 non
2787 3758 3036 3813 multum
3050 3759 3255 3813 ablude
3264 3759 3385 3813 ntia
3394 3759 3744 3830 colliguntur

2132 3845 2293 3912 exiis,
2309 3862 2436 3917 quas
2463 3844 2729 3915 Cangius,
2753 3845 2937 3899 varios
2960 3845 3141 3901 citans
3160 3846 3484 3918 scriptores,
3498 3844 3558 3900 in
3577 3847 3739 3902 Glos-

2129 3932 2278 3987 sario
2302 3932 2509 3985 medias
2526 3935 2584 3985 et
2606 3931 2822 3986 infimas
2840 3932 3159 3987 Latinitatis
3180 3933 3254 3988 ad
3277 3934 3550 3989 vocabula
3570 3933 3742 3989 Botu-

2129 4021 2227 4087 lus,
2246 4020 2457 4074 Titulus
2483 4023 2540 4074 et
2560 4018 2758 4074 Brevia
2780 4026 3109 4075 mortuorum
3128 4022 3186 4076 in
3208 4022 3465 4077 medium
3483 4023 3734 4080 adducit.

2199 4109 2515 4164 25.Emore
2537 4109 2729 4180 itaque
2738 4108 2863 4179 jam
2896 4108 3178 4180 descripto
3209 4110 3458 4181 religiosi
3482 4111 3736 4167 Calabri-

2123 4214 2212 4251 naz
2227 4197 2407 4252 eremi
2423 4197 2645 4265 incolae,
2669 4214 2804 4251 cum
2820 4197 2878 4251 in
2900 4198 3005 4252 hac
3025 4198 3080 4252 S.
3102 4199 3291 4252 Bruno
3317 4198 3568 4265 obiisset,
3593 4199 3739 4271 epis-

412 4294 553 4347 leusi
586 4294 788 4364 prima:
824 4293 1088 4347 editionis
1118 4288 1433 4367 exemplari
1462 4287 1756 4352 recudam,
1780 4288 2017 4356 prwter-
2045 4292 2099 4351 D
2121 4287 2299 4341 tolam
2336 4286 2703 4357 encyclicam,
2724 4285 2925 4341 mortis
2948 4286 3068 4356 ejus
3100 4284 3392 4352 nunciam,
3425 4287 3498 4340 ad
3531 4288 3732 4357 Italiae,

411 4381 595 4435 missis
626 4380 746 4435 aliis
778 4381 995 4435 duabus
1024 4381 1110 4434 vel
1132 4380 1360 4443 idcirco,
1395 4375 1549 4447 quod
1585 4375 1765 4428 altera
1783 4374 2017 4444 quidem

409 4469 529 4523 ludi
550 4469 847 4524 dumtaxat
862 4469 1089 4541 poetici,
1112 4485 1229 4523 non
1251 4466 1414 4531 Vitae,
1432 4463 1698 4518 historice
1717 4479 1780 4517 ac
1796 4462 2016 4517 sincere

407 4558 650 4629 scriptas,
674 4558 925 4631 speciem
948 4558 1237 4629 praeferat,
1266 4555 1447 4607 altero
1475 4567 1612 4605 vero
1644 4551 1903 4622 parergis
1928 4568 2016 4605 su-

405 4646 659 4717 perﬂuis,
709 4646 1262 4718 digressionibusque
1293 4640 1538 4694 nimium
1570 4639 1756 4711 longis
1798 4657 1862 4694 ac
1905 4641 2015 4695 fre-

406 4735 715 4807 quentibus
730 4734 928 4790 lectori
946 4735 1194 4789 multum
1210 4729 1389 4796 *aadii,
1404 4728 1710 4799 voluptatis
1730 4728 1852 4783 fere
1870 4729 2012 4783 nihil

404 4827 550 4878 esset
579 4824 853 4890 allatura;
881 4826 943 4877 ut
964 4824 1159 4875 autem
1188 4818 1350 4883 Vitae,
1373 4833 1406 4870 a
1423 4817 1851 4871 Blomenvenna
1873 4834 2008 4872 con-

404 4911 670 4977 cinnatus,
690 4910 1057 4975 desiderium,
1075 4908 1119 4962 si
1137 4906 1261 4977 quis
1290 4905 1441 4959 forte
1472 4920 1539 4958 eo
1564 4907 1849 4971 teneatur,
1872 4906 2009 4960 ferri

404 5003 576 5071 queat
619 5000 859 5065 facilius,
886 4998 1047 5064 Vitae,
1083 5013 1117 5050 a
1155 4996 1410 5049 Puteano
1443 4996 1684 5047 exaratae
1706 4993 1893 5047 Vitam
1925 4995 2006 5048 a1-

398 5091 607 5154 teram,
644 5104 792 5159 qum,
825 5085 1030 5141 saeculo
1061 5086 1217 5138 sexto
1251 5080 1475 5135 decimo
1490 5079 1617 5150 jam
1650 5085 2002 5147 senescente,

397 5179 455 5231 et
483 5194 550 5230 ex
580 5177 707 5243 hac,
726 5179 783 5229 et
801 5192 868 5229 ex
885 5172 1124 5227 auctiori
1146 5172 1587 5225 Blomenvennm
1610 5170 2001 5224 lucubratione

393 5282 428 5319 a
459 5264 624 5319 Surio
650 5263 992 5317 concinnata
1021 5264 1125 5325 est,
1161 5275 1403 5331 quaeque
1435 5257 1698 5328 proinde,
1723 5258 1999 5328 quidquid

396 5351 455 5407 in
472 5353 578 5405 hac
606 5352 935 5405 memoratu
964 5348 1206 5421 dignum
1220 5344 1487 5411 occurrit,
1511 5344 1664 5397 haud
1681 5344 1849 5397 dubie
1867 5360 1999 5398 con-

392 5441 558 5506 tinet,
577 5439 696 5509 subj
709 5454 943 5509 ungam,
974 5437 1256 5508 simulque
1284 5435 1548 5502 excerpta
1568 5448 1598 5484 e
1617 5432 1992 5486 Blomenven-

2117 4376 2308 4430 Gallice
2331 4378 2388 4429 et
2408 4375 2630 4446 Anglia:
2654 4374 3002 4428 monasteria
3024 4389 3088 4427 ac
3102 4373 3393 4439 Ecclesias,
3416 4376 3473 4426 et
3492 4374 3731 4445 quidem

2117 4469 2317 4519 contra
2338 4464 2916 4535 morumplerumque
2938 4465 3072 4515 tunc
3104 4460 3375 4515 usitatum
3396 4462 3535 4517 alias
3550 4463 3729 4519 etiam

2116 4553 2440 4619 nonnullas,
2460 4568 2634 4623 quam
2652 4550 2988 4621 quibuscum
3008 4548 3280 4603 societate
3303 4553 3471 4605 erant
3489 4551 3616 4622 coni
3626 4569 3731 4606 un-

2113 4642 2208 4708 cti,
2242 4657 2345 4713 per
2373 4656 2554 4694 unum
2586 4655 2616 4693 e
2640 4639 2772 4707 suis,
2796 4636 2877 4691 uti
2906 4637 3030 4708 ipsa
3058 4635 3157 4690 illa
3187 4636 3447 4707 epistola,
3480 4655 3580 4693 suo
3596 4640 3724 4695 loco

2111 4730 2370 4801 proxime
2399 4731 2533 4782 ante
2552 4726 2765 4780 Titulos
2785 4724 3056 4778 funebres
3081 4724 3258 4778 etiam
3280 4725 3525 4794 edenda,
3541 4722 3724 4782 ﬁdem

2110 4818 2265 4884 facit,
2283 4829 2737 4889 quaquaversum
2753 4812 3054 4878 miserunt,
3072 4811 3462 4884 plurimasque
3480 4830 3721 4886 respon-

2108 4907 2307 4970 sorias,
2342 4902 2644 4956 Titulorum
2671 4900 2982 4970 funebrium
3013 4899 3253 4955 nomine
3285 4904 3595 4973 propterea
3617 4902 3718 4958 de-

2107 4993 2301 5062 inceps
2330 4991 2422 5044 hic
2446 4988 2898 5059 distinguendas,
2932 4991 3297 5061 acceperunt.
3331 4988 3584 5043 Fuerunt
3613 4990 3715 5057 illi,

2106 5082 2187 5135 uti
2217 5083 2302 5134 est
2333 5095 2439 5133 ms.
2478 5077 2535 5131 S.
2571 5075 2850 5130 Brunonis
2880 5077 3023 5144 Vita,
3071 5094 3105 5131 a
3138 5075 3510 5132 Carthusiano
3558 5077 3718 5150 Lige-

2101 5168 2250 5223 tensi
2289 5182 2579 5238 anonymo
2612 5183 2642 5219 e
2674 5165 3029 5232 funebribus,
3087 5165 3157 5220 de
3211 5164 3414 5236 quibus
3462 5165 3553 5219 hic
3593 5167 3716 5237 ejus

2100 5256 2274 5310 titulis
2301 5253 2621 5325 praesertim
2646 5255 2911 5307 contexta
2933 5257 3102 5325 atque
3130 5252 3203 5306 ad
3221 5252 3470 5322 majores
3490 5257 3715 5309 nostros

2097 5362 2131 5399 a
2172 5341 2438 5397 Federico
2486 5341 2741 5407 Floueto,
2788 5340 3081 5395 Societatis
3142 5343 3350 5393 nostra}
3393 5341 3708 5397 sacerdote.

2094 5430 2392 5497 submissa,
2411 5427 2691 5499 intelligo,
2707 5427 2765 5481 in
2789 5426 3158 5483 CalabrinaS.
3175 5426 3452 5499 Stephani
3487 5444 3706 5497 eremo,

387 5544 500 5610 nae,
548 5526 627 5584 uti
659 5528 719 5585 et
764 5543 796 5584 e
824 5525 1109 5584 Zachariae
1156 5521 1447 5581 Benedicti
1492 5519 1985 5579 lucubrationibus
2092 5536 2225 5578 cum
2253 5519 2376 5576 haec
2401 5534 2436 5575 a
2467 5515 2948 5588 Cisterciensibus,
2975 5515 3074 5590 qui
3096 5530 3250 5585 eam,
3273 5514 3574 5589 sexaginta
3603 5516 3709 5575 cir-
