3996 6012
249 269 305 320 21
1814 259 1883 318 Α(

1988 309 1994 317 .
3490 271 3561 324 22

249 390 382 444 citer
403 390 539 458 post
571 385 789 439 obitum
822 383 880 439 S.
907 385 1187 440 Brunonis
1219 388 1385 441 annis
1416 389 1488 443 ad
1519 405 1576 443 se
1612 387 1852 443 transla-
1877 393 1932 450 Α
1959 389 2191 445 dissimo
2217 390 2476 457 domino,
2520 386 2829 443 Carthusiae
2871 387 3313 444 Maverbacensis
3343 391 3399 445 in
3422 394 3560 445 Aus-

250 484 383 543 tam,
419 474 741 531 diutissime
775 474 1163 537 obtinuerant,
1198 476 1271 531 ad
1304 476 1707 533 Carthusianos
1730 481 1857 531 tan-

251 566 374 619 dem
399 580 564 618 anno
599 564 732 617 1514
758 562 1037 630 rediisset,
1062 563 1167 617 hoc
1189 565 1312 635 ipso
1344 565 1570 620 circiter
1596 569 1858 636 tempore

252 656 316 710 ab
352 654 512 708 hisce
548 652 782 719 inventi,
837 651 933 723 qui
980 653 1141 722 prelo
1174 653 1380 725 dignos
1420 654 1652 723 duxere,
1681 671 1859 725 reque

250 745 363 814 ipsa
394 742 471 795 ad
499 742 638 795 Vitze
658 740 861 807 sancti,
886 758 1014 811 quae.
1045 742 1199 797 haud
1219 743 1297 797 ita
1330 745 1515 799 multo
1549 747 1677 814 post
1709 742 1859 797 Basi-

250 832 347 885 lea:
359 830 467 885 fuit
482 846 709 895 excusa,
727 830 941 883 calcem
959 830 1242 901 adjecere;
1261 848 1363 885 nec
1385 849 1521 886 sane
1544 831 1858 886 immerito.

254 918 475 973 Etenim
510 918 688 971 sancti
712 918 904 987 gestis,
936 918 1016 971 uti
1048 935 1115 972 ex
1139 919 1546 974 commentarii
1574 920 1744 990 hujus
1765 919 1863 973 de-

254 1024 411 1064 cursu
445 1009 720 1078 patescet,
757 1006 1109 1061 illustrandis
1132 1024 1249 1062 non
1273 1024 1478 1078 parum
1515 1008 1863 1074 conducunt;

257 1096 353 1150 etsi
381 1099 582 1149 autem
615 1093 867 1148 versibus
897 1092 1119 1148 insulsis
1143 1097 1408 1166 maleque
1438 1096 1682 1150 tornatis
1702 1095 1869 1166 pleri-

258 1201 357 1256 que
384 1185 672 1248 constent,
698 1182 933 1252 plurimi
955 1186 1151 1237 tamen
1168 1200 1231 1237 ex
1258 1184 1617 1240 iisnonnulla
1646 1185 1717 1239 ad
1739 1200 1867 1238 san-

259 1278 405 1328 ctum
450 1272 749 1344 speciatim
792 1272 1110 1342 spectantia
1152 1272 1416 1339 edocent,
1460 1277 1559 1328 aut
1593 1273 1658 1340 si,
1715 1271 1871 1344 quod

259 1362 421 1416 etiam
446 1377 569 1415 non
585 1377 715 1415 raro
738 1359 822 1425 ﬁt,
850 1360 1025 1414 modo
1060 1360 1314 1431 generali
1340 1361 1586 1416 nimium
1610 1361 1872 1416 sintcon-

261 1451 417 1520 cepti,
444 1451 779 1503 Brunonem
812 1449 1038 1515 saltem,
1063 1449 1107 1502 si
1128 1451 1440 1504 nonnullos
1464 1450 1774 1521 exceperis,
1802 1450 1872 1503 ab

261 1538 575 1591 eruditione
610 1537 839 1604 eximia,
888 1537 1212 1591 humilitate
1264 1537 1442 1591 aliave
1474 1538 1680 1593 virtute
1721 1553 1874 1592 com-

264 1625 554 1693 mendant,
588 1628 652 1679 ut
680 1625 855 1679 etiam
883 1626 1225 1697 plerumque
1258 1628 1407 1691 tum,
1441 1629 1658 1698 quanto
1692 1626 1783 1680 hic
1814 1625 1873 1678 in

264 1714 435 1785 pretio
450 1713 609 1783 apud
634 1730 839 1768 omnes
854 1712 1047 1780 fuerit,
1073 1718 1417 1785 argumento
1444 1715 1575 1769 sint.
1605 1714 1744 1767 Hinc
1774 1713 1877 1767 ita—
1894 1705 1946 1764 B

268 1819 365 1875 que
389 1819 497 1874 ego
528 1819 649 1857 non
676 1803 994 1874 praecipuos
1018 1807 1265 1870 tantum,
1292 1806 1355 1856 ut
1376 1803 1571 1857 Surius
1600 1803 1658 1857 in
1695 1802 1875 1856 sancti

267 1891 397 1958 Vita,
431 1908 464 1944 a
504 1908 565 1945 se
606 1894 892 1957 contexta,
935 1891 1089 1957 fecit,
1133 1892 1233 1946 sed
1271 1908 1474 1946 omnes
1503 1894 1560 1945 et
1598 1890 1874 1962 singulos,

268 1979 425 2032 veluti
448 1979 704 2049 pretiosa
720 1979 1074 2051 antiquitatis
1096 1983 1497 2047 monumenta,
1522 1980 1593 2033 ab
1609 1979 1729 2049 ipso
1771 1980 1880 2032 sta-

270 2067 362 2121 tim
393 2067 541 2121 felici
574 2067 634 2121 S.
670 2060 949 2122 Brunonis
975 2085 1005 2121 e
1041 2067 1176 2121 vivis
1203 2084 1434 2122 excussu
1459 2068 1689 2139 scripta,
1716 2082 1877 2120 recu-

273 2155 413 2221 dam,
444 2155 700 2209 maxime
743 2155 896 2226 quod
939 2172 973 2209 a
1004 2154 1219 2221 multis,
1270 2159 1334 2209 ut
1377 2155 1657 2227 intelligo,
1719 2154 1880 2208 avide

277 2242 685 2309 desiderentur,
712 2241 1159 2313 Basileensisque
1189 2258 1289 2296 seu
1320 2243 1675 2297 Puteaniana
1700 2242 1881 2296 sancti

275 2330 402 2395 Vita,
428 2331 501 2385 ad
532 2331 698 2400 cujus
726 2331 940 2384 calcem
974 2330 1277 2384 dumtaxat
1318 2331 1707 2402 reperiuntur,
1741 2346 1880 2401 pau-

278 2433 461 2472 corum
487 2418 546 2471 in
577 2417 847 2471 manibus
875 2420 1154 2471 versetur.

339 2509 421 2561 26.
450 2507 633 2559 Porro
655 2522 789 2559 cum
815 2505 1052 2560 edendae
1069 2505 1127 2559 8.
1153 2506 1437 2560 Brunonis
1465 2507 1624 2574 Vitas,
1646 2523 1762 2561 non
1787 2522 1882 2560 ex-

280 2598 428 2664 cepta
468 2594 648 2649 etiam
691 2594 790 2648 illa
818 2594 960 2664 ipsa,
1003 2609 1131 2666 qum
1163 2611 1230 2648 ex
1272 2594 1595 2664 primorum
1631 2595 1883 2666 quinque

282 2683 575 2737 Cal-thasiae
592 2682 853 2753 priorum
870 2683 1151 2737 Chronico
1169 2684 1728 2755 excerpenda,tantte
1744 2683 1886 2737 anti-

283 2771 495 2843 quitatis
526 2772 758 2839 merito,
791 2771 869 2826 uti
891 2788 957 2826 ex
983 2772 1109 2843 jam
1136 2771 1299 2826 dictis
1328 2787 1580 2843 pronum
1614 2775 1699 2825 est
1727 2771 1887 2826 colli-

283 2875 423 2931 gere,
451 2877 568 2914 non
593 2860 904 2931 gaudeant,
931 2862 993 2913 ut
1017 2859 1193 2913 ﬁdem
1211 2876 1316 2930 per
1340 2876 1399 2914 se
1429 2859 1618 2914 facere
1644 2858 1882 2929 possint;

283 2947 389 3002 imo
417 2965 552 3003 vero
588 2965 721 3002 cum
750 2949 840 3002 vel
861 2947 1093 3013 idcirco,
1130 2948 1287 3018 quod
1314 2949 1386 3002 ab
1412 2947 1740 3003 auctoribus
1760 2965 1887 3019 syn-

287 3036 495 3091 chronis
517 3040 621 3093 aut
661 3036 1082 3108 subaaqualibus
1117 3036 1343 3106 scriptae
1377 3053 1494 3092 non
1515 3037 1646 3104 sint,
1671 3036 1887 3106 ambigi

286 3141 391 3180 non
418 3126 712 3181 immerito
761 3128 954 3197 queat,
990 3142 1061 3179 an
1114 3126 1383 3197 quaelibet
1423 3143 1623 3180 earum
1674 3128 1888 3179 asserta

286 3215 491 3269 veritati
521 3217 683 3270 certo
715 3216 1054 3281 consonent,
1107 3230 1226 3267 non
1260 3230 1465 3284 parum
1498 3231 1634 3269 sane
1684 3214 1744 3267 in
1775 3215 1886 3268 hoc

286 3303 690 3359 commentario
722 3302 1103 3357 laborandum
1150 3302 1280 3369 erit,
1314 3306 1394 3369 ut,
1431 3320 1558 3374 quae
1608 3302 1761 3356 inter
1787 3303 1886 3357 illa

287 3396 422 3461 sunt,
452 3409 587 3447 vera
619 3391 843 3459 afalsis,
878 3394 1033 3445 certa
1054 3408 1088 3445 a
1110 3390 1313 3457 dubiis,
1338 3390 1659 3462 probabilia
1685 3391 1756 3445 ab
1778 3391 1884 3444 im-

288 3479 678 3549 probabilibus,
714 3478 1153 3549 verisimiliaque
1187 3479 1258 3533 ab
1290 3479 1374 3545 iis,
1403 3496 1528 3550 qua:
1560 3477 1878 3532 verisimili-

291 3566 466 3620 tudine
489 3567 898 3633 destituuntur,
929 3582 1248 3620 secernam.
1294 3567 1477 3637 Atque
1506 3567 1615 3620 hoc
1647 3566 1881 3638 quidem

292 3658 345 3708 ut
385 3655 608 3710 effectui
655 3656 951 3721 mandem,
987 3654 1342 3709 adhibiturus
1362 3654 1697 3726 frequenter
1734 3671 1883 3723 sum,

294 3759 395 3797 non
423 3747 652 3799 tantum
683 3760 855 3814 supra
901 3745 1011 3798 huc
1060 3743 1470 3814 transcriptum
1502 3760 1532 3796 e
1566 3744 1889 3814 primorum

295 3834 516 3901 quatuor
529 3831 843 3887 Carthusias
856 3831 1117 3903 priorum
1133 3830 1403 3887 chronico
1424 3831 1604 3885 sancti
1616 3830 1888 3903 elogium,

296 3918 583 3994 titulosque
614 3920 906 3988 funebres,
940 3920 1011 3976 de
1037 3921 1241 3991 quibus
1256 3920 1383 3991 jam
1426 3919 1665 3986 dictum,
1690 3935 1892 3973 verum

298 4008 453 4063 etiam
481 4009 785 4077 nonnulla,
808 4011 933 4063 tum
958 4008 1167 4080 scripta
1187 4008 1299 4063 alia
1322 4007 1578 4080 antiqua,
1609 4008 1681 4063 ab
1704 4011 1895 4063 aucto-

298 4094 564 4170 ribus,qui
589 4096 805 4169 aliquid
816 4098 1021 4151 saltem
1048 4112 1115 4151 ex
1129 4096 1426 4151 occasione
1438 4096 1508 4151 de
1532 4095 1589 4151 8.
1626 4096 1892 4151 Brunone

300 4188 580 4241 memoria:
596 4184 924 4257 prodidere,
949 4186 1297 4252 elucubrata,
1313 4188 1439 4238 tum
1459 4184 1777 4255 diplomata
1797 4201 1895 4239 seu

1957 480 2068 534 tria
2095 480 2323 547 abbate,
2357 495 2510 533 anno
2548 480 2676 532 1761
2713 475 2878 531 nobis
2908 474 3205 531 submissa.

2030 571 2117 623 27.
2182 568 2291 621 Nec
2336 567 2524 621 minus
2554 564 2677 619 usui
2708 567 2877 618 erunt
2910 563 3316 619 Carthusianus
3348 583 3563 637 anony-

1963 655 2210 727 mus,qui
2226 657 2435 710 librum
2450 657 2720 726 quartum
2736 652 3043 706 Annalium
3060 652 3541 708 Carthusiensium
3552 697 3567 723 ,

1963 744 2138 799 modo
2161 744 2395 815 quidem
2418 742 3107 813 excusum,hactenusque
3128 745 3348 810 tamen,
3374 746 3433 795 at
3444 743 3570 812 jam

1963 848 2134 903 supra
2164 832 2383 899 monui,
2417 832 2626 902 publici
2644 829 2789 901 juris
2814 846 2932 884 non
2955 830 3193 897 factum,
3226 832 3571 902 composuit,

1965 921 2222 976 Historia:
2270 920 2560 976 litterarim
2598 919 2850 974 Francim
2898 918 3232 990 Scriptores,
3289 919 3575 991 praecipue

1968 1013 2111 1065 tom.
2146 1011 2228 1075 1X,
2271 1010 2328 1063 in
2358 1010 2484 1063 Vita
2515 1008 2572 1062 S.
2604 1007 2906 1075 Brunonis,
2957 1008 3225 1062 Camillus
3250 1008 3487 1062 Tutinus
3518 1007 3577 1061 in

1971 1099 2197 1154 Ordinis
2230 1097 2659 1165 Carthusiensis,
2692 1096 3045 1151 etsiinterim
3063 1097 3171 1152 hoc
3196 1113 3338 1167 opus
3364 1096 3438 1151 ad
3462 1112 3582 1150 ma-

1971 1206 2111 1242 num
2130 1204 2247 1242 non
2261 1187 2506 1241 habeam
2518 1230 2530 1253 ,
2546 1185 2651 1240 nisi
2670 1186 2958 1251 mutilum,
2978 1185 3235 1239 Historiae
3249 1186 3579 1256 Prospectu,

1970 1276 2237 1332 MOrotius
2284 1276 2344 1329 in
2393 1275 2536 1329 sacri
2595 1272 3008 1329 Carthusiensis
3057 1272 3283 1328 Ordinis
3336 1273 3581 1326 Theatro

1972 1363 2403 1436 chronologico,
2424 1364 2673 1418 Joannes
2699 1361 3026 1416 Columbius
3058 1361 3116 1415 in
3137 1378 3237 1415 sua
3256 1361 3326 1414 de
3353 1361 3587 1415 Carthu-

1972 1454 2267 1509 sianorum
2290 1452 2462 1506 initiis
2474 1450 2899 1516 Dissertatione,
2928 1450 3291 1504 Innocentius
3305 1450 3356 1503 le
3370 1450 3588 1504 Masson

1972 1542 2071 1595 lib.
2106 1558 2121 1596 ι
2147 1541 2458 1595 Annalium
2491 1537 2996 1605 Cartliusiensium,
3024 1538 3232 1609 aliique
3263 1536 3320 1590 in
3350 1536 3590 1590 decursu

1975 1629 2319 1684 nominandi
2342 1644 2457 1682 non
2473 1626 2656 1699 pauci.
2678 1625 2982 1681 Citandum
2996 1625 3228 1680 interim
3245 1641 3277 1678 a
3298 1622 3594 1691 me,veluti

1975 1717 2158 1771 visum
2190 1716 2603 1787 inspectumve,
2637 1714 2919 1768 studiosus
2950 1714 3129 1767 lector
3161 1728 3277 1767 non
3309 1712 3597 1782 exspectet

1977 1805 2253 1860 Severum
2286 1820 2319 1857 a
2348 1803 2602 1873 Neapoli,
2632 1819 2732 1855 seu
2753 1803 2823 1855 de
2843 1801 3318 1871 Trafaglionibus,
3341 1799 3438 1871 qui
3454 1815 3597 1870 pra:-

1979 1898 2066 1947 ter
2096 1893 2225 1959 alia,
2268 1908 2394 1963 qua:
2418 1891 2490 1945 ad
2508 1890 2865 1961 propositum
2883 1893 3144 1943 nostrum
3178 1887 3404 1959 suggeri
3434 1887 3505 1940 ab
3528 1902 3596 1939 eo

1980 1982 2254 2052 suspicor,
2310 1981 2493 2034 multa
2522 1979 2718 2045 etiam,
2760 1981 2823 2031 ut
2855 1977 3127 2031 Surianus
3160 1977 3217 2031 in
3263 1977 3376 2030 suis
3424 1974 3497 2028 ad
3536 1973 3592 2027 S.

1981 2070 2262 2125 Brunonis
2290 2069 2477 2123 Vitam
2503 2066 2983 2122 Annotationibus
3004 2068 3245 2138 pag.l97
3271 2068 3328 2119 et
3358 2081 3478 2135 seq.
3503 2063 3601 2118 do-

1981 2162 2092 2225 cet,
2145 2160 2530 2213 monumenta
2562 2173 2626 2210 ac
2677 2155 3016 2226 diplomata,
3053 2154 3125 2208 ad
3175 2153 3231 2208 S.
3268 2154 3599 2207 Brunonem

1982 2265 2225 2319 remque
2259 2245 2698 2302 Carthusianam
2730 2245 3067 2317 spectantia,
3102 2259 3132 2297 e
3156 2242 3412 2297 tenebris
3442 2241 3599 2295 inlu-

1984 2352 2111 2390 cem
2146 2335 2422 2408 protulit;
2451 2334 2541 2388 hic
2563 2334 2721 2388 enim
2751 2332 2993 2405 scriptor
3025 2346 3202 2401 penes
3236 2347 3340 2385 nos
3361 2345 3479 2384 non
3504 2345 3597 2382 ex-

1984 2427 2124 2492 stat;
2146 2423 2202 2478 in
2235 2422 2357 2478 aliis
2378 2425 2571 2477 autem
2601 2419 2978 2487 bibliothecis,
2998 2436 3139 2491 quas
3156 2419 3247 2472 hic
3268 2421 3493 2472 scrutan
3503 2416 3603 2471 das

1985 2512 2197 2579 curavi,
2222 2511 2464 2566 inveniri
2502 2527 2617 2565 non
2637 2509 2956 2582 potuit,nec
2977 2508 3033 2562 in
3055 2506 3387 2578 regionibus
3415 2521 3605 2560 remo-

1983 2601 2056 2655 tis
2088 2600 2468 2673 quazrendum
2501 2598 2652 2664 duxi,
2688 2597 2938 2652 maxime
2978 2595 3134 2668 quod
3163 2594 3283 2664 ejus
3315 2592 3602 2647 defectum

1985 2705 2201 2760 magna
2226 2688 2431 2742 saltem
2459 2702 2527 2741 ex
2556 2689 2719 2756 parte
2738 2683 2990 2757 suppleri
3011 2687 3210 2755 putem
3226 2698 3293 2736 ex
3316 2681 3498 2735 tribus
3524 2681 3607 2734 di-

1986 2778 2160 2833 versis
2209 2793 2343 2831 mss.
2379 2777 2449 2830 de
2499 2775 2555 2829 S.
2592 2775 2858 2829 Brunone
2892 2772 3246 2838 tractatibus,
3284 2786 3455 2841 supra
3479 2770 3605 2839 jam

1988 2866 2345 2932 memoratis,
2380 2881 2629 2936 quorum
2660 2880 2825 2929 unus,
2860 2861 2957 2933 qui
2984 2860 3403 2931 Chronologico
3426 2859 3606 2931 diplo-

1988 2955 2199 3011 matica
2221 2955 2290 3009 de
2322 2953 2651 3008 S.Brunone
2670 2951 2924 3006 Diatriba
2940 2950 3284 3015 inscribitur,
3310 2949 3605 3019 multaque

1989 3044 2227 3117 antiqua
2276 3042 2626 3096 documenta
2657 3056 2721 3094 ac
2767 3039 3085 3111 diplomata
3116 3037 3538 3107 complectitur,
3574 3052 3606 3089 a

1986 3134 2253 3190 Michaele
2274 3131 2557 3186 Morkens.
2615 3127 2925 3182 Carthusiae
2960 3125 3312 3181 Coloniensis
3343 3125 3604 3190 alumno,

1988 3223 2061 3277 ad
2094 3223 2416 3276 decessores
2437 3234 2598 3273 meos
2619 3233 2773 3271 anno
2805 3219 2937 3271 1727
2954 3214 3076 3268 'fuit
3092 3212 3456 3268 transmissus
3482 3229 3497 3279 ;
3532 3213 3608 3266 al-

1985 3314 2094 3377 ter,
2130 3309 2227 3381 qui
2261 3325 2378 3364 non
2411 3322 2609 3379 pauca,
2645 3305 2704 3359 in
2740 3321 2855 3359 non
2877 3304 3109 3375 vulgato
3140 3303 3419 3356 hactenus
3450 3316 3608 3354 mox-

1986 3415 2096 3471 que
2118 3397 2328 3451 iterum
2358 3395 2592 3449 laudato
2613 3391 2923 3446 Annalium
2949 3388 3437 3445 Carthusiensium
3457 3388 3604 3441 libro

1983 3489 2187 3558 quarto
2219 3483 2433 3556 pariter
2455 3480 2829 3546 accurrentia,
2857 3478 3203 3551 suppeditat,
3220 3495 3253 3531 a
3275 3474 3604 3531 Carthusia-

1983 3575 2073 3630 nis
2102 3572 2394 3644 hujatibus
2424 3570 2723 3624 nobiscum
2754 3570 2840 3622 est
2862 3567 3357 3632 communicatus;
3393 3580 3456 3617 ac
3494 3566 3608 3617 ter-

1986 3663 2099 3717 tius
2148 3660 2417 3730 denique,
2451 3658 2547 3729 qui
2610 3657 2995 3729 potissimum,
3029 3658 3093 3709 ut
3140 3655 3264 3725 jam
3316 3652 3539 3719 monui,
3576 3670 3607 3706 e

1989 3747 2326 3804 funebribus
2381 3744 2571 3800 Sancti
2598 3744 2794 3798 Titulis
2824 3761 2857 3798 a
2907 3742 3280 3798 Carthusiano
3321 3738 3610 3812 Ligetensi

1994 3852 2285 3909 anonymo
2320 3838 2403 3889 est
2443 3835 2759 3900 contextus,
2796 3850 2830 3886 a
2862 3834 2922 3886 P.
2959 3830 3227 3886 Federico
3260 3831 3493 3883 Floueto
3535 3828 3610 3882 ad

1994 3926 2243 3998 majores
2295 3926 2521 3979 nostros
2551 3922 2705 3977 dono
2757 3938 2912 3976 anno
2973 3922 3128 3989 1658,
3153 3922 3216 3973 ut
3244 3917 3459 3989 pariter
3482 3917 3608 3989 jam

1994 4014 2216 4079 monui,
2246 4011 2356 4067 fuit
2385 4010 2716 4066 submissus.

2066 4104 2154 4157 28.
2188 4100 2349 4155 Hisce
2386 4115 2560 4170 porro
2584 4098 2715 4152 addi
2740 4096 2916 4152 etiam
2941 4097 3131 4168 potest
3148 4095 3289 4150 Vitae
3310 4094 3367 4149 8.
3397 4095 3611 4149 Bruno-

1996 4188 2103 4256 nis,
2137 4189 2291 4261 quod
2322 4188 2503 4241 multa
2532 4186 2852 4240 eruditione
2886 4187 2969 4238 est
2990 4184 3289 4251 refertum,
3323 4183 3610 4255 Compen-

229 4274 245 4284 ’
301 4272 503 4328 chartas
523 4274 977 4328 instrumentave
1000 4274 1244 4343 publica,
1270 4273 1340 4327 de
1362 4289 1609 4344 quorum
1631 4273 1895 4327 omnium
1918 4268 1971 4326 D
1999 4278 2158 4333 dium
2202 4271 3214 4343 Historico-chronologico—criticum,
3237 4289 3271 4325 a
3302 4269 3613 4325 Carthusim

304 4362 619 4417 auctoritate
650 4379 715 4416 ac
772 4362 889 4416 ﬁde
936 4365 1073 4415 tunc
1122 4361 1330 4428 dicam,
1364 4379 1497 4416 cum
1548 4362 1607 4416 in
1639 4362 1898 4416 medium

306 4448 620 4504 adducenda
649 4466 750 4504 seu
780 4450 1010 4503 citanda
1039 4453 1235 4516 erunt;
1270 4449 1529 4504 laborem
1563 4453 1757 4504 autem
1780 4465 1902 4504 om-

308 4550 423 4591 nem
452 4556 567 4594 non
603 4553 806 4608 parum
837 4537 1215 4592 sublevabunt
1244 4538 1525 4604 nonnulli,
1573 4539 1670 4610 qui
1721 4539 1791 4593 de
1839 4537 1896 4593 S.

309 4623 570 4695 Brunone,
600 4626 858 4681 adductis
880 4642 999 4681 non
1029 4627 1216 4681 solum
1247 4626 1607 4681 documentis
1626 4627 1897 4698 antiquis,

308 4726 484 4768 verum
533 4714 734 4782 etiam,
781 4731 908 4788 qua:
950 4731 1018 4769 ex
1065 4714 1219 4769 hisce
1258 4715 1512 4769 formare
1564 4717 1896 4787 potuerunt,

311 4803 664 4873 argumentis,
709 4804 799 4858 vel
850 4820 917 4858 ex
968 4803 1223 4874 instituo,
1281 4804 1388 4869 vel,
1424 4803 1469 4858 si
1507 4821 1575 4858 ex
1605 4803 1900 4859 occasione

310 4889 535 4960 tantum,
559 4908 827 4947 sermone
847 4893 1051 4947 saltem
1080 4889 1386 4963 prolixiora
1409 4894 1743 4947 tractarunt.
1772 4891 1903 4946 scri-

312 4980 482 5046 ptores
502 4979 872 5035 recentiores.
906 4981 974 5034 Et
996 4981 1187 5034 locum
1210 4980 1445 5051 quidem
1469 4981 1572 5035 hos
1604 4980 1754 5034 inter
1784 4997 1900 5035 non

315 5062 558 5124 inﬁmum
592 5069 873 5123 tenebunt
900 5068 1173 5124 Surianus
1195 5069 1254 5122 in
1284 5068 1397 5122 suis
1418 5069 1491 5123 ad
1522 5067 1900 5123 SurianamS.

321 5150 575 5211 Brunonis
623 5156 815 5211 Vitam
865 5156 1368 5222 Annotationibus,
1397 5156 1750 5211 Mabillonius
1779 5160 1905 5212 tum

322 5241 456 5312 alibi,
480 5248 599 5299 tum
625 5245 877 5299 maxime
902 5245 960 5299 in
990 5245 1305 5299 Annalibus
1335 5243 1740 5311 ecclesiasticis,
1767 5245 1905 5299 Iler-

323 5328 457 5384 cules
475 5332 691 5388 Zanotti
714 5333 774 5387 in
797 5349 899 5386 sua
938 5331 1127 5387 Italice
1152 5331 1363 5403 scripta
1385 5329 1442 5384 S.
1486 5330 1765 5386 Brunonis
1787 5332 1906 5386 His-

322 5416 473 5491 toria,
504 5437 653 5477 anno
690 5422 820 5480 1741
859 5420 1129 5478 Bononia:
1158 5436 1362 5477 excusa
1382 5421 1553 5495 atque
1583 5436 1616 5476 a
1645 5435 1912 5478 reveren-

2000 4363 2328 4423 Parisiensis
2350 4364 2609 4429 alumno,
2634 4361 2729 4433 qui
2762 4375 2979 4415 nomen
3010 4376 3175 4413 suum
3198 4359 3463 4413 subticcri
3492 4375 3614 4412 om-

2000 4455 2138 4510 nino
2160 4454 2300 4519 vult,
2334 4467 2565 4506 mecum
2580 4449 2735 4504 haud
2756 4449 2834 4503 ita
2849 4449 3075 4520 pridem
3094 4445 3608 4503 communicatum.

2000 4545 2182 4614 Atque
2205 4543 2303 4607 ita,
2337 4539 2586 4593 studiose
2617 4539 2816 4605 lector,
2868 4537 3044 4592 modo
3075 4537 3254 4590 babes
3285 4534 3551 4607 praesenti
3584 4536 3612 4601 §

2000 4632 2327 4685 memorata
2348 4627 2685 4698 adjumenta
2699 4623 3217 4697 praecipua,quibus
3233 4623 3307 4678 ad
3324 4623 3613 4677 illustran-

2002 4719 2074 4773 da
2087 4715 2584 4789 examinandaque
2607 4712 3102 4769 S.BrunonisActa
3117 4712 3175 4766 in
3191 4712 3299 4766 hoc
3323 4726 3618 4767 commen-

1999 4805 2145 4860 tario
2169 4821 2295 4858 sum
2315 4820 2535 4858 usurus.
2555 4798 2820 4857 Ceterum
2840 4800 3135 4855 sciendum
3157 4803 3260 4865 est,
3282 4796 3621 4853 indiscrimi-

2004 4893 2187 4949 natim
2219 4909 2252 4946 a
2276 4908 2370 4945 me
2392 4894 2449 4945 et
2469 4891 2681 4962 absque
2703 4894 2761 4944 et
2786 4906 2917 4944 cum
2940 4888 3286 4961 aspiratione
3309 4885 3619 4941 Cartliusiaa

2005 4986 2062 5037 et
2093 4979 2451 5037 Carthusiani
2476 4979 2751 5034 vocabula
2770 4978 3010 5045 exarari,
3035 4976 3282 5049 quodita
3294 4974 3620 5029 factitatum

2005 5068 2298 5124 inveniam
2343 5084 2377 5121 a
2405 5060 2688 5138 plerisque
2728 5084 2823 5121 me
2856 5062 3184 5136 praegressis
3227 5061 3619 5134 scriptoribus,

2008 5173 2150 5228 quos
2182 5172 2290 5227 ego
2321 5154 2531 5209 erroris
2558 5170 2800 5225 arguere
2831 5169 2949 5206 non
2998 5149 3201 5205 ausim.
3259 5150 3413 5204 Licet
3462 5148 3620 5203 enim

2009 5244 2350 5298 vocabulum
2377 5240 2592 5308 στιγέας,
2617 5243 2679 5295 ut
2700 5243 2985 5294 Puteanus
3008 5237 3068 5292 in
3091 5238 3479 5293 exhortatoria
3500 5253 3620 5305 sua,

2011 5333 2137 5387 Vita
2159 5330 2351 5387 Sancti
2374 5349 2408 5385 a
2436 5349 2495 5385 sc
2522 5331 2801 5384 contexta:
2823 5326 3067 5398 adjecta,
3092 5328 3163 5383 de
3196 5344 3309 5399 qua
3330 5327 3384 5380 in
3420 5325 3623 5380 ultima

2020 5421 2093 5479 ad
2145 5421 2291 5478 hanc
2322 5417 2711 5475 Annotatione
2743 5416 2955 5487 dicam,
3010 5416 3270 5474 oratione
3320 5415 3460 5484 vult,
3492 5431 3624 5473 vere
