4122 6058
417 250 484 301 23
1234 246 1290 301 s.
1342 206 1686 303 BRUNONIS
1732 242 2362 302 CARTHUSIANORUM
2404 243 2869 301 ms'muroms
3663 236 3745 295 2s

414 373 561 426 esset
612 385 719 427 vox
769 369 1076 439 Hebraica,
1115 372 1350 443 perfecte
1397 377 1612 426 vocatus
1660 370 2024 443 signiﬁcans,
2044 375 2101 435 Α
2129 371 2263 428 1608
2312 368 2581 443 vulgavit,
2623 367 3096 425 elucidationibus
3125 366 3206 422 ita
3234 366 3531 422 observat:
3569 388 3596 417 α
3628 366 3752 422 Ha-

411 474 590 531 reque
618 458 741 531 ipsa
776 459 1115 515 vacabulum
1166 458 1510 515 Hebraicum
1542 458 1802 515 Cartham
1828 459 2021 515 Hiero-

413 563 620 618 nymus
680 548 751 602 de
786 547 1117 603 nominibus
1157 549 1445 605 Hebraicis
1486 549 1613 620 (adi
1645 548 2023 603 Parisiensem

413 635 552 689 anni
597 637 731 690 1699
777 652 1019 709 Operum
1047 637 1227 692 sancti
1282 639 1453 709 hujus
1492 637 1672 692 Patris
1709 637 2023 691 editionem

412 725 558 776 tom.
593 725 658 790 II,
686 725 797 779 col.
841 726 942 796 27)
990 728 1319 781 vocationem
1339 727 1571 798 perfecit
1624 724 1826 780 Latine
1869 724 2020 778 inter

409 814 687 880 pertetur,
720 828 1075 885 consequens
1104 818 1302 870 tamen
1330 817 1636 887 propterea
1668 829 1787 868 non
1826 816 1929 879 est,
1962 815 2026 866 ut

409 898 497 952 vel
527 916 561 954 a
582 898 778 955 Carius
802 902 888 955 vel
920 920 954 956 a
985 900 1246 957 Cartham
1267 903 1552 957 Hebraicis
1568 900 1852 957 vocabulis
1885 899 2021 955 Car-

410 988 560 1041 tusia’
581 990 638 1042 et
664 986 1016 1044 Cartliusiani
1037 991 1278 1046 nomina
1304 975 1834 1046 nomenclationem
1868 1005 2025 1044 acce-

407 1074 617 1146 perint.
652 1078 796 1132 Rem
826 1077 1011 1148 ipsam
1043 1080 1217 1135 modo
1247 1080 1675 1151 aggrediamur,

483 1167 511 1231 §
543 1167 609 1219 II.
646 1165 840 1220 Nobile
862 1165 1055 1221 Sancti
1079 1186 1263 1237 genus,
1286 1170 1495 1240 patria,
1527 1174 1726 1239 tempus
1751 1167 1948 1222 natale.

478 1254 663 1308 Nobili
692 1272 899 1338 gene.e
933 1259 1126 1311 ortum
1172 1274 1291 1312 esse
1324 1257 1381 1311 S.
1418 1258 1768 1324 Brunonem,
1820 1270 2023 1310 omnes

406 1340 526 1413 ejus
542 1342 684 1397 Vitas
716 1344 955 1399 edendas
988 1344 1249 1399 unanimi
1270 1362 1549 1400 consensu
1572 1344 1826 1412 tradunt,
1850 1343 2021 1415 idque

404 1428 796 1487 indubitatum
829 1436 1103 1505 apparet:
1139 1433 1358 1488 etenim
1390 1434 1561 1488 breve
1591 1432 1712 1503 ejus
1742 1431 2017 1503 elogium,

404 1519 558 1590 quod
579 1536 610 1573 e
622 1523 868 1592 quatuor
885 1521 1207 1592 primorum
1224 1521 1535 1577 Carthusiaa
1550 1521 1813 1576 Priorum
1841 1520 2019 1574 Chro-

402 1606 530 1662 nico
559 1625 719 1664 num.
753 1614 784 1664 7
816 1610 1067 1677 recitavi,
1101 1611 1184 1665 ita
1208 1612 1421 1666 habet:
1453 1632 1479 1660 ‹‹
1510 1609 1774 1683 Magister
1806 1610 2015 1675 Bruno,

2124 458 2248 515 buit
2277 476 2410 515 vero
2439 458 2516 530 (S.
2553 459 2742 514 Bruno
2759 454 3057 529 nimirum)
3081 459 3350 530 parentes
3369 458 3426 511 et
3440 472 3655 528 genere
3677 459 3753 511 et

2124 548 2331 603 virtute
2354 546 2508 603 inter
2540 548 2710 603 Ubios
2740 545 3078 618 cumprimis
3104 547 3305 613 claros,
3339 561 3409 600 ex
3436 544 3534 599 illa
3562 543 3750 600 nimi-

2096 654 2105 663 ·
2123 653 2255 691 rum
2269 635 2623 692 nobilissima
2642 638 3039 691 Romanorum
3053 633 3319 705 prosapia
3340 632 3747 704 oriundos,qui

2123 724 2455 797 Agrippinae
2476 742 2686 781 novam
2705 724 2991 779 deduxere
3006 721 3313 788 coloniam,
3329 738 3504 794 quam
3529 721 3749 776 etiam-
3852 794 3863 797 ν

2125 831 2263 869 num
2299 815 2370 869 de
2399 816 2552 870 Duro
2585 816 2787 885 Pugno
2816 814 3018 868 incolae
3047 811 3377 883 indigitant.
3413 832 3440 860 »
3476 811 3603 865 Hzec
3620 809 3742 865 illi:

2126 919 2190 957 ac
2205 903 2487 976 posterior
2502 903 2757 975 quidem,
2775 918 2906 957 cum
2928 901 3130 957 ambos
3145 900 3201 955 S.
3226 900 3507 955 Brunonis
3526 915 3751 971 paren-

2124 994 2211 1046 tes
2228 990 2603 1059 nobilissima,
2623 1008 2751 1064 qua:
2769 991 2839 1046 de
2862 993 3014 1047 Duro
3041 991 3241 1061 Pugno
3266 988 3491 1055 dicitur,
3516 987 3747 1043 familia

2125 1079 2397 1135 oriundos
2411 1079 2682 1146 affirmet,
2702 1083 2963 1134 sanctum
2974 1081 3097 1134 tam
3116 1095 3184 1134 ex
3197 1081 3360 1149 parte
3373 1077 3548 1149 patris
3558 1093 3742 1149 quam

2124 1184 2192 1222 ex
2222 1171 2385 1239 parte
2415 1168 2617 1223 matris
2633 1184 2662 1222 e
2689 1167 2909 1223 familia
2940 1168 3011 1222 de
3027 1169 3179 1223 Duro
3204 1168 3405 1237 Pugno
3423 1164 3742 1220 oriundum

2122 1272 2223 1311 seu
2239 1257 2740 1312 Hartefaustanum
2765 1256 2930 1324 facit;
2950 1256 3106 1328 prior
3126 1271 3281 1323 vero,
3294 1270 3426 1309 cum
3446 1257 3736 1321 sanctum,

2124 1346 2283 1401 nulla
2310 1345 2462 1401 facta
2498 1350 2805 1417 parentum
2840 1346 2962 1416 ejus
3003 1345 3322 1411 mentione,
3357 1360 3389 1397 e
3411 1343 3630 1398 familia
3663 1342 3739 1398 de

2122 1433 2506 1501 Hartenfaust,
2524 1451 2623 1488 seu
2648 1434 2718 1489 de
2740 1435 2893 1489 Duro
2925 1434 3126 1504 Pugno
3161 1433 3392 1487 trahere
3423 1430 3735 1502 originem,

2121 1521 2419 1578 dumtaxat
2444 1522 2656 1589 tradat,
2676 1521 2924 1577 fueritne
2946 1521 3006 1576 id
3027 1537 3094 1575 ex
3114 1523 3277 1592 parte
3298 1519 3494 1593 patris,
3518 1536 3590 1574 an
3608 1536 3741 1574 ma-

2118 1609 2240 1677 tris,
2273 1614 2372 1666 aut
2403 1611 2579 1666 etiam
2627 1628 2701 1665 an
2740 1628 2807 1666 ex
2836 1609 3130 1681 utriusque
3176 1611 3340 1681 parte
3386 1608 3735 1687 simul,~non

401 1696 637 1753 natione
656 1698 1018 1768 Teutonicus,
1052 1674 1123 1754 ex
1154 1701 1431 1772 praeclara
1452 1674 1883 1764 urbe'Colonia,
1914 1674 2016 1768 pa?
2037 1674 2089 1733 B
2120 1674 2341 1755 definit.

401 1785 659 1842 rentibus
685 1804 801 1842 non
827 1788 1079 1842 obscuris
1107 1809 1136 1837 »
1168 1790 1372 1858 (natus
1408 1788 1624 1852 scilicet,
1656 1789 1740 1841 uti
1763 1787 1898 1841 alias
1928 1786 2020 1840 ad-

397 1872 633 1945 ditur)...
674 1897 702 1925 ‹‹
733 1892 998 1931 eremum
1036 1877 1348 1932 Carthusiaz
1376 1876 1655 1931 fundavit.
1700 1896 1728 1925 »
1765 1876 1853 1930 Ad
1894 1876 2018 1930 haec

299 1970 307 1981 ί
395 1961 605 2035 stirpis,
649 1981 679 2018 e
722 1982 835 2036 qua
860 1965 1044 2020 editus
1075 1969 1161 2020 est
1193 1967 1407 2032 Bruno,
1442 1965 1729 2020 nobilitati
1762 1964 2019 2019 testimo-

397 2050 561 2105 nium
588 2052 763 2106 etiam
795 2054 1016 2124 praebet
1044 2054 1289 2109 Ecclesia
1302 2054 1359 2108 S.
1382 2054 1569 2109 Mariae
1591 2054 2006 2123 Rothomagen-

392 2139 467 2193 sis
516 2142 715 2210 utpote
747 2139 805 2193 in
848 2140 1014 2195 titulo
1040 2158 1141 2196 suo
1189 2141 1443 2209 funebri,
1496 2142 1571 2197 ad
1616 2140 2017 2196 Corthusianes

396 2226 731 2283 Calabrinos
755 2245 909 2284 anno
931 2232 1066 2284 1102
1080 2229 1273 2297 misso,
1309 2229 1408 2301 qui
1439 2229 1592 2285 inter
1621 2229 1816 2284 titulos
1827 2228 2018 2299 hujus-

396 2314 557 2370 modi
579 2316 654 2371 ad
692 2316 950 2372 Vitarum
977 2318 1216 2386 calcem,
1263 2321 1326 2373 ut
1360 2317 1494 2386 dixi,
1528 2318 1783 2373 edendos
1822 2317 2015 2373 locum

399 2405 499 2459 146
531 2404 773 2473 obtinet,
803 2406 874 2461 de
905 2404 1114 2461 Sancto
1145 2406 1225 2463 sic
1254 2408 1497 2478 loquens
1527 2423 1542 2461 :

471 2494 643 2563 «Ipse
679 2493 788 2549 fuit
814 2494 1168 2566 sapiensﬁvir
1206 2495 1433 2563 nobilis,
1470 2494 1664 2551 indole
1701 2494 1947 2566 fulgens.
1983 2515 2011 2543 »

394 2579 507 2635 Nec
538 2583 741 2637 contra
770 2583 1018 2654 generis,
1036 2600 1067 2638 e
1095 2600 1209 2655 quo
1243 2587 1401 2639 ortus
1417 2586 1504 2638 est
1535 2581 1795 2650 Sanctus,
1816 2581 2017 2637 nobili-

392 2672 576 2725 tatem
599 2669 762 2742 argui
789 2670 998 2726 merito
1032 2674 1222 2744 potest
1258 2688 1326 2726 ex
1369 2672 1623 2726 Manasse
1662 2670 2011 2737 Simoniaco,

391 2761 522 2829 post
534 2758 861 2814 Gervasium
884 2775 1038 2813 anno
1064 2761 1197 2814 1067
1212 2758 1619 2827 vitafunctum,
1640 2759 2012 2814 Remensuim

393 2845 843 2919 archiepiscopo,
900 2846 996 2918 qui
1035 2846 1094 2901 in
1123 2847 1407 2919 Apologia
1437 2864 1561 2914 sua,
1605 2846 1820 2918 pluries
1862 2846 2015 2902 infra

2190 1788 2278 1841 31.
2313 1786 2640 1842 Distinctius
2679 1786 2853 1842 locuti
2887 1787 3067 1853 fuere,
3114 1785 3212 1859 qui
3259 1788 3392 1840 ante
3438 1784 3729 1839 Petraum

2119 1877 2177 1929 et
2202 1874 2612 1930 Winheimium
2658 1875 2926 1942 ﬂoruere,
2970 1876 3170 1929 Petrus
3212 1874 3640 1929 Blomenvenna
3672 1875 3735 1927 et

2118 1961 2442 2034 Stephanus
2453 1964 2852 2030 Brolmannus,
2868 1962 3166 2030 Ubiorum,
3188 1960 3288 2035 qui
3298 1960 3490 2017 medio
3503 1959 3733 2015 circiter

2116 2052 2322 2106 saeculo
2346 2055 2502 2106 sexto
2531 2052 2756 2107 decima
2786 2051 3000 2118 floruit,
3021 2050 3398 2123 antiquarius,
3432 2066 3467 2104 a
3493 2047 3731 2104 Gelenio

2116 2138 2175 2193 in
2203 2155 2377 2210 opere
2406 2139 2477 2194 de
2499 2139 2749 2195 Colonia:
2774 2139 3209 2211 Agrippinensis
3237 2137 3637 2210 magnitudine
3653 2136 3732 2191 ab

2116 2225 2239 2297 ipso
2278 2227 2475 2283 statim
2504 2227 2666 2282 initio
2681 2227 2932 2300 alibique
2965 2244 3082 2283 non
3104 2243 3237 2283 raro
3274 2227 3556 2294 laudatus,
3580 2241 3733 2298 quo-

2114 2332 2247 2371 rum
2279 2316 2424 2371 alter
2455 2315 2732 2371 Sanctum
2763 2333 2829 2371 ex
2859 2319 3022 2387 parte
3052 2315 3249 2389 patris,
3286 2316 3432 2370 alter
3467 2330 3536 2369 ex
3564 2316 3733 2384 parte

2116 2404 2317 2459 matris
2346 2404 2567 2459 familia
2596 2404 3098 2460 Hartefaustanum
3124 2403 3279 2459 facit.
3304 2402 3512 2459 Prioris
3531 2401 3729 2470 verba,

2116 2508 2245 2563 qua:
2269 2492 2409 2548 Vitae
2439 2493 2642 2560 sancti,
2684 2510 2719 2547 a
2749 2509 2808 2547 se
2836 2508 2955 2547 non
2989 2492 3307 2548 admodum
3343 2491 3440 2547 diu
3465 2494 3594 2562 post
3623 2507 3734 2545 an-

2115 2598 2257 2636 num
2278 2584 2411 2637 1515
2428 2580 2576 2652 typis
2597 2580 3032 2636 Coloniensibus
3050 2580 3240 2647 edite,
3261 2579 3467 2652 hicque
3483 2596 3517 2634 a
3539 2579 3729 2648 nobis,

2113 2673 2178 2724 ut
2197 2669 2326 2740 jam
2349 2686 2522 2742 supra
2537 2670 2757 2736 monui,
2792 2685 2911 2728 non
2931 2668 3298 2736 recudendae,
3322 2668 3568 2740 Prologo
3592 2683 3730 2722 mox

2115 2757 2324 2825 subdit,
2356 2758 2479 2813 haec
2491 2761 2625 2813 sunt
2652 2775 2666 2813 :
2697 2780 2725 2809 «
2752 2758 2955 2813 Beatus
2968 2756 3338 2825 Bruno,sacri
3358 2755 3731 2825 Carthusien-

2113 2844 2187 2900 sis
2218 2845 2434 2901 ordinis
2461 2846 2737 2914 initiator,
2764 2846 2999 2901 natione
3012 2845 3413 2912 Teuthonicus,
3433 2862 3500 2899 ex
3515 2842 3731 2915 insigni

390 2933 702 3001 laudanda,
726 2934 798 2988 de
828 2935 1095 2990 Brunone
1114 2934 1227 3007 (adi
1239 2935 1632 2991 Mabillonium
1644 2935 1815 2991 Musei
1835 2934 2010 2989 Italici
2041 2959 2089 3018 α
2111 2933 2336 2989 civitate
2369 2935 2626 3002 Colonia,
2661 2951 2789 3007 quae
2819 2933 3135 3006 antiquitus
3152 2932 3472 3006 Agrippina
3491 2933 3726 2987 aMarco

392 3023 540 3076 tom.
570 3023 611 3089 Ι,
638 3025 788 3092 part.
813 3039 872 3087 ιι,
900 3040 1033 3094 pag.
1075 3023 1192 3093 121)
1222 3022 1302 3077 ita
1332 3023 1621 3096 loquitur:
1647 3023 1816 3095 Cujus
1857 3024 2012 3093 (Bru-

396 3108 566 3164 nonis
596 3109 873 3181 videlicet)
897 3110 1231 3165 societatem
1264 3128 1382 3166 non
1406 3128 1761 3184 magnopere
1779 3110 2008 3165 affecta-

397 3212 546 3263 mus,
578 3200 777 3269 utpote
807 3198 877 3252 de
909 3198 1069 3269 cujus
1098 3198 1212 3253 vita
1243 3202 1301 3252 et
1320 3198 1587 3253 libertate
1604 3198 1831 3271 penitus
1851 3199 2014 3270 igno-

395 3299 620 3353 Lamus;
645 3305 675 3335 »
710 3286 845 3340 licet
873 3285 1214 3360 enimhisce
1242 3286 1447 3354 verbis,
1479 3288 1839 3358 ingenuusne
1866 3288 2014 3342 esset

396 3372 657 3440 Sanctus,
689 3373 949 3429 dubitare
978 3391 1037 3428 se
1067 3375 1347 3430 Manasses
1370 3374 1604 3442 indicet,
1641 3392 1674 3429 e
1702 3376 2013 3430 vehemen-

392 3460 611 3516 tissimo
643 3462 961 3531 dumtaxat,
988 3479 1102 3534 quo
1135 3462 1193 3517 in
1238 3464 1591 3531 Brunonem,
1623 3462 1882 3518 moribus
1900 3463 2013 3518 suis

393 3549 1340 3621 pesssimisadversum,ferebatur,
1376 3551 1506 3606 odio
1530 3550 1591 3605 id
1610 3551 1765 3606 facit.
1799 3552 2012 3615 Verum

394 3641 527 3691 sunt
552 3638 834 3706 nonnulli,
865 3639 982 3710 qui,
1017 3639 1265 3710 generis,
1305 3656 1337 3694 e
1368 3655 1483 3711 quo
1505 3642 1663 3694 ortus
1683 3643 1768 3694 est
1799 3641 2008 3707 Bruno,

391 3725 753 3780 nobilitatem
774 3727 1000 3798 penitus
1019 3727 1216 3782 rimari
1230 3727 1581 3795 conati,eum
1601 3745 1631 3782 e
1658 3727 2011 3783 nobilissima

391 3811 489 3867 illa
520 3813 844 3869 Coloniensi
874 3814 1112 3881 familia,
1147 3832 1322 3887 quam
1358 3838 1386 3865 «
1420 3815 1492 3870 de
1514 3816 1880 3871 Hartenfaust
1910 3832 2010 3871 seu

393 3900 464 3956 de
485 3902 637 3956 Duro
661 3903 861 3975 Pugno
893 3924 921 3952 »
941 3903 1142 3958 incolte
1163 3902 1494 3975 indigitant,
1527 3903 2009 3975 aliisquenobilis-

392 3987 549 4042 simis
569 3988 731 4057 item,
776 4007 916 4062 quas
945 3990 1036 4044 hic
1068 3990 1220 4045 infra
1256 3990 1583 4060 nominant,
1630 3990 1864 4045 familiis
1888 3993 2005 4045 tra-

390 4074 529 4130 here
553 4075 861 4147 originem,
892 4078 1260 4149 scripserunt.

461 4165 550 4217 30.
581 4164 695 4218 Etsi
709 4180 820 4234 res,
853 4166 933 4220 uti
966 4170 1035 4220 ex
1064 4166 1321 4221 dicendis
1356 4164 1661 4239 intelliges,
1686 4167 2006 4222 admodum

2108 3022 2383 3095 Agrippa,
2401 3040 2617 3095 genero
2634 3022 2944 3089 Octaviani,
2967 3022 3282 3089 dicebatur,
3296 3022 3367 3077 de
3392 3020 3730 3094 parentibus

2110 3112 2232 3164 tam
2278 3126 2492 3182 genere
2535 3126 2712 3182 quam
2759 3109 2966 3165 virtute
3001 3108 3165 3165 claris
3219 3108 3377 3163 duxit
3414 3107 3722 3180 originem.

2112 3198 2434 3268 Imperator
2462 3197 2675 3270 quippe
2702 3196 2978 3268 Trajanus
2995 3199 3051 3251 et
3068 3198 3300 3252 senatus
3323 3197 3725 3252 Romanorum

2113 3285 2335 3340 nobiles
2364 3285 2495 3341 illuc
2540 3286 2679 3340 olim
2728 3285 3020 3340 Romanos
3065 3301 3170 3358 pro
3208 3283 3462 3340 incolatu
3487 3283 3727 3338 civitatis

2112 3375 2395 3446 terraique
2426 3374 2682 3429 custodia
2711 3373 3073 3442 direxerant;
3099 3372 3304 3445 quibus
3328 3371 3728 3428 matrimonia-

2111 3461 2243 3517 liter
2269 3462 2435 3517 vicini
2472 3462 2691 3517 nobiles
2719 3462 3242 3533 conjungebantur.
3268 3461 3345 3515 Ex
3372 3459 3581 3533 quibus
3607 3475 3727 3515 una

2111 3549 2294 3605 tribus
2334 3550 2485 3606 dicta
2517 3550 2626 3605 fuit
2653 3552 2734 3606 De
2774 3549 3155 3621 Sapientibus,
3188 3566 3256 3604 ex
3285 3548 3562 3604 Romanis
3588 3563 3723 3604 vero

2112 3656 2227 3694 una
2258 3640 2656 3711 appellabatur
2685 3640 2755 3695 de
2786 3641 2938 3695 Duro
2971 3640 3193 3710 Pugno.
3227 3638 3309 3693 De
3337 3637 3425 3692 his
3456 3640 3612 3693 ortus
3638 3639 3725 3693 est

2110 3728 2310 3782 beatus
2341 3729 2531 3782 Bruno
2566 3744 2635 3782 ex
2662 3730 2833 3797 parte
2854 3726 3050 3797 patris.
3083 3727 3162 3781 Ex
3188 3728 3354 3798 parto
3369 3740 3504 3779 vero
3520 3723 3722 3779 matris

2109 3814 2453 3887 sanguinem
2482 3815 2653 3869 traxit
2692 3814 2761 3869 de
2789 3814 2946 3869 tribu
2972 3814 3153 3870 nobili
3200 3815 3615 3880 Romanorum,
3647 3811 3719 3867 de

2108 3904 2288 3958 Parva
2349 3902 2707 3974 Cogitatione
2755 3905 3119 3973 nuncupata,
3183 3918 3252 3958 ex
3297 3901 3541 3970 familia,
3590 3916 3720 3974 qua:

2107 3990 2482 4062 postmodum
2512 3990 2583 4046 de
2613 3990 2807 4047 Rubro
2838 3989 3065 4047 Stessen
3097 3989 3244 4045 dista
3278 3992 3382 4046 est.
3414 4010 3444 4041 »

2180 4081 2266 4134 32.
2297 4078 2632 4135 Posterioris
2676 4095 2833 4148 vero,
2867 4095 2995 4152 qum
3039 4077 3152 4147 hic,
3186 4080 3330 4134 teste
3372 4076 3716 4146 Morkensio,

2107 4166 2179 4221 de
2195 4167 2482 4223 nobilibus
2519 4167 2699 4223 sancti
2715 4166 3428 4239 natalibusinterrogatus,
3463 4165 3722 4238 reposuit

386 4250 459 4304 sit
482 4250 720 4319 incerta,
753 4252 851 4324 qui
876 4256 1075 4308 tamen
1109 4257 1167 4309 et
1194 4270 1229 4309 a
1253 4253 1458 4326 quibus
1485 4254 1766 4323 tradatur,
1801 4270 1932 4309 cum
1949 4254 2008 4309 id
2028 4260 2082 4320 D
2106 4253 2215 4310 ista
2254 4271 2268 4311 :
2316 4277 2345 4306 «
2375 4255 2637 4312 Aimilius
2678 4272 2779 4312 seu
2836 4254 3075 4327 Sapiens
3126 4254 3571 4328 cognominatus
3611 4252 3723 4309 fuit

384 4336 645 4393 futurum
690 4344 890 4412 putem
934 4358 1053 4397 non
1098 4341 1418 4413 ingratum,
1480 4342 1683 4397 lectori
1739 4343 2000 4398 exhibeo.

384 4425 675 4482 Erhardus
687 4428 993 4497 Winheim,
1014 4430 1329 4485 Corthusiaa
1364 4430 1811 4503 Herbipolitanae
1824 4432 2004 4486 alum-

385 4529 514 4581 nus,
546 4513 607 4568 in
624 4531 798 4587 opere
818 4532 941 4583 suo,
967 4516 1123 4587 quod
1143 4538 1171 4567 «
1188 4515 1515 4571 Sacrarium
1545 4517 1998 4590 Agrippinense»

381 4599 685 4674 inscripsit,
713 4620 984 4676 annoque
1029 4606 1163 4660 1607
1193 4604 1341 4678 typis
1362 4604 1794 4661 Coloniensibus
1808 4608 2001 4679 vulga-

379 4689 478 4758 vit,
509 4707 644 4763 pag.
678 4694 783 4747 212
811 4693 893 4747 ita
916 4691 1143 4748 scribit:
1182 4715 1212 4744 ι(
1237 4693 1327 4748 Ad
1358 4693 1711 4750 initiatorem
1752 4695 2001 4767 (Ordinis

380 4776 813 4850 Carthusiensis)
856 4778 1032 4851 igitur
1061 4780 1218 4852 quod
1259 4780 1486 4849 attinet,
1535 4780 1592 4837 S.
1642 4782 1995 4852 Brunbnem,

378 4865 539 4922 duxit
565 4866 612 4921 is
654 4866 943 4939 originem
969 4884 1039 4923 ex
1065 4868 1244 4924 nobili
1293 4870 1562 4941 prosapia
1608 4871 1992 4941 Hartenfaust,

377 4971 495 5011 una
524 4973 556 5010 e
587 4954 917 5029 quindecim
950 4956 1225 5012 Romanis
1255 4974 1360 5029 per
1374 4957 1431 5013 S.
1452 4960 1772 5014 Maternum
1791 4965 1848 5015 et
1864 4961 1998 5016 Tra-

366 5042 578 5114 janum
608 5044 1022 5117 imperatorem
1060 5044 1120 5099 in
1160 5045 1317 5100 urbis
1356 5046 1731 5117 (Coloniensis
1759 5048 1989 5120 scilicet)

370 5130 705 5204 praesidium
720 5132 901 5189 ductis
929 5131 1182 5201 familiis,
1207 5135 1705 5205 quemadmodum
1744 5140 1994 5206 quatuor

370 5235 610 5275 suorum
639 5220 1058 5291 gentLitiorum
1079 5239 1244 5277 arma
1264 5239 1332 5277 ex
1361 5222 1641 5277 Chronico
1665 5223 1989 5279 Coloniensi

365 5308 671 5363 testantur.
705 5327 733 5357 »
754 5308 1046 5365 Teodorus
1077 5312 1348 5378 Petraeus,
1385 5310 1655 5367 Cartusia:
1681 5311 1984 5365 Colonien-

2107 4342 2164 4398 S.
2180 4344 2369 4399 Bruno
2378 4384 2403 4412 μ
2416 4360 2484 4399 ex
2501 4344 2732 4400 xolonia
2750 4342 3159 4416 Agrippinensi
3189 4342 3465 4398 oriundus
3476 4359 3544 4397 ex
3555 4344 3718 4413 patre

2104 4431 2176 4487 de
2204 4432 2425 4489 familia
2448 4432 3011 4489 Romana-Francica
3061 4435 3118 4487 et
3147 4430 3389 4503 patricia
3409 4430 3641 4485 Aimilia
3660 4431 3720 4485 et

2103 4518 2443 4592 Sapientum
2475 4521 2744 4592 (Vonden
2773 4519 3026 4592 Weisen)
3057 4535 3186 4591 qua;
3218 4518 3425 4573 tradux
3459 4520 3519 4574 et
3550 4533 3721 4573 causa

2101 4608 2465 4681 cognominis
2488 4612 2603 4678 est;
2620 4626 2685 4665 ac
2715 4612 2966 4665 matrem
2995 4606 3196 4663 habuit
3210 4605 3512 4677 patriciam
3529 4622 3597 4661 ex
3608 4605 3721 4689 Ca-

2100 4700 2306 4752 tonum
2343 4697 2583 4765 familia,
2617 4714 2745 4769 qute
2777 4696 3079 4753 vernacqu
3122 4693 3393 4750 Francico
3438 4694 3717 4751 idiomate

2103 4785 2350 4857 (Vonder
2377 4785 2759 4857 Hartenfaust)
2812 4786 2883 4840 de
2930 4787 3085 4840 Duro
3133 4784 3336 4855 Pugno
3364 4786 3567 4839 vocata
3610 4784 3715 4851 est,

2099 4890 2232 4929 cum
2263 4877 2410 4929 esset
2441 4874 2723 4929 Catonum
2747 4873 2851 4928 sub
2889 4871 3361 4940 Ubio-Romanis;
3380 4870 3567 4926 aviam
3584 4886 3719 4926 ma-

2097 4964 2327 5018 ternam
2375 4979 2441 5017 ex
2488 4960 2711 5032 patricii
2742 4959 3106 5015 Aimiliorum
3156 4959 3415 5030 (Vonden
3451 4957 3718 5030 Cleinge-

2098 5049 2381 5121 dancken)
2415 5051 2486 5106 de
2517 5047 3079 5120 Parva-Cogitatione
3114 5048 3379 5125 Francis;
3414 5044 3712 5118 proaviam

2097 5154 2164 5192 ex
2204 5138 2374 5209 hujus
2403 5137 2657 5210 quadam
2686 5136 2921 5191 traduce
2949 5136 3170 5191 familia
3198 5137 3270 5192 de
3292 5132 3714 5190 Rubea-Stessa

2094 5225 2343 5295 (Vonder
2373 5226 2560 5281 Roder
2580 5224 2863 5296 -Stessen.)
2899 5224 3042 5280 Cum
3072 5224 3300 5296 longius
3329 5222 3713 5278 descendisset

2092 5313 2266 5380 linea,
2297 5314 2673 5369 matrimonia
2691 5316 2987 5369 contracta
2999 5316 3152 5381 sunt,
3176 5316 3233 5366 et
3253 5329 3320 5366 ex
3344 5311 3453 5366 hac
3471 5309 3711 5383 quidam

362 5394 440 5451 eis
483 5397 770 5465 alumnus,
815 5396 874 5451 in
931 5397 1044 5452 suis
1098 5399 1171 5453 ad
1223 5398 1547 5455 Chronicon
1586 5398 1985 5454 Carthusiense
2088 5417 2263 5473 eques
2291 5401 2538 5474 egregiis
2563 5401 2914 5458 facinoribus
2933 5402 2993 5457 in
3020 5399 3294 5457 Cruciada
3312 5415 3522 5471 regum
3553 5397 3708 5453 dono

365 5482 520 5542 Petri
546 5485 840 5555 DorIandi,
868 5485 1025 5558 quod
1045 5502 1078 5540 e
1099 5488 1355 5545 tenebris
1379 5487 1528 5544 eruit
1544 5486 1806 5560 typisque
1827 5504 1982 5557 anno
2082 5489 2269 5563 capite
2281 5489 2564 5564 Ethiopis
2583 5493 2859 5549 coronato
2890 5492 3119 5549 scutum
3133 5488 3392 5545 auxerat.
3416 5506 3448 5539 ››
3480 5487 3568 5543 Ita
3584 5484 3710 5541 Blo-
