4122 6058
244 232 307 287 25
622 240 625 243 -
1817 212 1998 269 ACTA
3492 222 3560 278 '26

243 363 574 407 menvenna
606 349 664 404 et
698 346 1102 414 Brolmannus,
1130 360 1379 419 quorum
1409 343 1553 398 alter
1579 343 1858 414 praeterea
1879 343 1935 401 A
1956 341 2169 399 Rerum
2195 345 2463 414 civilium,
2487 366 2630 420 quos
2662 349 3176 405 Brolmannus.Res
3199 346 3566 403 Colonienses

240 442 506 495 sanctum
539 454 608 492 ex
637 439 798 509 parte
832 434 1032 491 matris
1055 422 1407 499 Stessenum,
1433 433 1577 487 alter
1601 448 1667 485 ex
1695 432 1856 504 parte

238 527 417 602 patris
440 526 816 583 Aimilianum
838 524 993 591 facit;
1020 542 1095 579 an
1118 523 1317 578 omnia
1336 524 1531 576 autem
1555 524 1612 575 et
1630 520 1858 590 singula

239 617 417 688 (quod
442 614 617 671 absit!
642 617 703 668 ut
725 612 945 687 putem)
964 616 1089 668 tum
1110 611 1467 678 Brolmanni,
1482 614 1608 665 tum
1628 608 1852 675 Petraei,

239 706 688 761 Blomenvennze
709 706 764 757 et
786 701 1107 757 Wieheimii
1128 706 1361 767 asserta,
1375 699 1559 756 verbis
1572 701 1698 773 jam
1718 697 1857 753 reci-

236 794 369 849 tatis
390 794 630 857 inclusa,
643 791 867 847 veritati
902 794 1241 857 consonent,
1266 792 1597 848 examinare
1622 790 1712 845 hic
1737 806 1853 844 non

236 883 401 938 lubet
434 883 535 938 sed
566 884 815 949 tantum,
854 898 928 935 an
968 884 1195 937 sanctus
1216 899 1281 936 ex
1308 880 1694 946 nobilissimis,
1728 895 1855 950 quae

237 971 428 1025 verbis
455 970 706 1026 recitatis
744 970 1145 1037 nominantur,
1172 969 1424 1037 familiis,
1459 986 1523 1024 ac
1571 967 1857 1042 praecipue

239 1073 314 1115 an
360 1075 428 1113 ex
479 1058 938 1125 Hartefaustana,
985 1057 1076 1113 cui
1113 1075 1247 1113 eum
1278 1057 1583 1130 scriptores
1614 1060 1860 1129 quatuor

238 1145 460 1201 laudati
480 1146 741 1202 unanimi
758 1163 1039 1204 consensu
1060 1144 1684 1213 attribuunt,oriundus
1703 1146 1857 1199 recte

243 1238 551 1290 asseratur.

312 1326 406 1378 33.
438 1324 519 1378 Ac
554 1323 808 1379 Petraeus
837 1324 1093 1397 quidem,
1123 1327 1179 1380 et
1201 1322 1597 1387 Winheimius,
1634 1322 1858 1377 nullum

241 1400 438 1484 plane,
454 1427 590 1485 quo,
604 1412 1074 1468 Hatefaustanam
1089 1412 1265 1468 sancti
1284 1411 1570 1485 originem
1588 1410 1854 1483 probent,

244 1502 695 1554 monumentum
713 1500 1287 1573 antiquumlaudant,
1316 1499 1531 1554 nedum
1567 1498 1859 1553 adducunt

240 1587 301 1642 in
332 1587 616 1643 medium.
656 1588 769 1643 Nec
804 1589 1008 1644 melius
1045 1588 1238 1644 ﬁrmat
1258 1589 1709 1655 Blomenvenna,
1731 1605 1857 1660 quas

1955 431 2262 499 illustrans,
2314 438 2722 509 composuerit,
2758 437 2910 511 apud
2934 434 3318 493 Morkensium
3344 433 3566 489 laudari

1957 522 2133 577 etiam
2172 524 2431 593 invenio;
2477 543 2654 597 quare
2686 542 2819 581 cum
2863 526 2921 580 in
2959 524 3133 591 hisce,
3167 522 3388 596 generi,
3412 520 3568 595 quod

1958 611 2167 668 Sancto
2189 613 2772 686 attribuit,probando
2791 612 3229 669 accommodata
3253 611 3447 666 forsan
3467 611 3568 666 abs

1954 702 2052 757 illo
2079 703 2427 775 suppeditari
2450 708 2738 776 putarem,
2758 721 2862 759 nec
2878 708 3077 759 tamen
3106 698 3568 758 Gemmantarios

1956 791 2100 857 illos,
2138 793 2219 846 uti
2246 811 2351 849 nec
2372 793 2627 866 antiqua,
2660 798 2721 848 ut
2742 795 2867 867 jam
2894 791 3077 858 innui,
3106 791 3333 858 domus,
3369 788 3566 844 adRu-

1957 880 2127 936 beam
2153 881 2402 938 Stessam
2442 882 2627 951 dictae,
2659 883 3060 947 monumenta,
3089 897 3158 935 ex
3182 879 3407 951 quibus,
3438 894 3566 950 qua:

1960 968 2031 1024 de
2058 970 2236 1024 sancti
2277 987 2490 1042 genere
2541 972 2923 1027 Brolmannus
2976 968 3172 1037 tradit,
3224 984 3424 1023 eruere
3474 965 3567 1020 hic

1960 1058 2230 1131 potuerit,
2290 1060 2405 1114 ulla
2454 1059 2679 1115 ratione
2714 1076 2966 1126 nossem,
2998 1057 3296 1115 Coloniam
3350 1055 3568 1110 litteras

1961 1147 2112 1217 dedi,
2162 1147 2365 1220 quibus
2401 1150 2472 1204 ab
2514 1148 2833 1221 Augustino
2858 1147 3247 1213 Aldenbruck,
3273 1142 3569 1200 Societatis

1960 1240 2169 1292 nostrae
2196 1236 2509 1305 sacerdote,
2539 1236 2696 1309 petii,
2732 1240 2812 1305 ut,
2846 1236 2889 1291 si
2918 1235 3074 1309 quid,
3108 1234 3264 1307 quod
3286 1232 3358 1288 ad
3374 1233 3571 1287 Harte-

1958 1325 2285 1381 faustanum
2326 1325 2547 1380 aliudve
2588 1325 2767 1379 sancti
2822 1341 3002 1397 genus
3048 1320 3568 1378 demonstrandum

1958 1415 2324 1481 conduceret,
2364 1415 2450 1469 vel
2492 1414 2561 1468 de
2601 1413 2998 1469 monumentis
3024 1412 3151 1479 illis,
3182 1412 3270 1465 vel
3307 1410 3377 1464 de
3410 1410 3568 1463 Brol-

1959 1520 2178 1558 manno
2199 1503 2533 1575 scriptisque
2560 1503 2632 1558 ab
2669 1519 2736 1558 eo
2775 1499 3237 1566 Commentariis,
3268 1499 3356 1553 vel
3391 1497 3567 1553 etiam

1959 1591 2029 1647 de
2058 1591 2277 1647 familia
2300 1592 2617 1659 familiisve,
2659 1609 2725 1646 ex
2767 1591 2971 1664 quibus
3010 1588 3248 1645 Sanctus
3294 1585 3570 1643 oriundus

245 1674 316 1729 de
360 1675 802 1732 Hartefaustano
848 1675 1029 1732 sancti
1059 1694 1126 1731 ex
1152 1680 1315 1749 parte
1352 1675 1548 1749 patris,
1592 1675 1857 1731 Stesseno
1881 1673 1932 1731 B
1958 1680 2030 1735 ab
2077 1681 2186 1736 hoc
2232 1679 2507 1752 scriptore
2554 1678 2844 1747 asseritur,
2896 1680 3260 1752 compertum
3304 1675 3566 1741 haberet,

243 1778 379 1818 vero
423 1781 493 1818 ex
518 1766 684 1837 parte
717 1764 918 1820 matris
946 1768 1074 1821 ortu
1115 1764 1414 1821 memoria:
1446 1764 1657 1838 prodit.
1695 1763 1859 1829 Quod

245 1856 441 1907 autem
466 1852 541 1908 ad
568 1853 988 1909 Brolmannum
1014 1855 1284 1928 pertinet,
1317 1871 1385 1909 ea
1420 1852 1654 1926 quidem
1680 1853 1855 1921 hunc,

245 1958 372 2015 qua:
410 1942 486 1996 de
531 1943 683 1998 santi
714 1960 927 2015 genere
953 1944 1190 2016 profert,
1225 1960 1254 1997 e
1282 1943 1507 2009 domus,
1536 1961 1569 1998 a
1602 1943 1855 2011 Gelenio,

245 2031 314 2085 de
353 2030 610 2087 Coloniae
640 2032 1074 2107 Agrippinensis
1105 2032 1494 2104 Magnitudine
1530 2030 1861 2105 lib.m,syn-

243 2122 503 2199 tagmate
543 2122 609 2176 19
647 2124 1007 2189 memoratae,
1054 2138 1181 2195 quae
1209 2121 1282 2176 ad
1311 2122 1569 2177 Rubeam
1609 2121 1859 2178 Stessam

245 2206 472 2275 dicitur,
524 2226 787 2281 quaeque,
837 2209 992 2281 quod
1044 2209 1103 2265 in
1151 2227 1219 2265 ea
1258 2210 1498 2266 Sanctus
1524 2210 1860 2284 progenitus

243 2295 483 2364 feratur,
498 2313 723 2354 sacram
747 2298 868 2370 ejus
884 2297 1414 2371 imaginem,portze
1437 2299 1690 2367 afﬁxam,
1720 2315 1862 2372 prae-

241 2384 372 2452 fert,
426 2386 827 2441 monumentis
871 2386 1118 2460 antiquis
1162 2388 1392 2457 eruisse,
1419 2388 1770 2443 Morkensius
1800 2387 1859 2442 in

244 2490 375 2541 ms.,
405 2491 586 2546 quam
607 2474 733 2546 jam
766 2492 940 2548 supra
954 2476 1196 2545 laudavi,
1230 2476 1862 2550 Chronologico-diplo-

244 2561 459 2617 matica
477 2562 550 2618 de
573 2562 630 2618 S.
651 2565 921 2620 Brunone
943 2564 1198 2621 Diatriba
1219 2566 1492 2635 afﬁrmat;
1509 2583 1708 2621 verum
1731 2583 1859 2640 quae

243 2650 507 2722 qualiave
542 2650 665 2706 haec
690 2652 824 2721 sint,
857 2670 977 2710 non
999 2653 1187 2709 edicit.
1216 2654 1450 2710 Ad'hzec
1475 2654 1721 2727 ipsemet
1740 2654 1862 2727 qui-

243 2737 382 2793 dem
410 2738 816 2809 Brolmannus,
833 2757 967 2813 quo,
985 2742 1141 2814 quod
1164 2741 1372 2797 Sancto
1394 2742 1861 2813 attribuit,genus

241 2826 477 2898 probet,
494 2825 649 2900 apud
676 2827 1062 2885 Morkensium
1090 2829 1319 2886 scribit:
1353 2830 1551 2886 «More
1578 2829 1861 2886 nobilium

241 2913 671 2971 Germanorum
724 2917 925 2975 habuit
971 2916 1249 2991 (videlicet
1278 2918 1334 2973 S.
1372 2919 1584 2992 Bruno)
1616 2922 1863 2993 quatuor

239 3000 517 3075 insignia,
563 3004 768 3077 quibus
810 3004 1026 3061 illustre
1051 3023 1234 3079 genus
1264 3024 1431 3062 suum
1461 3007 1857 3081 familiamque

242 3091 586 3146 ostenderet
600 3109 665 3147 ac
693 3097 1111 3165 propugnaret,
1145 3098 1194 3150 1.
1223 3096 1302 3149 De
1324 3094 1691 3166 Sapientibus
1719 3096 1859 3168 (Von

245 3178 360 3235 den
394 3180 643 3251 Weisen)
687 3181 785 3254 qui
813 3182 1143 3237 habuerunt
1183 3185 1492 3239 caeruleum
1536 3185 1769 3240 leonem
1800 3184 1861 3239 in

244 3267 500 3323 candido
522 3286 727 3342 campo
758 3269 1095 3339 salientem;
1128 3274 1181 3327 2.
1206 3273 1286 3327 De
1317 3273 1469 3328 Duro
1496 3273 1696 3345 Pugno
1720 3272 1862 3345 ('Von

246 3355 352 3411 der
382 3357 730 3430 Hartefaust)
763 3356 859 3430 qui
890 3361 1114 3414 scutum
1139 3359 1336 3415 album
1359 3362 1712 3417 ornaverunt
1726 3360 1865 3417 duo-

243 3442 351 3499 bus
369 3444 624 3502 brachiis
648 3446 841 3502 rubeis
861 3450 919 3501 et
941 3448 1288 3516 cancellatis,
1319 3465 1499 3504 manu
1529 3449 1588 3504 in
1620 3449 1863 3504 modum

245 3533 431 3607 pugni
460 3537 775 3603 cantracta,
799 3535 958 3608 quasi
979 3536 1053 3590 ad
1076 3537 1322 3604 luctam;
1353 3538 1403 3591 3.
1438 3537 1520 3592 De
1549 3536 1865 3593 Parva-Co-

248 3622 535 3694 gitatione
547 3624 613 3696 (V
613 3640 691 3679 on
710 3625 822 3679 den
842 3623 1394 3697 Kleingedancken),
1411 3625 1618 3698 quibus
1633 3627 1866 3698 clypens

250 3715 378 3767 erat
394 3712 606 3767 rubens
626 3729 759 3768 cum
774 3712 1131 3781 niveatrabe,
1146 3716 1411 3769 contorta
1430 3730 1535 3786 per
1553 3714 1861 3787 ambages;

247 3800 304 3856 4.
337 3801 423 3855 De
448 3801 868 3857 Rubea-Stessa
899 3803 1039 3875 (Von
1072 3803 1175 3857 der
1204 3802 1693 3876 Roder—Stessen),
1728 3821 1866 3876 quo-

246 3904 386 3944 rum
418 3890 648 3962 clypeus
678 3889 736 3946 in
772 3907 979 3964 campo
1008 3893 1187 3947 rubeo
1219 3892 1472 3946 habebat
1504 3892 1644 3947 duas
1669 3893 1865 3947 trabes

248 3980 573 4046 contortas,
594 3980 653 4033 et
668 3978 804 4036 hinc
818 3978 955 4035 inde
987 3980 1101 4035 duo
1130 3979 1463 4052 Ethiopum
1494 3978 1683 4052 capita
1698 3996 1863 4036 coro-

250 4069 413 4121 nata.
445 4088 475 4115 η

322 4156 416 4209 34.
447 4154 659 4211 Verum
692 4156 975 4230 gentilitia
1004 4156 1273 4230 insignia,
1291 4174 1418 4232 quae
1446 4156 1539 4213 hic
1566 4157 1866 4213 Brolman-

1956 1768 2357 1841 indagandove
2386 1769 2606 1842 assequi
2632 1772 2839 1842 posset,
2870 1771 3059 1824 totum
3092 1766 3151 1821 id
3194 1764 3268 1820 ad
3308 1780 3402 1820 me
3440 1761 3572 1818 scri-

1957 1860 2095 1915 bere
2126 1857 2482 1930 dignaretur.

2012 1950 2118 2003 ‘35.
2160 1949 2239 2001 Ac
2276 1945 2539 2021 petitioni
2591 1945 2852 2019 apprime
2878 1961 3015 2001 sane
3055 1940 3324 1999 satisfecit
3363 1940 3466 2007 vir,
3500 1938 3570 1994 de

1956 2037 2143 2092 Museo
2180 2037 2376 2090 nostro
2410 2034 2628 2107 optime
2659 2034 2915 2100 meritus,
2955 2032 3101 2089 datis
3124 2032 3278 2086 hunc
3303 2028 3363 2085 in
3391 2028 3571 2083 ﬁnem

1960 2123 2033 2181 ad
2060 2141 2166 2179 nos
2193 2123 2413 2178 duabus
2447 2122 2718 2195 epistolis,
2751 2122 2810 2178 in
2838 2137 3083 2194 quarum
3110 2120 3297 2193 prima
3322 2117 3392 2172 de
3420 2115 3576 2171 Brol-

1959 2230 2179 2269 manno
2196 2211 2430 2286 quidem
2463 2212 2799 2285 scriptisque
2826 2211 2899 2266 ab
2928 2227 2996 2266 eo
3025 2205 3468 2265 Commentariis
3495 2204 3576 2260 ita

1958 2301 2248 2375 loquitur:
2282 2323 2310 2354 ‹‹
2328 2302 2596 2373 Magnam
2623 2300 2669 2355 is
2700 2316 2939 2373 operam
2967 2297 3027 2354 in
3051 2295 3387 2369 colligendis
3417 2292 3576 2349 urbis

1962 2388 2337 2464 (Coloniensis
2352 2389 2651 2460 nimirum)
2685 2384 3338 2458 monumentisantiquis
3363 2381 3571 2456 posuit,

1959 2481 2059 2536 sed
2108 2478 2249 2534 nihil
2301 2496 2369 2534 ex
2420 2478 2486 2534 iis
2538 2477 2749 2552 publici
2793 2477 2938 2549 juris
2968 2477 3182 2531 factum
3214 2476 3425 2548 prater
3450 2470 3577 2545 Epi-

1961 2568 2212 2641 deigma,
2263 2567 2566 2624 continens
2590 2567 2830 2623 tabellas
2872 2565 3117 2621 diversas
3146 2563 3246 2618 teri
3272 2560 3477 2618 incisas
3519 2561 3578 2614 et

1960 2658 2305 2715 Praefatione
2345 2661 2443 2713 aut
2472 2656 2844 2728 dedicatione
2871 2655 2931 2711 in
2961 2671 3157 2710 aversa
3182 2654 3345 2727 parte
3375 2647 3575 2705 inscri-

1961 2751 2107 2822 ptas.
2126 2746 2395 2819 Ejusdem
2414 2763 2611 2802 rerum
2634 2745 2879 2801 civilium
2899 2740 3311 2801 Commentarii
3329 2757 3463 2796 mss.
3478 2736 3578 2794 ubi

1960 2836 2197 2904 lateant,
2220 2835 2422 2909 Superi
2446 2835 2672 2891 norint:
2693 2832 3037 2890 crediderim
3051 2849 3159 2905 ego
3182 2831 3333 2886 inter
3359 2827 3575 2885 amicos

1889 2960 1939 3019 Ο
1963 2928 2020 2981 et
2046 2924 2306 3019 haeredes
2333 2924 2553 3019 abejus
2593 2923 2752 3019 obitu
2798 2922 3024 3019 divisos,
3060 2938 3277 3019 meque
3304 2922 3435 3018 aute
3464 2933 3576 3018 xum

1968 3012 2373 3070 annoslibrum
2390 3012 2537 3068 illius
2555 3011 2832 3085 primum,
2848 3010 2946 3085 qui
2968 3011 3039 3065 de
3060 3010 3336 3065 Ubiorom
3354 3006 3576 3078 origine

1961 3104 2020 3158 et
2046 3100 2295 3175 antiquis
2326 3100 2575 3168 sedibus,
2608 3100 2764 3173 apud
2795 3102 2857 3155 P.
2888 3097 3339 3154 Hartzheimium
3386 3098 3448 3150 P.
3504 3095 3575 3150 M.

1960 3189 2192 3258 vidisse;
2226 3209 2255 3239 »
2298 3189 2369 3244 de
2403 3204 2619 3261 genere
2650 3204 2783 3243 vero
2825 3205 2924 3243 seu
2949 3184 3201 3252 familiis,
3254 3201 3321 3239 ex
3372 3182 3579 3256 quibus

1963 3276 2203 3334 Sanctus
2261 3276 2550 3350 originem
2600 3275 2838 3332 traxisse
2889 3275 3157 3342 traditur,
3199 3273 3278 3328 sic
3333 3270 3574 3327 scribit:

1967 3388 1996 3416 ‹‹
2027 3366 2193 3432 Quod
2223 3365 2299 3421 ad
2325 3366 2694 3438 splendorem
2714 3364 2943 3438 generis
2960 3364 3016 3419 S.
3038 3362 3324 3419 Brunonis
3340 3361 3580 3417 demon-

1963 3456 2265 3511 strandum
2285 3453 2476 3523 faciat,
2492 3454 2633 3509 nihil
2658 3453 2811 3509 aliud
2827 3456 3287 3526 superest,quam
3310 3451 3578 3505 constans

1960 3542 2196 3600 traditio
2213 3547 2271 3598 et
2282 3543 2438 3599 fama
2448 3541 3204 3615 publica.Certum-quidem
3220 3537 3582 3607 est,familias

1962 3632 2088 3688 illas
2118 3629 2173 3704 (a
2203 3632 2555 3687 Brolmanno
2588 3646 2763 3702 supra
2783 3629 3158 3700 memoratas)
3201 3626 3294 3683 hic
3327 3624 3578 3682 Coloniae

1963 3719 2243 3787 ﬂoruisse,
2266 3722 2439 3790 prout
2459 3719 2712 3790 plurima
2736 3720 3021 3774 testantur
3040 3718 3582 3786 monumenta,qum

1960 3806 2022 3862 in
2049 3806 2218 3862 variis
2234 3805 2450 3862 aedibus
2476 3809 2601 3860 tum
2622 3804 2814 3872 sacris,
2832 3809 2959 3859 tum
2979 3803 3238 3876 profanis
3258 3802 3582 3857 etiamnum

1962 3894 2197 3952 visenda
2211 3897 2515 3967 supersunt
2542 3909 2655 3948 una
2680 3908 2813 3947 cum
2836 3892 3055 3948 eisdem
3080 3890 3253 3948 scutis
3266 3906 3332 3945 ac
3353 3887 3585 3944 tesseris

1963 3982 2279 4057 geutilitiis,
2318 3999 2445 4055 quae
2474 3981 2851 4048 Morkensius,
2884 3980 3293 4048 Brolmannus,
3317 3977 3583 4034 Gelenius

1964 4071 2278 4126 adducunt.
2298 4071 2371 4125 At
2393 4070 2551 4125 nullo
2565 4071 2653 4124 sat
2672 4068 2842 4123 ﬁrmo
2872 4068 3220 4123 documento
3235 4068 3449 4140 praeter
3467 4068 3583 4120 tra-

1965 4158 2246 4214 ditionem
2277 4158 2615 4229 praadictam
2637 4160 3100 4212 commonstrare
3121 4156 3233 4211 huc
3251 4172 3429 4228 usque
3454 4170 3581 4227 pos-

250 4258 360 4297 nus
378 4247 939 4318 memorat,quaaque
951 4263 1066 4302 una
1081 4245 1674 4318 cumsanctiimagine
1687 4246 1864 4302 etiam
1889 4249 1943 4308 D
1963 4265 2091 4303 sum
2122 4265 2188 4303 ex
2212 4247 2418 4302 iisdem
2432 4246 2667 4301 familiis
2690 4248 2884 4301 ortum
2905 4244 3077 4299 fuisse
3099 4243 3156 4299 S.
3182 4246 3534 4299 Brunonem.
3554 4263 3582 4292 »

246 4329 398 4398 Vita,
432 4349 468 4386 a
495 4332 924 4389 Blomenvenna
953 4335 1275 4406 conscripta
1306 4351 1597 4407 penesque
1624 4353 1719 4391 me
1741 4352 1863 4390 exs-

252 4421 402 4488 tans,
444 4421 519 4476 ad
550 4422 764 4477 calcem
796 4424 1044 4491 exhibet,
1070 4422 1306 4497 propria
1323 4423 1494 4480 fuisse
1512 4424 1569 4480 S.
1588 4424 1862 4493 Brunoni,

251 4524 353 4564 seu
384 4508 435 4565 ei
467 4509 543 4565 ob
574 4527 776 4582 genus,
810 4528 879 4566 ex
909 4527 1022 4583 quo
1055 4515 1213 4567 ortus
1256 4515 1426 4580 esset,
1480 4512 1861 4585 competiisse,

251 4598 411 4653 nulla
426 4599 658 4655 ratione
677 4599 1002 4656 verosimile
1022 4604 1283 4672 apparet.
1309 4600 1535 4656 Etenim
1556 4601 1861 4674 gentilitia,

252 4685 446 4759 qualia
476 4690 767 4744 memorat
787 4689 1191 4755 Brolmannus,
1225 4705 1492 4761 nuncque
1510 4688 1569 4744 in
1586 4707 1691 4744 usu
1710 4693 1863 4759 sunt,

249 4773 502 4848 insignia
520 4777 647 4831 tum
663 4775 940 4848 primum,
960 4793 1092 4831 cum
1111 4774 1435 4844 Christiani,
1455 4777 1610 4849 quod
1627 4778 1865 4834 demum

249 4863 357 4920 sub
396 4862 580 4919 ﬁnem
624 4864 935 4933 undecimi,
980 4881 1046 4919 ac
1103 4864 1266 4920 initio
1318 4864 1645 4920 duodecimi
1678 4866 1866 4939 saeculi

251 4952 491 5020 factum,
522 4952 742 5008 bellum
774 4969 1003 5008 sacrum
1034 4951 1093 5007 in
1123 4952 1355 5009 Oriente
1376 4955 1578 5008 contra
1607 4954 1869 5009 inﬁdeles

253 5056 574 5114 suscepere,
606 5043 743 5095 sunt
762 5042 987 5110 oborta,
1005 5044 1070 5095 ut
1088 5040 1425 5097 Muratorius
1448 5043 1590 5096 tom.
1616 5042 1683 5095 IV
1706 5042 1870 5098 Anti-

251 5129 542 5202 quitatum
567 5128 746 5184 Italia;
776 5132 885 5185 col.
915 5131 1018 5184 689
1045 5133 1105 5185 et
1135 5146 1255 5202 seq.
1281 5146 1312 5185 e
1341 5128 1510 5185 variis
1541 5129 1869 5187 auctoribus

250 5221 406 5274 recte
436 5217 641 5287 docet;
698 5218 889 5273 Bruno
942 5220 1157 5285 autem,
1201 5217 1283 5273 uti
1330 5234 1405 5284 ex,
1424 5218 1582 5273 infra
1614 5218 1870 5273 dicendis

250 5309 525 5382 patescat,
549 5306 713 5362 omni
735 5305 910 5362 dubio
933 5306 1130 5378 procul
1151 5309 1286 5361 ante
1302 5312 1520 5364 annum
1546 5308 1682 5362 1050
1702 5310 1872 5365 natus

252 5397 428 5464 est,nt
444 5395 612 5467 proin
629 5393 963 5467 huiusmodi
979 5392 1227 5468 insignia
1245 5410 1352 5449 nec
1372 5394 1708 5465 parentibus
1725 5394 1869 5468 ejus,

253 5499 359 5551 nec
388 5482 624 5556 ipsimet
648 5480 1078 5560 competierint.
1108 5481 1185 5542 At
1220 5497 1357 5541 vero
1405 5481 1874 5545 Commentarios

2036 4338 2124 4391 36.
2146 4335 2309 4400 Quod
2329 4351 2502 4407 porro
2526 4334 2598 4389 ad
2622 4333 2915 4400 domus,in
2934 4349 3048 4405 qua
3063 4332 3304 4388 Sanctus
3328 4330 3584 4387 Coloniae

1961 4424 2294 4497 Agrippinae
2328 4426 2496 4478 natus
2541 4422 2745 4490 fertur,
2789 4424 3178 4477 monumenta
3226 4421 3485 4493 antiqua,
3521 4436 3589 4477 ex

1965 4514 2327 4586 quibus,quaa
2346 4512 2415 4567 de
2434 4510 2717 4566 Brunonis
2743 4526 2959 4582 genere
2979 4510 3175 4576 tradit,
3201 4510 3587 4566 Brolmannus

1963 4602 2241 4671 hauserit,
2269 4602 2395 4673 jam
2426 4598 2702 4673 pertinet,
2724 4617 2756 4651 «
2787 4600 3061 4666 Domum,
3090 4599 3298 4671 inquit,
3326 4615 3454 4671 quae
3475 4597 3589 4670 pri-

1966 4690 2076 4746 mis
2100 4707 2238 4746 eum
2257 4689 2675 4761 (S.Brunonem
2692 4686 2993 4759 nimirum)
3016 4686 3176 4742 cunis
3198 4687 3437 4760 excepit,
3453 4689 3588 4743 ante

1968 4778 2088 4834 dies
2120 4777 2341 4850 aliquot
2372 4777 2562 4832 denuo
2591 4774 2704 4831 adii
2730 4792 2745 4843 ;
2780 4778 2839 4830 at
2867 4778 3125 4831 veterem
3151 4775 3316 4831 illam
3348 4777 3407 4829 et
3434 4772 3586 4829 anti-

1969 4867 2229 4938 quissimi
2262 4866 2471 4940 operis,
2509 4881 2685 4938 quam
2717 4863 3052 4920 adolescens
3067 4881 3237 4935 saepe,
3261 4861 3469 4919 deinde
3492 4859 3586 4916 hic

1965 4957 2077 5015 loci
2092 4953 2376 5030 politioris
2392 4953 2731 5010 litteraturae
2746 4952 3021 5026 magister
3041 4952 3250 5007 iterum
3273 4950 3585 5022 perlustra-

1968 5061 2187 5113 veram,
2207 5044 2420 5099 frustra
2445 5042 2504 5098 in
2538 5042 2823 5098 moderns
2839 5041 2912 5097 ad
2937 5040 3127 5096 saeculi
3153 5038 3323 5109 hujus
3344 5035 3588 5110 genium

1969 5133 2136 5189 annis
2183 5130 2394 5187 abhinc
2453 5130 2674 5203 aliquot
2723 5128 3043 5202 composita
3088 5124 3378 5198 requisivi.
3429 5144 3459 5174 »
3508 5125 3593 5179 Ae

1970 5221 2199 5287 deinde,
2231 5218 2587 5291 interpositis
2617 5216 2927 5285 nonnullis,
2962 5230 3112 5285 quae,
3144 5231 3279 5270 cum
3313 5213 3383 5269 de
3403 5210 3598 5282 gloria

1970 5308 2152 5363 sancti
2164 5308 2476 5381 posthuma
2486 5305 2745 5362 tractabo
2754 5346 2766 5370 ,
2775 5303 3155 5376 opportunius
3169 5298 3598 5364 describentur,

1972 5396 2134 5453 Hunc
2157 5380 2219 5452 in
2238 5392 2484 5453 modum
2506 5389 2873 5468 prosequitur
2891 5408 2906 5447 :
2924 5411 2954 5441 ‹‹
2974 5391 3023 5444 Α
3042 5390 3247 5463 quibus
3264 5387 3518 5468 (domus,
3532 5380 3615 5435 in

1976 5502 2094 5560 qua
2125 5484 2365 5547 Sanctus
2394 5467 2564 5541 natus
2594 5480 2820 5554 dicitur,
2839 5477 3094 5541 dominis
3113 5495 3179 5539 ac
3202 5467 3527 5550 inquilinis)
3546 5469 3638 5522 et
