4122 6058
426 300 489 351 27
1276 296 1333 349 8.
1367 290 1710 349 BRUNONIS
1757 290 2385 347 CARTHUSIANORUM
2430 289 2899 347 lNSTITUTORlS
3683 295 3752 349 28

421 416 1124 489 fenestrisantiquisnovze
1148 420 1463 474 substitutzr
1487 422 1851 489 sunt,parum
1870 418 2030 487 pensi
2056 423 2107 480 Α
2148 416 2372 471 circiter
2407 434 2693 471 annorum
2734 417 2978 484 videtur,
3020 421 3188 472 aetate
3232 416 3402 472 fuisse
3433 418 3751 488 superiora,

419 509 631 563 habitis
660 508 829 563 scutis
853 511 911 560 et
930 507 1414 578 inscriptionibus,
1449 525 1576 580 quae
1600 507 1656 561 in
1681 506 1949 577 antiquis,
1973 508 2035 559 ut

425 598 616 652 nullus
641 596 1118 664 dubito,licuisset
1138 596 1411 668 reperire.
1439 598 1623 668 Cupra
1655 598 1885 666 portam
1909 594 2032 647 visi-

424 689 519 739 tur
565 684 621 739 S.
674 686 881 751 Bruno,
939 688 997 738 et
1046 684 1105 738 in
1150 686 1407 739 tabulato
1453 684 1743 755 superiore
1793 682 2036 736 cubiculi

429 773 603 845 (quod
617 774 827 828 scilicet
843 774 1168 827 Brunonem
1186 772 1533 826 inhabitasse
1550 772 1717 826 volun
1728 772 1765 842 t)
1782 771 2036 824 cernitur

426 862 584 923 idem
617 862 875 927 Sanctus,
909 861 1078 915 scutis
1104 864 1352 932 quatuor
1395 860 1523 931 (illis
1570 860 1850 923 videlicet,
1908 876 2034 931 qum

428 950 811 1005 Brolmannus
826 966 997 1021 supra
1021 950 1327 1019 memorat)
1344 948 1869 1003 circumdatus.Sed
1894 963 2036 1017 opus

426 1038 566 1092 illud
598 1039 873 1092 ducentos
904 1042 960 1092 et
981 1038 1402 1109 quinquaginta
1428 1054 1612 1092 annos
1642 1040 1810 1091 {etate
1832 1054 1931 1089 sua
1951 1035 2034 1089 vix

426 1144 561 1181 reor
593 1127 884 1181 excedere.
921 1148 947 1175 »
985 1128 1049 1180 Et
1080 1130 1328 1198 quatuor
1348 1126 1603 1197 quidem,
1625 1126 1777 1197 quod
1810 1125 1898 1178 hic
1917 1140 2038 1177 mo-

428 1215 711 1282 nendum,
746 1218 903 1268 scuta
932 1215 1030 1268 illa
1059 1232 1089 1267 e
1125 1216 1554 1269 Blomenvenna
1569 1218 1667 1267 aut
1691 1212 2034 1273 Morkensio,

430 1304 580 1375 apud
613 1321 755 1375 quos
776 1306 1018 1370 exstant,
1039 1303 1138 1357 reri
1172 1303 1348 1356 incisa
1369 1302 1565 1356 lectori
1583 1299 2036 1355 exhibiturusliic

428 1389 683 1457 fuissem,
719 1391 762 1443 si
790 1408 820 1444 e
855 1391 1106 1457 familiis,
1143 1408 1387 1462 quarum
1425 1394 1575 1456 sunt,
1609 1406 1790 1460 genus
1830 1388 2036 1442 ducere

432 1477 489 1532 S.
524 1479 877 1546 Brunonem,
916 1481 1031 1534 ulla
1069 1480 1295 1534 ratione
1327 1478 1870 1533 constaret.Verum
1912 1493 2037 1530 rem

431 1583 590 1621 secus
611 1568 847 1635 habere,
868 1586 934 1622 ex
963 1567 1221 1622 dicendis
1248 1567 1434 1638 magis
1447 1567 1746 1638 magisque
1764 1567 2034 1636 patescet.

537 1662 588 1711 7.
651 1657 939 1711 Laudatus
994 1657 1344 1729 Augustinus
1402 1656 1775 1710 Aldenbruck
1854 1653 2039 1708 verbis

427 1745 688 1814 proxime
714 1746 969 1800 recitatis
996 1747 1172 1799 etiam
1204 1746 1520 1816 adjecerat,
1572 1761 1712 1811 sese,
1756 1760 1868 1815 quo
1923 1760 2041 1796 cer-

2137 507 2291 558 nullo
2312 507 2505 575 plane,
2525 509 2806 576 quantum
2826 506 2962 569 scio,
2979 510 3324 578 argumento
3346 509 3534 578 potest
3552 507 3757 578 proba-

2135 593 2212 659 ri;
2237 597 2295 646 ut
2326 594 2697 665 proinde,etsi
2718 594 2893 648 etiam
2912 594 3134 662 iisdem,
3160 595 3313 667 quod
3334 597 3532 650 tamen
3564 595 3754 649 neuti-

2137 698 2311 752 quam
2346 686 2589 747 constat,
2625 682 2936 737 clarissime
2969 684 3469 738 llartefaustanam
3499 683 3759 738 Aimilia-

2138 786 2341 824 namve
2385 769 2575 824 Sancti
2618 770 2903 842 originem
2938 771 3109 826 fuisse
3139 788 3465 843 expressam
3497 772 3757 840 daretur,

2136 862 2291 912 certa
2313 863 2511 913 tamen
2541 859 2662 914 haec
2678 864 3072 931 propterea,ut
3101 860 3486 915 consideranti
3512 862 3754 933 patebit,

2138 946 2378 1001 minime
2399 948 2687 1015 evaderet,
2706 949 2890 1012 Quare
2904 965 3032 1003 cum
3049 965 3153 1003 nec
3175 967 3242 1004 ex
3264 949 3523 1021 publicis,
3544 949 3622 1003 uti
3638 950 3760 1004 lau-

2139 1035 2304 1088 datus
2316 1036 2685 1090 Aldenhruck
2705 1054 2864 1091 num.
2886 1038 3234 1109 praecedenti
3253 1038 3488 1105 indicat,
3513 1036 3759 1092 civitatis

2140 1124 2490 1178 Coloniensis
2506 1126 2929 1191 tabulariis,nec
2948 1144 3011 1180 ex
3031 1126 3333 1198 aliis,qu0d
3352 1127 3549 1195 sciam,
3577 1126 3759 1181 obviis

2140 1216 2290 1266 notia
2312 1214 2662 1267 auctoritatis
2684 1215 2981 1287 mtatisque
3015 1216 3407 1270 monumentis
3430 1217 3544 1270 ullo
3578 1215 3757 1270 modo

2138 1301 2533 1363 conﬁrmetur,
2576 1306 2770 1369 restat,
2814 1307 2876 1358 ut
2919 1303 2976 1357 in
3023 1305 3143 1358 solo
3193 1321 3353 1358 num.
3397 1307 3462 1359 35
3506 1304 3761 1374 allegata

2140 1390 2369 1460 publica
2396 1390 2553 1444 fama
2581 1392 2982 1463 constantique
3007 1391 3316 1447 traditione
3330 1392 3759 1457 sitfundata,ac

2146 1479 2317 1550 proin
2339 1482 2399 1532 ut
2422 1480 2590 1550 plane
2608 1479 2677 1533 sit
2705 1479 2942 1547 incerta,
2978 1497 3110 1534 cum
3131 1480 3392 1546 traditio,
3437 1497 3549 1552 que
3594 1478 3756 1534 testi-

2139 1566 2395 1621 moniisa
2410 1585 2491 1632 re,
2518 1567 2666 1621 circa
2698 1585 2874 1639 quam
2886 1573 3161 1636 versatur,
3183 1569 3357 1624 trium
3378 1568 3759 1625 utminimum

2139 1658 2475 1710 schulorum
2505 1657 2689 1728 spatio
2711 1659 2969 1725 remotis,
2990 1658 3287 1713 dumtaxat
3306 1658 3556 1725 fulcitur,
3576 1657 3757 1713 ﬁdem

2142 1742 2546 1810 indubitatam,
2589 1744 2669 1798 uti
2709 1761 2775 1798 ex
2795 1762 2853 1799 se
2877 1749 3052 1816 patet,
3103 1746 3289 1800 facere
3308 1745 3634 1817 nonpossit,
3670 1750 3758 1801 ta-

428 1830 578 1887 tiora
621 1834 695 1887 ad
745 1851 838 1887 me
872 1834 1225 1904 perscribere
1275 1836 1486 1905 posset,
1535 1835 1868 1886 curaturum
1898 1848 2040 1903 prze—
2065 1805 2114 1862 Β
2140 1831 2320 1902 lisque
2339 1833 2428 1899 sit,
2460 1833 2539 1887 uti
2571 1851 2637 1886 ex
2655 1833 2781 1903 jam
2819 1833 3203 1905 dictisliquet,
3225 1834 3653 1890 Coloniensium
3686 1835 3759 1890 de

427 1921 607 1987 terea,
650 1924 731 1985 ut,
780 1938 853 1975 an
901 1921 1240 1993 quidquam,
1295 1921 1473 1976 nobili
1523 1921 1579 1975 S.
1616 1920 1905 1974 Brunonis
1938 1936 2035 1989 ge-

427 2008 583 2063 neris
637 2009 969 2063 deﬁniendo
1027 2013 1249 2080 aptum,
1300 2010 1359 2063 in
1413 2009 1708 2063 tabulariis
1776 2007 2036 2078 publicis,

431 2113 557 2166 quae
622 2097 871 2151 Coloniae
934 2098 1025 2152 die
1076 2097 1324 2166 schrein,
1386 2098 1595 2153 scrinia
1651 2099 2035 2169 appellantur,

429 2180 686 2236 fortassis
736 2181 1110 2249 inveniretur,
1144 2184 1216 2237 ab
1248 2184 1466 2251 amicis,
1503 2184 1709 2255 quibus
1755 2200 1843 2250 ea,
1907 2184 2040 2237 data

431 2271 750 2338 occasione,
766 2272 1081 2343 aperienda
1101 2276 1327 2327 scrutan
1338 2273 1523 2344 daque
1540 2271 2042 2343 sperabat,certi0r

429 2358 791 2427 redderetur;
810 2377 939 2414 cum
964 2363 1157 2414 autem
1177 2360 1232 2414 id
1260 2360 1710 2425 factumfuisset,
1730 2359 2039 2413 secundam

431 2462 462 2500 e
476 2447 696 2501 duabus
710 2464 884 2518 supra
901 2448 1065 2503 dictis
1085 2448 1311 2518 scripsit
1341 2448 1666 2519 epistolam,
1682 2448 1837 2502 hisce
1869 2448 2043 2502 maxi-

430 2550 529 2588 ma
540 2550 605 2588 ex
626 2537 794 2605 parte
816 2535 1001 2589 verbis
1019 2539 1359 2607 conceptam
1386 2553 1399 2590 :
1425 2535 1761 2590 Amicorum
1778 2552 1884 2607 ope
1904 2553 2040 2589 con-

428 2625 654 2676 secutus
668 2627 898 2689 sum,ut
921 2623 979 2677 in
1002 2623 1304 2694 prmeipuis
1329 2623 1386 2677 id
1412 2627 1595 2695 genus
1624 2624 1771 2695 (quae
1803 2622 2040 2677 colonia:

429 2710 644 2765 scilicet
669 2712 761 2767 die
782 2711 1028 2779 schrein,
1063 2712 1271 2767 scrinia
1309 2712 1610 2783 vocantur)
1637 2709 1932 2765 tabulariis
1952 2725 2041 2763 ve-

427 2798 695 2855 tustiores
754 2800 967 2854 chartae
1021 2817 1244 2868 omnes,
1303 2816 1428 2871 quae
1483 2801 1560 2853 De
1630 2797 2040 2852 Rubea-Stessa

429 2886 701 2957 agebant,
720 2889 1082 2959 perlustratze
1107 2889 1304 2943 sedulo
1320 2888 1533 2943 fuerint
1560 2891 1729 2958 atque
1758 2903 2035 2953 excussze;

424 2976 526 3031 sed
549 2977 689 3032 nihil
705 2978 853 3032 exiis
882 2977 1003 3032 erui
1021 2976 1175 3031 aliud
1198 2977 1404 3049 potuit,
1431 2993 1605 3048 quam
1638 2977 1710 3030 ab
1742 2976 1907 3031 annis
1923 2993 2039 3030 sex-

425 3064 607 3119 centis
640 3068 698 3120 et
742 3067 987 3137 amplius
1014 3066 1315 3137 principum
1347 3065 1663 3121 nobilitatis
1683 3065 1892 3121 urbicae
1924 3065 2035 3118 duo

423 3150 597 3206 fuisse
629 3155 960 3219 stemmata,
981 3171 1227 3226 quorum
1260 3172 1443 3209 unum
1468 3154 1705 3209 nomine
1729 3154 2032 3217 Alborum,

425 3239 671 3294 alterum
705 3241 1003 3296 Ruﬁ'orum
1025 3242 1365 3314 insignitum
1383 3243 1573 3298 fuerit.
1594 3243 1805 3296 Verum
1825 3242 2037 3295 frustra

424 3326 579 3383 hisce
610 3345 641 3383 e
668 3330 878 3384 chartis
901 3330 1120 3386 familia
1151 3335 1208 3386 et
1244 3331 1409 3385 liberi
1458 3334 1754 3402 petuntur,
1782 3329 1927 3399 {cum
1976 3330 2034 3384 in

425 3416 836 3489 antiquissimis
867 3420 989 3474 sola
1033 3420 1544 3491 deprehendantur
1574 3418 1815 3474 nomina
1867 3420 2037 3473 Albo-

421 3521 554 3560 rum
584 3522 686 3561 seu
716 3507 785 3561 de
815 3508 971 3562 Albis
997 3512 1054 3562 et
1084 3508 1403 3575 Rufforum,
1433 3507 2033 3579 sequiorideindeaavo

423 3592 687 3648 additum
716 3595 957 3649 subinde
995 3596 1318 3669 reperiatur
1376 3597 1543 3651 unius
1589 3596 1887 3653 alteriusve
1936 3596 2035 3651 ﬁlii

422 3698 641 3738 nomen
669 3682 728 3736 in
754 3684 905 3737 hunc
925 3684 1045 3738 fere
1068 3685 1653 3740 dumtaxatmodum:
1678 3684 1933 3757 Superne
1955 3687 2035 3740 De

423 3771 601 3842 albis;
633 3772 783 3827 infra
811 3772 1064 3845 Hilliger,
1084 3778 1217 3842 etc.,
1262 3774 1383 3829 ﬁlii.
1429 3775 1505 3828 Ex
1549 3774 1753 3846 quibus
1769 3773 1827 3829 id
1855 3792 2035 3829 unum

423 3861 630 3917 conﬁci
656 3861 1001 3930 existimem,
1037 3863 1092 3917 S.
1125 3864 1455 3918 Brunonem
1498 3880 1532 3917 a
1578 3866 1819 3935 parente
1851 3863 2038 3935 potius

424 3967 644 4005 nomen
676 3949 746 4004 de
771 3950 946 4017 Albis,
997 3952 1119 4005 Von
1170 3951 1281 4005 den
1316 3951 1561 4018 Weisen,
1619 3967 1795 4021 quam
1848 3949 2040 4004 Emili

425 4042 526 4094 aut
551 4037 853 4112 Sapientis,
882 4042 1054 4111 prout
1068 4039 1449 4095 Brolmannus
1462 4057 1527 4094 ex
1540 4038 1874 4095 recensione
1893 4038 2037 4095 Mor-

422 4125 608 4183 keusii
639 4126 875 4193 censuit,
907 4131 1004 4182 aut
1034 4129 1223 4200 potius
1253 4131 1589 4200 auguratur,
1622 4127 1874 4182 traxisse.
1900 4148 1928 4176 »

500 4216 801 4287 38.Atque
829 4215 952 4270 hinc
1004 4219 1160 4285 sunt,
1194 4234 1321 4290 quae
1371 4217 1634 4272 laudatus
1689 4215 2041 4287 Augustinus

425 4303 799 4359 Aldenbruck
826 4304 900 4359 ad
929 4305 1187 4377 quaesita,
1230 4322 1264 4360 a
1297 4306 1463 4361 nobis
1489 4305 1595 4360 sibi
1629 4304 1923 4376 proposita
1954 4322 2042 4359 su-

2141 1920 2580 1975 Hartefaustana
2619 1922 2993 1977 Aimilianave
3023 1922 3216 1977 Sancti
3239 1923 3461 1994 origine
3502 1922 3757 1979 traditio.

2214 2012 2299 2064 39.
2325 2011 2436 2063 Nec
2457 2014 2743 2075 est,curex
2763 2010 2994 2064 Gelenio
3017 2011 3086 2065 de
3110 2011 3364 2065 Colontm
3377 2011 3762 2082 Agrippinen-

2144 2098 2218 2151 sis
2234 2098 2625 2168 Magnitudine
2643 2098 2739 2153 lib.
2762 2116 2842 2165 in,
2859 2101 3222 2170 syntagmate
3244 2099 3307 2152 l9
3329 2100 3386 2152 et
3401 2098 3756 2152 Brolmanno

2141 2185 2293 2258 apud
2331 2186 2718 2241 Morkensium
2744 2204 3026 2257 opponas,
3069 2187 3333 2253 domum,
3378 2203 3505 2257 quis
3542 2186 3615 2240 ad
3650 2186 3763 2239 Ru-

2147 2274 2314 2327 bcam
2349 2274 2598 2329 Stessam
2629 2276 2915 2347 hodieque
2939 2274 3321 2342 dicitur,adS.
3355 2273 3762 2346 Brunonis,qui

2141 2365 2200 2416 et
2254 2362 2309 2417 in
2342 2380 2409 2417 ea
2433 2367 2601 2417 natus
2646 2363 2737 2431 sit,
2767 2367 3036 2434 parentes
3087 2362 3446 2433 pertinuisse,
3484 2379 3549 2416 ac
3588 2362 3758 2433 proin

2140 2451 2349 2505 horum
2418 2453 2623 2505 saltem
2652 2452 2898 2506 alterum
2952 2469 2983 2506 e
3026 2450 3244 2505 familia
3296 2449 3757 2515 Hartefaustana,

2143 2537 2428 2592 Stessana:
2444 2539 2788 2611 cognatione
2794 2539 2921 2609 jam
2941 2542 3065 2593 tum
3080 2538 3412 2609 conjuncta,
3431 2536 3708 2591 exstitisse
3742 2555 3756 2604 ;

2140 2631 2529 2699 prmterquam
2581 2627 2737 2681 enim
2769 2628 2925 2699 quod
2954 2626 3091 2681 illud
3121 2627 3243 2681 sola
3266 2626 3598 2693 traditione,
3627 2642 3760 2696 quae

2141 2733 2275 2771 mox
2325 2717 2476 2771 dicta
2526 2720 2797 2789 praestare
2850 2733 2966 2771 non
3007 2716 3254 2783 videtur,
3301 2715 3599 2781 innitatur,
3634 2713 3756 2785 qui,

2139 2805 2899 2877 quaaso,probabis,domum
2915 2804 3074 2859 illam
3100 2804 3277 2876 (quod
3292 2807 3514 2870 tamen,
3534 2806 3597 2856 ut
3622 2801 3758 2856 inde

2139 2893 2455 2964 quidquam
2483 2891 3102 2964 cliciatur,requiritur)
3128 2895 3225 2946 aut
3245 2891 3757 2961 fuisse,antequam

2138 2981 2211 3036 ad
2240 2980 2431 3035 Sancti
2466 2984 2735 3052 parentes
2752 2980 3087 3053 pertineret,
3124 2996 3158 3034 a
3178 2977 3477 3045 Stessanis,
3502 2995 3533 3031 a
3551 2976 3758 3048 quibus

2067 3095 2113 3152 ρ
2138 3073 2195 3124 et
2222 3086 2437 3125 nomen
2467 3072 2601 3124 tunc
2629 3070 2935 3141 acceperit,
2954 3085 3291 3141 possessam,
3321 3072 3437 3134 aut,
3459 3068 3503 3121 si
3533 3082 3755 3138 posses-

2136 3174 2200 3211 sa
2228 3159 2301 3212 ab
2328 3157 2480 3211 hisce
2499 3157 2626 3227 jam
2648 3161 2770 3211 tum
2786 3157 2975 3223 fuerit,
3003 3156 3077 3211 ad
3096 3155 3287 3211 Sancti
3313 3157 3585 3227 parentes
3613 3169 3752 3224 cog-

2136 3243 2407 3310 nationis,
2426 3261 2552 3316 quae
2580 3245 2683 3299 hos
2711 3244 2865 3298 inter
2896 3247 2953 3298 et
2988 3243 3113 3299 illos
3142 3242 3548 3309 intercederet,
3583 3257 3755 3295 causa

2136 3332 2426 3389 transiisse
2446 3332 2473 3386 ?
2497 3332 2583 3386 Ad
2629 3333 2751 3387 haec
2782 3332 3018 3397 Gelenii,
3052 3332 3149 3404 qui
3201 3331 3412 3386 similia
3444 3328 3754 3384 credidisse

2137 3424 2348 3494 potest,
2378 3420 2705 3486 auctoritas,
2739 3423 2802 3475 ut
2829 3420 3032 3474 eadem
3056 3419 3278 3492 pariter
3298 3419 3555 3484 credam,
3576 3414 3753 3470 mini-

2137 3526 2232 3564 me
2264 3508 2506 3576 sufﬁcit;
2535 3509 2625 3563 hic
2653 3508 2809 3563 enim
2830 3508 3093 3579 scriptor,
3123 3508 3277 3579 quod
3309 3507 3481 3563 etiam
3519 3507 3661 3573 fere,
3688 3509 3756 3560 ut

2136 3598 2314 3653 modo
2372 3596 2651 3667 intelligo,
2711 3596 2781 3651 de
2835 3597 3186 3651 Brolmanno
3221 3595 3551 3663 dicendum,
3590 3610 3748 3666 quae-

2137 3703 2384 3758 cumque
2420 3686 2493 3739 ad
2526 3685 2679 3739 Ubiae
2730 3684 2919 3755 gentis
2964 3675 3429 3756 magnitudinem
3468 3683 3748 3752 facerent,

2144 3776 2492 3848 promiscue,
2523 3775 2682 3828 nullo
2717 3773 3065 3839 discrimine,
3095 3773 3319 3828 delectu
3348 3773 3505 3827 nullo
3530 3772 3749 3840 habito,

2139 3861 2439 3917 corrasisse
2494 3861 2867 3932 dignoscitur.
2908 3861 3185 3916 Omnibus
3224 3860 3416 3933 itaque
3486 3861 3752 3915 accurate

2146 3949 2466 4022 perpensis,
2516 3949 3059 4003 Hartefaustanusne
3088 3948 3308 4004 familia
3363 3947 3622 4016 Sanctus,
3650 3964 3751 4003 seu

2139 4039 2349 4110 potius,
2379 4041 2442 4091 ut
2466 4036 2793 4108 generatim
2814 4038 3036 4109 loquar,
3067 4054 3181 4109 quo
3211 4037 3596 4092 determinato
3626 4036 3755 4090 illu-

2138 4128 2238 4182 stri
2271 4142 2485 4198 genere
2515 4128 2682 4180 natus
2725 4126 2815 4191 sit,
2846 4126 3260 4193 deﬁcientibus,
3294 4126 3499 4197 quibus
3534 4124 3595 4179 id
3622 4127 3747 4179 tuto

2140 4214 2480 4285 assignetur,
2517 4213 2912 4267 monumentis
2939 4213 3188 4285 antiquis
3225 4212 3471 4283 satisque
3504 4212 3749 4279 idoneis,

2140 4303 2309 4375 plane
2342 4305 2426 4355 est
2457 4300 2729 4369 dubium;
2756 4304 2817 4355 ut
2833 4301 3028 4355 Surius
3056 4318 3193 4355 sane
3216 4301 3273 4354 in
3307 4300 3426 4371 ejus
3441 4300 3583 4365 Vita,
3617 4316 3753 4353 con-

425 4408 646 4466 praque
672 4410 954 4465 expressa,
988 4392 1307 4465 rescripsit;
1333 4411 1398 4448 ex
1427 4394 1533 4448 illis
1564 4397 1758 4448 autem
1782 4410 1884 4464 pro
1906 4393 2040 4448 Ilar-
2065 4385 2117 4445 D
2139 4392 2230 4444 tra
2259 4407 2322 4444 ac
2354 4408 2387 4445 a
2414 4390 2864 4456 Blomenvenna,
2893 4406 2923 4443 e
2947 4406 3059 4460 quo
3086 4390 3253 4456 hanc,
3285 4391 3345 4441 ut
3365 4388 3602 4454 dictum,
3622 4402 3753 4457 par-

426 4480 1130 4537 tefaustanaAimilianave
1148 4481 1339 4537 Sancti
1354 4480 1576 4553 origine
1599 4479 2041 4535 determinanda

428 4566 570 4624 nihil
599 4569 836 4624 omnino
859 4573 1049 4640 potest
1061 4568 1203 4625 erui.
1233 4569 1427 4624 Primo
1445 4569 1624 4637 enim,
1639 4586 1769 4625 cum
1789 4569 2037 4640 quoloco

430 4655 607 4713 modo
641 4658 854 4711 Rerum
870 4658 1121 4713 civilium
1156 4657 1595 4726 Commentarii,
1630 4675 1663 4712 a
1688 4658 2037 4712 Brolmanno

430 4745 647 4818 scripti,
662 4746 898 4814 lateant,
918 4763 1065 4802 sesse
1079 4746 1369 4816 ignorare,
1391 4764 1553 4801 num.
1575 4748 1639 4801 35
1654 4745 2038 4819 prodat,sitne

432 4833 491 4890 in
513 4834 599 4903 iis,
635 4835 789 4889 unde
817 4836 909 4892 hic
954 4838 1153 4890 auctor
1178 4838 1458 4890 assertum
1495 4852 1529 4890 a
1552 4853 1610 4890 se
1639 4834 1830 4890 Sancti
1858 4852 2040 4906 genus

431 4924 803 4998 probet,quid
820 4924 1301 4994 comprehensum
1311 4923 1675 4995 ,relinquitur
1686 4941 1847 4995 aeque
1860 4941 1923 4978 ac
1936 4940 2038 4977 an-

431 5018 491 5069 te
513 5015 799 5069 incertum
827 5032 842 5083 ;
875 5013 1030 5085 quod
1048 5014 1245 5068 autem
1278 5012 1350 5066 ad
1370 5016 1528 5067 scuta
1548 5016 1605 5067 et
1620 5012 2038 5083 inscriptiones,

432 5101 492 5156 in
507 5103 755 5173 antiquis
767 5103 972 5157 domus
1000 5100 1300 5168 Stessanae,
1318 5118 1445 5173 quae
1469 5100 1525 5155 S.
1554 5101 1806 5157 Brunoni
1836 5100 2042 5155 natalis

436 5188 791 5261 perhibetur,
840 5187 1103 5242 fenestris
1133 5204 1396 5259 expressa
1435 5188 1708 5260 pertinet,
1740 5189 1945 5243 sazeulo
1973 5203 2043 5242 ea

438 5275 639 5347 quinto
668 5276 912 5341 decima,
927 5277 1025 5329 aut
1043 5276 1217 5330 etiam
1230 5274 1646 5348 ipsaimagine,
1683 5294 1809 5349 qum
1827 5277 1883 5331 S.
1910 5278 2044 5330 Bru-

438 5379 652 5421 nonem
663 5367 929 5436 ,quatuor
944 5365 1112 5420 scutis
1124 5365 1439 5437 gentilitiis,
1455 5383 1489 5420 a
1504 5366 1855 5420 Brolmanno
1872 5382 2045 5437 supra

438 5452 1319 5522 enumeratis,circumdatum,in
1329 5454 1607 5527 superiori
1621 5454 2045 5526 cubiculi,quod

439 5539 679 5597 Sanctus
714 5542 1068 5614 inhabitarit,
1090 5545 1349 5601 tabulato
1378 5547 1775 5616 repraesentat,
1803 5559 2047 5616 quaeque

436 5627 555 5702 (adi
563 5630 824 5703 num.36)
837 5630 1222 5697 ducentorum
1235 5631 1537 5692 dumtaxat
1548 5634 1607 5691 et
1619 5631 1847 5706 quinqn
1856 5629 2058 5702 aginta

2138 4478 2245 4532 tim
2271 4478 2613 4548 composuit,
2664 4477 2786 4531 ﬁeri
2830 4477 3078 4543 videbat,
3132 4493 3165 4530 a
3209 4475 3537 4530 deﬁnienda
3570 4472 3751 4528 nobili

2141 4566 2333 4621 Sancti
2361 4565 2582 4636 origine
2608 4566 2930 4637 prudenter
2977 4563 3334 4630 abstinuerit,
3372 4579 3619 4635 cumque
3646 4578 3748 4633 pa-

2138 4659 2332 4710 rentes
2360 4653 2621 4707 habuisse
2649 4657 2705 4707 et
2737 4669 2950 4725 genere
2981 4656 3038 4706 et
3056 4652 3260 4707 virtute
3291 4654 3494 4720 claros,
3529 4665 3691 4705 num.
3720 4652 3741 4703 l

2145 4743 2446 4798 dumtaxat
2477 4741 2785 4812 scripserit.
2806 4742 3297 4795 Blomenvennam
3346 4739 3744 4805 nihilominus,

2141 4848 2314 4904 quam
2349 4830 2578 4885 Surium
2611 4829 3003 4884 Ferdinandus
3027 4828 3291 4901 princeps
3328 4829 3541 4883 elector
3584 4827 3750 4882 Colo-

2140 4919 2477 4987 niensis,seu
2492 4918 2680 4989 potius
2691 4917 2786 4989 qui
2804 4918 2998 4971 datam
3010 4917 3178 4988 hujus
3191 4916 3428 4972 nomine
3445 4932 3597 4970 anno
3615 4916 3752 4970 1624

2121 5009 2215 5064 .ad
2246 5010 2466 5063 clerum
2490 5005 2891 5062 Coloniensem
2909 5004 2978 5059 de
3000 5005 3347 5060 celebranda
3375 5003 3431 5058 S.
3467 5002 3751 5058 Brunonis

2140 5097 2445 5152 festivitate
2484 5096 2787 5168 epistolam
2826 5092 3194 5165 encyclicam,
3230 5109 3406 5165 quam
3458 5092 3751 5163 integram

2142 5185 2343 5242 Gloriae
2362 5185 2682 5257 posthumm
2715 5183 2992 5250 intexam,
3016 5182 3312 5255 scripsere,
3341 5179 3499 5251 sequi
3528 5181 3750 5235 malue-

2142 5279 2298 5342 runt,
2323 5274 2474 5328 hisce
2490 5272 2549 5325 hi
2579 5289 2647 5326 ea
2665 5271 2849 5325 verbis
2879 5270 2964 5325 usi
2990 5288 3003 5326 :
3043 5294 3069 5321 ‹‹
3093 5270 3331 5327 Sanctus
3360 5270 3570 5337 Bruno,
3592 5285 3755 5340 mag-

2144 5382 2286 5420 num
2312 5361 2570 5417 Ecclesiae
2622 5361 2790 5415 decus
2842 5362 2899 5415 et
2953 5363 3384 5426 ornamentum,
3419 5358 3552 5412 civis
3583 5358 3749 5414 Colo-

2145 5452 2374 5520 niensis,
2411 5449 2659 5506 Coloniae
2690 5450 2867 5507 nobili
2882 5449 3247 5506 Hartenfaust
3275 5447 3494 5503 familia
3513 5450 3680 5504 natus
3695 5451 3754 5503 et

2145 5542 2435 5597 educatus.
2461 5559 2490 5590 ››
2509 5538 2724 5595 Verum
2751 5538 2813 5595 hi
2846 5542 3021 5596 tantae
3046 5536 3417 5606 auctoritatis,
3450 5536 3532 5591 uti
3558 5550 3662 5609 per
3690 5544 3751 5592 Se

2143 5629 2344 5704 liquet,
2372 5645 2493 5687 esse
2513 5645 2631 5687 non
2660 5631 2918 5702 possunt,
2943 5630 3008 5686 ut
3033 5625 3125 5688 hic
3155 5623 3429 5690 audiendi
3450 5623 3584 5687 sint.
