3996 6012
303 313 373 364 ΞΩ
1896 306 1942 359 Α

2045 306 2077 359 A
3570 302 3637 354 30

370 432 467 497 40.
507 432 681 487 Idem
729 429 905 486 etiam
956 430 1025 486 de
1056 429 1378 486 Hieracensi
1418 430 1611 500 (fuerit
1647 430 1741 485 hic
1782 430 1937 485 haud
1960 435 2016 494 Α
2039 430 2192 486 inter
2233 431 2487 486 edendos
2518 429 2813 502 trigesimo
2843 428 3116 493 secundo,
3162 424 3350 480 Bruno
3380 440 3639 496 expresse

302 521 505 586 dubie,
540 521 633 575 uti
665 538 728 575 ex
760 520 999 592 Ughello
1043 522 1189 574 tom.
1226 521 1289 573 1X
1321 520 1495 573 Italia
1523 520 1707 574 Sacra
1746 519 1816 573 de
1847 518 1939 590 epi
2043 518 2280 574 Gallicus
2310 523 2565 587 vocatur,
2617 521 2797 574 altero
2845 519 3052 581 Gallus,
3088 515 3278 581 fuisse,
3320 516 3406 567 sat
3445 515 3643 583 aperte

297 609 491 680 scopis
506 608 950 663 Hieracensibus
976 608 1203 679 colligo,
1225 608 1591 674 Octavianus;
1625 624 1778 662 anno
1805 611 1931 661 1591
2041 607 2317 663 innuitur.
2347 610 2528 674 Prior,
2564 608 2659 680 qui
2693 607 2941 661 ecclesia
2974 605 3029 659 8.
3057 602 3247 660 Maria
3280 599 3643 665 Carnotensis

299 697 419 751 vita
440 696 710 769 functus)
746 697 1010 768 episcopo
1038 696 1369 763 dicendum,
1404 696 1520 768 qui,
1556 699 1618 749 ut
1648 695 1941 761 Severusa
2040 697 2388 752 scholarium
2421 702 2527 761 est,
2564 697 2639 750 sic
2670 697 2878 751 habet:

298 785 554 856 Neapoli
581 785 738 857 apud
773 784 1083 839 Surianum
1120 784 1176 839 in
1207 785 1489 840 illustrata
1522 772 1714 839 sancti
1758 783 1939 839 nostri
2112 785 2287 851 Quam
2307 785 2499 839 Phoebe
2528 785 2745 847 Pluebo,
2775 802 2935 856 quam
2969 789 3153 838 catera
3183 781 3357 835 sidera
3381 780 3537 841 luna,

300 874 431 927 Vita
460 890 611 944 pag.
637 875 702 929 86
723 876 986 941 testatur,
1011 873 1071 927 in
1098 874 1336 928 collecto
1363 890 1396 927 a
1418 890 1540 927 sese
1566 872 1942 943 archiepisco-
2115 875 2251 928 Tam
2283 882 2419 929 totus
2452 874 2679 928 mundus
2709 874 2848 927 adsit
2879 874 2994 935 tibi,
3029 870 3231 926 Gallice
3262 870 3487 932 Bruno;

303 978 523 1033 porum
556 960 975 1033 Rhegiensium
1003 960 1062 1015 in
1095 961 1356 1016 Calabria
1374 961 1669 1033 Catalogo,
1694 961 1781 1014 cui
1813 963 1941 1032 post
2042 962 2329 1017 Posterior
2351 980 2508 1027 vero,
2528 963 2622 1035 qui
2646 961 2824 1016 sancti
2841 959 3087 1015 Gervasii
3107 958 3335 1013 Falesia
3359 957 3415 1011 in
3439 955 3648 1009 North-

304 1050 690 1120 Arnulphum
719 1048 776 1103 8.
806 1050 1016 1116 Bruno,
1052 1052 1331 1121 tanquam
1362 1050 1574 1104 electus
1599 1049 1812 1104 ecclsia
1832 1049 1938 1102 hu-

298 1138 394 1209 jus
423 1140 669 1209 prasul,
692 1137 986 1204 inseritur,
1014 1137 1185 1192 fuisse
1219 1138 1368 1192 hunc
1394 1154 1424 1192 e
1456 1137 1676 1192 familia
1705 1137 1944 1191 Alcuina

307 1244 407 1280 seu
442 1226 831 1280 Alchanirina
877 1230 1102 1293 natum,
1158 1227 1456 1281 memoria
1490 1226 1700 1297 prodit.
1729 1226 1945 1289 Quibus

310 1315 470 1369 enim
485 1332 518 1368 e
536 1313 939 1369 monumentis
956 1314 1296 1385 Catalogum
1324 1314 1489 1368 illum
1521 1314 1752 1386 collegit
1775 1314 1945 1368 Octa-

309 1402 562 1457 vianus?
593 1405 683 1457 An
714 1420 781 1457 ex
811 1401 1100 1474 antiquis?
1139 1402 1201 1457 Id
1250 1402 1486 1473 quidem
1534 1419 1665 1456 cum
1698 1402 1940 1457 Suriano

311 1492 438 1546 loco
465 1491 571 1546 cit.
606 1490 974 1545 crediderim.
1000 1492 1100 1544 Ast
1121 1508 1195 1545 an
1227 1491 1404 1545 etiam
1430 1509 1497 1545 ex
1517 1494 1638 1545 tam
1670 1489 1938 1562 antiquis,

312 1582 374 1633 ut
402 1579 596 1634 ﬁdem
628 1579 929 1634 indubiam
966 1597 1034 1633 ex
1063 1596 1184 1633 sese
1216 1579 1404 1633 facere
1438 1579 1652 1633 fuerint
1674 1579 1852 1634 nata?
1879 1577 1941 1631 1d

315 1668 472 1721 enim
508 1684 654 1722 vero
679 1684 785 1722 nec
818 1666 1094 1721 Surianus
1123 1667 1399 1733 affirmat,
1434 1684 1538 1722 nec
1570 1669 1782 1739 absque
1810 1666 1943 1722 fidei

2043 1050 2281 1105 mannia
2312 1053 2416 1117 est,
2460 1052 2766 1121 locumque
2800 1051 2949 1104 inter
2977 1047 3336 1103 recudcndos
3372 1046 3470 1099 114
3507 1040 3653 1097 obti-

2044 1142 2161 1205 net,
2196 1140 2277 1193 ita
2306 1143 2473 1193 sonat
2503 1156 2517 1193 :

2115 1226 2293 1280 Gallia
2322 1228 2611 1281 multorum
2640 1233 2809 1281 mater
2838 1229 3123 1298 nutrixque
3151 1227 3409 1286 virorum,

2180 1314 2285 1369 Isti
2305 1316 2517 1388 quando
2539 1334 2699 1387 pares
2727 1334 2777 1369 es
2801 1316 3050 1369 habitura
3080 1331 3250 1367 mares
3269 1314 3297 1365 ?

2112 1402 2219 1456 Iste
2249 1410 2370 1456 tuus
2399 1405 2665 1475 quondam
2697 1404 2950 1458 doctrina
2972 1404 3207 1474 prabuit
3236 1400 3439 1454 undam

2182 1490 2440 1546 Gentibus
2469 1499 2519 1546 et
2546 1493 2717 1554 cleris,
2751 1497 2859 1547 etc.

2111 1580 2198 1633 42.
2254 1580 2392 1635 Hinc
2452 1598 2646 1652 porro,
2709 1597 2841 1634 cum
2890 1582 3172 1651 praterea
3210 1577 3432 1631 Gallum
3481 1572 3651 1627 fuisse

2046 1667 2103 1722 S.
2142 1669 2496 1738 Brunonem,
2530 1670 2623 1725 alii
2658 1670 2832 1724 etiam
2866 1669 3007 1739 ejus,
3041 1684 3182 1739 quos
3209 1666 3300 1719 hic
3331 1677 3651 1728 recensere,

317 1755 569 1810 minime
602 1759 882 1827 suspecta
914 1755 1251 1811 testimonio
1274 1756 1439 1811 facile
1470 1756 1527 1810 in
1562 1756 1824 1810 animum
1856 1756 1943 1810 in-
1965 1749 2016 1807 B
2046 1775 2237 1829 opera
2269 1760 2519 1831 pretium
2570 1758 2706 1814 non'
2734 1762 2839 1825 est,
2888 1757 3055 1811 Tituli
3090 1755 3362 1810 funebres
3400 1751 3653 1806 indicare

317 1844 558 1899 duxero.
598 1845 671 1898 Ut
704 1847 764 1898 ut
809 1843 901 1911 sit,
935 1847 1091 1898 certe
1146 1845 1437 1915 Ughellus,
1482 1861 1516 1899 a
1548 1862 1661 1916 quo
1702 1848 1848 1899 tom.
1884 1845 1946 1898 IX

318 1932 493 1986 Italia
526 1932 594 1986 in
622 1931 1189 2003 archiepiscoporum
1225 1932 1634 2005 Rhegiensium
1670 1933 1941 2004 Catalagc

318 2023 445 2091 post
462 2021 841 2092 Arnulphum
858 2019 915 2075 8.
932 2021 1144 2088 Bruno,
1166 2022 1447 2092 tanquam
1472 2022 1684 2075 electus
1704 2021 1872 2091 hujus
1888 2022 1943 2074 in

320 2108 518 2162 sedem
545 2108 714 2163 illam
750 2125 1063 2176 successor,
1087 2108 1304 2179 pariter
1338 2111 1603 2163 rensetur
1623 2109 1946 2181 insignique

322 2200 617 2267 praeterea
648 2196 836 2267 elogio
870 2199 1131 2264 ornatur,
1162 2198 1381 2251 nullam
1406 2199 1576 2269 plane
1609 2197 1947 2252 de‘Alcuina

325 2300 420 2338 seu
465 2284 850 2340 Alchanirina
890 2285 1070 2339 sancti
1121 2285 1345 2357 origine
1397 2286 1941 2369 mentionemfacit.

328 2373 511 2443 Atque
543 2374 674 2428 hac
707 2373 778 2428 de
807 2373 1090 2428 Brunonis
1123 2390 1356 2445 genere,
1390 2366 1551 2445 quod
1576 2390 1749 2429 nemo
1782 2374 1945 2428 facile

327 2460 589 2528 deﬁniat,
623 2461 775 2517 dicta
797 2462 1084 2517 sufﬁciant
1108 2479 1121 2529 ;
1155 2462 1227 2516 ad
1257 2465 1443 2517 solum
1474 2463 1596 2533 ejus
1621 2463 1811 2517 natale
1834 2479 1948 2517 ser-

327 2565 566 2604 monem
591 2550 767 2605 modo
782 2552 1075 2605 converto.
1095 2549 1201 2614 Qui
1216 2550 1479 2605 unanimi
1493 2568 1795 2618 consensu,
1810 2550 1948 2605 San-

329 2640 483 2692 ctum
542 2638 729 2694 nobili
760 2655 973 2710 genere
1024 2640 1237 2705 ortum,
1282 2638 1478 2707 iidem,
1530 2639 1589 2693 in
1641 2639 1948 2694 Germania

329 2724 583 2780 Colonia
611 2726 942 2799 Agrippina
970 2726 1147 2781 etiam
1174 2730 1376 2782 natum
1401 2744 1603 2783 omnes
1637 2729 1758 2798 ejus
1797 2744 1945 2782 asse-

331 2816 462 2867 runt
474 2814 804 2886 biographi.
814 2815 880 2869 Et
891 2815 1187 2888 sanejhanc
1199 2832 1401 2871 eorum
1414 2816 1787 2871 assertionem
1807 2814 1950 2871 veri-

332 2901 432 2956 tati
464 2919 591 2957 esse
615 2918 856 2974 apprme
877 2920 1215 2971 consonam,
1249 2904 1384 2958 satis
1413 2905 1592 2977 liquet
1611 2907 1699 2960 vel
1730 2922 1797 2959 ex
1825 2906 1945 2959 solo

334 2989 658 3060 primorum
702 2995 952 3064 quatuor
1013 2992 1324 3047 Carthusia
1372 2993 1596 3065 Majoris
1642 2992 1944 3060 Chronico,

334 3081 463 3132 ante
477 3095 728 3147 annum,
755 3080 948 3151 utjam
974 3081 1160 3148 docui,
1181 3083 1313 3136 1137
1336 3080 1701 3148 concinnato,
1720 3080 1948 3153 ﬁdeque

336 3164 693 3237 dignissimo,
718 3168 875 3240 quod
898 3169 958 3223 in
982 3167 1039 3223 S.
1067 3169 1347 3224 Brunonis
1367 3170 1576 3239 elogio,
1605 3186 1766 3223 num.
1784 3175 1815 3224 7
1838 3169 1949 3223 huc

334 3254 715 3328 transcripto,
778 3259 1104 3328 opportune
1147 3257 1222 3312 ad
1269 3257 1531 3312 institum
1573 3274 1827 3329 prasens
1868 3257 1950 3312 ita

332 3340 503 3397 habet
532 3360 548 3398 :
591 3364 620 3393 ‹‹
650 3343 917 3416 Magister
960 3345 1172 3412 Bruno,
1207 3345 1444 3400 natione
1482 3345 1844 3414 Teutonicus,
1880 3362 1949 3400 ex

335 3431 614 3500 praclara
644 3432 784 3486 urbe
818 3431 1055 3487 Colonia
1085 3433 1421 3502 parentibus
1437 3450 1554 3490 non
1580 3433 1833 3489 obscuris
1849 3450 1949 3489 na-

342 3519 515 3587 tus...,
552 3536 822 3575 eremum
855 3520 1167 3575 Carthusia
1201 3521 1481 3576 fundavit.
1515 3541 1547 3575 »

401 3608 489 3662 41.
518 3608 760 3662 Accedit
795 3625 969 3680 porro
1004 3608 1287 3680 Sigeberti
1316 3610 1757 3680 Gemblacensis,
1791 3628 1945 3667 anno

343 3697 467 3751 1313
488 3713 519 3752 e
554 3696 696 3751 vivis
735 3696 964 3765 sublati,
995 3714 1122 3770 qua
1152 3698 1358 3753 iisdem
1389 3698 1512 3753 fere
1543 3700 1728 3755 verbis
1757 3702 1945 3755 solum

342 3781 522 3839 Sancti
555 3787 752 3840 natale
778 3786 1029 3841 Colonia
1046 3787 1376 3859 Agrippina
1392 3788 1653 3856 collocat,
1688 3789 1944 3845 Chrono-

341 3873 599 3944 graphia,
629 3874 712 3928 uti
760 3874 937 3928 etiam
978 3876 1178 3929 Petrus
1210 3875 1566 3942 venerabilis,
1602 3894 1755 3932 anno
1811 3881 1945 3934 1156

345 3960 451 4015 rita
475 3962 728 4031 functus,
763 3963 857 4035 qui
882 3963 1225 4035 magistrum
1249 3964 1579 4019 Brunonem
1600 3965 1698 4019 lib.
1726 3982 1764 4020 ιι
1787 3967 1948 4021 Mira-

345 4048 621 4118 culorum,
665 4067 791 4122 cap.
842 4053 931 4118 28,
967 4051 1367 4107 Coloniensem
1408 4053 1675 4125 appellat.
1710 4054 1783 4108 At
1811 4071 1946 4110 vero

348 4134 579 4194 Sanctus
610 4142 806 4194 noster
835 4156 870 4194 a
907 4140 1128 4195 duobus
1171 4140 1540 4212 scriptoribus
1585 4141 1690 4197 sibi
1723 4143 1947 4212 coavis,

346 4240 589 4295 quorum
642 4228 789 4282 alter
830 4227 1153 4283 Chronicon
1193 4230 1581 4298 Malleacense,
1635 4247 1670 4285 a
1719 4230 1947 4287 Labbeo

2046 1846 2367 1914 videantur,
2384 1864 2497 1901 non
2526 1864 2699 1901 nemo
2722 1848 2870 1901 forte
2894 1842 3258 1907 existimabit,
3277 1859 3306 1894 e
3323 1839 3499 1893 Gallia
3520 1852 3654 1891 eum

2046 1933 2218 1987 fuisse
2244 1934 2573 2007 oriundum,
2592 1951 2695 1987 nec
2710 1933 2959 2007 Colonia
2974 1929 3327 2003 Agrippina,
3342 1926 3443 1980 sed
3464 1922 3657 1979 Remis

2051 2003 2281 2097 naturai,
2315 2003 2512 2077 verum
2536 2006 3079 2097 éurﬁoinioniinifenta
3100 2017 3337 2087 antiqua
3366 2030 3485 2068 non
3506 2010 3658 2066 colli-

2046 2092 2256 2175 deiida,
2280 2102 2401 2173 sed,
2424 2102 2623 2165 si'liei'i
2638 2106 2829 2182 queat,
2841 2093 3253 2178 componenda
3272 2103 3422 2157 inter
3444 2117 3501 2154 se
3514 2098 3654 2164 sint;

2024 2197 2287 2280 ,Sanctus
2309 2202 2501 2252 autem
2527 2198 2637 2253 alia
2649 2198 2823 2252 etiam
2847 2212 3021 2267 quam
3036 2190 3427 2249 ortusratione
3449 2187 3658 2252 Gallus,

2022 2275 2657 2367 taliaqueitem‘q‘lam
2702 2282 3030 2354 nativitatis.
3060 2278 3357 2367 ﬁemensis
3411 2275 3520 2331 dici
3562 2289 3663 2344 po-

2044 2358 2239 2443 tuerit,
2262 2372 2447 2447 reipsa
2462 2374 2520 2430 id
2534 2355 3388 2431 itain'Chroiiléo'Mirlleacensi,
3414 2364 3661 2432 allegato

2046 2480 2077 2518 e
2091 2463 2333 2519 Chesnio
2349 2465 2697 2535 Fragmento
2718 2461 2987 2517 historico
2997 2458 3309 2529 Titulisque
3321 2449 3660 2509 funebribus

2044 2554 2260 2609 factum
2275 2570 2416 2621 esse,
2431 2553 2785 2608 credendum
2801 2554 2905 2617 est,
2922 2567 2993 2604 ne
3007 2547 3261 2619 alioquin
3277 2540 3661 2599 monumenta

2044 2642 2168 2697 hac
2187 2643 2424 2715 antiqua
2438 2658 2697 2714 pugnare
2711 2639 2957 2694 dicenda
2972 2638 3084 2692 sint
3106 2650 3238 2690 cum
3258 2627 3655 2702 antiquissimo

2047 2734 2294 2803 quatuor
2306 2732 2631 2802 primorum
2651 2727 2962 2784 Carthusia
2977 2725 3242 2780 Priorum
3257 2717 3537 2776 Chronico
3555 2730 3655 2769 seu

2047 2824 2312 2891 excerpto
2326 2836 2393 2874 ex
2404 2804 2513 2874 hoc
2539 2817 2732 2873 Sancti
2746 2815 2954 2888 elogio,
2975 2812 3131 2886 quod
3163 2811 3319 2865 nullo
3339 2808 3510 2881 plane
3536 2819 3662 2891 mo-

2049 2890 2348 2979 do,utpote
2363 2909 2694 2962 Brunonem
2707 2905 2932 2960 ratione
2942 2899 3318 2956 Teutonicum
3336 2899 3393 2950 et
3406 2890 3656 2948 Colonia

2047 2994 2379 3067 Agrippina
2406 2999 2628 3061 netum,
2646 2992 3017 3048 disertissime
3032 2989 3266 3053 docens,
3283 2979 3507 3039 veritati
3520 2994 3656 3067 con-

2049 3100 2255 3139 sonum
2270 3086 2459 3155 potest
2478 3082 2742 3153 intelligi,
2765 3080 2870 3135 nisi
2882 3075 3172 3149 reipsahic
3189 3070 3439 3129 Colonia
3459 3066 3659 3138 Agrip-

2049 3172 2199 3242 pina
2232 3175 2397 3226 natus
2428 3171 2516 3224 sit.
2546 3169 2787 3224 Sanctus
2818 3167 3011 3237 itaque
3044 3159 3342 3217 Remensis
3369 3155 3603 3242 quidem
3626 3169 3662 3242 a

2050 3240 2318 3314 Chronici
2338 3257 2723 3314 Malleacensis
2759 3254 3008 3326 dictique
3038 3246 3370 3321 Fragmenti
3403 3240 3659 3300 historici

2048 3347 2415 3418 scriptoribus
2461 3346 2642 3401 dictus
2672 3344 2864 3411 fuerit,
2915 3340 3070 3414 quod
3098 3338 3252 3392 hisce
3291 3351 3408 3390 non
3438 3335 3560 3386 tam
3592 3346 3661 3385 ex

2047 3436 2254 3510 patria,
2280 3452 2456 3508 quam
2470 3452 2537 3490 ex
2549 3433 2767 3500 studiis,
2782 3431 2985 3505 quibus
3010 3426 3204 3482 Remis
3227 3428 3352 3479 tum
3366 3419 3659 3510 discendo,

2046 3506 2172 3580 tum
2196 3506 2456 3580 doc—endo
2490 3521 2805 3577 diutissime
2826 3520 3146 3581 vocaverat,
3181 3516 3238 3568 et
3267 3529 3333 3567 ex
3364 3506 3656 3581 dignitati-

2045 3614 2171 3681 bus,
2186 3630 2361 3685 quam
2386 3611 2603 3665 ibidem
2622 3610 2968 3675 obtinuerat,
2988 3608 3159 3660 notus
3180 3604 3355 3668 esset;
3378 3614 3482 3670 pro
3504 3596 3655 3685 gallo

2044 3718 2178 3756 vero
2202 3682 2267 3756 in
2304 3700 2500 3755 Titulis
2528 3698 2865 3753 funebribus
2911 3694 3138 3749 habitus
3173 3689 3346 3745 fuerit
3366 3688 3456 3741 vel
3484 3682 3656 3740 simili

2043 3792 2165 3847 fere
2198 3792 2268 3846 de
2299 3807 2487 3857 causa,
2518 3789 2605 3841 vel
2635 3787 2789 3858 quod
2822 3784 2879 3837 in
2909 3782 3085 3837 Gallia
3123 3777 3486 3851 potissimum
3517 3774 3657 3828 edu-

2045 3883 2204 3935 catus
2218 3879 2431 3947 fuisset;
2451 3877 2605 3949 quod
2618 3877 2978 3947 postremum
2992 3887 3059 3925 eo
3076 3868 3266 3923 minus
3277 3861 3657 3935 rejiciendum

2046 3972 2150 4037 est,
2184 3969 2341 4040 quod
2380 3968 2439 4021 in
2476 3966 2661 4020 Titulo
2682 3960 2910 4017 funebri
2945 3963 3063 4025 115,
3103 3955 3200 4029 qui
3222 3954 3279 4009 8.
3314 3950 3501 4008 Maria
3524 3950 3660 4004 Tor-

2047 4058 2310 4113 nacensis
2350 4059 2455 4122 est,
2495 4052 2748 4109 Colonia
2788 4053 2955 4105 natus
2984 4050 3041 4102 et
3076 4046 3137 4100 in
3169 4044 3347 4099 Gallia
3385 4040 3656 4096 educatus

2047 4146 2287 4201 dicatur.
2314 4147 2395 4199 En
2425 4145 2588 4198 illum
2618 4159 2633 4197 :

2119 4233 2285 4301 Quem
2311 4235 2549 4304 genuisse
2581 4229 2827 4289 Colonia,
2860 4225 3098 4281 Francia
3133 4223 3245 4278 vult
3272 4220 3483 4283 aluisse,

347 4314 481 4369 tom.
515 4317 563 4369 ΙΙ
595 4315 957 4371 Bibliotheca
991 4333 1152 4371 nova
1178 4334 1313 4371 mss.
1348 4318 1590 4381 editum,
1624 4320 1771 4374 alter
1812 4320 1944 4374 Fra-
1970 4327 2023 4385 D
2117 4320 2325 4385 Gloria,
2358 4321 2547 4375 Bruno
2566 4319 2756 4381 Pater,
2782 4318 2932 4386 genti
2957 4314 3249 4369 communis
3270 4312 3481 4381 utrique

346 4404 643 4470 gmentum
678 4405 939 4459 Historia
965 4405 1217 4459 Francia
1252 4422 1285 4459 a
1315 4409 1578 4477 tempore
1614 4408 1845 4463 Roberti
1874 4409 1945 4463 ad

346 4494 589 4547 mortem
620 4492 866 4563 Philippi
887 4495 907 4546 Ι
930 4493 1100 4564 regis,
1125 4510 1159 4547 a
1181 4493 1421 4549 Chesnio
1444 4499 1588 4550 tom.
1605 4496 1673 4550 IV
1694 4495 1944 4568 Scripto-

345 4590 461 4632 rum
483 4580 736 4634 Francia
752 4580 1052 4649 insertum,
1080 4581 1433 4653 conscripsit,
1458 4583 1755 4639 Remensis
1766 4585 1943 4640 etiam

343 4666 631 4734 apellatur.
659 4668 982 4723 Amborum
1008 4670 1181 4724 verba
1221 4670 1332 4723 huc
1363 4671 1704 4726 transcribo.
1730 4672 1942 4730 Prioris

344 4752 473 4808 tom.
510 4755 725 4811 Labbei
758 4755 877 4823 cit.,
917 4757 1019 4811 fol.
1064 4759 1165 4812 205
1214 4757 1336 4813 hac
1374 4761 1543 4814 sunt:
1573 4782 1602 4810 «
1644 4760 1941 4817 Fulbertus

343 4837 967 4916 docuitBerengarium,
990 4844 1333 4900 canonicum
1356 4847 1539 4901 sancti
1559 4848 1804 4903 Martini.
1832 4849 1938 4914 Qui

344 4924 470 4983 item
492 4931 823 4987 Brunonem
838 4933 1185 4989 Remensem
1202 4937 1260 4988 et
1277 4934 1417 4988 alios
1439 4937 1651 4991 multos
1674 4936 1938 5005 haredes

343 5015 701 5092 philosophia
747 5021 1013 5093 reliquit;
1063 5042 1096 5075 »
1129 5022 1463 5094 posterioris
1509 5028 1672 5080 torno
1709 5026 1934 5083 Chesnii

345 5100 526 5161 itidem
549 5109 670 5176 cit.,
694 5107 794 5163 fol.
831 5112 897 5164 89
922 5109 1027 5164 ista
1056 5126 1069 5164 :
1109 5132 1137 5161 ‹‹
1171 5110 1286 5165 Hoc
1316 5113 1579 5183 tempore
1612 5116 1733 5168 tam
1765 5114 1825 5169 in
1858 5116 1937 5170 di-

342 5191 476 5263 vina,
500 5213 674 5269 quam
698 5196 757 5251 in
783 5198 1041 5252 humana
1069 5199 1429 5271 phi1030phia
1450 5200 1773 5257 ﬂoruerunt
1790 5204 1933 5259 Lan-

342 5276 548 5338 francus
599 5285 1044 5340 Cantuariorum
1101 5286 1415 5358 episcopus,
1476 5289 1655 5345 Guido
1708 5292 1931 5364 Lango-

340 5364 549 5438 bardus,
587 5372 960 5445 Maingaudus
984 5373 1342 5441 Teutonicus,
1379 5376 1567 5433 Bruno
1610 5380 1927 5449 Remensis,

342 5455 427 5523 qui
447 5464 635 5528 postea
657 5462 834 5516 vitam
868 5460 1027 5516 duxit
1050 5463 1429 5519 eremiticam.
1455 5486 1483 5515 ››
1516 5467 1604 5521 Ad
1634 5467 1755 5523 hac
1776 5467 1928 5525 inter

339 5538 583 5606 funebres
595 5549 790 5608 Sancti
800 5550 998 5608 titulos
1012 5550 1125 5607 duo
1144 5556 1439 5626 occurunt,
1455 5571 1704 5629 quorum
1716 5558 1920 5629 altero,

2113 4411 2353 4465 Ascensu
2383 4409 2540 4479 facili
2561 4410 2796 4461 sociatur
2819 4404 2889 4459 ad
2915 4405 3130 4473 agmina
3152 4400 3282 4455 caeli.

2114 4502 2203 4555 43.
2217 4500 2401 4570 Atque
2416 4498 2515 4565 ita,
2536 4495 2803 4551 omnibus
2823 4493 2930 4548 rite
2954 4490 3234 4562 expensis,
3253 4487 3311 4542 S.
3326 4487 3657 4541 Brunonem

2046 4588 2296 4644 Colonia
2318 4586 2651 4659 Agrippina
2675 4586 2880 4639 natum
2903 4597 3043 4647 esse,
3072 4582 3231 4634 extra
3254 4591 3492 4633 omnem
3518 4589 3655 4628 con-

2041 4677 2379 4733 troversiam
2404 4675 2680 4743 arbitror;
2699 4688 2900 4727 verum
2926 4670 3171 4724 multum
3198 4667 3358 4721 abest
3383 4666 3447 4719 ut
3472 4679 3659 4718 annus

2041 4766 2162 4838 ejus
2187 4765 2391 4820 natalis
2421 4768 2543 4819 tam
2573 4764 2728 4817 certo
2758 4758 2983 4815 deliniri
3012 4759 3203 4828 queat.
3233 4755 3392 4809 Hunc
3422 4750 3658 4838 interim

2037 4858 2169 4927 post
2199 4869 2418 4908 annum
2466 4850 2671 4907 Christi
2725 4850 2861 4903 1050
2903 4846 3168 4901 Bailletus
3218 4842 3291 4897 ad
3335 4843 3366 4895 6
3400 4837 3658 4896 Octobris

2038 4943 2146 4997 col.
2176 4944 2243 4997 83
2275 4941 2552 5008 collocat;
2588 4941 2673 4994 ast
2705 4935 2979 4992 eumdem
3013 4933 3213 4988 decem
3245 4934 3307 4985 ut
3337 4927 3649 4983 minimum

2038 5031 2204 5087 annis
2218 5023 2921 5096 maturandum,Historia
2934 5020 3225 5078 litteraria
3239 5015 3490 5071 Francia
3507 5013 3653 5070 Scri-

2036 5125 2228 5193 ptores
2258 5118 2501 5185 tom.lX,
2530 5134 2665 5189 pag.
2702 5118 2826 5183 233,
2858 5112 3065 5184 aliique
3096 5110 3287 5180 plures
3309 5106 3651 5171 observant;

2036 5213 2093 5263 et
2122 5212 2275 5264 recte
2317 5209 2574 5280 quidem,
2609 5210 2672 5261 ut
2718 5205 2867 5271 vita,
2900 5222 2935 5258 a
2980 5202 3188 5257 Sancto
3241 5196 3445 5263 ducta,
3476 5194 3650 5249 series

2034 5297 2303 5351 ostendit.
2354 5297 2581 5351 Etenim
2641 5294 2698 5348 8.
2736 5295 2925 5347 Bruno
2972 5289 3058 5343 uti
3112 5287 3264 5342 infra
3322 5283 3646 5349 ostendam,

2032 5384 2329 5439 occasione
2380 5385 2680 5438 turbarum
2708 5422 2722 5448 ,
2773 5396 2914 5451 quas
2969 5377 3027 5432 in
3086 5375 3331 5431 Ecclesia
3378 5370 3651 5426 Remensi

2027 5472 2309 5528 Manasses
2355 5469 2813 5540 archiepiscopus
2851 5466 3143 5531 excitarat,
3190 5477 3345 5518 anno
3383 5462 3517 5516 l076
3549 5460 3650 5513 aut

2026 5561 2290 5635 sequenti
2336 5561 2684 5628 scholarum,
2733 5574 2912 5631 quam
2964 5555 3026 5613 in
3073 5555 3181 5612 hac
3213 5550 3458 5626 gerebat
3497 5563 3643 5622 pra-
