4122 6058
367 258 427 310 31
971 261 977 267 ‘
1183 247 1240 302 S.
1276 247 1620 303 BRUNONIS
1663 240 2300 301 CARTHUSIANORUM
2358 238 2828 296 INSTITUTORIS

3624 238 3700 291 32

360 376 644 433 fecturam
697 373 945 440 dimisit;
979 371 1134 443 quod
1174 372 1437 446 pyoinde,
1483 372 1527 425 si
1579 375 1705 443 post
1748 386 1967 425 annum
1988 372 2039 430 A
2073 387 2101 416 ››
2136 368 2265 438 Ejus
2289 364 2552 420 doctrina
2575 367 2663 419 tot
2689 364 2869 418 factos
2884 378 3004 417 esse
3027 361 3335 435 sapientes,
3365 364 3505 433 quot
3528 377 3706 415 mens

364 467 603 523 demum
654 466 808 529 1050,
851 467 911 516 ut
959 462 1223 516 Bailletus
1266 463 1402 527 vult,
1446 466 1612 516 natus
1664 461 1752 526 sit,
1815 474 1968 513 anno

364 554 547 611 {etatis
574 568 686 607 sum
713 552 987 623 vigesimo
1015 550 1214 622 quinto
1233 555 1331 605 aut
1353 555 1505 605 certe
1525 549 1801 621 vigesimo
1816 550 1971 601 sexto

364 642 583 696 fecerit.
626 640 831 705 Quare,
869 654 1002 692 cum
1036 637 1226 705 simul,
1259 642 1569 708 antequam
1599 637 1708 690 hoc
1734 634 1969 699 faceret,

367 728 561 783 multis
578 728 704 799 jam
750 726 935 791 annis,
969 741 1033 778 ac
1064 723 1231 796 proin
1284 723 1589 778 duodecim
1632 724 1836 777 saltem
1877 725 1975 776 aut

364 816 715 889 quindecim,
749 815 969 868 scholas
1000 813 1310 867 Remenses
1337 812 1589 878 rexisset,
1621 826 1975 882 censequens

365 904 493 970 erit,
509 907 569 958 ut
584 902 1090 957 celeberrimarum
1114 901 1319 955 harum
1338 900 1664 954 scholarum
1678 899 1976 970 praefectu-

364 1009 443 1047 ra:
463 992 735 1064 jaminde
748 991 819 1045 ab
845 1006 999 1044 anno
1021 989 1225 1043 aestaiis
1251 1006 1364 1043 suae
1388 987 1754 1055 duodecimo,
1785 990 1882 1041 aut
1903 985 1974 1039 ad

361 1096 657 1133 summurn
689 1078 890 1150 quinto
922 1077 1339 1147 decimo,quod
1370 1092 1543 1131 nemo
1571 1093 1725 1130 sana:
1765 1072 1977 1129 mentis

366 1166 633 1221 admittet
663 1166 836 1220 fuerit
868 1165 1155 1219 admotus.
1195 1166 1525 1219 Brunonem
1555 1168 1750 1218 autem
1778 1161 1978 1216 multis

365 1255 531 1309 annis
569 1255 895 1309 scholarum
926 1254 1299 1307 Remensium
1325 1254 1749 1325 praefecturam.
1796 1251 1977 1321 prius-

365 1358 540 1413 quam
557 1343 705 1396 hanc
723 1341 1039 1407 abdicaret,
1065 1340 1321 1411 gessisse,
1347 1357 1414 1393 ex
1436 1339 1522 1405 iis,
1540 1356 1665 1410 quae
1690 1338 1980 1392 Marlottus

364 1431 622 1485 Historia
660 1429 998 1501 metrOpolis
1026 1428 1325 1484 Remensis
1348 1428 1446 1481 lib.
1480 1444 1588 1499 l,p.
1630 1429 1726 1480 115
1764 1422 1977 1490 scribit,

363 1518 647 1590 simulque
667 1535 735 1572 ex
761 1517 846 1584 iis,
871 1534 996 1588 quae
1010 1518 1079 1571 de
1101 1532 1277 1584 anno,
1295 1532 1407 1586 quo
1426 1515 1667 1569 Sanctus
1680 1513 1979 1585 prtefectu-

365 1624 493 1664 ram
524 1608 681 1662 illam
710 1607 946 1674 dimisit,
971 1606 1095 1677 jam
1146 1605 1297 1660 dicta
1324 1609 1475 1669 sunt,
1513 1601 1759 1658 dilucide
1790 1617 1984 1656 conse-

2074 479 2101 505 ››
2134 455 2365 509 nescit»
2398 453 2602 523 (Titillo
2636 454 2754 523 131)
2788 456 2998 507 sancta:
3034 452 3223 509 Maria:
3254 451 3700 523 Spulingenses;

2074 548 2131 599 et
2177 541 2445 598 monachi
2493 540 2671 595 sancti
2718 541 2937 595 Nicolai
2992 540 3438 611 Andegavensis,
3489 563 3515 589 ‹‹
3563 540 3703 611 Ejus

2078 655 2105 682 ‹‹
2134 632 2460 687 doctrinam
2492 632 2612 684 toto
2641 629 2863 701 fulgere
2895 629 2953 685 in
2980 629 3139 695 orbe,
3164 652 3191 679 η
3224 631 3379 685 unde
3411 629 3531 701 ejus
3551 653 3577 680 «
3602 629 3704 683 Se—

2074 737 2282 791 quaces
2304 741 2328 767 n
2352 736 2471 773 esse
2491 722 2695 789 optant
2719 718 2921 788 (Titulo
2953 719 3041 791 78)
3061 718 3322 775 canonici
3354 717 3705 774 cathedralis

2076 809 2323 863 ecclesiae
2358 809 2568 862 sanctzr
2595 806 2785 861 Crucis
2802 807 3247 875 Aurelianensis,
3278 807 3496 862 Nimius
3513 823 3703 861 essem

2075 898 2133 952 in
2164 894 2385 950 caeteris
2412 895 2532 965 ejus
2558 894 2758 965 elogiis
2782 894 3170 950 recensendis.
3194 897 3268 950 At
3288 895 3555 951 omittere
3578 911 3701 949 non

2075 986 2207 1041 licet
2219 984 2636 1040 canonicorum
2650 988 2735 1039 An
2744 984 2812 1039 de
2818 985 3079 1057 gavensis
3092 986 3343 1041 ecclesiis
3358 983 3707 1041 cathedralis

2077 1075 2256 1129 sancti
2276 1073 2525 1128 Mauricii
2558 1072 2975 1141 testimonium,
3011 1092 3124 1147 quo
3166 1076 3495 1130 Brunonem
3541 1090 3697 1128 asse-

2081 1167 2219 1217 runt
2246 1161 2589 1233 magistrum
2618 1162 2788 1217 fuisse
2816 1180 2935 1218 non
2955 1179 3269 1234 puerorum
3289 1167 3387 1218 aut
3403 1162 3706 1218 minorum

2084 1253 2446 1320 clericorum,
2475 1253 2575 1307 sed
2590 1253 2845 1307 virorum
2870 1252 3137 1323 gravium
3156 1254 3345 1324 etjam
3372 1252 3705 1319 doctorum,

2081 1342 2176 1414 qui
2210 1344 2313 1397 sul)
2336 1359 2404 1396 eo
2433 1342 2644 1409 divina,
2670 1342 2727 1395 id
2756 1345 2859 1407 est,
2891 1341 3266 1414 Theologiam
3308 1341 3705 1397 addiscebant.

2083 1431 2246 1496 Quod
2293 1449 2429 1486 sane
2476 1432 2687 1503 arguit,
2722 1449 2856 1486 eum
2881 1432 3007 1503 jam
3051 1434 3187 1487 tunc
3242 1433 3484 1487 maturae
3518 1430 3710 1485 astatis

2085 1518 2276 1585 fuisse,
2331 1536 2463 1574 cum
2496 1519 2689 1574 Remis
2720 1524 2853 1575 ante
2882 1536 3050 1575 suum
3083 1535 3368 1574 secessum
3401 1519 3705 1574 doceret.»

2157 1609 2246 1662 45.
2283 1609 2365 1662 Ita
2403 1607 2517 1675 ille,
2561 1608 2656 1680 qui
2689 1608 2897 1663 deinde
2928 1626 2959 1663 e
2992 1607 3403 1663 canonicorum
3451 1605 3710 1662 ecclesiae

311 1750 317 1761 ,
366 1695 586 1767 quitur:
614 1696 940 1750 Brunonem
960 1695 1117 1749 enim
1136 1695 1464 1749 scholarum
1490 1691 1865 1747 Remensium
1885 1706 1981 1743 ca-
2010 1686 2061 1743 Β
2086 1695 2431 1750 cathedralis
2475 1696 2902 1768 Andegavensis
2948 1697 3156 1764 Titulo,
3199 1696 3297 1768 qui
3345 1695 3496 1750 inter
3533 1710 3702 1749 recu-

363 1786 467 1855 put
481 1801 580 1838 seu
593 1787 877 1839 rectorem
883 1783 1008 1853 jam
1028 1783 1161 1838 inde
1186 1783 1258 1837 ab
1279 1782 1590 1853 annoilOii6
1609 1780 1982 1834 constitutum

364 1888 399 1926 a
417 1872 675 1928 Gervasio
698 1872 1122 1945 archiepiscopo
1145 1871 1338 1938 fuisse,
1372 1872 1496 1925 loco
1521 1870 1615 1924 cit.
1661 1868 1709 1923 is
1743 1868 1986 1945 scriptor

364 1961 560 2027 tradit,
604 1978 709 2015 nec
738 1942 985 2015 multum
1007 1942 1379 2044 ένξερξςᾳξη
1410 1950 1799 2044 ξῦᾅξῐεεῖιξρηοξξί

365 2046 620 2103 dicendis
646 2048 715 2102 de
745 2036 1984 2119 ιθῐῐιρονεξᾲιξά’ΒνὺξιαΒθιιιὶερζίὅόὁιτε-ᾖῆζ
2028 2036 2047 2083 ε

364 2151 529 2207 mum
552 2135 850 2207 inceperit,
877 2135 1120 2189 dilucide
1153 2138 1423 2206 patescet.
1447 2133 1723 2188 Sanctum
1741 2133 1975 2187 interim

364 2206 742 2280 Remensibus
766 2212 1741 2312 εοὶιοξίξῒξίιξΨξιξξιιὶἓξθξξαιὶιιῆοᾴϊ
1754 2213 1815 2312 in

2090 2207 2145 2312 _.'.
2160 2206 2627 2312 ξζιὶξρνωερηεὺαι
2656 2228 2977 2291 doctoribus,
3011 2227 3245 2299 faciebat

2062 2299 2108 2345 ’·’
2148 2298 2396 2370 Sithonas
2425 2316 2679 2380 doctores,
2713 2335 2819 2371 non
2864 2316 3187 2372 instituendo
3213 2319 3459 2371 minores.

364 2330 587 2370 cessum
601 2329 753 2367 nunc
768 2288 1177 2386 melii-Atque;
1195 2288 1979 2382 adiice'qiiidem'bprioritithe

364 2401 455 2459 hic
476 2402 773 2469 succurrit,
794 2402 891 2473 qui
912 2419 941 2455 e
962 2401 1299 2455 funebribus
1321 2399 1514 2455 Sancti
1528 2398 1724 2453 Titulis
1749 2401 1975 2468 septua-

365 2490 619 2562 gesimus
646 2491 846 2545 tertius
871 2493 955 2544 est
978 2506 1149 2560 supra
1174 2488 1575 2544 centesimum.
1602 2489 1663 2540 In
1695 2487 1802 2541 hoc
1822 2485 1977 2541 enim

363 2578 656 2635 Nolienses
672 2577 1006 2634 monasterii
1021 2577 1078 2632 S.
1096 2576 1373 2632 Vincentii
1395 2576 1656 2631 canonici
1670 2575 1981 2647 Regulares

363 2666 481 2740 qui,
514 2689 542 2717 «
568 2667 683 2721 visa
709 2666 998 2733 schedula,
1034 2683 1160 2738 quae
1194 2665 1476 2721 Brunonis
1517 2662 1981 2737 incomparabilis

365 2754 692 2825 philosophi
709 2754 931 2809 obitum
955 2755 1248 2825 patefecit,
1274 2773 1306 2807 »
1328 2755 1691 2826 ingemuere,
1717 2753 1815 2808 diu
1829 2753 1981 2806 hunc

363 2842 737 2903 Remensium
752 2844 1078 2899 scholarum
1090 2843 1494 2914 praefecturam
1519 2842 1777 2915 gessisse,
1804 2840 1980 2895 diser-

2086 1785 2305 1840 dendos
2333 1787 2523 1840 locum
2579 1788 2676 1841 166
2710 1790 2888 1854 tenet,
2939 1786 3191 1842 versibus
3221 1786 3457 1858 aliquot,
3493 1783 3589 1856 qui
3626 1784 3710 1838 sic

2090 1873 2308 1927 habent
2341 1889 2353 1927 :

2073 1940 2302 2030 3.3ij
2326 1968 2376 2015 et
2408 1964 2600 2016 eximia
2631 1961 2925 2016 celebratur
2954 1962 3148 2034 ubique
3178 1962 3382 2034 sophia,

2128 2038 2455 2121 :Plusquam
2477 2049 2723 2105 Maronis
2754 2051 3008 2105 laudatur
3038 2049 3221 2120 lingua
3255 2049 3551 2112 Brunonis,

2164 2138 2352 2219 gloria
2382 2138 2628 2194 Platonis
2657 2140 2859 2195 vilescit
2890 2139 3044 2194 laude
3076 2139 3370 2194 Brunonis.

2149 2403 2351 2459 Doctor
2375 2404 2649 2459 doctorum
2667 2405 2777 2475 fuit
2807 2407 2913 2469 hic,
2942 2423 3048 2460 non
3078 2405 3476 2460 clericulorum.

2149 2491 2298 2546 Nam
2328 2511 2420 2547 nec
2448 2494 2740 2549 honestales
2769 2495 3068 2557 verborum,
3101 2511 3194 2548 nec
3231 2494 3524 2564 gravitates

2152 2578 2395 2652 Sumpsit
2428 2580 2702 2636 Brunonis
2734 2584 2840 2636 nisi
2864 2582 2966 2637 Vir
2994 2599 3205 2653 magna.o
3231 2583 3475 2636 rationis.

2151 2668 2217 2723 N
2216 2672 2369 2723 uncia
2395 2676 2658 2741 egregiam
2682 2671 2883 2725 Divina
2901 2669 3130 2725 docendo
3161 2670 3422 2742 sophiam,

2086 2758 2283 2813 lectori
2307 2758 2585 2825 exhibitis,
2601 2758 2680 2814 ita
2696 2776 2829 2814 mox
2850 2762 2979 2832 post
2997 2775 3198 2830 pauca,
3223 2775 3350 2831 qua:
3371 2759 3479 2814 huc
3500 2755 3696 2811 minus

2082 2845 2318 2915 faciunt,
2336 2847 2700 2919 prosequitur
2722 2864 2735 2903 :
2759 2870 2786 2897 «
2799 2848 2925 2901 Jam
2940 2863 3075 2902 vero
3091 2846 3216 2919 quis
3233 2846 3459 2913 dixerit,
3474 2847 3709 2899 tantum

364 2929 965 3031 tisverbis'afﬁrmant,
988 2931 1068 2986 ita
1092 2932 1431 3004 loquentes:
1466 2932 1982 3028 «Bruno...veram
2005 2972 2052 3031 C
2081 2934 2289 3002 virum,
2336 2951 2510 3007 quem
2552 2935 2755 2991 omnes
2786 2936 2974 2990 ferme
3004 2934 3336 3001 Galliarum,
3384 2932 3605 3005 Anglim
3651 2934 3713 2986 et

367 3018 665 3073 scientiam
677 3022 735 3073 et
749 3019 1454 3089 prudentiamliberalium
1476 3018 1708 3086 artium,
1727 3035 1832 3083 nec
1864 3035 1981 3072 non

366 3109 601 3161 caeteras
627 3106 954 3162 Cardinales
985 3107 1222 3163 virtutes
1254 3108 1453 3162 habuit
1478 3110 1535 3162 et
1555 3106 1814 3175 servavit,
1843 3123 1982 3178 quas

365 3194 427 3250 in
437 3194 592 3249 bono
609 3195 724 3249 fine
742 3195 1414 3250 sonsummavit.Dudum
1429 3194 1715 3266 siquidem
1733 3192 1980 3248 ecclesiae

368 3282 520 3339 sedis
562 3283 937 3338 Remensium
966 3299 1227 3337 summus
1269 3282 1607 3349 didascalus,
1669 3283 1868 3351 utpote
1921 3280 1981 3334 in

368 3372 638 3444 psalterio
668 3377 723 3428 et
750 3372 969 3428 caeteris
996 3370 1243 3427 scientiis
1269 3371 1769 3439 luculentissimus,
1801 3374 1859 3427 et
1886 3388 1980 3426 co-

366 3461 571 3517 lumna
594 3463 769 3517 totius
798 3461 1137 3533 metropolis
1164 3460 1262 3515 diu
1292 3460 1526 3515 exstitit.

441 3551 763 3607 44.Adhzec
775 3551 1074 3619 Sanctum,
1102 3566 1233 3605 cum
1258 3551 1628 3605 Remensium
1653 3550 1983 3605 scholarum

369 3637 843 3710 praefecturasese
866 3637 1166 3704 abdicavit,
1184 3653 1302 3692 non
1324 3636 1791 3710 vigintiquinque
1814 3637 1982 3692 dum-

372 3727 529 3781 taxat
556 3730 654 3782 aut
682 3725 884 3799 viginti
907 3743 1002 3781 sex
1019 3741 1329 3792 annorum,
1367 3725 1622 3798 quod,ut
1650 3725 1888 3791 dictum,
1917 3741 1984 3779 ex

366 3810 591 3869 Bailleti
604 3814 875 3885 opinione
897 3812 1286 3885 consequitur,
1306 3812 1407 3867 sed
1421 3813 1791 3883 provectioris
1803 3812 1986 3867 aetatis

370 3899 562 3971 fuisse,
580 3901 639 3956 in
665 3902 790 3957 Vita
809 3902 1080 3957 UrbaniII
1094 3917 1278 3974 papae,
1293 3901 1603 3956 Mabillonii
1625 3903 1682 3956 et
1704 3898 1986 3955 Ruinartii

373 3988 625 4061 Operum
656 3990 1106 4045 Posthumorum
1128 3992 1271 4044 tom.
1295 3990 1365 4042 III
1388 3990 1621 4055 inserta,
1646 4005 1778 4059 pag.
1809 3991 1840 4043 6
1870 3990 1927 4042 et
1949 3992 1980 4042 7

367 4077 653 4148 posterior
696 4076 899 4131 eibinis
943 4075 1096 4130 hisce
1124 4075 1496 4147 scriptoribus
1526 4075 1919 4130 efficacissime
1955 4091 1986 4128 e

370 4164 882 4220 variisfunebribus
903 4164 1096 4220 Sancti
1124 4163 1305 4220 nostri
1329 4164 1524 4219 Titulis
1552 4164 1780 4236 probat.
1803 4164 1989 4219 Verba

2087 3021 2260 3078 Italiae
2274 3022 2525 3079 ecclesiae
2537 3024 2707 3079 veluti
2734 3023 3175 3080 celeberrimum
3191 3022 3561 3079 scientiarum
3579 3036 3707 3075 ma-

2084 3110 2330 3183 gistrum
2351 3111 2619 3167 certatim
2637 3112 3145 3179 commendarunt,
3170 3111 3274 3166 has
3299 3110 3497 3166 laudes
3519 3124 3705 3163 annos

2082 3198 2283 3269 viginti
2296 3204 2394 3255 aut
2408 3201 2576 3271 paulo
2594 3201 2719 3271 plus
2731 3202 2828 3255 aut
2846 3200 3039 3255 minus
3058 3203 3263 3254 natum
3287 3195 3707 3270 promeruisse?

2085 3286 2240 3355 Quis,
2263 3287 2502 3359 inquam
2530 3287 2632 3343 sibi
2656 3288 2714 3343 in
2762 3288 3023 3343 animum
3049 3286 3355 3353 induxerit,
3372 3287 3708 3341 Brunonem

2084 3394 2153 3433 ea
2166 3378 2334 3431 aetate
2357 3376 2453 3431 diu
2484 3376 2703 3432 scholas
2718 3376 2860 3433 adeo
2888 3377 3143 3431 celebres
3163 3393 3295 3431 cum
3324 3376 3489 3430 tanta
3520 3371 3711 3428 erudi-

2081 3463 2255 3520 tionis
2286 3466 2343 3517 et
2364 3461 2638 3517 doctrinae
2660 3462 2818 3518 fama
2845 3462 3073 3530 rexisse,
3103 3466 3167 3518 ut
3192 3465 3322 3534 post
3346 3460 3547 3533 viginti
3579 3458 3705 3530 (cir-

2083 3554 2224 3609 citer
2263 3550 2560 3622 nimirum)
2610 3550 2941 3606 secessionis
2981 3568 3163 3606 annos
3212 3567 3371 3606 mors
3422 3549 3545 3619 ejus
3582 3550 3711 3602 tan-

2085 3657 2261 3714 quam
2282 3639 2545 3696 omnium
2571 3639 2873 3695 doctorum
2906 3639 3165 3711 magistri
3188 3656 3222 3693 a
3241 3636 3528 3710 plerisque
3555 3636 3709 3692 orbis

2086 3730 2386 3787 Christiani
2412 3729 2659 3785 ecclesiis
2686 3728 3093 3786 celebrioribus
3111 3729 3411 3802 deplorata
3433 3727 3645 3783 fuerit?
3667 3746 3700 3779 ν

2085 3820 2367 3875 Hactenus
2387 3817 2754 3873 Ruinartius:
2789 3822 2847 3873 et
2867 3835 3025 3885 sane,
3059 3834 3193 3872 cum
3240 3816 3479 3872 Sanctus
3510 3815 3570 3869 in
3621 3816 3713 3870 tot

2087 3905 2347 3964 adductis
2367 3906 2438 3961 ab
2461 3922 2528 3960 eo
2543 3905 2740 3961 Titulis
2767 3904 3104 3961 funebribus
3132 3908 3256 3960 tam
3279 3903 3449 3960 variis
3469 3906 3709 3976 tamque

2087 3994 2352 4067 profusis,
2381 4012 2539 4066 quas,
2573 3993 2730 4049 brevi
2757 3994 2938 4067 spatio
2971 3997 3255 4066 setateque
3279 3991 3519 4064 juvenili
3548 3991 3710 4046 haud

2087 4083 2251 4139 facile
2265 4083 2590 4150 merendas,
2608 4082 2920 4137 Remenses
2930 4081 3152 4137 scholas
3166 4080 3378 4136 docens
3390 4079 3708 4134 autharum

2088 4171 2490 4244 praefecturam
2514 4186 2721 4241 gerens
2737 4167 3038 4236 meruerit,
3055 4164 3322 4223 laudibus
3347 4169 3605 4233 ornetur,
3621 4180 3713 4219 ar-

373 4254 496 4325 ejus
527 4254 790 4325 proinde,
816 4254 1033 4309 Titulos
1072 4252 1264 4323 simul,
1304 4268 1335 4306 θ
1372 4253 1576 4325 quibus
1623 4253 1837 4324 partim
1864 4253 1988 4307 hinc
2014 4258 2066 4316 D
2088 4262 2367 4332 gumento
2398 4258 2457 4313 1d
2483 4261 2568 4312 est
2606 4274 2709 4328 per
2726 4274 2899 4329 quam
2928 4256 3136 4324 valido,
3167 4254 3337 4310 fuisse
3366 4254 3550 4319 illum,
3574 4268 3709 4307 cum

374 4341 722 4414 deprompta
751 4343 884 4412 sint,
915 4360 1017 4398 suo
1045 4342 1283 4415 singulis
1308 4358 1555 4398 numero
1584 4341 1865 4415 apposito,
1895 4341 1990 4395 de-

371 4428 605 4501 signans
617 4431 728 4486 huc
749 4430 1088 4487 transcribo.
1115 4429 1204 4484 Sic
1240 4429 1475 4484 habent.
1498 4451 1526 4479 «
1549 4428 1708 4483 Hunc
1745 4428 1823 4499 (S.
1848 4428 1986 4482 Bru-

375 4533 592 4574 nouem
638 4518 918 4589 videlicet)
979 4540 1008 4569 «
1057 4519 1362 4574 Gemmam
1391 4516 1605 4590 sephiaa
1637 4537 1664 4566 »
1696 4517 1989 4588 appellant

378 4605 582 4677 (Titulo
639 4607 727 4679 74)
807 4607 1066 4662 canonici
1137 4610 1349 4662 sanctae
1418 4606 1605 4662 Marias
1675 4604 1983 4672 Blesensis;

380 4715 410 4746 ‹‹
439 4696 649 4750 Lucem
680 4695 1050 4751 ecclesiarum
1080 4717 1108 4745 »
1149 4695 1351 4767 (Titulo
1387 4694 1473 4766 82)
1504 4694 1772 4749 monachi
1802 4694 1985 4748 Bello-

374 4800 643 4840 vacenses
663 4783 842 4838 sancti
855 4784 1122 4854 Luciani;
1154 4803 1186 4837 «
1217 4783 1607 4839 Clarissimum
1634 4783 1981 4855 sophistam»

378 4872 580 4946 (Titulo
612 4873 733 4944 107)
763 4872 1122 4929 Miciacenses
1153 4871 1335 4927 sancti
1366 4871 1689 4941 Maximini;
1723 4894 1751 4922 «
1779 4874 1985 4927 Docto-

378 4983 408 5014 »
436 4979 565 5020 rem
591 4961 895 5019 doctorum
928 4983 956 5012 ››
992 4960 1194 5035 (Titulo
1227 4960 1314 5033 77)
1364 4960 1782 5030 Bernacences;
1819 4981 1849 5011 «
1874 4959 1987 5015 Ma-

382 5069 411 5100 »
444 5049 757 5121 gistrorum
774 5051 965 5118 decus,
979 5049 1294 5121 remigium
1309 5049 1493 5103 turbas
1512 5046 1811 5103 Remensis
1830 5068 1858 5099 »
1879 5048 1993 5119 (Ti-

381 5139 491 5194 tulo
521 5140 640 5209 109)
669 5141 1012 5197 Parisienses
1041 5141 1252 5196 sanctae
1279 5136 1466 5195 Mariae
1492 5137 1719 5210 Majoris
1741 5137 1992 5194 ecclesiae

383 5227 670 5295 canonici;
704 5228 857 5283 hunc
890 5253 917 5281 ‹‹
948 5229 1233 5285 Doctrinze
1262 5226 1569 5297 praebuisse
1597 5226 1817 5282 undam
1851 5244 1991 5299 gen-

381 5338 412 5366 »
442 5316 592 5372 tibus
612 5319 671 5371 et
694 5316 878 5385 cleris,
898 5338 927 5367 »
958 5318 1119 5371 alunt
1146 5314 1348 5387 (Titulo
1379 5314 1497 5386 114)
1536 5313 1716 5369 sancti
1748 5313 1995 5369 Gervasii

381 5405 760 5475 Valesienses;
798 5428 827 5457 (ι
856 5404 1101 5463 Cunctos
1130 5420 1426 5477 superasse
1456 5406 1576 5457 toto
1604 5403 1665 5458 in
1707 5402 1846 5457 orbe
1868 5418 2019 5462 ma-_

330 5552 337 5557 .
386 5491 595 5566 εἰράνας
623 5514 654 5546 ιι
688 5492 891 5565 (Titulo
934 5493 1022 5568 64)
1071 5493 1253 5556 saucti
1301 5489 1588 5552 Timothei
1642 5490 1992 5563 Remenses;

2087 4350 2236 4404 hanc
2260 4363 2412 4404 anno
2439 4347 2572 4401 1076
2595 4348 2692 4399 aut
2722 4362 2866 4416 seq.,
2893 4347 2962 4399 ut
2988 4344 3225 4409 dictum,
3250 4341 3485 4409 dimisit,
3508 4338 3711 4412 viginti

2089 4437 2340 4510 quinque
2379 4437 2477 4489 aut
2515 4432 2715 4504 viginti
2749 4450 2845 4487 sex
2886 4432 3051 4486 annis
3089 4431 3396 4502 majorem,
3443 4445 3505 4483 ac
3540 4426 3710 4500 proin

2089 4528 2222 4580 ante
2278 4523 2548 4577 szeculum
2599 4519 2994 4587 undecimum,
3040 4519 3234 4573 media
3281 4517 3366 4572 sui
3397 4517 3558 4589 parte
3582 4509 3707 4585 jam

2088 4613 2367 4682 elapsum,
2401 4625 2499 4662 seu
2523 4610 2656 4661 ante
2689 4623 2909 4661 annum
2947 4608 3083 4661 1050
3115 4621 3235 4660 esse
3270 4606 3497 4658 natum.

2156 4700 2244 4753 46.
2276 4697 2489 4750 Verum
2522 4696 2736 4766 quanto
2769 4691 3007 4765 quidem
3038 4691 3201 4746 citius
3242 4690 3302 4746 id
3342 4688 3573 4745 evenit?
3605 4689 3710 4744 Za-

2088 4787 2237 4843 notti
2271 4785 2384 4859 (adi
2415 4800 2577 4839 num.
2622 4784 2714 4852 26)
2743 4782 2803 4838 in
2835 4783 3103 4838 contexta
3155 4798 3189 4836 a
3234 4796 3294 4834 se
3344 4778 3537 4834 Sancti
3584 4776 3714 4832 Vita

2086 4892 2221 4950 pag.
2238 4877 2269 4929 3
2279 4875 2391 4929 duo
2404 4872 2613 4927 afferte
2629 4871 2902 4928 Calabriae
2920 4868 3335 4935 monumentis,
3352 4883 3479 4940 qua:
3492 4865 3708 4931 laudat,

2088 4960 2419 5019 testimonia
2440 4959 2681 5027 diversa,
2705 4976 2834 5032 quae
2860 4957 2917 5012 S.
2953 4958 3285 5013 Brunonem
3313 4952 3710 5027 nonagenario

2090 5049 2376 5122 majorem
2407 5046 2633 5115 obiissé,
2659 5046 2930 5119 produnt.
2953 5047 3215 5101 Alterum
3247 5044 3401 5117 quod
3416 5043 3716 5116 Epigram-

2092 5156 2190 5195 ma
2207 5141 2390 5206 vocat,
2408 5136 2676 5210 quodque
2688 5137 2992 5206 speluncae,
3008 5135 3068 5189 in
3085 5151 3198 5207 qua
3216 5133 3454 5187 Sanctus
3472 5130 3532 5185 in
3556 5130 3715 5185 Cala-

2091 5228 2217 5283 bria
2249 5224 2543 5293 habitarit,
2588 5223 2761 5278 fuerit
2813 5223 3173 5294 inscriptum,
3222 5220 3442 5276 duobus
3488 5220 3715 5273 constat

2097 5314 2185 5370 his
2213 5314 2501 5370 versiculis
2529 5331 2544 5368 :

2163 5402 2292 5458 Jam
2319 5403 2615 5473 nonaginta
2643 5399 2773 5455 duos
2800 5401 2924 5473 vitae
2952 5397 3298 5471 compleverat
3325 5411 3513 5463 annos,

2273 5488 2413 5547 Cum
2430 5485 2663 5563 Superos
2690 5488 2885 5565 fragili
2909 5504 3068 5545 carne
3094 5485 3296 5544 solutus
3319 5483 3469 5548 adit;
