3996 6012
282 291 361 347 33

1888 290 2067 345 ACTA
2986 298 2997 310 ’
3574 299 3642 355 3i

284 414 569 479 alterum,
599 412 757 485 quod
776 429 809 469 e
838 429 949 469 ms.
965 412 1384 486 antiquissimo,
1415 412 1600 481 utait,
1632 411 1805 467 fuerit
1819 412 1917 467 de-
1940 416 1995 475 Α
2023 410 2354 484 quindecim
2403 411 2650 479 circiter,
2685 412 2750 466 ut
2792 427 2966 484 supra
3007 414 3249 485 dictum,
3295 419 3393 473 aut
3433 422 3638 478 saltem

282 503 623 571 sumptum,
658 501 729 556 de
762 502 1029 557 Brunone
1059 502 1136 556 sic
1171 502 1346 556 habet
1379 519 1393 557 :
1453 500 1605 556 Obiit
1656 523 1683 551 «
1727 499 1917 554 Pridie

287 590 489 644 Nonas
522 589 771 644 octobris
802 607 955 646 anno
999 592 1069 645 ab
1099 591 1238 645 orbe
1270 592 1576 660 redempto
1609 589 1916 644 millesimo

287 678 616 733 centesimo
644 680 918 745 secundo,
948 696 1145 735 mense
1171 682 1393 747 octavo,
1428 679 1609 733 aetatis
1642 696 1706 733 su
1729 694 1915 732 severo

288 784 455 822 anno
498 768 881 839 nonagesimo
910 768 1181 823 secundo.
1230 789 1258 817 »
1311 768 1453 823 Cum
1486 783 1622 838 ergo
1652 766 1913 834 Sanctus,

288 852 379 906 uti
413 852 573 907 infra
603 870 706 908 suo
748 856 875 908 loco
906 853 1265 925 probabitur,
1316 854 1477 910 omni
1515 854 1687 908 dubio
1717 856 1916 925 procul

291 956 457 995 anno
496 942 623 995 1101
662 939 777 995 vita
808 941 1035 995 functus
1056 942 1146 1009 sit,
1166 958 1319 997 anno
1334 942 1558 997 circiter
1592 944 1726 996 1008
1750 945 1918 997 natus

289 1029 535 1084 indubie
565 1029 756 1097 fuerit,
790 1030 836 1084 si
858 1029 1006 1085 binis
1026 1030 1134 1085 illis
1148 1032 1428 1099 adductis,
1463 1047 1713 1104 quorum
1736 1033 1915 1086 altero

291 1118 565 1185 Sanctus,
596 1135 728 1173 cum
749 1119 879 1190 jam
913 1120 1231 1192 nonaginta
1263 1121 1407 1176 duos
1434 1120 1563 1175 vitae
1597 1138 1783 1176 annos
1813 1121 1918 1175 im-

294 1208 530 1277 plesset,
565 1208 768 1275 altero,
800 1225 931 1264 cum
964 1208 1092 1279 jam
1123 1209 1567 1281 nonagesimum
1598 1209 1915 1264 secundum

293 1297 426 1350 vitae
460 1312 683 1351 annum
735 1298 952 1369 ageret,
1001 1297 1206 1352 obiisse
1248 1297 1517 1363 traditur,
1574 1297 1917 1352 testimoniis

293 1384 368 1439 sit
397 1383 696 1439 standum.
728 1386 940 1440 Verum
972 1386 1096 1440 haec
1131 1402 1161 1439 e
1188 1385 1445 1441 fontibus
1465 1386 1608 1441 adeo
1642 1386 1913 1458 antiquis,

295 1477 360 1528 ut
389 1473 574 1528 ﬁdem
605 1472 903 1528 indubiam
943 1476 1299 1541 mereantur,
1338 1473 1595 1546 profecta
1624 1473 1765 1527 mihi
1797 1488 1915 1526 non

294 1563 608 1618 videntur:
639 1564 771 1618 licet
801 1562 959 1617 enim
1005 1564 1252 1618 alterum
1305 1580 1336 1616 e
1374 1579 1482 1616 ms.
1519 1561 1915 1633 antiquissimo

294 1652 528 1707 Zanotti
541 1652 753 1707 indicet
770 1652 1203 1724 depromptum,
1220 1654 1450 1723 quanta:
1464 1654 1660 1704 tamen
1676 1649 1919 1721 antiqui-

296 1739 434 1795 tatis
463 1740 574 1794 hoc
595 1740 787 1807 fuerit,
820 1756 940 1794 non
963 1739 1247 1811 adjuugit,
1284 1739 1659 1810 dubitareque
1674 1738 1916 1809 proinde

295 1827 455 1895 sinit,
490 1846 567 1883 an
596 1828 800 1883 saeculo
846 1831 1052 1900 quarto
1087 1827 1332 1894 decimo,
1372 1830 1470 1881 aut
1501 1827 1678 1881 etiam
1714 1828 1914 1898 quinto

298 1916 527 1972 decimo
546 1916 824 1971 exstiterit
837 1915 1147 1988 antiquius;
1172 1915 1327 1986 quod
1343 1918 1654 1986 utrumque
1678 1931 1711 1970 a
1724 1914 1915 1970 Sancti

296 2006 480 2060 nostri
531 2007 701 2059 astate
733 2007 817 2059 est
860 2003 1158 2070 remotius,
1187 2020 1361 2075 quam
1394 2005 1456 2057 ut
1494 2004 1715 2075 scriptis
1747 2005 1815 2058 de
1847 2021 1913 2059 eo

294 2097 434 2148 tunc
465 2092 738 2148 confectis
763 2109 867 2147 sua
887 2095 1061 2163 queat
1092 2094 1249 2144 certa
1268 2094 1530 2146 constare
1562 2092 1723 2145 fides.

364 2183 455 2236 47.
491 2182 561 2234 Et
588 2196 723 2235 vero
755 2179 1003 2250 ipsemet
1031 2177 1258 2232 Zanotti
1290 2178 1657 2245 ms,illud,ut
1681 2182 1742 2233 ut
1773 2179 1915 2234 anti-

295 2270 662 2341 quissimum,
687 2268 886 2340 magni
918 2269 1017 2322 aut
1049 2267 1220 2322 fecit:
1257 2268 1360 2321 etsi
1394 2267 1551 2321 enim
1585 2268 1911 2341 etiam,quo

293 2358 365 2412 ab
380 2374 579 2412 errore
598 2356 1169 2431 chronico‘quantum
1198 2355 1271 2409 ad
1291 2372 1509 2409 annum
1535 2355 1737 2409 Christi
1755 2360 1774 2410 1
1792 2359 1909 2424 10'2,

292 2445 384 2501 cui
410 2446 605 2501 Sancti
630 2446 853 2501 obitum
865 2444 1069 2516 illigat,
1095 2445 1377 2499 habeatur
1401 2445 1687 2510 immune,
1708 2445 1911 2500 Christi

293 2552 480 2591 annos
507 2535 568 2590 in
602 2535 699 2589 illo
731 2534 802 2589 ab
822 2534 1245 2599 Incarnatione,
1281 2536 1451 2605 prout
1486 2534 1610 2588 haec
1640 2534 1909 2590 Nativita-

292 2626 419 2678 tem
451 2622 762 2694 praecessit,
785 2619 1081 2676 numerari
1107 2621 1380 2688 afﬁrmet,
1408 2622 1661 2676 recitatis
1690 2624 1908 2691 tamen,

294 2729 423 2784 qua:
455 2711 587 2782 jam
626 2711 737 2765 huc
769 2708 1121 2780 transcripsi,
1172 2708 1322 2764 binis
1362 2709 1723 2777 testimoniis,
1779 2728 1915 2765 mox

292 2799 506 2867 subdit,
551 2799 846 2870 probabile
888 2814 1008 2852 non
1037 2814 1181 2863 esse,
1235 2797 1510 2853 Sanctum
1544 2798 1617 2852 ad
1662 2801 1909 2867 tantam,

292 2891 513 2960 quanta
543 2887 600 2941 in
612 2888 765 2942 hisce
788 2885 1078 2953 asseritur,
1104 2888 1337 2939 {etatem
1354 2882 1701 2956 pervenisse,
1726 2886 1912 2941 addit-

293 2992 405 3046 que
436 2975 634 3041 etiam,
667 2975 728 3029 id
756 2974 838 3029 ita
864 2973 1074 3029 idcirco
1087 2972 1191 3026 sibi
1206 2972 1405 3039 videri,
1430 2974 1586 3061 quod
1612 2990 1726 3028 non
1744 2991 1917 3045 appa-
1940 3001 1990 3061 ρ

290 3067 437 3130 reat,
451 3063 550 3135 qui
562 3063 606 3117 is
616 3063 848 3118 ineetate
862 3064 983 3116 tam
1012 3063 1281 3132 provecta
1299 3060 1395 3131 (sic
1411 3059 1567 3114 enim
1583 3078 1735 3116 anno
1758 3063 1913 3130 1084,

292 3166 406 3223 quo
420 3168 488 3205 ex
501 3150 757 3206 dicendis
769 3150 1078 3206 Carthusize
1093 3166 1355 3206 eremum
1369 3150 1619 3220 primum
1633 3150 1919 3222 ingressus

302 3242 404 3304 est,
420 3241 647 3292 sextum
673 3254 847 3309 supra
858 3236 1347 3310 septuagesimum
1369 3237 1551 3291 aetatis
1563 3255 1677 3292 sua:
1695 3255 1913 3292 annum

283 3328 410 3398 jam
442 3327 668 3398 egisset)
702 3330 996 3382 austerum
1028 3327 1377 3398 adeo,quale
1394 3330 1514 3380 tum
1536 3326 1593 3380 in
1619 3327 1914 3382 Carthasia

287 3415 507 3485 Majori,
540 3419 664 3470 tum
688 3414 747 3468 in
782 3413 1042 3470 Calabria
1075 3414 1254 3480 duxit,
1298 3414 1425 3468 vita:
1459 3431 1640 3485 genus
1681 3415 1908 3482 ducere,

286 3503 514 3558 labores
543 3505 600 3557 et
630 3518 940 3569 aerumnas,
963 3501 1373 3572 itinerumque,
1399 3502 1603 3573 quibus
1634 3518 1693 3555 se
1728 3501 1906 3569 dedit,

286 3589 663 3645 incommoda
686 3590 923 3645 sufferre
948 3590 1242 3663 potuisset.
1281 3591 1365 3642 Ita
1388 3589 1509 3643 fere
1532 3592 1811 3661 quantum
1835 3590 1908 3645 ad

286 3680 667 3734 substantiam
697 3678 941 3745 Zanotti,
976 3682 1037 3733 et
1060 3681 1214 3733 recte
1234 3696 1392 3732 sane.
1419 3680 1604 3750 Atque
1634 3677 1767 3732 hinc
1799 3682 1904 3746 est,

288 3784 391 3821 cur
420 3772 478 3823 et
507 3785 732 3835 eorum,
765 3768 863 3839 qui
895 3767 1171 3823 Sanctum
1203 3782 1355 3820 anno
1396 3768 1528 3819 1020
1558 3769 1757 3819 natum
1791 3769 1903 3820 sta-

288 3858 478 3919 tuunt,
511 3856 707 3925 opinio
726 3854 868 3909 mihi
897 3851 1293 3925 displiceatzin
1319 3853 1422 3906 hac
1457 3851 1615 3906 enim
1640 3852 1753 3919 ille,
1772 3870 1904 3907 cum

286 3959 443 3998 anno
470 3945 604 3998 1084-
632 3942 690 3997 in
724 3942 1035 3998 Carthusiaz
1064 3956 1325 3996 eremum
1348 3938 1596 4005 secessit,
1614 3955 1903 3993 annorum

288 4035 537 4101 quatuor
547 4048 718 4103 supra
735 4030 1031 4102 sexaginta
1045 4027 1323 4084 exstiterit
1341 4044 1354 4095 ;
1375 4044 1488 4099 qua
1504 4027 1722 4097 pariter
1734 4029 1903 4081 aetate

290 4118 654 4190 rigidissimae
701 4118 1161 4192 gravissimisque
1202 4114 1590 4171 incommodis
1640 4114 1902 4170 obnoxia:

290 4206 439 4273 vitae,
470 4223 644 4277 quam
670 4210 807 4261 tunc
836 4204 1091 4276 primum
1105 4203 1274 4259 fuerit
1288 4204 1600 4274 amplexus,
1625 4204 1901 4258 ducenda:

290 4295 459 4350 fuisse
488 4312 710 4366 parem,
745 4294 937 4349 minus
968 4293 1238 4348 credibile
1274 4296 1533 4363 apparet.

358 4385 448 4437 48.
483 4383 844 4455 Quapropter
864 4398 994 4437 cum
1040 4381 1278 4436 Sanctus
1309 4378 1600 4450 equidem,
1636 4382 1697 4433 ut
1728 4395 1901 4449 supra

293 4474 606 4537 ostensum,
638 4471 845 4541 major,
872 4486 1046 4542 quam
1071 4468 1268 4540 viginti
1295 4468 1548 4539 quinque
1581 4470 1680 4521 aut
1698 4467 1898 4537 viginti

290 4574 383 4612 sex
413 4559 599 4625 annis,
632 4575 764 4614 cum
795 4574 948 4612 anno
984 4558 1215 4612 1076aut
1238 4555 1499 4626 sequenti
1523 4555 1897 4610 Remensium

288 4646 611 4701 scholarum
641 4645 981 4719 praefectura
1037 4661 1156 4699 sese
1206 4642 1509 4711 abdicavit,
1542 4643 1681 4697 haut
1728 4643 1898 4698 dubie

289 4733 581 4788 exstiterit.
614 4733 878 4788 nativitas
908 4733 1029 4804 ejus
1042 4733 1193 4787 circa
1206 4748 1425 4786 annum
1452 4733 1588 4785 1030
1615 4734 1714 4785 aut
1727 4734 1896 4802 paulo

287 4820 460 4874 serius
488 4820 641 4873 hunc
663 4835 883 4873 annum
903 4819 1053 4874 inter
1076 4822 1133 4872 et
1153 4834 1373 4872 annum
1403 4819 1537 4872 1040
1561 4819 1897 4873 collocanda

289 4908 526 4962 videtnr.
561 4908 644 4961 Ita
667 4907 845 4973 enim,
868 4924 999 4962 cum
1024 4906 1083 4962 in
1112 4900 1431 4961 Cartusiam
1450 4906 1694 4973 secessit,
1712 4922 1893 4962 anno-

289 5011 415 5050 rum
446 4995 748 5050 dumtaxat
776 4994 1192 5066 quinquaginta
1205 4994 1429 5049 circiter
1449 4993 1758 5061 exstiterit;
1783 5011 1897 5065 qua

288 5086 452 5138 etate
481 5085 676 5156 plures
706 5083 875 5137 fuisse
907 5088 964 5138 et
994 5084 1179 5138 adhuc
1209 5083 1449 5152 reperiri
1476 5082 1644 5150 viros,
1663 5085 1894 5153 vegetos

287 5171 466 5225 adhuc
492 5188 555 5226 ac
589 5172 873 5236 robustos,
893 5170 1324 5243 durissimisque
1338 5170 1627 5225 laboribus
1640 5170 1895 5224 ferendis

286 5257 540 5327 idoneos,
576 5259 1184 5331 experientiahabetur
1202 5260 1584 5329 compertum.
1615 5261 1697 5312 lta
1718 5258 1893 5312 etiam

287 5346 497 5416 poterit
528 5346 793 5418 intelligi,
821 5347 917 5418 qui
943 5348 1159 5401 factum
1176 5346 1264 5413 sit,
1289 5350 1351 5400 ut
1383 5348 1595 5415 Bruno,
1631 5364 1759 5401 cum
1786 5348 1890 5400 Re-

289 5433 572 5489 mensium
616 5434 945 5489 scholarum
998 5434 1401 5506 praefecturam
1434 5448 1585 5489 anno
1636 5437 1764 5490 1076
1796 5437 1893 5488 aut

283 5522 542 5596 sequenti
586 5521 825 5591 dimisit,
867 5524 1014 5579 hanc
1049 5524 1173 5596 jam
1206 5510 1445 5579 dudum.
1490 5524 1547 5579 id
1590 5527 1693 5589 est,
1725 5522 1891 5577 annis

1272 5794 1305 5809 κ

2022 501 2482 569 duodecim,imo
2490 501 2615 571 jam
2648 500 2783 555 inde
2815 502 2889 556 ad
2920 518 3073 557 anno
3094 506 3250 570 1056,
3276 505 3320 559 si
3348 507 3640 565 Marlottus

2020 590 2145 643 loco
2177 606 2349 660 supra
2379 590 2472 643 cit.
2508 592 2665 643 recte
2694 592 2878 656 notet,
2912 590 3194 661 gessisset,
3228 608 3495 665 eamque,
3528 614 3641 668 qua

2021 681 2157 731 tunc
2184 678 2532 739 inclaruisse.
2568 695 2602 731 a
2633 678 2900 732 Guiberto
2935 679 3006 732 de
3036 679 3376 751 Novigento,
3410 686 3639 740 auctore

2018 782 2208 821 coaevo
2242 766 2398 821 infra
2431 767 2742 838 saepissime
2772 767 3085 834 laudando,
3121 770 3331 825 diserte
3348 772 3637 842 asseritur,

2017 855 2299 927 variisque
2330 855 2389 909 in
2406 856 2602 910 Titulis
2615 855 2951 911 funebribus
2974 873 3147 928 supra
3160 859 3344 914 citatis
3358 859 3412 914 in
3422 861 3636 930 nuitur,

2018 944 2268 999 nominis
2317 945 2712 1000 celebritatem
2754 945 2882 1016 jam
2934 946 3339 1019 acquisivisset.
3386 950 3454 1004 Et
3499 967 3639 1007 sane

2017 1029 2452 1098 Sanctum,cum
2466 1033 2774 1089 Carthusiae
2792 1051 3056 1090 eremum
3075 1039 3160 1090 est
3174 1036 3479 1109 ingressus,
3499 1040 3638 1112 quin

2016 1120 2436 1189 quagenarium
2467 1121 2692 1177 circiter
2723 1126 2822 1177 aut
2852 1139 2920 1178 eo
2955 1123 3130 1179 etiam
3155 1128 3325 1197 paula
3353 1127 3639 1198 majorem

2014 1205 2205 1273 fuisse,
2241 1224 2304 1261 ac
2335 1208 2503 1279 proin
2520 1213 2781 1281 tempore
2803 1211 2929 1282 jam
2944 1212 3231 1284 assignato
3264 1217 3467 1271 natum
3492 1233 3637 1282 esse,

2013 1296 2330 1367 utcumque
2356 1298 2532 1353 etiam
2548 1300 2751 1354 suadet
2771 1300 2996 1368 modus,
3019 1318 3132 1372 quo
3164 1302 3234 1356 de
3266 1319 3355 1369 eo,
3373 1305 3545 1360 veluti
3568 1306 3640 1361 de

2015 1382 2135 1437 viro
2186 1385 2357 1456 longe
2408 1386 2766 1457 gravissimo,
2820 1389 3118 1460 aetatisque
3158 1391 3330 1461 plane
3382 1394 3635 1463 maturo,

2016 1486 2207 1524 serma
2250 1472 2314 1526 fit
2362 1475 2491 1528 tum
2542 1474 2600 1527 in
2633 1474 2802 1529 variis
2843 1476 3039 1530 Titulis
3086 1476 3422 1534 funebribus
3466 1497 3641 1552 supra

2014 1559 2279 1627 laudatis,
2317 1562 2442 1615 tum
2485 1562 2544 1616 in
2576 1561 2690 1616 vita
2722 1563 2779 1616 S.
2813 1563 3089 1634 Hugonis,
3123 1564 3639 1638 Gratianopolitani

2018 1647 2288 1719 episcopi,
2338 1649 2490 1720 apud
2538 1666 2644 1703 nos
2686 1652 2808 1704 tom
2843 1652 2864 1703 Ι
2908 1651 3116 1721 Aprilis
3156 1653 3390 1721 inserta,
3435 1654 3492 1708 in
3524 1671 3639 1727 qua

1945 1721 1997 1781 Β
2018 1740 2218 1792 auctor
2230 1739 2583 1809 synchronus
2599 1739 2697 1793 Gui
2705 1754 2798 1810 go,
2828 1739 3059 1810 quintus
3085 1740 3394 1798 Carthusim
3414 1721 3639 1814 Majoris

2016 1826 2195 1895 prior,
2231 1842 2393 1881 num.
2454 1831 2510 1881 11
2551 1827 2621 1882 de
2653 1826 2710 1881 S.
2744 1827 3033 1894 Brunone,
3087 1829 3161 1883 ad
3190 1833 3452 1884 sanctum
3483 1833 3636 1887 hunc

2016 1914 2348 1984 episcopum
2380 1914 2573 1985 paucis
2599 1914 2818 1981 diebus,
2840 1917 3153 1986 antequam
3181 1916 3539 1973 Carthusiam
3556 1918 3640 1973 in-

2016 2003 2374 2071 grederetur,
2408 2003 2694 2070 veniente,
2730 2003 2809 2058 ita
2840 2003 3122 2074 loquitur:
3156 2026 3184 2055 ‹‹
3216 2004 3392 2059 Adest
3421 2006 3635 2078 magis-

2014 2094 2104 2145 ter
2132 2092 2343 2158 Bruno,
2372 2091 2457 2146 vir
2483 2092 2764 2164 religione
2781 2090 3133 2162 scientiaque
3146 2092 3634 2159 famosus,hones-

2014 2179 2145 2232 tatis
2159 2181 2216 2232 et
2245 2179 2535 2250 gravitatis
2566 2196 2630 2235 ac
2652 2180 2826 2234 totius
2866 2178 3215 2234 maturitatis
3252 2179 3413 2254 quasi
3450 2182 3632 2254 quod-

2015 2266 2150 2320 dam
2175 2266 2571 2323 simulacrum.
2606 2288 2635 2316 ››

2084 2356 2173 2409 49.
2204 2355 2456 2423 Accedit,
2490 2356 2549 2410 in
2602 2354 2835 2411 diversis
2866 2354 3115 2411 ecclesiis
3153 2357 3281 2428 jam
3322 2359 3467 2425 tum,
3503 2374 3636 2415 cum

2014 2442 2255 2498 Sanctus
2296 2460 2450 2499 anno
2500 2446 2637 2500 1084
2668 2444 2727 2499 in
2776 2462 3039 2500 eremum
3089 2445 3339 2512 secessit,
3386 2448 3638 2504 celebres

2012 2532 2272 2587 ﬂoruisse
2294 2532 2461 2599 viros,
2494 2550 2638 2605 quos
2656 2534 2747 2587 hic
2765 2533 3072 2603 discipulos
3088 2533 3396 2601 habuisset,
3418 2535 3638 2606 hosque

2011 2618 2166 2675 inter
2208 2621 2468 2677 Odonem
2517 2622 2589 2677 de
2637 2620 3021 2689 Castellione,’
3049 2622 3145 2694 qui
3180 2639 3333 2677 anno
3383 2624 3516 2677 1088
3556 2624 3638 2679 ad

2013 2725 2307 2763 summum
2332 2710 2733 2780 pontificatum
2758 2710 2867 2765 fuit
2897 2713 3145 2777 evectus,
3178 2727 3514 2782 nomenque
3534 2711 3638 2767 Ur-

2013 2797 2148 2851 bani
2180 2799 2225 2851 Il
2254 2798 2576 2869 assumpsit.
2610 2800 2723 2853 Nec
2754 2798 2846 2854 hic
2876 2799 3172 2870 praeterire
3203 2816 3437 2871 possum
3484 2799 3639 2857 anti-

2014 2902 2192 2957 quum
2210 2885 2519 2941 Carthusiae
2535 2886 2735 2943 Montis
2767 2887 2868 2942 Dei
2898 2887 2956 2941 in
2982 2887 3241 2942 Picardia
3264 2887 3543 2957 codicem,
3575 2890 3635 2945 in

2016 2990 2128 3045 quo
2179 2972 2235 3027 S.
2285 2975 2474 3030 Bruno
2521 2976 2994 3046 septuagenarius
3026 2976 3231 3032 obiisse
3290 2976 3519 3047 legitur,
3573 2983 3637 3034 ut

2014 3062 2253 3117 Iacobus
2280 3061 2596 3129 Marrinius,
2633 3063 2945 3117 Cartbusia:
2962 3063 3132 3133 hujus
3164 3063 3448 3131 alumnus,
3482 3067 3636 3138 apud

2014 3151 2396 3205 Morkensium
2416 3151 2475 3204 in
2491 3168 2598 3204 ms.
2632 3151 2801 3221 hujus
2818 3149 3556 3222 Chronologica-diplomat
3569 3172 3635 3210 ca

2015 3239 2085 3293 de
2117 3237 2457 3311 S.[Brunone
2488 3237 2762 3306 Diatriba,
2795 3241 2823 3307 §
2859 3243 2878 3293 1
2908 3242 3181 3306 testatur;
3208 3237 3252 3293 si
3270 3238 3428 3294 enim
3455 3242 3634 3298 codex

2012 3326 2106 3382 ille
2138 3330 2292 3382 recte
2327 3329 2507 3393 notet,
2544 3326 2784 3381 Sanctus
2828 3326 3045 3398 utique,
3081 3329 3282 3398 utpote
3318 3344 3473 3383 anno
3499 3332 3625 3386 1101

2012 3416 2126 3471 vita
2155 3417 2401 3484 functus,
2432 3432 2584 3471 anno
2606 3415 2832 3471 circiter
2869 3417 3002 3471 1030
3022 3416 3392 3470 natusfuerit.
3420 3416 3633 3473 Verum

2009 3521 2140 3559 cum
2175 3505 2246 3559 de
2277 3504 2486 3559 codicis
2517 3504 2643 3559 illus
2665 3506 2834 3558 aetate
2868 3502 3011 3558 nihil
3040 3504 3124 3557 vel
3155 3520 3188 3557 a
3218 3503 3512 3573 Martinio,
3545 3508 3631 3562 vel

2009 3611 2043 3648 a
2072 3593 2390 3648 Morkensio
2413 3591 2673 3648 additum
2706 3592 3021 3657 inveniam,
3048 3608 3174 3646 rem
3199 3592 3308 3646 alio
3341 3593 3525 3648 adhuc
3540 3610 3630 3649 ar-

2007 3685 2307 3753 gumento,
2328 3681 2483 3751 quod
2498 3681 2640 3736 mihi
2658 3681 2921 3736 omnium
2937 3680 3349 3757 validissimum
3369 3687 3627 3753 apparet,

1997 3769 2211 3840 juverit
2259 3770 2537 3823 ﬁrmasse.
2594 3770 2835 3824 Sanctus
2875 3769 3299 3833 verosimiliter,
3354 3770 3432 3823 uti
3480 3770 3632 3826 infra

2005 3848 2425 3919 probabo,an_te
2441 3864 2658 3902 annum
2678 3851 2813 3902 1050
2825 3847 3174 3918 Berengario
3193 3848 3251 3901 in
3268 3848 3630 3918 philosophia

2006 3936 2281 4008 magistro
2322 3953 2454 3991 usus
2486 3940 2599 4003 est;
2644 3951 2821 4007 quare
2849 3951 2981 3989 cum
3011 3935 3161 3989 hanc
3190 3934 3628 3992 verosimillime

2004 4043 2119 4081 non
2136 4025 2295 4097 prius
2310 4024 2613 4095 exceperit,
2631 4040 2805 4095 quam
2823 4040 2952 4077 cum
2973 4023 3391 4093 septemdecim
3408 4024 3633 4080 circiter

2003 4130 2293 4167 annorum
2325 4116 2490 4179 esset,
2528 4112 2702 4182 hique
2737 4112 2808 4165 ab
2843 4128 3002 4165 anno
3044 4112 3179 4166 1050
3212 4112 3417 4167 ordine
3452 4116 3633 4169 retro-

2003 4202 2181 4273 grado
2198 4200 2575 4272 computatati
2603 4200 2891 4253 deducant
2907 4200 2979 4254 ad
2993 4216 3210 4253 annum
3229 4200 3456 4256 circiter
3471 4204 3626 4268 1030,

1927 4286 1982 4348 D
2002 4290 2279 4344 Sanctum
2311 4289 2460 4343 circa
2487 4287 2843 4358 huncipsum
2863 4304 3082 4342 annum
3100 4290 3305 4342 natum
3335 4306 3476 4355 esse,
3501 4306 3632 4345 con-

2000 4377 2276 4450 sequitur.
2291 4379 2474 4448 Atque
2491 4376 2625 4430 hinc
2638 4375 2909 4447 precipue
2927 4374 3211 4447 simulque
3234 4393 3301 4431 ex
3317 4376 3441 4431 aliis
3459 4392 3631 4448 supra

2000 4467 2058 4521 in
2094 4465 2350 4520 medium
2382 4464 2641 4518 adductis
2657 4463 3181 4534 probabilissimum
3207 4481 3343 4519 sane
3366 4469 3625 4538 apparet,

2001 4554 2276 4609 Sanctum
2309 4570 2464 4607 anno
2497 4552 2723 4607 circiter
2760 4554 2893 4606 1030
2924 4554 3022 4605 aut
3066 4553 3236 4622 paulo
3260 4554 3439 4609 serius
3474 4555 3628 4609 hunc

1998 4658 2219 4697 annum
2252 4641 2402 4695 inter
2432 4642 2490 4694 et
2507 4656 2727 4695 annum
2758 4640 2892 4694 1040
2917 4642 3119 4693 natum
3140 4655 3281 4708 esse;
3310 4641 3467 4713 quod
3490 4658 3623 4697 cum

1999 4728 2357 4784 sufﬁcienter
2401 4726 2577 4782 modo
2627 4726 2935 4797 probatum
2972 4727 3194 4798 putem,
3230 4726 3305 4782 ad
3338 4727 3450 4783 alia
3492 4744 3626 4799 pro-

1998 4815 2253 4888 gredior.

2034 4906 2061 4973 §
2094 4905 2186 4957 III.
2219 4902 2405 4970 Qualis
2435 4900 2667 4956 Sanctus
2697 4903 2753 4954 in
2792 4902 3029 4973 pueritia
3053 4901 3242 4971 fuerit,
3278 4902 3627 4954 canente-uane

2066 4990 2129 5047 S.
2157 4991 2458 5051 Cuniberti,
2478 4996 2525 5043 et
2542 5008 2646 5061 qua
2680 4996 2836 5044 aetate
2851 4995 2996 5051 esset,
3017 5006 3136 5043 cum
3158 4989 3356 5041 litteras
3384 4986 3623 5042 discendi

2067 5098 2227 5135 causa
2270 5079 2476 5133 Gallias
2503 5078 2658 5139 adiit,
2697 5085 2747 5132 et
2779 5097 2850 5132 an
2882 5079 2959 5131 ibi
2986 5077 3377 5145 Berengarium
3419 5078 3477 5131 in
3501 5077 3625 5147 phi-

2069 5168 2303 5239 losophia
2334 5168 2654 5235 magistrum
2702 5166 2961 5219 habuerit.

2068 5258 2499 5311 Blomenvenna
2535 5255 2593 5308 in
2622 5255 2888 5307 contexta
2921 5269 2954 5305 a
2996 5268 3054 5305 se
3095 5250 3221 5305 Vita
3272 5252 3342 5307 de
3384 5251 3617 5319 Sancto,

1994 5345 2181 5399 adhuc
2224 5359 2423 5414 puero,
2476 5342 2555 5396 ita
2598 5340 2890 5411 loquitur:
2944 5361 2972 5389 «
3024 5338 3201 5409 Hujus
3236 5357 3269 5393 a
3317 5339 3618 5394 cunabulis

1996 5435 2183 5487 mater
2222 5430 2501 5503 sapientia
2537 5428 2785 5482 lactabat
2814 5427 3142 5493 infantiam,
3177 5430 3235 5481 et
3283 5431 3514 5499 semper
3559 5428 3613 5483 in

1995 5521 2257 5593 profectu
2292 5518 2475 5574 aetatis
2523 5517 2801 5588 proﬁcere
2835 5516 2907 5571 ad
2940 5518 3183 5572 meliora
3226 5517 3472 5571 edocuit.
3516 5517 3615 5571 Hic
