3996 6012
309 252 377 312 35
1161 240 1223 309 ,S.
1250 238 1592 297 BRUNONIS
1641 235 2273 297 CARTHUSIANORUM
2315 232 2781 293 INSTITUTORIS
3564 234 3631 295 38

314 377 513 443 etiam,
533 373 673 430 dum
701 384 844 443 puer
858 370 1025 436 esset,
1044 367 1184 423 nihil
1210 370 1430 442 puerile
1455 366 1626 440 gessit
1645 365 1703 419 in
1727 382 1922 436 opere,
1950 369 2005 427 Α
2024 365 2205 431 aiunt,
2239 364 2391 418 hunc
2434 363 2610 417 etiam
2653 358 2853 418 Sancti
2883 358 3038 435 apud
3065 357 3358 417 Labbeum
3378 359 3634 434 elogium

312 470 413 524 sed
444 463 602 537 quasi
634 462 840 515 futurae
872 458 1163 529 religionis
1185 459 1437 529 speciem
1463 459 1779 521 ostentans,
1807 455 1928 524 plu-

311 559 462 613 rium
497 550 916 607 monachorum
942 547 1233 601 institutor
1255 564 1287 600 a
1314 546 1557 600 Domino
1593 545 1922 614 parabatur,

313 644 556 701 Sortitus
590 642 673 693 est
702 641 894 691 autem
929 653 962 689 a
995 635 1239 689 Domino
1264 636 1523 689 animam
1555 633 1927 698 bonam,lau-

315 733 565 790 dabilem
582 724 1162 793 indolem,ingenium
1183 724 1388 789 docile,
1405 722 1752 776 memoriam
1770 724 1928 774 tena-

313 837 461 885 cem,
480 817 834 871 voluntatem
864 811 1167 864 atfectuose
1184 810 1519 864 inclinatam
1541 809 1615 863 ad
1635 808 1876 878 optima.
1893 827 1920 854 »

313 909 529 964 Eadem
557 904 615 956 in
645 900 871 955 edenda
903 898 1095 952 Sancti
1119 898 1243 953 Vita
1278 899 1451 952 habet
1483 897 1699 962 Surius,
1734 912 1767 949 a
1797 896 1923 948 Blo-

315 1008 662 1055 menvenna,
696 1004 871 1059 quem
903 987 993 1040 hic
1017 990 1297 1058 quantum
1341 987 1414 1040 ad
1440 984 1819 1039 substantiam
1852 981 1927 1035 ad

314 1081 588 1144 amussim
627 1075 919 1147 expressit,
955 1075 1012 1128 in
1044 1074 1249 1140 verbis,
1286 1074 1489 1144 quibus
1526 1073 1722 1138 utitur,
1757 1071 1924 1125 dum-

312 1176 470 1231 taxat
507 1169 777 1224 diversus.
807 1166 989 1233 Atque
1020 1163 1139 1216 haec
1171 1162 1407 1233 quidem
1451 1161 1668 1228 omnia,
1702 1159 1924 1214 etiamsi

315 1273 575 1332 expresse
589 1256 675 1308 vel
701 1251 992 1323 scriptoris
1005 1251 1090 1304 vel
1124 1249 1489 1305 monumenti
1521 1248 1741 1320 antiqui
1770 1247 1925 1301 testi-

316 1349 513 1409 monio
546 1340 878 1400 conﬁrmari
902 1341 1058 1394 haud
1080 1344 1314 1410 queant,
1351 1338 1782 1393 verosimillima
1807 1335 1929 1390 uni-

314 1438 523 1494 versim
556 1433 863 1503 apparent;
883 1429 1036 1500 quod
1058 1445 1191 1481 vero
1206 1427 1551 1482 nominatim
1575 1427 1646 1480 ad
1669 1425 1924 1491 eximias,

315 1528 520 1600 quibus
547 1522 789 1576 Sanctus
815 1518 1002 1571 adhuc
1035 1533 1177 1587 puer
1206 1515 1503 1581 effulserit,
1557 1513 1736 1569 animi
1766 1514 1929 1567 dotes

2025 452 2358 523 neutiquam
2388 451 2675 520 exprimit.

2094 544 2181 593 52.
2203 539 2441 608 Oportet
2454 554 2613 607 ergo,
2634 540 2696 592 ut
2712 538 3133 608 scriptoresilli,
3153 554 3280 608 quas
3302 538 3428 593 loco
3450 537 3545 592 cit.
3565 537 3634 592 de

2024 643 2084 680 re
2120 626 2216 680 illa
2250 625 2453 679 litteris
2489 626 2867 692 mandarunt,
2903 626 3069 681 unice
3100 624 3396 679 hauserint
3425 629 3483 680 et
3502 642 3636 697 pro-

2022 715 2152 781 lixa,
2172 730 2345 784 quam
2370 713 2585 767 ibidem
2604 731 2707 784 pro
2735 730 2793 767 se
2807 732 2921 768 una
2936 731 3065 768 cum
3081 713 3271 768 Sancti
3295 714 3480 785 elogio
3496 714 3637 768 dum

2020 806 2177 859 taxat
2192 802 2687 874 citant,quamque
2704 802 3059 857 Mabillonius
3073 803 3241 858 Musei
3254 803 3427 857 Italici
3442 804 3636 858 tom.I.

2023 893 2171 962 part.
2198 907 2256 956 ιι,
2283 905 2415 961 pag.
2466 892 2564 944 H9
2598 893 2655 943 et
2684 907 2845 962 seqq.
2876 890 3126 957 exhibet,
3160 890 3429 945 Manassis
3457 890 3640 946 archi-

2024 978 2278 1050 episcopi
2310 976 2606 1031 Remensis
2636 977 2908 1047 Epistola,
2933 978 3010 1033 ad
3024 978 3325 1049 Hugonem
3344 977 3637 1046 Diensem,

2026 1066 2187 1120 Sedis
2215 1064 2555 1136 Apostolicaa
2607 1064 2666 1118 in
2705 1064 2884 1119 Gallia
2935 1066 3213 1136 legatum,
3252 1065 3407 1132 data,
3439 1065 3497 1120 in
3525 1083 3641 1138 qua

2025 1154 2104 1209 ita
2130 1153 2417 1224 loquitur:
2441 1153 2670 1208 «Bruno
2701 1169 2806 1207 nec
2837 1157 3034 1207 noster
3047 1153 3309 1220 clericus,
3325 1170 3430 1207 nec
3444 1159 3641 1210 noster

2024 1245 2192 1297 natus
2222 1243 2323 1295 aut
2361 1243 2598 1295 renatus
2648 1243 2753 1307 est,
2790 1240 2890 1295 sed
2925 1241 3106 1295 sancti
3147 1241 3440 1296 Cuniberti
3472 1241 3637 1297 Colo-

2025 1329 2256 1395 niensis,
2303 1329 2360 1383 in
2388 1345 2571 1399 regno
2611 1328 3056 1383 Teutonicorum
3099 1328 3290 1401 positi,
3333 1329 3641 1384 canonicus

2026 1420 2175 1471 est.»
2195 1418 2261 1471 Et
2292 1434 2427 1472 sane
2460 1416 2721 1481 Sanctus,
2742 1433 2919 1487 quem
2951 1434 3019 1471 ex
3045 1417 3197 1471 hisce
3219 1416 3485 1472 Manassis
3513 1433 3640 1471 ver-

2025 1504 2110 1559 bis
2143 1504 2391 1559 Goloniaz
2411 1504 2470 1557 in
2494 1503 2805 1574 Collegiata
2822 1503 2880 1558 S.
2900 1503 3192 1558 Cuniberti
3214 1503 3450 1559 ecclesia
3464 1520 3640 1559 cano-

314 1590 589 1686 pertinet,
617 1604 842 1660 veritati
869 1621 1007 1658 sane
1030 1604 1089 1657 id
1120 1620 1243 1657 esse
1258 1618 1599 1668 consonum,
1624 1602 1922 1655 subsecuta

2028 1591 2222 1645 nicum
2240 1590 2433 1657 fuisse,
2464 1594 2710 1658 constat,
2728 1591 3158 1647 verosimillime
3175 1592 3373 1659 etiam,
3388 1609 3455 1646 ex
3474 1594 3642 1663 parte

315 1676 437 1772 Ejus
460 1714 562 1770 per
604 1698 790 1750 totam
831 1692 1004 1745 vitam
1052 1694 1213 1762 gesta
1258 1691 1520 1744 dubitare
1565 1706 1678 1744 non
1712 1690 1926 1756 sinunt,
1949 1676 2001 1734 B
2027 1680 2254 1772 saltem,
2291 1678 2419 1772 etin
2438 1679 2851 1772 haceducatus,
2869 1682 2926 1733 et
2955 1679 3159 1734 litteris
3177 1679 3349 1772 fuerit
3363 1680 3638 1772 excultus,

314 1788 749 1854 luculenterque
767 1798 833 1834 ex
849 1778 1103 1833 dicendis
1115 1780 1388 1848 patescet.
1409 1772 1617 1831 Verum
1634 1777 1928 1831 enimvero

312 1878 529 1932 leviora
556 1874 679 1927 haec
706 1872 859 1934 sunt;
883 1866 1353 1937 gravioralonge,
1389 1864 1929 1935 difﬁcultatibusque

313 1978 464 2036 pene
506 1955 990 2014 inextricabilibus
1039 1951 1332 2022 implicata
1372 1952 1548 2007 modo
1588 1954 1925 2022 sequuntur.

314 2052 744 2105 Blomenvenna
775 2040 978 2107 verbis,
1013 2039 1273 2111 proxime
1305 2056 1373 2093 ex
1403 2055 1470 2093 eo
1502 2038 1628 2108 jam
1655 2038 1924 2105 recitatis,

314 2140 437 2194 haec
458 2134 683 2190 subdit:
716 2155 743 2183 ‹‹
773 2132 985 2184 Verum
1004 2127 1207 2182 scholis
1236 2126 1641 2181 Parisiensibus
1660 2125 1923 2194 traditus,

314 2224 641 2281 liberalibus
672 2220 888 2275 artibus
919 2216 1283 2281 imbuendus,
1317 2216 1466 2269 ultra
1496 2230 1718 2269 coaevos
1760 2213 1929 2283 profi-

315 2315 469 2370 ciens
493 2315 549 2366 et
572 2311 723 2365 inter
742 2307 961 2378 primos
978 2304 1345 2375 philosophos
1357 2302 1583 2356 habitus
1601 2302 1927 2356 scholarum

316 2400 591 2471 magister
610 2399 694 2451 est
718 2395 970 2450 effectus.
998 2414 1025 2441 »
1052 2391 1292 2445 Sanctus
1304 2405 1441 2460 ergo
1464 2388 1781 2442 secundum
1808 2389 1929 2443 Blo-

315 2501 728 2550 menvennam,
773 2482 861 2536 cui
932 2480 1127 2534 Surius
1176 2478 1351 2533 etiam
1412 2479 1667 2542 cosonat,
1726 2477 1929 2530 litteris

315 2574 756 2642 liberalibusque
789 2568 1004 2623 artibus
1045 2565 1291 2632 Parisiis,
1326 2564 1703 2618 celeberrima
1730 2563 1930 2618 Gallia-

315 2680 449 2718 rum
477 2660 721 2723 civitate,
744 2657 918 2711 fuerit
946 2655 1218 2709 imbutus.

389 2754 477 2805 51.
506 2751 581 2802 Ac
612 2747 885 2801 Sanctum
916 2743 1151 2814 quidem
1169 2740 1372 2796 litteris
1403 2754 1641 2811 operam
1658 2739 1929 2793 daturum

320 2830 1079 2905 ColoniaAgrippinaGallias
1094 2827 1499 2900 petiisse,apud
1513 2843 1714 2881 omnes
1729 2826 1784 2879 in
1798 2842 1931 2879 con-

317 2926 465 2981 fesso
496 2928 600 2988 est,
618 2938 720 2976 nec
745 2919 1094 2975 ullarationc
1107 2920 1293 2988 potest
1310 2915 1562 2970 revocari
1591 2914 1647 2968 in
1665 2914 1926 2981 dubium,
1951 2955 1999 3015 Ο

318 3016 399 3071 uti
412 3032 477 3070 ex
491 3010 744 3068 dicendis
759 3009 995 3081 quisque
1012 3006 1178 3061 facile
1198 3004 1496 3075 intelliget.
1524 3004 1733 3057 Verum
1750 3002 1930 3074 quaeri

316 3105 409 3159 hic
440 3104 647 3175 potest,
683 3116 795 3171 qua
818 3099 988 3151 aetate
1039 3095 1246 3150 Gallias
1273 3093 1499 3159 adierit,
1536 3109 1676 3146 num
1711 3093 1927 3145 nallam

317 3193 452 3246 ante
482 3190 541 3243 in
572 3187 757 3259 patria
788 3185 991 3240 litteris
1020 3199 1261 3255 operam
1289 3182 1531 3247 navarit,
1556 3198 1695 3235 num
1719 3180 1926 3251 praevia

317 3280 375 3334 S.
406 3276 697 3333 Cuniberti
728 3274 1069 3328 canonicum
1092 3289 1207 3325 non
1224 3270 1426 3341 egerit,
1451 3273 1507 3323 et
1534 3286 1672 3323 num
1689 3270 1925 3323 tandem

316 3383 447 3421 vere
464 3362 843 3419 Parisiensem
876 3361 1077 3413 urbem
1095 3358 1326 3428 petierit
1348 3356 1658 3427 studiisque
1670 3357 1782 3410 suis
1796 3373 1929 3411 con-

315 3452 569 3509 secrarit.
620 3452 685 3505 Et
715 3449 903 3520 primo
948 3448 1182 3518 quidem
1232 3447 1561 3499 Brunonem
1604 3445 1662 3498 in
1713 3444 1921 3515 patria,

316 3544 630 3612 antequam
673 3537 730 3591 in
781 3535 1020 3591 Galliam
1074 3533 1549 3605 proficisceretur,
1602 3533 1923 3587 litterarum

314 3627 827 3696 Grammaticaeque
858 3622 1200 3677 rudimentis
1226 3622 1394 3675 fuisse
1426 3621 1733 3687 imbutum,
1766 3637 1925 3675 vero-

312 3716 670 3772 simillimum
715 3714 1000 3784 apparet:
1045 3727 1244 3765 verum
1290 3727 1363 3764 an
1408 3710 1703 3763 altioribus
1744 3710 1920 3763 etiam

313 3802 600 3860 scientiis?
623 3802 684 3856 ld
712 3818 872 3865 sane,
915 3800 1053 3853 dum
1082 3801 1293 3864 locum,
1330 3815 1442 3869 quo
1476 3797 1551 3850 ibi
1584 3798 1770 3852 Bruno
1802 3800 1919 3850 stu-

314 3892 519 3958 duerit,
537 3890 851 3959 assignant,
878 3888 1119 3941 innuere
1134 3886 1399 3940 videntur
1424 3886 1679 3940 Historiae
1704 3886 1919 3939 littera-

310 3979 410 4035 riae
442 3977 691 4032 Francia:
727 3975 1045 4045 Scriptores
1076 3977 1221 4027 tom.
1256 3975 1412 4043 lX,p.
1449 3973 1814 4028 233.Etenim
1829 3972 1920 4026 hic

312 4065 587 4121 Sanctum
620 4080 735 4118 non
768 4065 995 4117 tantum
1026 4060 1083 4114 in
1102 4060 1401 4131 collegiata
1424 4060 1480 4115 S.
1512 4060 1803 4115 Cuniberti
1835 4077 1922 4115 ec-

310 4153 497 4219 clesia,
532 4149 801 4205 etlitteris
828 4154 949 4203 tam
983 4148 1184 4203 divinis
1212 4165 1386 4220 quam
1409 4148 1678 4219 humanis
1701 4148 1919 4218 optime

2027 1768 2073 1821 si
2103 1767 2279 1821 modo
2299 1767 2427 1838 jam
2458 1766 2591 1821 inde
2625 1767 2696 1821 ab
2727 1783 2795 1823 eo
2826 1771 3114 1838 tempore,
3157 1785 3269 1840 quo
3301 1768 3361 1822 in
3401 1758 3641 1822 Galliam

2028 1871 2148 1909 sese
2163 1854 2422 1908 nondum
2441 1856 2780 1923 contulerat,
2812 1856 3178 1929 Coloniaaque
3202 1855 3429 1927 juvenis
3457 1855 3642 1909 adhuc

2028 1942 2293 2011 degebat,
2339 1941 2724 1997 Gunibertinis
2755 1944 3044 1998 canonicis
3087 1942 3260 1999 fuerit
3300 1942 3638 2014 adscriptus.

2033 2029 2236 2083 Verum
2268 2032 2420 2096 sunt,
2447 2029 2544 2101 qui
2575 2033 2841 2085 sanctum
2873 2034 3001 2086 tum
3032 2032 3292 2097 demum,
3322 2047 3453 2084 cum
3485 2046 3641 2086 anno

2026 2116 2249 2172 circiter
2270 2120 2401 2173 1076
2434 2120 2531 2171 aut
2553 2118 2816 2189 sequenti
2842 2119 3124 2189 improbis
3163 2119 3429 2175 Manassis
3458 2119 3643 2174 archi-

2026 2206 2275 2276 episcopi
2289 2205 2547 2260 moribus
2564 2206 2773 2261 Remos
2794 2207 3058 2262 deserere
3077 2206 3536 2274 fuissetcoactus,
3557 2223 3646 2260 ca-

2026 2293 2298 2348 nonicatu
2317 2293 2376 2347 in
2393 2294 2697 2364 collegiata
2709 2294 2765 2349 S.
2793 2295 3087 2350 Cuniberti
3102 2295 3347 2351 Ecclesia
3361 2296 3643 2350 donatum

2024 2381 2225 2448 fuisse,
2266 2380 2649 2448 contendunt,
2716 2382 2887 2455 idque
2941 2382 3151 2438 idcirco
3199 2383 3353 2454 quod
3404 2382 3646 2437 Sanctus

2026 2486 2178 2524 anno
2210 2472 2365 2535 1079,
2388 2486 2501 2541 quo
2523 2469 2826 2540 praefatam
2851 2471 3158 2541 epistolam
3200 2472 3479 2527 Manasses
3513 2470 3647 2525 scri-

2027 2559 2157 2628 psit,
2191 2558 2575 2612 Gunibertinaa
2624 2558 2883 2612 Ecclesiae
2929 2560 3237 2614 canonicus
3280 2559 3502 2613 ratione
3547 2559 3647 2613 ob-

2025 2647 2170 2700 tenti
2190 2646 2249 2700 in
2263 2647 2367 2700 hac
2380 2646 2437 2700 in
2455 2646 2841 2701 adolescentia
2861 2647 3231 2702 canonicatus
3244 2648 3432 2703 vocari
3447 2647 3646 2719 nequi-

2027 2736 2213 2801 visset,
2265 2754 2398 2791 cum
2448 2741 2581 2791 tunc
2625 2738 2905 2793 beneﬁcio
2955 2737 3305 2809 hujusmodi,
3363 2741 3559 2810 utpote
3609 2755 3644 2794 a

2026 2825 2289 2897 pturibus
2311 2826 2437 2896 jam
2481 2826 2647 2880 annis
2678 2826 2939 2881 Ecclesia;
2986 2827 3288 2881 Remensis
3333 2827 3642 2881 canonicus

2027 2914 2227 2981 factus,
2261 2931 2381 2968 sese
2413 2914 2569 2969 haud
2598 2914 2769 2969 dubie
2814 2915 3150 2970 abdicasset.
3189 2916 3298 2970 Res
3327 2931 3463 2970 sane
3498 2914 3640 2971 mihi

2027 3007 2113 3058 sat
2143 3004 2465 3059 verisimilis
2493 3008 2754 3076 apparet.

2098 3096 2186 3147 53.
2238 3094 2509 3146 Attamen
2552 3092 2678 3146 ﬁeri
2721 3095 2933 3163 potest,
2983 3096 3044 3147 ut
3085 3094 3366 3149 Manasses
3412 3095 3639 3149 locutus

2025 3178 2197 3232 fuerit
2228 3179 2298 3233 de
2349 3178 2579 3246 Sancto,
2624 3180 2796 3233 veluti
2828 3180 2898 3235 de
2943 3180 3333 3235 Cunibertinus
3378 3181 3640 3237 Ecclesiae

2024 3267 2323 3333 canonico,
2358 3267 2533 3339 quod,
2568 3267 2671 3321 etsi
2704 3284 2822 3322 non
2854 3268 3103 3339 amplius
3136 3272 3290 3334 tunc,
3329 3269 3639 3341 aliquando

2024 3358 2222 3409 tamen
2267 3354 2324 3408 in
2352 3356 2458 3409 hac
2502 3354 2910 3410 canonicatum
2957 3356 3315 3423 obtinuisset,
3364 3374 3639 3429 eumque,

2025 3446 2222 3513 utpote
2240 3443 2427 3512 pravis
2451 3444 2565 3497 suis
2582 3444 2835 3498 moribus
2850 3443 3225 3510 contrarium,
3242 3460 3348 3514 pro
3362 3445 3640 3501 canonico

2023 3532 2291 3585 Remensi
2338 3532 2557 3586 habere
2589 3549 2657 3585 ex
2688 3531 2821 3586 odio
2855 3532 3069 3599 nollet;
3114 3533 3270 3604 quod
3318 3537 3381 3587 ut
3424 3534 3642 3588 facilius

2022 3619 2179 3673 credi
2211 3624 2403 3691 queat,
2466 3620 2702 3687 faciunt,
2737 3637 2864 3691 qua:
2903 3620 3028 3691 jam
3086 3620 3337 3675 recitatis
3378 3623 3639 3693 proxime

2022 3709 2231 3773 subdit,
2267 3710 2388 3762 heee
2410 3709 2617 3763 verba:
2654 3730 2681 3757 ‹‹
2714 3709 2883 3778 Cujus
2906 3708 3207 3779 (Brunonis
3233 3707 3527 3779 nimirum)
3546 3726 3636 3763 so-

2020 3796 2288 3850 cietatem
2304 3814 2419 3851 non
2438 3786 2791 3866 magnopere
2805 3780 3370 3866 atfectamus,'utpote
3390 3795 3461 3850 de
3477 3796 3638 3867 cujus

2020 3884 2135 3938 vita
2151 3888 2207 3938 et
2236 3883 2495 3937 libertate
2510 3884 2734 3953 penitus
2753 3883 3120 3954 ignoramus;
3153 3888 3208 3938 et
3222 3884 3375 3955 quia,
3402 3884 3634 3956 quando

2019 3970 2173 4041 apud
2197 3987 2300 4024 nos
2330 3970 2455 4036 fuit,
2489 3970 2685 4023 multis
2712 3970 3008 4025 beneficiis
3039 3988 3073 4026 a
3102 3972 3267 4025 nobis
3291 3972 3349 4025 in
3372 3988 3506 4026 eum
3525 3973 3636 4026 col-

2018 4057 2165 4123 latis,
2200 4057 2350 4111 male
2373 4060 2431 4111 et
2462 4057 2729 4129 nequiter
2752 4059 2981 4112 tractati
2995 4076 3211 4113 sumus.
3239 4080 3267 4108 »
3292 4061 3373 4115 Ita
3395 4059 3629 4131 quippe,

2018 4149 2082 4199 ut
2112 4145 2320 4200 Sancto
2341 4146 2494 4216 apud
2516 4146 2677 4200 Sedis
2706 4147 3047 4217 Apostolica:
3068 4148 3323 4219 legatum
3354 4147 3633 4203 invidiam

308 4242 620 4305 imbutum,
639 4242 922 4308 etmagna
945 4254 1081 4291 cura
1111 4238 1415 4291 educatum
1436 4236 1624 4302 fuisse,
1641 4237 1915 4305 scribunt,
1938 4241 1989 4301 D
2018 4234 2533 4299 conﬂet,Manasses
2549 4234 2636 4289 bic
2649 4235 3014 4306 loquitur.Ad
3030 4236 3149 4289 haec
3167 4236 3408 4290 Sanctus
3421 4253 3454 4290 a
3468 4236 3634 4290 Cuni-

308 4344 509 4383 vecum
523 4327 697 4381 etiam
713 4326 891 4380 citant
902 4325 957 4379 in
975 4324 1239 4395 margine
1253 4324 1543 4379 Labbeum
1558 4324 1917 4379 Bibliotheca:

308 4417 477 4471 Nova:
508 4418 653 4469 tom.
684 4416 725 4480 Ι,
758 4429 814 4483 p.
850 4415 974 4480 638,
999 4430 1095 4467 seu
1121 4412 1312 4466 Sancti
1345 4411 1524 4466 nostri
1552 4412 1824 4482 elogium,
1850 4429 1917 4467 ex

307 4505 419 4559 hoc
448 4501 658 4556 Labbei
680 4502 805 4555 loco
840 4518 1001 4555 num.
1037 4507 1067 4555 7
1098 4501 1209 4554 huc
1238 4499 1670 4569 transcriptum,
1704 4500 1763 4553 in
1803 4517 1915 4571 quo

219 4584 235 4603 “
308 4595 507 4647 tamen
540 4590 613 4647 ad
643 4606 845 4643 eorum
871 4589 1232 4660 propositum
1268 4588 1408 4645 nihil
1443 4588 1708 4653 occurrit,
1741 4604 1916 4659 quam

310 4701 339 4731 «
368 4678 569 4733 litteris
618 4681 739 4731 tam
772 4677 1133 4731 szecularibus
1164 4692 1337 4747 quam
1373 4674 1573 4729 divinis
1606 4675 1765 4729 valde
1789 4692 1915 4729 mu-

304 4766 490 4821 nitum
526 4765 693 4819 fuisse
721 4766 1049 4819 Brunonem
1075 4781 1133 4829 ;»
1158 4780 1283 4833 qua:
1312 4762 1688 4833 elogiiverba,
1706 4765 1766 4816 ut
1786 4779 1919 4818 con-

303 4853 579 4909 sideranti
631 4852 868 4923 patebit,
910 4850 1285 4921 intelligenda
1338 4849 1622 4920 praecipue
1671 4854 1805 4904 sunt
1845 4851 1915 4909 de

304 4940 599 4996 altioribus
643 4938 894 4993 sicentiis
926 4936 1293 5005 Philosophia
1324 4939 1382 4989 et
1411 4936 1742 5008 Theologia,
1775 4955 1915 5008 quas

304 5028 541 5083 Sanctus
568 5025 876 5097 aliquando
909 5023 1189 5087 calluerit,
1222 5040 1476 5095 quasque
1520 5023 1751 5078 interim
1777 5042 1911 5082 eum

304 5116 574 5180 Coloniae,
611 5119 923 5184 antequam
946 5110 1148 5165 Gallias
1175 5111 1379 5177 adiret,
1397 5129 1514 5166 non
1542 5112 1820 5181 didicisse,
1845 5132 1911 5170 ex

230 5258 233 5269 Α
302 5206 471 5258 ωιειιθ
498 5200 687 5254 minus
708 5201 995 5270 provecta,
1026 5214 1139 5269 qua
1159 5202 1291 5252 tunc
1322 5199 1513 5265 fuisse,
1540 5199 1690 5255 infra
1710 5203 1913 5271 proba-

302 5290 476 5357 bitur,
511 5289 733 5342 certum
771 5289 1030 5355 apparet.
1049 5286 1213 5350 Quod
1242 5290 1435 5341 autem
1455 5288 1526 5341 ad
1559 5289 1769 5355 locum,
1796 5308 1909 5362 quo

304 5379 578 5434 Sanctum
630 5374 878 5431 Coloniae
917 5375 1225 5431 educatum
1258 5376 1572 5448 litterisque
1621 5376 1911 5435 imbutum

2016 4323 2243 4377 bertino
2276 4323 2688 4378 canonicorum
2702 4324 2966 4395 collegio,
2990 4324 3049 4378 in
3065 4342 3177 4396 quo
3200 4324 3455 4395 primum
3476 4325 3628 4391 vita',

2014 4412 2089 4466 ad
2119 4427 2407 4466 canonum
2442 4412 2843 4484 praescriptum
2875 4413 3192 4484 exigendae,
3222 4431 3343 4467 sese
3368 4414 3629 4481 dederat,

2017 4499 2420 4554 Cunibertinus
2451 4500 2780 4567 canonicus,
2815 4500 2920 4555 etsi
2943 4501 3015 4555 ad
3047 4501 3633 4561 aliudcanonicorum

2015 4589 2321 4660 collegium
2336 4588 2462 4659 jam
2476 4588 2809 4655 transiisset,
2828 4588 2937 4643 dici
2949 4589 3141 4643 forsan
3156 4590 3341 4645 adhuc
3355 4592 3625 4661 potuerit,

2016 4678 2170 4749 quod
2201 4694 2304 4749 pro
2340 4680 2622 4747 tempore,
2656 4694 2768 4750 quo
2798 4677 2989 4731 Remis
3008 4682 3349 4746 versaretur,
3389 4680 3630 4751 posscssi

2017 4765 2074 4819 in
2097 4766 2341 4819 Ecclesia
2372 4765 2746 4821 Cunibertina
2776 4752 3145 4820 canonicatus
3173 4767 3451 4823 fructibus
3468 4768 3631 4823 dum-

2014 4856 2169 4907 taxat
2201 4853 2609 4919 renunciasset,
2634 4853 2753 4922 ipso
2773 4851 3006 4907 interim
3025 4854 3367 4909 canonicatu
3390 4856 3625 4911 canoni-

2013 4940 2177 5012 eique
2224 4940 2580 4995 Gunibertini
2625 4940 2789 4993 titulo
2837 4943 3089 5007 retento,
3139 4946 3201 4996 ut
3245 4942 3318 4997 ad
3358 4942 3532 5009 hunc,
3582 4944 3628 4999 si

2012 5028 2242 5099 quando
2273 5028 2540 5083 Remensi
2582 5027 2898 5094 excidisset,
2943 5029 3133 5084 redire
3174 5029 3469 5101 potuisset.
3505 5033 3625 5086 Duo

2011 5119 2165 5170 certe
2197 5116 2415 5171 diversa
2446 5117 2597 5170 hunc
2620 5116 2678 5169 in
2697 5116 2959 5184 modum,
2996 5118 3245 5172 maxime
3270 5117 3313 5171 si
3344 5117 3623 5188 legitima,

2013 5207 2074 5258 ut
2125 5205 2247 5258 fieri
2295 5204 2500 5275 potuit,
2543 5204 2851 5259 auctoritas
2893 5205 3286 5272 intervenerit,
3348 5206 3627 5261 beneficia

2011 5293 2354 5363 possidendo
2402 5293 2459 5346 in
2497 5310 2749 5347 canones
2788 5300 3123 5364 peccaturus
3166 5294 3407 5348 Sanctus
3452 5294 3622 5349 fuisse

2012 5397 2129 5439 non
2160 5379 2405 5439 videtur.
2448 5380 2608 5438 Hisce
2642 5382 2834 5455 itaque
2865 5381 3466 5450 consideratis,eerum
3498 5380 3622 5455 opi-
