  <div class='ocr_page' id='page_1' title='image "/cluster/home/n/w/nwhite01/storage/ocr_20150623/152/hvd.32044054760103/024.png"; bbox 0 0 3996 6012; ppageno 0'>
   <div class='ocr_carea' id='block_1_1' title="bbox 284 230 3622 300">
    <p class='ocr_par' dir='ltr' id='par_1_1' title="bbox 284 230 3622 300">
     <span class='ocr_line' id='line_1_1' title="bbox 284 230 3622 300; baseline 0.001 -3"><span class='ocrx_word' id='word_1_1' title='bbox 284 239 354 298; x_wconf 80' lang='lat'>37</span> <span class='ocrx_word' id='word_1_2' title='bbox 1878 230 2057 287; x_wconf 75' lang='lat' dir='ltr'>ACTA</span> <span class='ocrx_word' id='word_1_3' title='bbox 3554 244 3622 300; x_wconf 86' lang='lat'>38</span> 
     </span>
    </p>
   </div>
   <div class='ocr_carea' id='block_1_2' title="bbox 286 357 3619 436">
    <p class='ocr_par' dir='ltr' id='par_1_2' title="bbox 286 357 3619 436">
     <span class='ocr_line' id='line_1_2' title="bbox 286 357 3619 436; baseline 0.002 -18"><span class='ocrx_word' id='word_1_4' title='bbox 286 361 407 430; x_wconf 86' lang='lat' dir='ltr'>uio,</span> <span class='ocrx_word' id='word_1_5' title='bbox 441 359 537 436; x_wconf 89' lang='lat' dir='ltr'>qui</span> <span class='ocrx_word' id='word_1_6' title='bbox 563 361 918 431; x_wconf 88' lang='lat' dir='ltr'>Brunouem,</span> <span class='ocrx_word' id='word_1_7' title='bbox 943 361 1255 433; x_wconf 81' lang='lat' dir='ltr'>antequam</span> <span class='ocrx_word' id='word_1_8' title='bbox 1283 360 1489 416; x_wconf 85' lang='lat' dir='ltr'>Gallias</span> <span class='ocrx_word' id='word_1_9' title='bbox 1520 358 1725 426; x_wconf 84' lang='lat' dir='ltr'>adiret,</span> <span class='ocrx_word' id='word_1_10' title='bbox 1745 358 1910 413; x_wconf 88' lang='lat' dir='ltr'>Colo-</span> <span class='ocrx_word' id='word_1_11' title='bbox 1933 360 1987 420; x_wconf 84' lang='grc' dir='ltr'><strong>Α</strong></span> <span class='ocrx_word' id='word_1_12' title='bbox 2009 357 2265 414; x_wconf 88' lang='lat' dir='ltr'>berrima</span> <span class='ocrx_word' id='word_1_13' title='bbox 2294 360 2430 414; x_wconf 90' lang='lat' dir='ltr'>tunc</span> <span class='ocrx_word' id='word_1_14' title='bbox 2479 360 2747 417; x_wconf 83' lang='lat' dir='ltr'>Remensi</span> <span class='ocrx_word' id='word_1_15' title='bbox 2778 362 2972 418; x_wconf 86' lang='lat' dir='ltr'>schola</span> <span class='ocrx_word' id='word_1_16' title='bbox 3014 364 3249 433; x_wconf 81' lang='lat' dir='ltr'>addixit,</span> <span class='ocrx_word' id='word_1_17' title='bbox 3302 368 3364 422; x_wconf 88' lang='lat' dir='ltr'>ut</span> <span class='ocrx_word' id='word_1_18' title='bbox 3409 365 3531 423; x_wconf 89' lang='lat' dir='ltr'>aliis</span> <span class='ocrx_word' id='word_1_19' title='bbox 3559 368 3619 425; x_wconf 89' lang='lat' dir='ltr'>in</span> 
     </span>
    </p>
   </div>
   <div class='ocr_carea' id='block_1_3' title="bbox 289 450 1909 521">
    <p class='ocr_par' dir='ltr' id='par_1_3' title="bbox 289 450 1909 521">
     <span class='ocr_line' id='line_1_3' title="bbox 289 450 1909 521; baseline -0.004 -14"><span class='ocrx_word' id='word_1_20' title='bbox 289 455 398 507; x_wconf 67' lang='lat' dir='ltr'>nite</span> <span class='ocrx_word' id='word_1_21' title='bbox 430 452 488 506; x_wconf 88' lang='lat' dir='ltr'>in</span> <span class='ocrx_word' id='word_1_22' title='bbox 521 451 824 521; x_wconf 80' lang='lat' dir='ltr'>collegiata</span> <span class='ocrx_word' id='word_1_23' title='bbox 862 452 919 506; x_wconf 92' lang='lat' dir='ltr'>S.</span> <span class='ocrx_word' id='word_1_24' title='bbox 957 452 1249 506; x_wconf 87' lang='lat' dir='ltr'>Cuniberti</span> <span class='ocrx_word' id='word_1_25' title='bbox 1287 451 1523 507; x_wconf 85' lang='lat' dir='ltr'>ecclesia</span> <span class='ocrx_word' id='word_1_26' title='bbox 1565 450 1909 505; x_wconf 89' lang='lat' dir='ltr'>canonicum</span> 
     </span>
    </p>
   </div>
   <div class='ocr_carea' id='block_1_4' title="bbox 289 537 1907 610">
    <p class='ocr_par' dir='ltr' id='par_1_4' title="bbox 289 537 1907 610">
     <span class='ocr_line' id='line_1_4' title="bbox 289 537 1907 610; baseline -0.002 -17"><span class='ocrx_word' id='word_1_27' title='bbox 289 540 928 605; x_wconf 78' lang='lat' dir='ltr'>exstitisse,autumant,</span> <span class='ocrx_word' id='word_1_28' title='bbox 964 556 1080 593; x_wconf 92' lang='lat' dir='ltr'>non</span> <span class='ocrx_word' id='word_1_29' title='bbox 1116 540 1355 594; x_wconf 86' lang='lat' dir='ltr'>omnino</span> <span class='ocrx_word' id='word_1_30' title='bbox 1388 537 1782 610; x_wconf 86' lang='lat' dir='ltr'>improbabilis</span> <span class='ocrx_word' id='word_1_31' title='bbox 1808 552 1907 606; x_wconf 88' lang='lat' dir='ltr'>ap-</span> 
     </span>
    </p>
   </div>
   <div class='ocr_carea' id='block_1_5' title="bbox 286 626 1906 698">
    <p class='ocr_par' dir='ltr' id='par_1_5' title="bbox 286 626 1906 698">
     <span class='ocr_line' id='line_1_5' title="bbox 286 626 1906 698; baseline -0.001 -17"><span class='ocrx_word' id='word_1_32' title='bbox 286 631 474 698; x_wconf 88' lang='lat' dir='ltr'>paret,</span> <span class='ocrx_word' id='word_1_33' title='bbox 501 644 568 680; x_wconf 92' lang='lat' dir='ltr'>ac</span> <span class='ocrx_word' id='word_1_34' title='bbox 588 627 757 696; x_wconf 83' lang='lat' dir='ltr'>proin</span> <span class='ocrx_word' id='word_1_35' title='bbox 780 626 1036 680; x_wconf 56' lang='lat' dir='ltr'>Historia</span> <span class='ocrx_word' id='word_1_36' title='bbox 1061 627 1353 681; x_wconf 66' lang='lat' dir='ltr'>litterario:</span> <span class='ocrx_word' id='word_1_37' title='bbox 1386 627 1637 680; x_wconf 63' lang='lat' dir='ltr'>Franciaa</span> <span class='ocrx_word' id='word_1_38' title='bbox 1668 626 1906 696; x_wconf 87' lang='lat' dir='ltr'>scripto-</span> 
     </span>
    </p>
   </div>
   <div class='ocr_carea' id='block_1_6' title="bbox 287 714 1908 785">
    <p class='ocr_par' dir='ltr' id='par_1_6' title="bbox 287 714 1908 785">
     <span class='ocr_line' id='line_1_6' title="bbox 287 714 1908 785; baseline -0.001 -17"><span class='ocrx_word' id='word_1_39' title='bbox 287 732 398 780; x_wconf 89' lang='lat' dir='ltr'>res,</span> <span class='ocrx_word' id='word_1_40' title='bbox 429 714 571 768; x_wconf 88' lang='lat' dir='ltr'>dum</span> <span class='ocrx_word' id='word_1_41' title='bbox 615 718 905 779; x_wconf 87' lang='lat' dir='ltr'>sanctum,</span> <span class='ocrx_word' id='word_1_42' title='bbox 939 718 1251 785; x_wconf 84' lang='lat' dir='ltr'>antequam</span> <span class='ocrx_word' id='word_1_43' title='bbox 1303 714 1514 768; x_wconf 85' lang='lat' dir='ltr'>Gallias</span> <span class='ocrx_word' id='word_1_44' title='bbox 1554 715 1796 784; x_wconf 81' lang='lat' dir='ltr'>peteret,</span> <span class='ocrx_word' id='word_1_45' title='bbox 1850 716 1908 766; x_wconf 90' lang='lat' dir='ltr'>et</span> 
     </span>
    </p>
   </div>
   <div class='ocr_carea' id='block_1_7' title="bbox 287 801 1905 867">
    <p class='ocr_par' dir='ltr' id='par_1_7' title="bbox 287 801 1905 867">
     <span class='ocr_line' id='line_1_7' title="bbox 287 801 1905 867; baseline -0.001 -12"><span class='ocrx_word' id='word_1_46' title='bbox 287 802 553 855; x_wconf 67' lang='lat' dir='ltr'>Ecclesia:</span> <span class='ocrx_word' id='word_1_47' title='bbox 586 802 972 855; x_wconf 76' lang='lat' dir='ltr'>Cunibertinee</span> <span class='ocrx_word' id='word_1_48' title='bbox 999 801 1342 855; x_wconf 87' lang='lat' dir='ltr'>canonicum</span> <span class='ocrx_word' id='word_1_49' title='bbox 1373 801 1611 867; x_wconf 89' lang='lat' dir='ltr'>faciunt,</span> <span class='ocrx_word' id='word_1_50' title='bbox 1640 806 1697 855; x_wconf 84' lang='lat' dir='ltr'>et</span> <span class='ocrx_word' id='word_1_51' title='bbox 1717 801 1774 854; x_wconf 91' lang='lat' dir='ltr'>iu</span> <span class='ocrx_word' id='word_1_52' title='bbox 1800 801 1905 853; x_wconf 89' lang='lat' dir='ltr'>hac</span> 
     </span>
    </p>
   </div>
   <div class='ocr_carea' id='block_1_8' title="bbox 286 889 1907 955">
    <p class='ocr_par' dir='ltr' id='par_1_8' title="bbox 286 889 1907 955">
     <span class='ocr_line' id='line_1_8' title="bbox 286 889 1907 955; baseline -0.002 -11"><span class='ocrx_word' id='word_1_53' title='bbox 286 890 462 944; x_wconf 85' lang='lat' dir='ltr'>fuisse</span> <span class='ocrx_word' id='word_1_54' title='bbox 489 890 820 955; x_wconf 89' lang='lat' dir='ltr'>educatum,</span> <span class='ocrx_word' id='word_1_55' title='bbox 867 889 1184 955; x_wconf 86' lang='lat' dir='ltr'>afﬁrmant,</span> <span class='ocrx_word' id='word_1_56' title='bbox 1233 889 1443 943; x_wconf 89' lang='lat' dir='ltr'>erroris</span> <span class='ocrx_word' id='word_1_57' title='bbox 1474 889 1780 944; x_wconf 86' lang='lat' dir='ltr'>indubitati</span> <span class='ocrx_word' id='word_1_58' title='bbox 1820 903 1907 941; x_wconf 86' lang='lat' dir='ltr'>ar-</span> 
     </span>
    </p>
   </div>
   <div class='ocr_carea' id='block_1_9' title="bbox 288 977 1909 1050">
    <p class='ocr_par' dir='ltr' id='par_1_9' title="bbox 288 977 1909 1050">
     <span class='ocr_line' id='line_1_9' title="bbox 288 977 1909 1050; baseline 0 -18"><span class='ocrx_word' id='word_1_59' title='bbox 288 977 603 1050; x_wconf 56' lang='lat' dir='ltr'>guerejnon</span> <span class='ocrx_word' id='word_1_60' title='bbox 617 979 799 1033; x_wconf 86' lang='lat' dir='ltr'>ausim</span> <span class='ocrx_word' id='word_1_61' title='bbox 810 1020 824 1044; x_wconf 96' lang='lat'>,</span> <span class='ocrx_word' id='word_1_62' title='bbox 847 978 979 1032; x_wconf 90' lang='lat' dir='ltr'>licet</span> <span class='ocrx_word' id='word_1_63' title='bbox 999 978 1234 1031; x_wconf 89' lang='lat' dir='ltr'>interim</span> <span class='ocrx_word' id='word_1_64' title='bbox 1248 979 1601 1032; x_wconf 89' lang='lat' dir='ltr'>contrarium</span> <span class='ocrx_word' id='word_1_65' title='bbox 1622 977 1909 1032; x_wconf 68' lang='lat' dir='ltr'>aestiman-</span> 
     </span>
    </p>
   </div>
   <div class='ocr_carea' id='block_1_10' title="bbox 290 1065 1373 1137">
    <p class='ocr_par' dir='ltr' id='par_1_10' title="bbox 290 1065 1373 1137">
     <span class='ocr_line' id='line_1_10' title="bbox 290 1065 1373 1137; baseline -0.001 -16"><span class='ocrx_word' id='word_1_66' title='bbox 290 1067 437 1121; x_wconf 84' lang='lat' dir='ltr'>tium</span> <span class='ocrx_word' id='word_1_67' title='bbox 463 1065 664 1136; x_wconf 89' lang='lat' dir='ltr'>opinio</span> <span class='ocrx_word' id='word_1_68' title='bbox 697 1065 1060 1136; x_wconf 87' lang='lat' dir='ltr'>probabilior</span> <span class='ocrx_word' id='word_1_69' title='bbox 1080 1069 1373 1137; x_wconf 87' lang='lat' dir='ltr'>appareat.</span> 
     </span>
    </p>
   </div>
   <div class='ocr_carea' id='block_1_11' title="bbox 361 1161 1911 1233">
    <p class='ocr_par' dir='ltr' id='par_1_11' title="bbox 361 1161 1911 1233">
     <span class='ocr_line' id='line_1_11' title="bbox 361 1161 1911 1233; baseline -0.001 -17"><span class='ocrx_word' id='word_1_70' title='bbox 361 1165 451 1216; x_wconf 71' lang='grc'>54.</span> <span class='ocrx_word' id='word_1_71' title='bbox 485 1162 554 1215; x_wconf 87' lang='lat' dir='ltr'>Et</span> <span class='ocrx_word' id='word_1_72' title='bbox 582 1162 705 1215; x_wconf 72' lang='lat' dir='ltr'>haec</span> <span class='ocrx_word' id='word_1_73' title='bbox 731 1161 967 1233; x_wconf 87' lang='lat' dir='ltr'>quidem</span> <span class='ocrx_word' id='word_1_74' title='bbox 1000 1162 1353 1232; x_wconf 88' lang='lat' dir='ltr'>probabilior</span> <span class='ocrx_word' id='word_1_75' title='bbox 1384 1164 1566 1217; x_wconf 87' lang='lat' dir='ltr'>multo</span> <span class='ocrx_word' id='word_1_76' title='bbox 1599 1162 1726 1229; x_wconf 89' lang='lat' dir='ltr'>erit,</span> <span class='ocrx_word' id='word_1_77' title='bbox 1759 1161 1803 1216; x_wconf 91' lang='lat' dir='ltr'>si</span> <span class='ocrx_word' id='word_1_78' title='bbox 1836 1161 1911 1216; x_wconf 93' lang='lat' dir='ltr'>ad</span> 
     </span>
    </p>
   </div>
   <div class='ocr_carea' id='block_1_12' title="bbox 290 1249 1910 1317">
    <p class='ocr_par' dir='ltr' id='par_1_12' title="bbox 290 1249 1910 1317">
     <span class='ocr_line' id='line_1_12' title="bbox 290 1249 1910 1317; baseline 0 -13"><span class='ocrx_word' id='word_1_79' title='bbox 290 1250 370 1317; x_wconf 88' lang='lat' dir='ltr'>id,</span> <span class='ocrx_word' id='word_1_80' title='bbox 393 1253 459 1303; x_wconf 91' lang='lat' dir='ltr'>ut</span> <span class='ocrx_word' id='word_1_81' title='bbox 479 1250 721 1304; x_wconf 89' lang='lat' dir='ltr'>Sanctus</span> <span class='ocrx_word' id='word_1_82' title='bbox 747 1249 1005 1303; x_wconf 63' lang='lat' dir='ltr'>Ecclesia:</span> <span class='ocrx_word' id='word_1_83' title='bbox 1034 1250 1419 1306; x_wconf 70' lang='lat' dir='ltr'>Cunibertina:</span> <span class='ocrx_word' id='word_1_84' title='bbox 1452 1252 1758 1307; x_wconf 87' lang='lat' dir='ltr'>canonicus</span> <span class='ocrx_word' id='word_1_85' title='bbox 1790 1267 1910 1305; x_wconf 89' lang='lat' dir='ltr'>esse</span> 
     </span>
    </p>
   </div>
   <div class='ocr_carea' id='block_1_13' title="bbox 289 1337 1914 1410">
    <p class='ocr_par' dir='ltr' id='par_1_13' title="bbox 289 1337 1914 1410">
     <span class='ocr_line' id='line_1_13' title="bbox 289 1337 1914 1410; baseline -0.001 -17"><span class='ocrx_word' id='word_1_86' title='bbox 289 1339 571 1409; x_wconf 86' lang='lat' dir='ltr'>potuerit,</span> <span class='ocrx_word' id='word_1_87' title='bbox 596 1337 921 1409; x_wconf 83' lang='lat' dir='ltr'>provectior</span> <span class='ocrx_word' id='word_1_88' title='bbox 938 1338 1114 1392; x_wconf 90' lang='lat' dir='ltr'>fuerit</span> <span class='ocrx_word' id='word_1_89' title='bbox 1143 1355 1319 1410; x_wconf 89' lang='lat' dir='ltr'>quam</span> <span class='ocrx_word' id='word_1_90' title='bbox 1352 1340 1788 1410; x_wconf 71' lang='lat' dir='ltr'>(piatuordecim</span> <span class='ocrx_word' id='word_1_91' title='bbox 1816 1342 1914 1393; x_wconf 90' lang='lat' dir='ltr'>aut</span> 
     </span>
    </p>
   </div>
   <div class='ocr_carea' id='block_1_14' title="bbox 291 1426 1910 1499">
    <p class='ocr_par' dir='ltr' id='par_1_14' title="bbox 291 1426 1910 1499">
     <span class='ocr_line' id='line_1_14' title="bbox 291 1426 1910 1499; baseline 0.002 -19"><span class='ocrx_word' id='word_1_92' title='bbox 291 1426 629 1498; x_wconf 85' lang='lat' dir='ltr'>quindecim</span> <span class='ocrx_word' id='word_1_93' title='bbox 660 1442 947 1481; x_wconf 90' lang='lat' dir='ltr'>annorum</span> <span class='ocrx_word' id='word_1_94' title='bbox 974 1431 1111 1481; x_wconf 77' lang='lat' dir='ltr'>aetas</span> <span class='ocrx_word' id='word_1_95' title='bbox 1138 1427 1434 1499; x_wconf 86' lang='lat' dir='ltr'>requisita.</span> <span class='ocrx_word' id='word_1_96' title='bbox 1461 1428 1701 1483; x_wconf 87' lang='lat' dir='ltr'>Sanctus</span> <span class='ocrx_word' id='word_1_97' title='bbox 1730 1431 1910 1495; x_wconf 89' lang='lat' dir='ltr'>enim,</span> 
     </span>
    </p>
   </div>
   <div class='ocr_carea' id='block_1_15' title="bbox 292 1514 1917 1588">
    <p class='ocr_par' dir='ltr' id='par_1_15' title="bbox 292 1514 1917 1588">
     <span class='ocr_line' id='line_1_15' title="bbox 292 1514 1917 1588; baseline 0.002 -19"><span class='ocrx_word' id='word_1_98' title='bbox 292 1532 430 1569; x_wconf 88' lang='lat' dir='ltr'>cum</span> <span class='ocrx_word' id='word_1_99' title='bbox 465 1514 525 1568; x_wconf 89' lang='lat' dir='ltr'>id</span> <span class='ocrx_word' id='word_1_100' title='bbox 554 1515 782 1569; x_wconf 88' lang='lat' dir='ltr'>circiter</span> <span class='ocrx_word' id='word_1_101' title='bbox 809 1515 993 1569; x_wconf 60' lang='lat' dir='ltr'>mtatis</span> <span class='ocrx_word' id='word_1_102' title='bbox 1036 1519 1200 1581; x_wconf 89' lang='lat' dir='ltr'>esset,</span> <span class='ocrx_word' id='word_1_103' title='bbox 1234 1520 1331 1570; x_wconf 90' lang='lat' dir='ltr'>aut</span> <span class='ocrx_word' id='word_1_104' title='bbox 1361 1517 1546 1571; x_wconf 85' lang='lat' dir='ltr'>adhuc</span> <span class='ocrx_word' id='word_1_105' title='bbox 1561 1518 1778 1588; x_wconf 89' lang='lat' dir='ltr'>junior,</span> <span class='ocrx_word' id='word_1_106' title='bbox 1815 1519 1917 1572; x_wconf 88' lang='lat' dir='ltr'>Co-</span> 
     </span>
    </p>
   </div>
   <div class='ocr_carea' id='block_1_16' title="bbox 293 1602 1914 1678">
    <p class='ocr_par' dir='ltr' id='par_1_16' title="bbox 293 1602 1914 1678">
     <span class='ocr_line' id='line_1_16' title="bbox 293 1602 1914 1678; baseline 0.002 -21"><span class='ocrx_word' id='word_1_107' title='bbox 293 1603 454 1657; x_wconf 86' lang='lat' dir='ltr'>lonia</span> <span class='ocrx_word' id='word_1_108' title='bbox 476 1603 534 1656; x_wconf 90' lang='lat' dir='ltr'>in</span> <span class='ocrx_word' id='word_1_109' title='bbox 559 1602 801 1657; x_wconf 83' lang='lat' dir='ltr'>Galliam</span> <span class='ocrx_word' id='word_1_110' title='bbox 821 1604 1039 1658; x_wconf 86' lang='lat' dir='ltr'>litteras</span> <span class='ocrx_word' id='word_1_111' title='bbox 1061 1603 1313 1659; x_wconf 88' lang='lat' dir='ltr'>discendi</span> <span class='ocrx_word' id='word_1_112' title='bbox 1335 1621 1472 1677; x_wconf 84' lang='lat' dir='ltr'>ergo</span> <span class='ocrx_word' id='word_1_113' title='bbox 1498 1606 1784 1678; x_wconf 88' lang='lat' dir='ltr'>profectus</span> <span class='ocrx_word' id='word_1_114' title='bbox 1790 1607 1914 1677; x_wconf 87' lang='lat' dir='ltr'>jam</span> 
     </span>
    </p>
   </div>
   <div class='ocr_carea' id='block_1_17' title="bbox 2009 448 3622 520">
    <p class='ocr_par' dir='ltr' id='par_1_17' title="bbox 2009 448 3622 520">
     <span class='ocr_line' id='line_1_17' title="bbox 2009 448 3622 520; baseline 0.007 -21"><span class='ocrx_word' id='word_1_115' title='bbox 2009 448 2335 518; x_wconf 86' lang='lat' dir='ltr'>exemplum</span> <span class='ocrx_word' id='word_1_116' title='bbox 2374 454 2813 520; x_wconf 87' lang='lat' dir='ltr'>proponeretur.</span> <span class='ocrx_word' id='word_1_117' title='bbox 2863 453 2944 505; x_wconf 89' lang='lat' dir='ltr'>lta</span> <span class='ocrx_word' id='word_1_118' title='bbox 2975 468 3039 504; x_wconf 83' lang='lat' dir='ltr'>ex</span> <span class='ocrx_word' id='word_1_119' title='bbox 3083 453 3306 517; x_wconf 90' lang='lat' dir='ltr'>ultimo,</span> <span class='ocrx_word' id='word_1_120' title='bbox 3341 470 3371 507; x_wconf 91' lang='lat' dir='ltr'>e</span> <span class='ocrx_word' id='word_1_121' title='bbox 3402 455 3622 511; x_wconf 90' lang='lat' dir='ltr'>duobus</span> 
     </span>
    </p>
   </div>
   <div class='ocr_carea' id='block_1_18' title="bbox 2007 535 3622 614">
    <p class='ocr_par' dir='ltr' id='par_1_18' title="bbox 2007 535 3622 614">
     <span class='ocr_line' id='line_1_18' title="bbox 2007 535 3622 614; baseline 0.007 -28"><span class='ocrx_word' id='word_1_122' title='bbox 2007 535 2266 603; x_wconf 80' lang='lat' dir='ltr'>proxime</span> <span class='ocrx_word' id='word_1_123' title='bbox 2309 538 2417 590; x_wconf 86' lang='lat' dir='ltr'>huc</span> <span class='ocrx_word' id='word_1_124' title='bbox 2454 539 2806 609; x_wconf 85' lang='lat' dir='ltr'>transcriptis</span> <span class='ocrx_word' id='word_1_125' title='bbox 2838 539 3096 605; x_wconf 87' lang='lat' dir='ltr'>Baldrici,</span> <span class='ocrx_word' id='word_1_126' title='bbox 3141 540 3361 594; x_wconf 87' lang='lat' dir='ltr'>abbatis</span> <span class='ocrx_word' id='word_1_127' title='bbox 3406 543 3622 614; x_wconf 85' lang='lat' dir='ltr'>Burgu-</span> 
     </span>
    </p>
   </div>
   <div class='ocr_carea' id='block_1_19' title="bbox 2006 619 3620 695">
    <p class='ocr_par' dir='ltr' id='par_1_19' title="bbox 2006 619 3620 695">
     <span class='ocr_line' id='line_1_19' title="bbox 2006 619 3620 695; baseline 0.008 -24"><span class='ocrx_word' id='word_1_128' title='bbox 2006 619 2217 687; x_wconf 85' lang='lat' dir='ltr'>1iensis,</span> <span class='ocrx_word' id='word_1_129' title='bbox 2265 624 2547 677; x_wconf 82' lang='lat' dir='ltr'>versiculis</span> <span class='ocrx_word' id='word_1_130' title='bbox 2588 626 2976 695; x_wconf 80' lang='lat' dir='ltr'>colligendum</span> <span class='ocrx_word' id='word_1_131' title='bbox 3026 625 3293 681; x_wconf 88' lang='lat' dir='ltr'>videtur:</span> <span class='ocrx_word' id='word_1_132' title='bbox 3350 650 3379 677; x_wconf 83' lang='lat'><strong>«</strong></span> <span class='ocrx_word' id='word_1_133' title='bbox 3434 631 3620 684; x_wconf 89' lang='lat' dir='ltr'>Bruno</span> 
     </span>
    </p>
   </div>
   <div class='ocr_carea' id='block_1_20' title="bbox 2007 708 3712 787">
    <p class='ocr_par' dir='ltr' id='par_1_20' title="bbox 2007 708 3712 787">
     <span class='ocr_line' id='line_1_20' title="bbox 2007 708 3712 787; baseline 0.007 -26"><span class='ocrx_word' id='word_1_134' title='bbox 2007 708 2341 764; x_wconf 87' lang='lat' dir='ltr'>Latinorum</span> <span class='ocrx_word' id='word_1_135' title='bbox 2359 714 2495 765; x_wconf 89' lang='lat' dir='ltr'>tunc</span> <span class='ocrx_word' id='word_1_136' title='bbox 2513 712 2684 766; x_wconf 88' lang='lat' dir='ltr'>studii</span> <span class='ocrx_word' id='word_1_137' title='bbox 2708 714 3025 783; x_wconf 87' lang='lat' dir='ltr'>speculum.</span> <span class='ocrx_word' id='word_1_138' title='bbox 3052 736 3077 761; x_wconf 89' lang='grc'>››</span> <span class='ocrx_word' id='word_1_139' title='bbox 3098 714 3182 767; x_wconf 83' lang='lat' dir='ltr'>Ad</span> <span class='ocrx_word' id='word_1_140' title='bbox 3195 715 3316 769; x_wconf 63' lang='lat' dir='ltr'>haec</span> <span class='ocrx_word' id='word_1_141' title='bbox 3339 721 3620 787; x_wconf 90' lang='lat' dir='ltr'>quantum</span> <span class='ocrx_word' id='word_1_142' title='bbox 3698 710 3712 732; x_wconf 90' lang='grc'><strong>’</strong></span> 
     </span>
    </p>
   </div>
   <div class='ocr_carea' id='block_1_21' title="bbox 2007 793 3622 874">
    <p class='ocr_par' dir='ltr' id='par_1_21' title="bbox 2007 793 3622 874">
     <span class='ocr_line' id='line_1_21' title="bbox 2007 793 3622 874; baseline 0.007 -25"><span class='ocrx_word' id='word_1_143' title='bbox 2007 793 2245 851; x_wconf 89' lang='lat' dir='ltr'>Sanctus</span> <span class='ocrx_word' id='word_1_144' title='bbox 2268 799 2613 852; x_wconf 90' lang='lat' dir='ltr'>nominatim</span> <span class='ocrx_word' id='word_1_145' title='bbox 2638 800 2695 853; x_wconf 91' lang='lat' dir='ltr'>in</span> <span class='ocrx_word' id='word_1_146' title='bbox 2721 801 2943 869; x_wconf 86' lang='lat' dir='ltr'>poetica</span> <span class='ocrx_word' id='word_1_147' title='bbox 2961 801 3230 855; x_wconf 87' lang='lat' dir='ltr'>facultate</span> <span class='ocrx_word' id='word_1_148' title='bbox 3252 818 3622 874; x_wconf 82' lang='lat' dir='ltr'>progressum</span> 
     </span>
    </p>
   </div>
   <div class='ocr_carea' id='block_1_22' title="bbox 2003 877 3624 967">
    <p class='ocr_par' dir='ltr' id='par_1_22' title="bbox 2003 877 3624 967">
     <span class='ocr_line' id='line_1_22' title="bbox 2003 877 3624 967; baseline 0.012 -33"><span class='ocrx_word' id='word_1_149' title='bbox 2003 877 2593 952; x_wconf 82' lang='lat' dir='ltr'>fecerit,sufficienter</span> <span class='ocrx_word' id='word_1_150' title='bbox 2609 889 2863 943; x_wconf 87' lang='lat' dir='ltr'>ostendit</span> <span class='ocrx_word' id='word_1_151' title='bbox 2888 891 2970 943; x_wconf 92' lang='lat' dir='ltr'>vel</span> <span class='ocrx_word' id='word_1_152' title='bbox 2988 891 3173 944; x_wconf 88' lang='lat' dir='ltr'>solum</span> <span class='ocrx_word' id='word_1_153' title='bbox 3201 892 3273 945; x_wconf 90' lang='lat' dir='ltr'>ab</span> <span class='ocrx_word' id='word_1_154' title='bbox 3296 909 3364 946; x_wconf 92' lang='lat' dir='ltr'>eo</span> <span class='ocrx_word' id='word_1_155' title='bbox 3392 910 3624 967; x_wconf 90' lang='lat' dir='ltr'>compo-</span> 
     </span>
    </p>
   </div>
   <div class='ocr_carea' id='block_1_23' title="bbox 2006 971 3620 1046">
    <p class='ocr_par' dir='ltr' id='par_1_23' title="bbox 2006 971 3620 1046">
     <span class='ocr_line' id='line_1_23' title="bbox 2006 971 3620 1046; baseline 0.009 -20"><span class='ocrx_word' id='word_1_156' title='bbox 2006 971 2179 1026; x_wconf 87' lang='lat' dir='ltr'>situm</span> <span class='ocrx_word' id='word_1_157' title='bbox 2199 977 2369 1045; x_wconf 88' lang='lat' dir='ltr'>atque</span> <span class='ocrx_word' id='word_1_158' title='bbox 2392 980 2516 1029; x_wconf 90' lang='lat' dir='ltr'>tum</span> <span class='ocrx_word' id='word_1_159' title='bbox 2544 976 2677 1029; x_wconf 91' lang='lat' dir='ltr'>alibi</span> <span class='ocrx_word' id='word_1_160' title='bbox 2704 977 2927 1046; x_wconf 65' lang='lat' dir='ltr'>saepius,</span> <span class='ocrx_word' id='word_1_161' title='bbox 2954 980 3077 1030; x_wconf 91' lang='lat' dir='ltr'>tum</span> <span class='ocrx_word' id='word_1_162' title='bbox 3112 979 3334 1033; x_wconf 85' lang='lat' dir='ltr'>Parisiis</span> <span class='ocrx_word' id='word_1_163' title='bbox 3360 983 3620 1041; x_wconf 76' lang='lat' dir='ltr'>aludoco</span> 
     </span>
    </p>
   </div>
   <div class='ocr_carea' id='block_1_24' title="bbox 2010 1059 3624 1136">
    <p class='ocr_par' dir='ltr' id='par_1_24' title="bbox 2010 1059 3624 1136">
     <span class='ocr_line' id='line_1_24' title="bbox 2010 1059 3624 1136; baseline 0.011 -25"><span class='ocrx_word' id='word_1_164' title='bbox 2010 1059 2182 1113; x_wconf 84' lang='lat' dir='ltr'>Badio</span> <span class='ocrx_word' id='word_1_165' title='bbox 2213 1078 2343 1115; x_wconf 91' lang='lat' dir='ltr'>cum</span> <span class='ocrx_word' id='word_1_166' title='bbox 2383 1062 2602 1116; x_wconf 66' lang='lat' dir='ltr'>caeteris</span> <span class='ocrx_word' id='word_1_167' title='bbox 2625 1063 2805 1117; x_wconf 89' lang='lat' dir='ltr'>sancti</span> <span class='ocrx_word' id='word_1_168' title='bbox 2836 1064 2947 1117; x_wconf 89' lang='lat' dir='ltr'>Viri</span> <span class='ocrx_word' id='word_1_169' title='bbox 2995 1065 3273 1136; x_wconf 89' lang='lat' dir='ltr'>Operibus</span> <span class='ocrx_word' id='word_1_170' title='bbox 3301 1084 3455 1123; x_wconf 89' lang='lat' dir='ltr'>anno</span> <span class='ocrx_word' id='word_1_171' title='bbox 3488 1074 3624 1129; x_wconf 75' lang='grc'>1524-</span> 
     </span>
    </p>
   </div>
   <div class='ocr_carea' id='block_1_25' title="bbox 2009 1151 3622 1233">
    <p class='ocr_par' dir='ltr' id='par_1_25' title="bbox 2009 1151 3622 1233">
     <span class='ocr_line' id='line_1_25' title="bbox 2009 1151 3622 1233; baseline 0.01 -33"><span class='ocrx_word' id='word_1_172' title='bbox 2009 1162 2277 1203; x_wconf 84' lang='lat' dir='ltr'>excusum</span> <span class='ocrx_word' id='word_1_173' title='bbox 2309 1151 2727 1206; x_wconf 73' lang='lat' dir='ltr'>Paraeneticum</span> <span class='ocrx_word' id='word_1_174' title='bbox 2759 1153 2831 1206; x_wconf 92' lang='lat' dir='ltr'>ad</span> <span class='ocrx_word' id='word_1_175' title='bbox 2844 1155 3094 1208; x_wconf 72' lang='lat' dir='ltr'>coelestia</span> <span class='ocrx_word' id='word_1_176' title='bbox 3116 1159 3470 1227; x_wconf 90' lang='lat' dir='ltr'>capessenda</span> <span class='ocrx_word' id='word_1_177' title='bbox 3493 1161 3622 1233; x_wconf 85' lang='lat' dir='ltr'>Epi-</span> 
     </span>
    </p>
   </div>
   <div class='ocr_carea' id='block_1_26' title="bbox 2011 1241 3622 1311">
    <p class='ocr_par' dir='ltr' id='par_1_26' title="bbox 2011 1241 3622 1311">
     <span class='ocr_line' id='line_1_26' title="bbox 2011 1241 3622 1311; baseline 0.01 -23"><span class='ocrx_word' id='word_1_178' title='bbox 2011 1252 2299 1306; x_wconf 86' lang='lat' dir='ltr'>gramma,</span> <span class='ocrx_word' id='word_1_179' title='bbox 2332 1244 2532 1311; x_wconf 89' lang='lat' dir='ltr'>utpote</span> <span class='ocrx_word' id='word_1_180' title='bbox 2563 1241 2624 1294; x_wconf 91' lang='lat' dir='ltr'>in</span> <span class='ocrx_word' id='word_1_181' title='bbox 2656 1241 2815 1311; x_wconf 87' lang='lat' dir='ltr'>cujus</span> <span class='ocrx_word' id='word_1_182' title='bbox 2840 1242 3116 1309; x_wconf 80' lang='lat' dir='ltr'>versibus,</span> <span class='ocrx_word' id='word_1_183' title='bbox 3148 1246 3211 1296; x_wconf 90' lang='lat' dir='ltr'>ut</span> <span class='ocrx_word' id='word_1_184' title='bbox 3240 1249 3301 1299; x_wconf 93' lang='lat' dir='ltr'>ut</span> <span class='ocrx_word' id='word_1_185' title='bbox 3335 1247 3407 1300; x_wconf 92' lang='lat' dir='ltr'>ad</span> <span class='ocrx_word' id='word_1_186' title='bbox 3434 1251 3622 1305; x_wconf 88' lang='lat' dir='ltr'>artem</span> 
     </span>
    </p>
   </div>
   <div class='ocr_carea' id='block_1_27' title="bbox 2014 1325 3625 1405">
    <p class='ocr_par' dir='ltr' id='par_1_27' title="bbox 2014 1325 3625 1405">
     <span class='ocr_line' id='line_1_27' title="bbox 2014 1325 3625 1405; baseline 0.008 -27"><span class='ocrx_word' id='word_1_187' title='bbox 2014 1325 2253 1380; x_wconf 88' lang='lat' dir='ltr'>omnino</span> <span class='ocrx_word' id='word_1_188' title='bbox 2286 1344 2405 1382; x_wconf 89' lang='lat' dir='ltr'>non</span> <span class='ocrx_word' id='word_1_189' title='bbox 2436 1329 2665 1393; x_wconf 89' lang='lat' dir='ltr'>exactis,</span> <span class='ocrx_word' id='word_1_190' title='bbox 2691 1347 2758 1383; x_wconf 91' lang='lat' dir='ltr'>ea</span> <span class='ocrx_word' id='word_1_191' title='bbox 2818 1334 3012 1384; x_wconf 87' lang='lat' dir='ltr'>tamen</span> <span class='ocrx_word' id='word_1_192' title='bbox 3047 1348 3222 1401; x_wconf 90' lang='lat' dir='ltr'>quam</span> <span class='ocrx_word' id='word_1_193' title='bbox 3244 1332 3301 1385; x_wconf 89' lang='lat' dir='ltr'>in</span> <span class='ocrx_word' id='word_1_194' title='bbox 3333 1334 3455 1389; x_wconf 91' lang='lat' dir='ltr'>aliis</span> <span class='ocrx_word' id='word_1_195' title='bbox 3474 1352 3625 1405; x_wconf 88' lang='lat' dir='ltr'>pene</span> 
     </span>
    </p>
   </div>
   <div class='ocr_carea' id='block_1_28' title="bbox 2015 1414 3627 1489">
    <p class='ocr_par' dir='ltr' id='par_1_28' title="bbox 2015 1414 3627 1489">
     <span class='ocr_line' id='line_1_28' title="bbox 2015 1414 3627 1489; baseline 0.008 -22"><span class='ocrx_word' id='word_1_196' title='bbox 2015 1414 2284 1468; x_wconf 89' lang='lat' dir='ltr'>omnibus</span> <span class='ocrx_word' id='word_1_197' title='bbox 2296 1416 2477 1487; x_wconf 90' lang='lat' dir='ltr'>poetis</span> <span class='ocrx_word' id='word_1_198' title='bbox 2490 1417 2675 1471; x_wconf 75' lang='lat' dir='ltr'>saeculi</span> <span class='ocrx_word' id='word_1_199' title='bbox 2690 1435 2763 1483; x_wconf 78' lang='lat' dir='ltr'>x1,</span> <span class='ocrx_word' id='word_1_200' title='bbox 2788 1435 2901 1489; x_wconf 89' lang='lat' dir='ltr'>quo</span> <span class='ocrx_word' id='word_1_201' title='bbox 2924 1418 3162 1472; x_wconf 87' lang='lat' dir='ltr'>Sanctus</span> <span class='ocrx_word' id='word_1_202' title='bbox 3184 1420 3627 1489; x_wconf 87' lang='lat' dir='ltr'>ﬂoruit,frustra</span> 
     </span>
    </p>
   </div>
   <div class='ocr_carea' id='block_1_29' title="bbox 2015 1506 3550 1576">
    <p class='ocr_par' dir='ltr' id='par_1_29' title="bbox 2015 1506 3550 1576">
     <span class='ocr_line' id='line_1_29' title="bbox 2015 1506 3550 1576; baseline 0.008 -22"><span class='ocrx_word' id='word_1_203' title='bbox 2015 1518 2259 1572; x_wconf 71' lang='lat' dir='ltr'>quaaras,</span> <span class='ocrx_word' id='word_1_204' title='bbox 2291 1508 2348 1557; x_wconf 90' lang='lat' dir='ltr'>et</span> <span class='ocrx_word' id='word_1_205' title='bbox 2375 1509 2641 1559; x_wconf 87' lang='lat' dir='ltr'>venustas</span> <span class='ocrx_word' id='word_1_206' title='bbox 2676 1507 2733 1559; x_wconf 88' lang='lat' dir='ltr'>et</span> <span class='ocrx_word' id='word_1_207' title='bbox 2766 1506 3055 1576; x_wconf 84' lang='lat' dir='ltr'>elegantia</span> <span class='ocrx_word' id='word_1_208' title='bbox 3084 1508 3321 1564; x_wconf 81' lang='lat' dir='ltr'>mirifice</span> <span class='ocrx_word' id='word_1_209' title='bbox 3347 1513 3550 1567; x_wconf 92' lang='lat' dir='ltr'>elucet.</span> 
     </span>
    </p>
   </div>
   <div class='ocr_carea' id='block_1_30' title="bbox 2086 1590 3619 1662">
    <p class='ocr_par' dir='ltr' id='par_1_30' title="bbox 2086 1590 3619 1662">
     <span class='ocr_line' id='line_1_30' title="bbox 2086 1590 3619 1662; baseline 0.011 -21"><span class='ocrx_word' id='word_1_210' title='bbox 2086 1590 2172 1642; x_wconf 83' lang='grc'>56.</span> <span class='ocrx_word' id='word_1_211' title='bbox 2199 1591 2495 1662; x_wconf 86' lang='lat' dir='ltr'>lntegrum</span> <span class='ocrx_word' id='word_1_212' title='bbox 2525 1592 2582 1645; x_wconf 92' lang='lat' dir='ltr'>id</span> <span class='ocrx_word' id='word_1_213' title='bbox 2614 1592 2940 1662; x_wconf 90' lang='lat' dir='ltr'>speciminis</span> <span class='ocrx_word' id='word_1_214' title='bbox 2972 1595 3095 1649; x_wconf 93' lang='lat' dir='ltr'>loco</span> <span class='ocrx_word' id='word_1_215' title='bbox 3138 1596 3248 1652; x_wconf 88' lang='lat' dir='ltr'>huc</span> <span class='ocrx_word' id='word_1_216' title='bbox 3277 1600 3619 1658; x_wconf 89' lang='lat' dir='ltr'>transcribo.</span> 
     </span>
    </p>
   </div>
   <div class='ocr_carea' id='block_1_31' title="bbox 292 1674 2346 1763">
    <p class='ocr_par' dir='ltr' id='par_1_31' title="bbox 292 1674 2346 1763">
     <span class='ocr_line' id='line_1_31' title="bbox 292 1674 2346 1763; baseline -0 -16"><span class='ocrx_word' id='word_1_217' title='bbox 292 1692 489 1759; x_wconf 82' lang='lat' dir='ltr'>fuisse,</span> <span class='ocrx_word' id='word_1_218' title='bbox 517 1691 828 1763; x_wconf 89' lang='lat' dir='ltr'>Remisque</span> <span class='ocrx_word' id='word_1_219' title='bbox 869 1692 1146 1746; x_wconf 90' lang='lat' dir='ltr'>studuisse</span> <span class='ocrx_word' id='word_1_220' title='bbox 1166 1674 1423 1747; x_wconf 42' lang='lat' dir='ltr'>videtur:</span> <span class='ocrx_word' id='word_1_221' title='bbox 1452 1674 1727 1749; x_wconf 77' lang='lat' dir='ltr'>Funebris</span> <span class='ocrx_word' id='word_1_222' title='bbox 1757 1674 1915 1750; x_wconf 85' lang='lat' dir='ltr'>enim</span> <span class='ocrx_word' id='word_1_223' title='bbox 1936 1677 1984 1735; x_wconf 84' lang='grc' dir='ltr'><strong>Β</strong></span> <span class='ocrx_word' id='word_1_224' title='bbox 2014 1674 2103 1729; x_wconf 70' lang='grc' dir='ltr'>δίο</span> <span class='ocrx_word' id='word_1_225' title='bbox 2132 1678 2307 1734; x_wconf 64' lang='lat' dir='ltr'>habet</span> <span class='ocrx_word' id='word_1_226' title='bbox 2332 1696 2346 1735; x_wconf 73' lang='grc' dir='ltr'>ε</span> 
     </span>
    </p>
   </div>
   <div class='ocr_carea' id='block_1_32' title="bbox 297 1779 1914 1852">
    <p class='ocr_par' dir='ltr' id='par_1_32' title="bbox 297 1779 1914 1852">
     <span class='ocr_line' id='line_1_32' title="bbox 297 1779 1914 1852; baseline 0.004 -19"><span class='ocrx_word' id='word_1_227' title='bbox 297 1780 540 1847; x_wconf 86' lang='lat' dir='ltr'>Titulus,</span> <span class='ocrx_word' id='word_1_228' title='bbox 566 1781 718 1834; x_wconf 86' lang='lat' dir='ltr'>inter</span> <span class='ocrx_word' id='word_1_229' title='bbox 737 1779 1096 1834; x_wconf 90' lang='lat' dir='ltr'>recudendos</span> <span class='ocrx_word' id='word_1_230' title='bbox 1109 1782 1197 1847; x_wconf 90' lang='grc'>56,</span> <span class='ocrx_word' id='word_1_231' title='bbox 1224 1797 1337 1852; x_wconf 90' lang='lat' dir='ltr'>quo</span> <span class='ocrx_word' id='word_1_232' title='bbox 1366 1781 1422 1836; x_wconf 89' lang='lat' dir='ltr'>S.</span> <span class='ocrx_word' id='word_1_233' title='bbox 1445 1783 1631 1838; x_wconf 62' lang='lat' dir='ltr'>Mariae</span> <span class='ocrx_word' id='word_1_234' title='bbox 1658 1784 1914 1839; x_wconf 70' lang='lat' dir='ltr'>Ecclesiae</span> 
     </span>
    </p>
   </div>
   <div class='ocr_carea' id='block_1_33' title="bbox 295 1866 1913 1944">
    <p class='ocr_par' dir='ltr' id='par_1_33' title="bbox 295 1866 1913 1944">
     <span class='ocr_line' id='line_1_33' title="bbox 295 1866 1913 1944; baseline 0.003 -22"><span class='ocrx_word' id='word_1_235' title='bbox 295 1869 766 1939; x_wconf 73' lang='lat' dir='ltr'>metropolitanae</span> <span class='ocrx_word' id='word_1_236' title='bbox 818 1866 1117 1922; x_wconf 89' lang='lat' dir='ltr'>Remensis</span> <span class='ocrx_word' id='word_1_237' title='bbox 1146 1870 1406 1924; x_wconf 90' lang='lat' dir='ltr'>canonici</span> <span class='ocrx_word' id='word_1_238' title='bbox 1456 1870 1665 1926; x_wconf 84' lang='lat' dir='ltr'>Sancto</span> <span class='ocrx_word' id='word_1_239' title='bbox 1706 1887 1913 1944; x_wconf 69' lang='lat' dir='ltr'>paren-</span> 
     </span>
    </p>
   </div>
   <div class='ocr_carea' id='block_1_34' title="bbox 295 1953 866 2021">
    <p class='ocr_par' dir='ltr' id='par_1_34' title="bbox 295 1953 866 2021">
     <span class='ocr_line' id='line_1_34' title="bbox 295 1953 866 2021; baseline -0.002 -11"><span class='ocrx_word' id='word_1_240' title='bbox 295 1958 514 2021; x_wconf 84' lang='lat' dir='ltr'>tarunt,</span> <span class='ocrx_word' id='word_1_241' title='bbox 542 1953 622 2008; x_wconf 86' lang='lat' dir='ltr'>sic</span> <span class='ocrx_word' id='word_1_242' title='bbox 651 1955 828 2008; x_wconf 87' lang='lat' dir='ltr'>habet</span> <span class='ocrx_word' id='word_1_243' title='bbox 852 1971 866 2009; x_wconf 87' lang='lat'><strong>:</strong></span> 
     </span>
    </p>
   </div>
   <div class='ocr_carea' id='block_1_35' title="bbox 294 2042 1760 2109">
    <p class='ocr_par' dir='ltr' id='par_1_35' title="bbox 294 2042 1760 2109">
     <span class='ocr_line' id='line_1_35' title="bbox 294 2042 1760 2109; baseline 0.001 -12"><span class='ocrx_word' id='word_1_244' title='bbox 294 2042 465 2109; x_wconf 80' lang='lat' dir='ltr'>Quem</span> <span class='ocrx_word' id='word_1_245' title='bbox 496 2050 736 2097; x_wconf 78' lang='lat' dir='ltr'>tenerum</span> <span class='ocrx_word' id='word_1_246' title='bbox 762 2043 943 2098; x_wconf 85' lang='lat' dir='ltr'>docuit</span> <span class='ocrx_word' id='word_1_247' title='bbox 964 2049 1137 2097; x_wconf 83' lang='lat' dir='ltr'>mater</span> <span class='ocrx_word' id='word_1_248' title='bbox 1163 2043 1433 2098; x_wconf 60' lang='lat' dir='ltr'>Bernensis</span> <span class='ocrx_word' id='word_1_249' title='bbox 1462 2046 1760 2109; x_wconf 75' lang='lat' dir='ltr'>alummim,</span> 
     </span>
    </p>
   </div>
   <div class='ocr_carea' id='block_1_36' title="bbox 290 2130 1566 2201">
    <p class='ocr_par' dir='ltr' id='par_1_36' title="bbox 290 2130 1566 2201">
     <span class='ocr_line' id='line_1_36' title="bbox 290 2130 1566 2201; baseline 0.002 -17"><span class='ocrx_word' id='word_1_250' title='bbox 290 2132 570 2201; x_wconf 64' lang='lat' dir='ltr'>Propositi</span> <span class='ocrx_word' id='word_1_251' title='bbox 595 2133 818 2184; x_wconf 77' lang='lat' dir='ltr'>tenuisse</span> <span class='ocrx_word' id='word_1_252' title='bbox 837 2130 994 2199; x_wconf 84' lang='lat' dir='ltr'>ﬁdem</span> <span class='ocrx_word' id='word_1_253' title='bbox 1024 2131 1203 2185; x_wconf 68' lang='grc' dir='ltr'>[ἀνίατα</span> <span class='ocrx_word' id='word_1_254' title='bbox 1234 2131 1566 2196; x_wconf 85' lang='lat' dir='ltr'>Brunonem,</span> 
     </span>
    </p>
   </div>
   <div class='ocr_carea' id='block_1_37' title="bbox 290 2218 1909 2293">
    <p class='ocr_par' dir='ltr' id='par_1_37' title="bbox 290 2218 1909 2293">
     <span class='ocr_line' id='line_1_37' title="bbox 290 2218 1909 2293; baseline 0.002 -20"><span class='ocrx_word' id='word_1_255' title='bbox 290 2219 625 2289; x_wconf 77' lang='lat' dir='ltr'>Migrantem</span> <span class='ocrx_word' id='word_1_256' title='bbox 644 2219 716 2272; x_wconf 87' lang='lat' dir='ltr'>ad</span> <span class='ocrx_word' id='word_1_257' title='bbox 736 2218 1029 2273; x_wconf 88' lang='lat' dir='ltr'>Dominum</span> <span class='ocrx_word' id='word_1_258' title='bbox 1051 2220 1301 2289; x_wconf 77' lang='lat' dir='ltr'>lacrymis</span> <span class='ocrx_word' id='word_1_259' title='bbox 1310 2222 1660 2293; x_wconf 78' lang='lat' dir='ltr'>precibusque</span> <span class='ocrx_word' id='word_1_260' title='bbox 1691 2222 1909 2276; x_wconf 82' lang='lat' dir='ltr'>salutat.</span> 
     </span>
    </p>
   </div>
   <div class='ocr_carea' id='block_1_38' title="bbox 292 2309 1914 2380">
    <p class='ocr_par' dir='ltr' id='par_1_38' title="bbox 292 2309 1914 2380">
     <span class='ocr_line' id='line_1_38' title="bbox 292 2309 1914 2380; baseline 0.003 -19"><span class='ocrx_word' id='word_1_261' title='bbox 292 2310 403 2362; x_wconf 89' lang='lat' dir='ltr'>Per</span> <span class='ocrx_word' id='word_1_262' title='bbox 432 2311 704 2362; x_wconf 85' lang='lat' dir='ltr'>tenerum</span> <span class='ocrx_word' id='word_1_263' title='bbox 736 2310 933 2362; x_wconf 89' lang='lat' dir='ltr'>autem</span> <span class='ocrx_word' id='word_1_264' title='bbox 979 2309 1281 2362; x_wconf 90' lang='lat' dir='ltr'>alumnum</span> <span class='ocrx_word' id='word_1_265' title='bbox 1336 2311 1771 2380; x_wconf 88' lang='lat' dir='ltr'>quatuordecim</span> <span class='ocrx_word' id='word_1_266' title='bbox 1816 2315 1914 2366; x_wconf 89' lang='lat' dir='ltr'>aut</span> 
     </span>
    </p>
   </div>
   <div class='ocr_carea' id='block_1_39' title="bbox 288 2396 1911 2469">
    <p class='ocr_par' dir='ltr' id='par_1_39' title="bbox 288 2396 1911 2469">
     <span class='ocr_line' id='line_1_39' title="bbox 288 2396 1911 2469; baseline 0.002 -19"><span class='ocrx_word' id='word_1_267' title='bbox 288 2396 628 2469; x_wconf 85' lang='lat' dir='ltr'>quindecim</span> <span class='ocrx_word' id='word_1_268' title='bbox 660 2412 968 2461; x_wconf 88' lang='lat' dir='ltr'>annorum,</span> <span class='ocrx_word' id='word_1_269' title='bbox 1010 2398 1107 2449; x_wconf 88' lang='lat' dir='ltr'>aut</span> <span class='ocrx_word' id='word_1_270' title='bbox 1138 2396 1312 2450; x_wconf 88' lang='lat' dir='ltr'>etiam</span> <span class='ocrx_word' id='word_1_271' title='bbox 1347 2399 1517 2468; x_wconf 88' lang='lat' dir='ltr'>paulo</span> <span class='ocrx_word' id='word_1_272' title='bbox 1540 2398 1741 2467; x_wconf 91' lang='lat' dir='ltr'>junior</span> <span class='ocrx_word' id='word_1_273' title='bbox 1774 2400 1911 2453; x_wconf 92' lang='lat' dir='ltr'>ado-</span> 
     </span>
    </p>
   </div>
   <div class='ocr_carea' id='block_1_40' title="bbox 289 2484 1913 2555">
    <p class='ocr_par' dir='ltr' id='par_1_40' title="bbox 289 2484 1913 2555">
     <span class='ocr_line' id='line_1_40' title="bbox 289 2484 1913 2555; baseline 0.001 -14"><span class='ocrx_word' id='word_1_274' title='bbox 289 2489 511 2541; x_wconf 83' lang='lat' dir='ltr'>lescens</span> <span class='ocrx_word' id='word_1_275' title='bbox 542 2484 636 2538; x_wconf 91' lang='lat' dir='ltr'>hic</span> <span class='ocrx_word' id='word_1_276' title='bbox 671 2484 1078 2555; x_wconf 82' lang='lat' dir='ltr'>intelligendus</span> <span class='ocrx_word' id='word_1_277' title='bbox 1107 2485 1349 2540; x_wconf 89' lang='lat' dir='ltr'>videtur.</span> <span class='ocrx_word' id='word_1_278' title='bbox 1388 2488 1469 2541; x_wconf 92' lang='lat' dir='ltr'>lta</span> <span class='ocrx_word' id='word_1_279' title='bbox 1496 2490 1734 2543; x_wconf 91' lang='lat' dir='ltr'>autumo</span> <span class='ocrx_word' id='word_1_280' title='bbox 1788 2492 1913 2543; x_wconf 91' lang='lat' dir='ltr'>tum</span> 
     </span>
    </p>
   </div>
   <div class='ocr_carea' id='block_1_41' title="bbox 288 2570 1914 2648">
    <p class='ocr_par' dir='ltr' id='par_1_41' title="bbox 288 2570 1914 2648">
     <span class='ocr_line' id='line_1_41' title="bbox 288 2570 1914 2648; baseline 0.002 -22"><span class='ocrx_word' id='word_1_281' title='bbox 288 2573 448 2645; x_wconf 88' lang='lat' dir='ltr'>quod</span> <span class='ocrx_word' id='word_1_282' title='bbox 470 2570 1018 2641; x_wconf 88' lang='lat' dir='ltr'>adjectivumtener,</span> <span class='ocrx_word' id='word_1_283' title='bbox 1036 2572 1176 2627; x_wconf 89' lang='lat' dir='ltr'>dum</span> <span class='ocrx_word' id='word_1_284' title='bbox 1199 2576 1433 2628; x_wconf 64' lang='lat' dir='ltr'>aetatem</span> <span class='ocrx_word' id='word_1_285' title='bbox 1453 2575 1649 2641; x_wconf 84' lang='lat' dir='ltr'>afﬁcit,</span> <span class='ocrx_word' id='word_1_286' title='bbox 1677 2577 1750 2630; x_wconf 87' lang='lat' dir='ltr'>ad</span> <span class='ocrx_word' id='word_1_287' title='bbox 1775 2593 1914 2648; x_wconf 89' lang='lat' dir='ltr'>pau-</span> 
     </span>
    </p>
   </div>
   <div class='ocr_carea' id='block_1_42' title="bbox 294 2663 1917 2735">
    <p class='ocr_par' dir='ltr' id='par_1_42' title="bbox 294 2663 1917 2735">
     <span class='ocr_line' id='line_1_42' title="bbox 294 2663 1917 2735; baseline 0.002 -20"><span class='ocrx_word' id='word_1_288' title='bbox 294 2678 394 2715; x_wconf 88' lang='lat' dir='ltr'>cos</span> <span class='ocrx_word' id='word_1_289' title='bbox 416 2663 568 2715; x_wconf 88' lang='lat' dir='ltr'>hanc</span> <span class='ocrx_word' id='word_1_290' title='bbox 589 2677 771 2715; x_wconf 88' lang='lat' dir='ltr'>annos</span> <span class='ocrx_word' id='word_1_291' title='bbox 792 2676 897 2731; x_wconf 90' lang='lat' dir='ltr'>per</span> <span class='ocrx_word' id='word_1_292' title='bbox 921 2678 979 2715; x_wconf 90' lang='lat' dir='ltr'>se</span> <span class='ocrx_word' id='word_1_293' title='bbox 1002 2663 1327 2729; x_wconf 89' lang='lat' dir='ltr'>contrahat,</span> <span class='ocrx_word' id='word_1_294' title='bbox 1352 2665 1477 2716; x_wconf 91' lang='lat' dir='ltr'>tum</span> <span class='ocrx_word' id='word_1_295' title='bbox 1503 2665 1658 2735; x_wconf 89' lang='lat' dir='ltr'>quod</span> <span class='ocrx_word' id='word_1_296' title='bbox 1678 2664 1917 2720; x_wconf 90' lang='lat' dir='ltr'>Sanctus</span> 
     </span>
    </p>
   </div>
   <div class='ocr_carea' id='block_1_43' title="bbox 292 2749 1917 2824">
    <p class='ocr_par' dir='ltr' id='par_1_43' title="bbox 292 2749 1917 2824">
     <span class='ocr_line' id='line_1_43' title="bbox 292 2749 1917 2824; baseline 0.002 -20"><span class='ocrx_word' id='word_1_297' title='bbox 292 2751 494 2804; x_wconf 80' lang='lat' dir='ltr'>Remis</span> <span class='ocrx_word' id='word_1_298' title='bbox 526 2750 747 2804; x_wconf 86' lang='lat' dir='ltr'>litteras</span> <span class='ocrx_word' id='word_1_299' title='bbox 766 2749 1142 2804; x_wconf 88' lang='lat' dir='ltr'>humaniores</span> <span class='ocrx_word' id='word_1_300' title='bbox 1163 2749 1444 2818; x_wconf 88' lang='lat' dir='ltr'>didicerit,</span> <span class='ocrx_word' id='word_1_301' title='bbox 1475 2769 1742 2824; x_wconf 92' lang='lat' dir='ltr'>annoque</span> <span class='ocrx_word' id='word_1_302' title='bbox 1762 2754 1917 2808; x_wconf 84' lang='lat' dir='ltr'>circi-</span> 
     </span>
    </p>
   </div>
   <div class='ocr_carea' id='block_1_44' title="bbox 290 2838 1914 2910">
    <p class='ocr_par' dir='ltr' id='par_1_44' title="bbox 290 2838 1914 2910">
     <span class='ocr_line' id='line_1_44' title="bbox 290 2838 1914 2910; baseline 0.002 -17"><span class='ocrx_word' id='word_1_303' title='bbox 290 2844 384 2894; x_wconf 87' lang='lat' dir='ltr'>ter</span> <span class='ocrx_word' id='word_1_304' title='bbox 410 2840 546 2893; x_wconf 75' lang='grc'>1047</span> <span class='ocrx_word' id='word_1_305' title='bbox 564 2838 1169 2910; x_wconf 48' lang='grc' dir='ltr'>ρὶιίιοεορὶιὶειωγοιιῐη</span> <span class='ocrx_word' id='word_1_306' title='bbox 1193 2839 1595 2894; x_wconf 90' lang='lat' dir='ltr'>verosimilitcr</span> <span class='ocrx_word' id='word_1_307' title='bbox 1626 2858 1914 2896; x_wconf 90' lang='lat' dir='ltr'>annorum</span> 
     </span>
    </p>
   </div>
   <div class='ocr_carea' id='block_1_45' title="bbox 289 2926 1984 3018">
    <p class='ocr_par' dir='ltr' id='par_1_45' title="bbox 289 2926 1984 3018">
     <span class='ocr_line' id='line_1_45' title="bbox 289 2926 1984 3018; baseline 0.002 -37"><span class='ocrx_word' id='word_1_308' title='bbox 289 2928 524 2981; x_wconf 85' lang='lat' dir='ltr'>circiter</span> <span class='ocrx_word' id='word_1_309' title='bbox 534 2926 951 2998; x_wconf 89' lang='lat' dir='ltr'>septemdecim</span> <span class='ocrx_word' id='word_1_310' title='bbox 963 2926 1267 2980; x_wconf 81' lang='lat' dir='ltr'>dumtaxat</span> <span class='ocrx_word' id='word_1_311' title='bbox 1278 2930 1442 2994; x_wconf 88' lang='lat' dir='ltr'>esset,</span> <span class='ocrx_word' id='word_1_312' title='bbox 1456 2927 1698 2982; x_wconf 88' lang='lat' dir='ltr'>Turonis</span> <span class='ocrx_word' id='word_1_313' title='bbox 1717 2929 1915 2984; x_wconf 90' lang='lat' dir='ltr'>audire</span> <span class='ocrx_word' id='word_1_314' title='bbox 1937 2960 1984 3018; x_wconf 69' lang='grc' dir='ltr'>Ο</span> 
     </span>
    </p>
   </div>
   <div class='ocr_carea' id='block_1_46' title="bbox 288 3013 1911 3085">
    <p class='ocr_par' dir='ltr' id='par_1_46' title="bbox 288 3013 1911 3085">
     <span class='ocr_line' id='line_1_46' title="bbox 288 3013 1911 3085; baseline 0.002 -18"><span class='ocrx_word' id='word_1_315' title='bbox 288 3014 597 3084; x_wconf 88' lang='lat' dir='ltr'>inceperit.</span> <span class='ocrx_word' id='word_1_316' title='bbox 623 3014 690 3066; x_wconf 88' lang='lat' dir='ltr'>Et</span> <span class='ocrx_word' id='word_1_317' title='bbox 708 3013 819 3067; x_wconf 89' lang='lat' dir='ltr'>hoc</span> <span class='ocrx_word' id='word_1_318' title='bbox 836 3016 1197 3083; x_wconf 89' lang='lat' dir='ltr'>postremum</span> <span class='ocrx_word' id='word_1_319' title='bbox 1220 3013 1455 3084; x_wconf 88' lang='lat' dir='ltr'>quidem</span> <span class='ocrx_word' id='word_1_320' title='bbox 1470 3014 1619 3068; x_wconf 88' lang='lat' dir='ltr'>infra</span> <span class='ocrx_word' id='word_1_321' title='bbox 1634 3016 1911 3085; x_wconf 88' lang='lat' dir='ltr'>probabo;</span> 
     </span>
    </p>
   </div>
   <div class='ocr_carea' id='block_1_47' title="bbox 289 3100 1912 3170">
    <p class='ocr_par' dir='ltr' id='par_1_47' title="bbox 289 3100 1912 3170">
     <span class='ocr_line' id='line_1_47' title="bbox 289 3100 1912 3170; baseline 0.002 -16"><span class='ocrx_word' id='word_1_322' title='bbox 289 3101 575 3155; x_wconf 85' lang='lat' dir='ltr'>Sanctum</span> <span class='ocrx_word' id='word_1_323' title='bbox 588 3105 784 3155; x_wconf 88' lang='lat' dir='ltr'>autem</span> <span class='ocrx_word' id='word_1_324' title='bbox 799 3100 991 3154; x_wconf 84' lang='lat' dir='ltr'>Remis</span> <span class='ocrx_word' id='word_1_325' title='bbox 1010 3101 1383 3155; x_wconf 86' lang='lat' dir='ltr'>humaniores</span> <span class='ocrx_word' id='word_1_326' title='bbox 1398 3101 1616 3156; x_wconf 88' lang='lat' dir='ltr'>litteras</span> <span class='ocrx_word' id='word_1_327' title='bbox 1632 3102 1912 3170; x_wconf 88' lang='lat' dir='ltr'>didicisse,</span> 
     </span>
    </p>
   </div>
   <div class='ocr_carea' id='block_1_48' title="bbox 291 3186 1913 3259">
    <p class='ocr_par' dir='ltr' id='par_1_48' title="bbox 291 3186 1913 3259">
     <span class='ocr_line' id='line_1_48' title="bbox 291 3186 1913 3259; baseline 0.001 -16"><span class='ocrx_word' id='word_1_328' title='bbox 291 3188 475 3243; x_wconf 87' lang='lat' dir='ltr'>fidem</span> <span class='ocrx_word' id='word_1_329' title='bbox 497 3187 635 3241; x_wconf 87' lang='lat' dir='ltr'>facit</span> <span class='ocrx_word' id='word_1_330' title='bbox 655 3186 808 3259; x_wconf 90' lang='lat' dir='ltr'>apud</span> <span class='ocrx_word' id='word_1_331' title='bbox 818 3186 1207 3241; x_wconf 80' lang='lat' dir='ltr'>Mabillonium</span> <span class='ocrx_word' id='word_1_332' title='bbox 1223 3188 1568 3243; x_wconf 73' lang='lat' dir='ltr'>Prtefatione</span> <span class='ocrx_word' id='word_1_333' title='bbox 1583 3190 1639 3244; x_wconf 88' lang='lat' dir='ltr'>in</span> <span class='ocrx_word' id='word_1_334' title='bbox 1654 3192 1845 3245; x_wconf 79' lang='lat' dir='ltr'>saeculi</span> <span class='ocrx_word' id='word_1_335' title='bbox 1858 3208 1913 3245; x_wconf 76' lang='lat' dir='ltr'>v1</span> 
     </span>
    </p>
   </div>
   <div class='ocr_carea' id='block_1_49' title="bbox 288 3275 1915 3349">
    <p class='ocr_par' dir='ltr' id='par_1_49' title="bbox 288 3275 1915 3349">
     <span class='ocr_line' id='line_1_49' title="bbox 288 3275 1915 3349; baseline -0.001 -16"><span class='ocrx_word' id='word_1_336' title='bbox 288 3276 508 3332; x_wconf 86' lang='lat' dir='ltr'>Bened.</span> <span class='ocrx_word' id='word_1_337' title='bbox 542 3278 692 3347; x_wconf 90' lang='lat' dir='ltr'>part.</span> <span class='ocrx_word' id='word_1_338' title='bbox 732 3291 792 3341; x_wconf 81' lang='grc' dir='ltr'>ιι,</span> <span class='ocrx_word' id='word_1_339' title='bbox 828 3291 989 3329; x_wconf 92' lang='lat' dir='ltr'>num.</span> <span class='ocrx_word' id='word_1_340' title='bbox 1035 3278 1101 3328; x_wconf 89' lang='grc'>85</span> <span class='ocrx_word' id='word_1_341' title='bbox 1148 3275 1438 3330; x_wconf 88' lang='lat' dir='ltr'>Baldricus</span> <span class='ocrx_word' id='word_1_342' title='bbox 1482 3278 1659 3332; x_wconf 89' lang='lat' dir='ltr'>abbas</span> <span class='ocrx_word' id='word_1_343' title='bbox 1704 3280 1915 3349; x_wconf 83' lang='lat' dir='ltr'>Burgu-</span> 
     </span>
    </p>
   </div>
   <div class='ocr_carea' id='block_1_50' title="bbox 284 3361 1911 3429">
    <p class='ocr_par' dir='ltr' id='par_1_50' title="bbox 284 3361 1911 3429">
     <span class='ocr_line' id='line_1_50' title="bbox 284 3361 1911 3429; baseline -0.001 -10"><span class='ocrx_word' id='word_1_344' title='bbox 284 3365 484 3420; x_wconf 87' lang='lat' dir='ltr'>liensis</span> <span class='ocrx_word' id='word_1_345' title='bbox 513 3365 714 3418; x_wconf 90' lang='lat' dir='ltr'>auctor</span> <span class='ocrx_word' id='word_1_346' title='bbox 742 3378 988 3429; x_wconf 79' lang='lat' dir='ltr'>coaevus;</span> <span class='ocrx_word' id='word_1_347' title='bbox 1012 3361 1091 3416; x_wconf 92' lang='lat' dir='ltr'>ibi</span> <span class='ocrx_word' id='word_1_348' title='bbox 1123 3362 1279 3416; x_wconf 88' lang='lat' dir='ltr'>enim</span> <span class='ocrx_word' id='word_1_349' title='bbox 1314 3363 1368 3416; x_wconf 93' lang='lat' dir='ltr'>in</span> <span class='ocrx_word' id='word_1_350' title='bbox 1392 3363 1656 3417; x_wconf 89' lang='lat' dir='ltr'>carmine</span> <span class='ocrx_word' id='word_1_351' title='bbox 1689 3364 1761 3417; x_wconf 90' lang='lat' dir='ltr'>ad</span> <span class='ocrx_word' id='word_1_352' title='bbox 1804 3365 1911 3419; x_wconf 88' lang='lat' dir='ltr'>Go-</span> 
     </span>
    </p>
   </div>
   <div class='ocr_carea' id='block_1_51' title="bbox 283 3450 1913 3535">
    <p class='ocr_par' dir='ltr' id='par_1_51' title="bbox 283 3450 1913 3535">
     <span class='ocr_line' id='line_1_51' title="bbox 283 3450 1913 3535; baseline 0 -28"><span class='ocrx_word' id='word_1_353' title='bbox 283 3452 581 3507; x_wconf 78' lang='lat' dir='ltr'>defridum</span> <span class='ocrx_word' id='word_1_354' title='bbox 620 3451 967 3505; x_wconf 87' lang='lat' dir='ltr'>Remensem</span> <span class='ocrx_word' id='word_1_355' title='bbox 999 3450 1265 3505; x_wconf 89' lang='lat' dir='ltr'>nondum</span> <span class='ocrx_word' id='word_1_356' title='bbox 1287 3451 1439 3506; x_wconf 90' lang='lat' dir='ltr'>edito</span> <span class='ocrx_word' id='word_1_357' title='bbox 1464 3451 1534 3505; x_wconf 93' lang='lat' dir='ltr'>de</span> <span class='ocrx_word' id='word_1_358' title='bbox 1568 3451 1913 3535; x_wconf 40' lang='lat' dir='ltr'>S.\Brunone</span> 
     </span>
    </p>
   </div>
   <div class='ocr_carea' id='block_1_52' title="bbox 287 3542 598 3597">
    <p class='ocr_par' dir='ltr' id='par_1_52' title="bbox 287 3542 598 3597">
     <span class='ocr_line' id='line_1_52' title="bbox 287 3542 598 3597; baseline 0 -1"><span class='ocrx_word' id='word_1_359' title='bbox 287 3543 367 3597; x_wconf 87' lang='lat' dir='ltr'>sic</span> <span class='ocrx_word' id='word_1_360' title='bbox 395 3542 555 3597; x_wconf 87' lang='lat' dir='ltr'>canit</span> <span class='ocrx_word' id='word_1_361' title='bbox 584 3559 598 3597; x_wconf 92' lang='lat'>:</span> 
     </span>
    </p>
   </div>
   <div class='ocr_carea' id='block_1_53' title="bbox 286 3627 1822 3699">
    <p class='ocr_par' dir='ltr' id='par_1_53' title="bbox 286 3627 1822 3699">
     <span class='ocr_line' id='line_1_53' title="bbox 286 3627 1822 3699; baseline -0.002 -15"><span class='ocrx_word' id='word_1_362' title='bbox 286 3629 365 3684; x_wconf 85' lang='lat' dir='ltr'>Et</span> <span class='ocrx_word' id='word_1_363' title='bbox 385 3636 512 3684; x_wconf 84' lang='lat' dir='ltr'>tunc</span> <span class='ocrx_word' id='word_1_364' title='bbox 538 3629 720 3684; x_wconf 64' lang='lat' dir='ltr'>Remis</span> <span class='ocrx_word' id='word_1_365' title='bbox 749 3634 883 3692; x_wconf 88' lang='lat' dir='ltr'>erat,</span> <span class='ocrx_word' id='word_1_366' title='bbox 905 3627 1083 3681; x_wconf 80' lang='lat' dir='ltr'>Remis</span> <span class='ocrx_word' id='word_1_367' title='bbox 1112 3645 1317 3699; x_wconf 85' lang='lat' dir='ltr'>quoque</span> <span class='ocrx_word' id='word_1_368' title='bbox 1339 3627 1529 3682; x_wconf 87' lang='lat' dir='ltr'>Bruno</span> <span class='ocrx_word' id='word_1_369' title='bbox 1550 3629 1822 3691; x_wconf 83' lang='lat' dir='ltr'>studebat,</span> 
     </span>
    </p>
   </div>
   <div class='ocr_carea' id='block_1_54' title="bbox 364 3716 1567 3787">
    <p class='ocr_par' dir='ltr' id='par_1_54' title="bbox 364 3716 1567 3787">
     <span class='ocr_line' id='line_1_54' title="bbox 364 3716 1567 3787; baseline -0.002 -15"><span class='ocrx_word' id='word_1_370' title='bbox 364 3718 555 3773; x_wconf 87' lang='lat' dir='ltr'>Bruno</span> <span class='ocrx_word' id='word_1_371' title='bbox 581 3718 901 3772; x_wconf 87' lang='lat' dir='ltr'>Latinorum</span> <span class='ocrx_word' id='word_1_372' title='bbox 936 3724 1060 3770; x_wconf 87' lang='lat' dir='ltr'>tunc</span> <span class='ocrx_word' id='word_1_373' title='bbox 1090 3716 1257 3769; x_wconf 84' lang='lat' dir='ltr'>studii</span> <span class='ocrx_word' id='word_1_374' title='bbox 1280 3716 1567 3787; x_wconf 82' lang='lat' dir='ltr'>speculum.</span> 
     </span>
    </p>
   </div>
   <div class='ocr_carea' id='block_1_55' title="bbox 290 3790 1910 3878">
    <p class='ocr_par' dir='ltr' id='par_1_55' title="bbox 290 3790 1910 3878">
     <span class='ocr_line' id='line_1_55' title="bbox 290 3790 1910 3878; baseline -0.001 -15"><span class='ocrx_word' id='word_1_375' title='bbox 290 3809 387 3863; x_wconf 86' lang='lat' dir='ltr'>Hic</span> <span class='ocrx_word' id='word_1_376' title='bbox 416 3812 614 3862; x_wconf 89' lang='lat' dir='ltr'>autem</span> <span class='ocrx_word' id='word_1_377' title='bbox 640 3823 747 3878; x_wconf 88' lang='lat' dir='ltr'>per</span> <span class='ocrx_word' id='word_1_378' title='bbox 769 3807 1103 3861; x_wconf 88' lang='lat' dir='ltr'>Latinorum</span> <span class='ocrx_word' id='word_1_379' title='bbox 1128 3807 1263 3858; x_wconf 85' lang='lat' dir='ltr'>tunc</span> <span class='ocrx_word' id='word_1_380' title='bbox 1295 3790 1549 3859; x_wconf 87' lang='lat' dir='ltr'>studium</span> <span class='ocrx_word' id='word_1_381' title='bbox 1578 3822 1695 3860; x_wconf 92' lang='lat' dir='ltr'>non</span> <span class='ocrx_word' id='word_1_382' title='bbox 1724 3806 1910 3876; x_wconf 88' lang='lat' dir='ltr'>philo-</span> 
     </span>
    </p>
   </div>
   <div class='ocr_carea' id='block_1_56' title="bbox 289 3893 1911 3969">
    <p class='ocr_par' dir='ltr' id='par_1_56' title="bbox 289 3893 1911 3969">
     <span class='ocr_line' id='line_1_56' title="bbox 289 3893 1911 3969; baseline -0.001 -19"><span class='ocrx_word' id='word_1_383' title='bbox 289 3897 557 3969; x_wconf 88' lang='lat' dir='ltr'>sophiam</span> <span class='ocrx_word' id='word_1_384' title='bbox 587 3895 793 3950; x_wconf 87' lang='lat' dir='ltr'>aliasve</span> <span class='ocrx_word' id='word_1_385' title='bbox 824 3895 1055 3949; x_wconf 88' lang='lat' dir='ltr'>altiores</span> <span class='ocrx_word' id='word_1_386' title='bbox 1083 3893 1370 3959; x_wconf 89' lang='lat' dir='ltr'>scientias,</span> <span class='ocrx_word' id='word_1_387' title='bbox 1410 3894 1509 3948; x_wconf 89' lang='lat' dir='ltr'>sed</span> <span class='ocrx_word' id='word_1_388' title='bbox 1554 3895 1775 3949; x_wconf 89' lang='lat' dir='ltr'>litteras</span> <span class='ocrx_word' id='word_1_389' title='bbox 1805 3896 1911 3949; x_wconf 84' lang='lat' dir='ltr'>hu-</span> 
     </span>
    </p>
   </div>
   <div class='ocr_carea' id='block_1_57' title="bbox 293 3982 1913 4054">
    <p class='ocr_par' dir='ltr' id='par_1_57' title="bbox 293 3982 1913 4054">
     <span class='ocr_line' id='line_1_57' title="bbox 293 3982 1913 4054; baseline 0.001 -17"><span class='ocrx_word' id='word_1_390' title='bbox 293 3984 607 4051; x_wconf 87' lang='lat' dir='ltr'>maniores,</span> <span class='ocrx_word' id='word_1_391' title='bbox 656 3983 861 4054; x_wconf 90' lang='lat' dir='ltr'>quibus</span> <span class='ocrx_word' id='word_1_392' title='bbox 891 3983 1103 4051; x_wconf 66' lang='lat' dir='ltr'>lingua:</span> <span class='ocrx_word' id='word_1_393' title='bbox 1144 3982 1657 4054; x_wconf 76' lang='lat' dir='ltr'>grammaticaeque</span> <span class='ocrx_word' id='word_1_394' title='bbox 1698 3983 1913 4038; x_wconf 71' lang='lat' dir='ltr'>Latinas</span> 
     </span>
    </p>
   </div>
   <div class='ocr_carea' id='block_1_58' title="bbox 289 4070 1910 4143">
    <p class='ocr_par' dir='ltr' id='par_1_58' title="bbox 289 4070 1910 4143">
     <span class='ocr_line' id='line_1_58' title="bbox 289 4070 1910 4143; baseline 0 -17"><span class='ocrx_word' id='word_1_395' title='bbox 289 4072 546 4126; x_wconf 88' lang='lat' dir='ltr'>studium</span> <span class='ocrx_word' id='word_1_396' title='bbox 579 4072 1111 4142; x_wconf 87' lang='lat' dir='ltr'>comprehenditur,</span> <span class='ocrx_word' id='word_1_397' title='bbox 1135 4070 1585 4138; x_wconf 90' lang='lat' dir='ltr'>verosimillime,</span> <span class='ocrx_word' id='word_1_398' title='bbox 1622 4071 1910 4143; x_wconf 81' lang='lat' dir='ltr'>intelligit.</span> 
     </span>
    </p>
   </div>
   <div class='ocr_carea' id='block_1_59' title="bbox 365 4157 1912 4229">
    <p class='ocr_par' dir='ltr' id='par_1_59' title="bbox 365 4157 1912 4229">
     <span class='ocr_line' id='line_1_59' title="bbox 365 4157 1912 4229; baseline -0.001 -15"><span class='ocrx_word' id='word_1_399' title='bbox 365 4164 452 4214; x_wconf 84' lang='grc'>55.</span> <span class='ocrx_word' id='word_1_400' title='bbox 475 4160 544 4212; x_wconf 88' lang='lat' dir='ltr'>Et</span> <span class='ocrx_word' id='word_1_401' title='bbox 563 4175 694 4214; x_wconf 91' lang='lat' dir='ltr'>vero</span> <span class='ocrx_word' id='word_1_402' title='bbox 719 4159 1016 4225; x_wconf 88' lang='lat' dir='ltr'>Sanctum,</span> <span class='ocrx_word' id='word_1_403' title='bbox 1040 4157 1156 4229; x_wconf 90' lang='lat' dir='ltr'>qui,</span> <span class='ocrx_word' id='word_1_404' title='bbox 1172 4174 1304 4211; x_wconf 89' lang='lat' dir='ltr'>cum</span> <span class='ocrx_word' id='word_1_405' title='bbox 1320 4157 1545 4227; x_wconf 87' lang='lat' dir='ltr'>juvenis</span> <span class='ocrx_word' id='word_1_406' title='bbox 1571 4158 1912 4226; x_wconf 90' lang='lat' dir='ltr'>admodum,</span> 
     </span>
    </p>
   </div>
   <div class='ocr_carea' id='block_1_60' title="bbox 2012 1765 3268 1841">
    <p class='ocr_par' dir='ltr' id='par_1_60' title="bbox 2012 1765 3268 1841">
     <span class='ocr_line' id='line_1_60' title="bbox 2012 1765 3268 1841; baseline 0.006 -22"><span class='ocrx_word' id='word_1_407' title='bbox 2012 1765 2269 1821; x_wconf 82' lang='lat' dir='ltr'>Mortales</span> <span class='ocrx_word' id='word_1_408' title='bbox 2296 1768 2558 1821; x_wconf 83' lang='lat' dir='ltr'>Dominus</span> <span class='ocrx_word' id='word_1_409' title='bbox 2588 1776 2799 1823; x_wconf 86' lang='lat' dir='ltr'>cunctos</span> <span class='ocrx_word' id='word_1_410' title='bbox 2823 1771 2879 1823; x_wconf 89' lang='lat' dir='ltr'>in</span> <span class='ocrx_word' id='word_1_411' title='bbox 2911 1771 3022 1824; x_wconf 85' lang='lat' dir='ltr'>luce</span> <span class='ocrx_word' id='word_1_412' title='bbox 3052 1776 3268 1841; x_wconf 87' lang='lat' dir='ltr'>creavit,</span> 
     </span>
    </p>
   </div>
   <div class='ocr_carea' id='block_1_61' title="bbox 2092 1858 3251 1933">
    <p class='ocr_par' dir='ltr' id='par_1_61' title="bbox 2092 1858 3251 1933">
     <span class='ocr_line' id='line_1_61' title="bbox 2092 1858 3251 1933; baseline 0.003 -20"><span class='ocrx_word' id='word_1_413' title='bbox 2092 1858 2164 1913; x_wconf 88' lang='lat' dir='ltr'>Ut</span> <span class='ocrx_word' id='word_1_414' title='bbox 2190 1862 2405 1929; x_wconf 76' lang='lat' dir='ltr'>capiant</span> <span class='ocrx_word' id='word_1_415' title='bbox 2434 1863 2633 1913; x_wconf 67' lang='lat' dir='ltr'>meritis</span> <span class='ocrx_word' id='word_1_416' title='bbox 2667 1861 2867 1929; x_wconf 84' lang='lat' dir='ltr'>gaudia</span> <span class='ocrx_word' id='word_1_417' title='bbox 2899 1878 3101 1915; x_wconf 65' lang='lat' dir='ltr'>summa</span> <span class='ocrx_word' id='word_1_418' title='bbox 3117 1864 3251 1933; x_wconf 78' lang='lat' dir='ltr'>poli.</span> 
     </span>
    </p>
   </div>
   <div class='ocr_carea' id='block_1_62' title="bbox 2013 1946 3303 2027">
    <p class='ocr_par' dir='ltr' id='par_1_62' title="bbox 2013 1946 3303 2027">
     <span class='ocr_line' id='line_1_62' title="bbox 2013 1946 3303 2027; baseline 0.006 -28"><span class='ocrx_word' id='word_1_419' title='bbox 2013 1946 2169 2000; x_wconf 70' lang='lat' dir='ltr'>Felix</span> <span class='ocrx_word' id='word_1_420' title='bbox 2197 1948 2282 2002; x_wconf 84' lang='lat' dir='ltr'>ille</span> <span class='ocrx_word' id='word_1_421' title='bbox 2306 1948 2536 2019; x_wconf 84' lang='lat' dir='ltr'>quidem,</span> <span class='ocrx_word' id='word_1_422' title='bbox 2569 1952 2665 2020; x_wconf 87' lang='lat' dir='ltr'>qui</span> <span class='ocrx_word' id='word_1_423' title='bbox 2688 1956 2910 2003; x_wconf 87' lang='lat' dir='ltr'>mentem</span> <span class='ocrx_word' id='word_1_424' title='bbox 2928 1951 3136 2019; x_wconf 84' lang='lat' dir='ltr'>jugiter</span> <span class='ocrx_word' id='word_1_425' title='bbox 3164 1953 3303 2027; x_wconf 64' lang='lat' dir='ltr'>illuc}</span> 
     </span>
    </p>
   </div>
   <div class='ocr_carea' id='block_1_63' title="bbox 2082 2035 3298 2112">
    <p class='ocr_par' dir='ltr' id='par_1_63' title="bbox 2082 2035 3298 2112">
     <span class='ocr_line' id='line_1_63' title="bbox 2082 2035 3298 2112; baseline 0.005 -24"><span class='ocrx_word' id='word_1_426' title='bbox 2082 2035 2287 2104; x_wconf 81' lang='lat' dir='ltr'>Dirigit</span> <span class='ocrx_word' id='word_1_427' title='bbox 2305 2044 2461 2108; x_wconf 87' lang='lat' dir='ltr'>atque</span> <span class='ocrx_word' id='word_1_428' title='bbox 2489 2037 2622 2106; x_wconf 88' lang='lat' dir='ltr'>vigil</span> <span class='ocrx_word' id='word_1_429' title='bbox 2646 2039 2806 2091; x_wconf 74' lang='lat' dir='ltr'>noxia</span> <span class='ocrx_word' id='word_1_430' title='bbox 2836 2054 3056 2109; x_wconf 52' lang='lat' dir='ltr'>quaque</span> <span class='ocrx_word' id='word_1_431' title='bbox 3086 2049 3233 2095; x_wconf 85' lang='lat' dir='ltr'>cavet</span> <span class='ocrx_word' id='word_1_432' title='bbox 3257 2044 3298 2112; x_wconf 68' lang='lat' dir='ltr'>ll</span> 
     </span>
    </p>
   </div>
   <div class='ocr_carea' id='block_1_64' title="bbox 2012 2123 3373 2197">
    <p class='ocr_par' dir='ltr' id='par_1_64' title="bbox 2012 2123 3373 2197">
     <span class='ocr_line' id='line_1_64' title="bbox 2012 2123 3373 2197; baseline 0.007 -20"><span class='ocrx_word' id='word_1_433' title='bbox 2012 2123 2127 2178; x_wconf 89' lang='lat' dir='ltr'>Nec</span> <span class='ocrx_word' id='word_1_434' title='bbox 2158 2131 2331 2178; x_wconf 88' lang='lat' dir='ltr'>tamen</span> <span class='ocrx_word' id='word_1_435' title='bbox 2360 2126 2570 2195; x_wconf 70' lang='lat' dir='ltr'>infelix,</span> <span class='ocrx_word' id='word_1_436' title='bbox 2600 2126 2802 2180; x_wconf 79' lang='lat' dir='ltr'>sceleris</span> <span class='ocrx_word' id='word_1_437' title='bbox 2827 2144 2981 2197; x_wconf 84' lang='lat' dir='ltr'>quem</span> <span class='ocrx_word' id='word_1_438' title='bbox 3000 2132 3217 2196; x_wconf 64' lang='lat' dir='ltr'>poenitet</span> <span class='ocrx_word' id='word_1_439' title='bbox 3247 2135 3373 2196; x_wconf 85' lang='lat' dir='ltr'>acti,</span> 
     </span>
    </p>
   </div>
   <div class='ocr_carea' id='block_1_65' title="bbox 2084 2212 3309 2287">
    <p class='ocr_par' dir='ltr' id='par_1_65' title="bbox 2084 2212 3309 2287">
     <span class='ocr_line' id='line_1_65' title="bbox 2084 2212 3309 2287; baseline 0.007 -22"><span class='ocrx_word' id='word_1_440' title='bbox 2084 2212 2290 2284; x_wconf 81' lang='lat' dir='ltr'>Quique</span> <span class='ocrx_word' id='word_1_441' title='bbox 2317 2231 2471 2266; x_wconf 86' lang='lat' dir='ltr'>suum</span> <span class='ocrx_word' id='word_1_442' title='bbox 2494 2215 2709 2283; x_wconf 78' lang='lat' dir='ltr'>facinus</span> <span class='ocrx_word' id='word_1_443' title='bbox 2732 2215 2987 2285; x_wconf 74' lang='lat' dir='ltr'>plangere</span> <span class='ocrx_word' id='word_1_444' title='bbox 3012 2234 3142 2287; x_wconf 63' lang='lat' dir='ltr'>sape</span> <span class='ocrx_word' id='word_1_445' title='bbox 3164 2220 3309 2274; x_wconf 86' lang='lat' dir='ltr'>solet.</span> 
     </span>
    </p>
   </div>
   <div class='ocr_carea' id='block_1_66' title="bbox 2010 2297 3549 2381">
    <p class='ocr_par' dir='ltr' id='par_1_66' title="bbox 2010 2297 3549 2381">
     <span class='ocr_line' id='line_1_66' title="bbox 2010 2297 3549 2381; baseline 0.006 -27"><span class='ocrx_word' id='word_1_446' title='bbox 2010 2297 2117 2354; x_wconf 86' lang='lat' dir='ltr'>Sed</span> <span class='ocrx_word' id='word_1_447' title='bbox 2142 2302 2326 2353; x_wconf 86' lang='lat' dir='ltr'>vivunt</span> <span class='ocrx_word' id='word_1_448' title='bbox 2349 2302 2603 2363; x_wconf 80' lang='lat' dir='ltr'>homines,</span> <span class='ocrx_word' id='word_1_449' title='bbox 2644 2308 2901 2373; x_wconf 79' lang='lat' dir='ltr'>tanquam</span> <span class='ocrx_word' id='word_1_450' title='bbox 2932 2320 3070 2357; x_wconf 82' lang='lat' dir='ltr'>mors</span> <span class='ocrx_word' id='word_1_451' title='bbox 3101 2306 3248 2360; x_wconf 89' lang='lat' dir='ltr'>nulla</span> <span class='ocrx_word' id='word_1_452' title='bbox 3279 2317 3549 2381; x_wconf 84' lang='lat' dir='ltr'>sequatur,</span> 
     </span>
    </p>
   </div>
   <div class='ocr_carea' id='block_1_67' title="bbox 2082 2387 3168 2462">
    <p class='ocr_par' dir='ltr' id='par_1_67' title="bbox 2082 2387 3168 2462">
     <span class='ocr_line' id='line_1_67' title="bbox 2082 2387 3168 2462; baseline 0.006 -22"><span class='ocrx_word' id='word_1_453' title='bbox 2082 2387 2157 2441; x_wconf 84' lang='lat' dir='ltr'>Et</span> <span class='ocrx_word' id='word_1_454' title='bbox 2186 2388 2326 2441; x_wconf 87' lang='lat' dir='ltr'>velut</span> <span class='ocrx_word' id='word_1_455' title='bbox 2354 2390 2597 2458; x_wconf 77' lang='lat' dir='ltr'>infernus</span> <span class='ocrx_word' id='word_1_456' title='bbox 2618 2390 2807 2459; x_wconf 82' lang='lat' dir='ltr'>fabula</span> <span class='ocrx_word' id='word_1_457' title='bbox 2840 2408 2977 2444; x_wconf 89' lang='lat' dir='ltr'>vana</span> <span class='ocrx_word' id='word_1_458' title='bbox 3005 2393 3168 2462; x_wconf 81' lang='lat' dir='ltr'>foret,</span> 
     </span>
    </p>
   </div>
   <div class='ocr_carea' id='block_1_68' title="bbox 2017 2475 3276 2547">
    <p class='ocr_par' dir='ltr' id='par_1_68' title="bbox 2017 2475 3276 2547">
     <span class='ocr_line' id='line_1_68' title="bbox 2017 2475 3276 2547; baseline 0.006 -16"><span class='ocrx_word' id='word_1_459' title='bbox 2017 2475 2155 2531; x_wconf 87' lang='lat' dir='ltr'>Cum</span> <span class='ocrx_word' id='word_1_460' title='bbox 2184 2477 2367 2531; x_wconf 85' lang='lat' dir='ltr'>doceat</span> <span class='ocrx_word' id='word_1_461' title='bbox 2384 2495 2583 2541; x_wconf 82' lang='lat' dir='ltr'>sensus,</span> <span class='ocrx_word' id='word_1_462' title='bbox 2619 2484 2845 2533; x_wconf 74' lang='lat' dir='ltr'>viventes</span> <span class='ocrx_word' id='word_1_463' title='bbox 2874 2488 3040 2534; x_wconf 86' lang='lat' dir='ltr'>morte</span> <span class='ocrx_word' id='word_1_464' title='bbox 3071 2484 3276 2547; x_wconf 82' lang='lat' dir='ltr'>resolvi,</span> 
     </span>
    </p>
   </div>
   <div class='ocr_carea' id='block_1_69' title="bbox 2084 2565 3269 2639">
    <p class='ocr_par' dir='ltr' id='par_1_69' title="bbox 2084 2565 3269 2639">
     <span class='ocr_line' id='line_1_69' title="bbox 2084 2565 3269 2639; baseline 0.007 -22"><span class='ocrx_word' id='word_1_465' title='bbox 2084 2565 2265 2637; x_wconf 82' lang='lat' dir='ltr'>Atque</span> <span class='ocrx_word' id='word_1_466' title='bbox 2293 2567 2435 2619; x_wconf 85' lang='lat' dir='ltr'>erebi</span> <span class='ocrx_word' id='word_1_467' title='bbox 2450 2584 2633 2636; x_wconf 66' lang='lat' dir='ltr'>panos</span> <span class='ocrx_word' id='word_1_468' title='bbox 2651 2570 2858 2638; x_wconf 78' lang='lat' dir='ltr'>pagina</span> <span class='ocrx_word' id='word_1_469' title='bbox 2882 2586 3034 2622; x_wconf 83' lang='lat' dir='ltr'>sacra</span> <span class='ocrx_word' id='word_1_470' title='bbox 3050 2572 3269 2639; x_wconf 85' lang='lat' dir='ltr'>probet;</span> 
     </span>
    </p>
   </div>
   <div class='ocr_carea' id='block_1_70' title="bbox 2017 2644 3401 2727">
    <p class='ocr_par' dir='ltr' id='par_1_70' title="bbox 2017 2644 3401 2727">
     <span class='ocr_line' id='line_1_70' title="bbox 2017 2644 3401 2727; baseline 0.008 -22"><span class='ocrx_word' id='word_1_471' title='bbox 2017 2652 2162 2719; x_wconf 82' lang='lat' dir='ltr'>Quas</span> <span class='ocrx_word' id='word_1_472' title='bbox 2193 2657 2288 2726; x_wconf 90' lang='lat' dir='ltr'>qui</span> <span class='ocrx_word' id='word_1_473' title='bbox 2314 2672 2419 2708; x_wconf 89' lang='lat' dir='ltr'>non</span> <span class='ocrx_word' id='word_1_474' title='bbox 2453 2658 2659 2721; x_wconf 85' lang='lat' dir='ltr'>metuit,</span> <span class='ocrx_word' id='word_1_475' title='bbox 2695 2644 3115 2727; x_wconf 69' lang='lat' dir='ltr'>in/elirprorsus</span> <span class='ocrx_word' id='word_1_476' title='bbox 3144 2667 3193 2713; x_wconf 86' lang='lat' dir='ltr'>et</span> <span class='ocrx_word' id='word_1_477' title='bbox 3222 2676 3401 2718; x_wconf 80' lang='lat' dir='ltr'>amens</span> 
     </span>
    </p>
   </div>
   <div class='ocr_carea' id='block_1_71' title="bbox 2094 2742 3159 2815">
    <p class='ocr_par' dir='ltr' id='par_1_71' title="bbox 2094 2742 3159 2815">
     <span class='ocr_line' id='line_1_71' title="bbox 2094 2742 3159 2815; baseline 0.005 -19"><span class='ocrx_word' id='word_1_478' title='bbox 2094 2742 2239 2796; x_wconf 84' lang='lat' dir='ltr'>Vivit</span> <span class='ocrx_word' id='word_1_479' title='bbox 2270 2749 2319 2795; x_wconf 90' lang='lat' dir='ltr'>et</span> <span class='ocrx_word' id='word_1_480' title='bbox 2348 2746 2605 2798; x_wconf 72' lang='lat' dir='ltr'>extinctus</span> <span class='ocrx_word' id='word_1_481' title='bbox 2628 2747 2811 2798; x_wconf 81' lang='lat' dir='ltr'>sentiet</span> <span class='ocrx_word' id='word_1_482' title='bbox 2838 2745 2923 2798; x_wconf 86' lang='lat' dir='ltr'>ille</span> <span class='ocrx_word' id='word_1_483' title='bbox 2954 2763 3159 2815; x_wconf 85' lang='lat' dir='ltr'>rogum.</span> 
     </span>
    </p>
   </div>
   <div class='ocr_carea' id='block_1_72' title="bbox 2013 2828 3205 2900">
    <p class='ocr_par' dir='ltr' id='par_1_72' title="bbox 2013 2828 3205 2900">
     <span class='ocr_line' id='line_1_72' title="bbox 2013 2828 3205 2900; baseline 0.005 -17"><span class='ocrx_word' id='word_1_484' title='bbox 2013 2828 2105 2884; x_wconf 85' lang='lat' dir='ltr'>Sic</span> <span class='ocrx_word' id='word_1_485' title='bbox 2127 2833 2292 2900; x_wconf 84' lang='lat' dir='ltr'>igitur</span> <span class='ocrx_word' id='word_1_486' title='bbox 2320 2835 2498 2885; x_wconf 85' lang='lat' dir='ltr'>cuncti</span> <span class='ocrx_word' id='word_1_487' title='bbox 2524 2833 2770 2886; x_wconf 82' lang='lat' dir='ltr'>mortales</span> <span class='ocrx_word' id='word_1_488' title='bbox 2799 2835 2970 2888; x_wconf 87' lang='lat' dir='ltr'>vivere</span> <span class='ocrx_word' id='word_1_489' title='bbox 3000 2844 3205 2899; x_wconf 85' lang='lat' dir='ltr'>curent,</span> 
     </span>
    </p>
   </div>
   <div class='ocr_carea' id='block_1_73' title="bbox 2092 2917 3169 2994">
    <p class='ocr_par' dir='ltr' id='par_1_73' title="bbox 2092 2917 3169 2994">
     <span class='ocr_line' id='line_1_73' title="bbox 2092 2917 3169 2994; baseline 0.006 -21"><span class='ocrx_word' id='word_1_490' title='bbox 2092 2917 2164 2973; x_wconf 87' lang='lat' dir='ltr'>Ut</span> <span class='ocrx_word' id='word_1_491' title='bbox 2193 2919 2329 2972; x_wconf 84' lang='lat' dir='ltr'>nihil</span> <span class='ocrx_word' id='word_1_492' title='bbox 2357 2920 2561 2989; x_wconf 82' lang='lat' dir='ltr'>inferni</span> <span class='ocrx_word' id='word_1_493' title='bbox 2584 2922 2653 2975; x_wconf 85' lang='lat' dir='ltr'>sit</span> <span class='ocrx_word' id='word_1_494' title='bbox 2690 2923 2968 2976; x_wconf 86' lang='lat' dir='ltr'>metuenda</span> <span class='ocrx_word' id='word_1_495' title='bbox 2985 2931 3169 2994; x_wconf 80' lang='lat' dir='ltr'>potus.</span> 
     </span>
    </p>
   </div>
   <div class='ocr_carea' id='block_1_74' title="bbox 2014 3007 3629 3086">
    <p class='ocr_par' dir='ltr' id='par_1_74' title="bbox 2014 3007 3629 3086">
     <span class='ocr_line' id='line_1_74' title="bbox 2014 3007 3629 3086; baseline 0.01 -25"><span class='ocrx_word' id='word_1_496' title='bbox 2014 3008 2123 3061; x_wconf 81' lang='lat' dir='ltr'>Nec</span> <span class='ocrx_word' id='word_1_497' title='bbox 2163 3007 2353 3062; x_wconf 90' lang='lat' dir='ltr'>minus</span> <span class='ocrx_word' id='word_1_498' title='bbox 2399 3008 2660 3075; x_wconf 85' lang='lat' dir='ltr'>Sanctus,</span> <span class='ocrx_word' id='word_1_499' title='bbox 2708 3010 2790 3063; x_wconf 93' lang='lat' dir='ltr'>uti</span> <span class='ocrx_word' id='word_1_500' title='bbox 2836 3027 2903 3065; x_wconf 86' lang='lat' dir='ltr'>ex</span> <span class='ocrx_word' id='word_1_501' title='bbox 2947 3011 3202 3068; x_wconf 91' lang='lat' dir='ltr'>dicendis</span> <span class='ocrx_word' id='word_1_502' title='bbox 3233 3032 3486 3086; x_wconf 90' lang='lat' dir='ltr'>pronum</span> <span class='ocrx_word' id='word_1_503' title='bbox 3517 3022 3629 3079; x_wconf 89' lang='lat' dir='ltr'>erit</span> 
     </span>
    </p>
   </div>
   <div class='ocr_carea' id='block_1_75' title="bbox 2014 3095 3629 3175">
    <p class='ocr_par' dir='ltr' id='par_1_75' title="bbox 2014 3095 3629 3175">
     <span class='ocr_line' id='line_1_75' title="bbox 2014 3095 3629 3175; baseline 0.01 -27"><span class='ocrx_word' id='word_1_504' title='bbox 2014 3095 2302 3165; x_wconf 83' lang='lat' dir='ltr'>colligere,</span> <span class='ocrx_word' id='word_1_505' title='bbox 2334 3095 2551 3150; x_wconf 89' lang='lat' dir='ltr'>altioris</span> <span class='ocrx_word' id='word_1_506' title='bbox 2590 3096 2805 3151; x_wconf 89' lang='lat' dir='ltr'>ordinis</span> <span class='ocrx_word' id='word_1_507' title='bbox 2856 3099 3125 3166; x_wconf 85' lang='lat' dir='ltr'>scientiis,</span> <span class='ocrx_word' id='word_1_508' title='bbox 3178 3118 3352 3172; x_wconf 91' lang='lat' dir='ltr'>quam</span> <span class='ocrx_word' id='word_1_509' title='bbox 3402 3107 3629 3175; x_wconf 89' lang='lat' dir='ltr'>poetica</span> 
     </span>
    </p>
   </div>
   <div class='ocr_carea' id='block_1_76' title="bbox 2013 3182 3628 3252">
    <p class='ocr_par' dir='ltr' id='par_1_76' title="bbox 2013 3182 3628 3252">
     <span class='ocr_line' id='line_1_76' title="bbox 2013 3182 3628 3252; baseline 0.011 -18"><span class='ocrx_word' id='word_1_510' title='bbox 2013 3182 2281 3235; x_wconf 87' lang='lat' dir='ltr'>facultate</span> <span class='ocrx_word' id='word_1_511' title='bbox 2307 3198 2427 3236; x_wconf 89' lang='lat' dir='ltr'>sese</span> <span class='ocrx_word' id='word_1_512' title='bbox 2460 3183 2676 3236; x_wconf 88' lang='lat' dir='ltr'>studuit</span> <span class='ocrx_word' id='word_1_513' title='bbox 2703 3183 2983 3239; x_wconf 86' lang='lat' dir='ltr'>imbuere.</span> <span class='ocrx_word' id='word_1_514' title='bbox 3014 3187 3227 3242; x_wconf 89' lang='lat' dir='ltr'>Verum</span> <span class='ocrx_word' id='word_1_515' title='bbox 3251 3190 3345 3244; x_wconf 90' lang='lat' dir='ltr'>ubi</span> <span class='ocrx_word' id='word_1_516' title='bbox 3376 3192 3546 3249; x_wconf 86' lang='lat' dir='ltr'>hasce</span> <span class='ocrx_word' id='word_1_517' title='bbox 3563 3214 3628 3252; x_wconf 91' lang='lat' dir='ltr'>ac</span> 
     </span>
    </p>
   </div>
   <div class='ocr_carea' id='block_1_77' title="bbox 2014 3270 3628 3344">
    <p class='ocr_par' dir='ltr' id='par_1_77' title="bbox 2014 3270 3628 3344">
     <span class='ocr_line' id='line_1_77' title="bbox 2014 3270 3628 3344; baseline 0.009 -20"><span class='ocrx_word' id='word_1_518' title='bbox 2014 3270 2361 3324; x_wconf 90' lang='lat' dir='ltr'>nominatim</span> <span class='ocrx_word' id='word_1_519' title='bbox 2383 3271 2617 3341; x_wconf 89' lang='lat' dir='ltr'>quidem</span> <span class='ocrx_word' id='word_1_520' title='bbox 2648 3272 3070 3344; x_wconf 84' lang='lat' dir='ltr'>phi1050phiam</span> <span class='ocrx_word' id='word_1_521' title='bbox 3102 3276 3336 3333; x_wconf 87' lang='lat' dir='ltr'>didicit?</span> <span class='ocrx_word' id='word_1_522' title='bbox 3366 3283 3474 3337; x_wconf 90' lang='lat' dir='ltr'>Pro</span> <span class='ocrx_word' id='word_1_523' title='bbox 3496 3284 3628 3340; x_wconf 90' lang='lat' dir='ltr'>civi-</span> 
     </span>
    </p>
   </div>
   <div class='ocr_carea' id='block_1_78' title="bbox 2014 3358 3632 3429">
    <p class='ocr_par' dir='ltr' id='par_1_78' title="bbox 2014 3358 3632 3429">
     <span class='ocr_line' id='line_1_78' title="bbox 2014 3358 3632 3429; baseline 0.012 -19"><span class='ocrx_word' id='word_1_524' title='bbox 2014 3362 2130 3412; x_wconf 90' lang='lat' dir='ltr'>tate</span> <span class='ocrx_word' id='word_1_525' title='bbox 2147 3358 2445 3412; x_wconf 87' lang='lat' dir='ltr'>Parisiensi</span> <span class='ocrx_word' id='word_1_526' title='bbox 2465 3362 2617 3413; x_wconf 87' lang='lat' dir='ltr'>stant</span> <span class='ocrx_word' id='word_1_527' title='bbox 2644 3376 2759 3414; x_wconf 89' lang='lat' dir='ltr'>non</span> <span class='ocrx_word' id='word_1_528' title='bbox 2786 3362 2960 3416; x_wconf 93' lang='lat' dir='ltr'>modo</span> <span class='ocrx_word' id='word_1_529' title='bbox 2994 3363 3424 3425; x_wconf 87' lang='lat' dir='ltr'>Blomenvenna</span> <span class='ocrx_word' id='word_1_530' title='bbox 3446 3373 3632 3429; x_wconf 86' lang='lat' dir='ltr'>verbis</span> 
     </span>
    </p>
   </div>
   <div class='ocr_carea' id='block_1_79' title="bbox 2015 3447 3627 3532">
    <p class='ocr_par' dir='ltr' id='par_1_79' title="bbox 2015 3447 3627 3532">
     <span class='ocr_line' id='line_1_79' title="bbox 2015 3447 3627 3532; baseline 0.012 -34"><span class='ocrx_word' id='word_1_531' title='bbox 2015 3463 2176 3500; x_wconf 90' lang='lat' dir='ltr'>num.</span> <span class='ocrx_word' id='word_1_532' title='bbox 2225 3449 2293 3500; x_wconf 91' lang='grc'>50</span> <span class='ocrx_word' id='word_1_533' title='bbox 2342 3447 2453 3500; x_wconf 92' lang='lat' dir='ltr'>huc</span> <span class='ocrx_word' id='word_1_534' title='bbox 2496 3448 2873 3532; x_wconf 87' lang='lat' dir='ltr'>transcriptis,</span> <span class='ocrx_word' id='word_1_535' title='bbox 2909 3449 3105 3505; x_wconf 89' lang='lat' dir='ltr'>Surius</span> <span class='ocrx_word' id='word_1_536' title='bbox 3134 3453 3193 3507; x_wconf 90' lang='lat' dir='ltr'>in</span> <span class='ocrx_word' id='word_1_537' title='bbox 3247 3455 3438 3513; x_wconf 87' lang='lat' dir='ltr'>Sancti</span> <span class='ocrx_word' id='word_1_538' title='bbox 3483 3462 3627 3532; x_wconf 87' lang='lat' dir='ltr'>Vita,</span> 
     </span>
    </p>
   </div>
   <div class='ocr_carea' id='block_1_80' title="bbox 2013 3530 3628 3621">
    <p class='ocr_par' dir='ltr' id='par_1_80' title="bbox 2013 3530 3628 3621">
     <span class='ocr_line' id='line_1_80' title="bbox 2013 3530 3628 3621; baseline 0.011 -33"><span class='ocrx_word' id='word_1_539' title='bbox 2013 3535 2222 3606; x_wconf 90' lang='lat' dir='ltr'>aliique</span> <span class='ocrx_word' id='word_1_540' title='bbox 2255 3535 2481 3590; x_wconf 90' lang='lat' dir='ltr'>Ordinis</span> <span class='ocrx_word' id='word_1_541' title='bbox 2505 3530 2917 3592; x_wconf 83' lang='lat' dir='ltr'>Carthusiensis</span> <span class='ocrx_word' id='word_1_542' title='bbox 2943 3541 3248 3611; x_wconf 90' lang='lat' dir='ltr'>scriptores</span> <span class='ocrx_word' id='word_1_543' title='bbox 3293 3563 3410 3601; x_wconf 90' lang='lat' dir='ltr'>non</span> <span class='ocrx_word' id='word_1_544' title='bbox 3442 3530 3628 3621; x_wconf 76' lang='lat' dir='ltr'>pauci,</span> 
     </span>
    </p>
   </div>
   <div class='ocr_carea' id='block_1_81' title="bbox 2012 3625 3631 3705">
    <p class='ocr_par' dir='ltr' id='par_1_81' title="bbox 2012 3625 3631 3705">
     <span class='ocr_line' id='line_1_81' title="bbox 2012 3625 3631 3705; baseline 0.012 -29"><span class='ocrx_word' id='word_1_545' title='bbox 2012 3640 2211 3677; x_wconf 89' lang='lat' dir='ltr'>verum</span> <span class='ocrx_word' id='word_1_546' title='bbox 2239 3625 2435 3691; x_wconf 89' lang='lat' dir='ltr'>etiam,</span> <span class='ocrx_word' id='word_1_547' title='bbox 2466 3642 2609 3696; x_wconf 92' lang='lat' dir='ltr'>quos</span> <span class='ocrx_word' id='word_1_548' title='bbox 2630 3642 2834 3679; x_wconf 89' lang='lat' dir='ltr'>omnes</span> <span class='ocrx_word' id='word_1_549' title='bbox 2853 3628 3159 3682; x_wconf 88' lang='lat' dir='ltr'>nominare</span> <span class='ocrx_word' id='word_1_550' title='bbox 3192 3648 3308 3686; x_wconf 91' lang='lat' dir='ltr'>non</span> <span class='ocrx_word' id='word_1_551' title='bbox 3336 3641 3515 3705; x_wconf 88' lang='lat' dir='ltr'>vacat,</span> <span class='ocrx_word' id='word_1_552' title='bbox 3536 3640 3631 3695; x_wconf 89' lang='lat' dir='ltr'>alii</span> 
     </span>
    </p>
   </div>
   <div class='ocr_carea' id='block_1_82' title="bbox 2012 3712 3632 3783">
    <p class='ocr_par' dir='ltr' id='par_1_82' title="bbox 2012 3712 3632 3783">
     <span class='ocr_line' id='line_1_82' title="bbox 2012 3712 3632 3783; baseline 0.012 -19"><span class='ocrx_word' id='word_1_553' title='bbox 2012 3712 2294 3778; x_wconf 90' lang='lat' dir='ltr'>nonnulli,</span> <span class='ocrx_word' id='word_1_554' title='bbox 2328 3729 2392 3766; x_wconf 91' lang='lat' dir='ltr'>ac</span> <span class='ocrx_word' id='word_1_555' title='bbox 2424 3712 2771 3767; x_wconf 88' lang='lat' dir='ltr'>nominatim</span> <span class='ocrx_word' id='word_1_556' title='bbox 2798 3712 2855 3766; x_wconf 89' lang='lat' dir='ltr'>in</span> <span class='ocrx_word' id='word_1_557' title='bbox 2886 3714 3276 3771; x_wconf 87' lang='lat' dir='ltr'>Universitatis</span> <span class='ocrx_word' id='word_1_558' title='bbox 3302 3722 3632 3783; x_wconf 89' lang='lat' dir='ltr'>Parisiensis</span> 
     </span>
    </p>
   </div>
   <div class='ocr_carea' id='block_1_83' title="bbox 2014 3798 3626 3887">
    <p class='ocr_par' dir='ltr' id='par_1_83' title="bbox 2014 3798 3626 3887">
     <span class='ocr_line' id='line_1_83' title="bbox 2014 3798 3626 3887; baseline 0.012 -36"><span class='ocrx_word' id='word_1_559' title='bbox 2014 3798 2275 3867; x_wconf 85' lang='lat' dir='ltr'>Historia,</span> <span class='ocrx_word' id='word_1_560' title='bbox 2292 3817 2444 3855; x_wconf 90' lang='lat' dir='ltr'>anno</span> <span class='ocrx_word' id='word_1_561' title='bbox 2474 3803 2604 3854; x_wconf 81' lang='grc'>1665</span> <span class='ocrx_word' id='word_1_562' title='bbox 2623 3817 2655 3853; x_wconf 85' lang='lat' dir='ltr'>a</span> <span class='ocrx_word' id='word_1_563' title='bbox 2682 3816 2740 3853; x_wconf 90' lang='lat' dir='ltr'>se</span> <span class='ocrx_word' id='word_1_564' title='bbox 2762 3800 3064 3866; x_wconf 89' lang='lat' dir='ltr'>edita,tom</span> <span class='ocrx_word' id='word_1_565' title='bbox 3088 3805 3128 3867; x_wconf 89' lang='grc' dir='ltr'>Ι,</span> <span class='ocrx_word' id='word_1_566' title='bbox 3153 3821 3284 3875; x_wconf 84' lang='lat' dir='ltr'>pag.</span> <span class='ocrx_word' id='word_1_567' title='bbox 3310 3810 3411 3865; x_wconf 81' lang='grc'>467</span> <span class='ocrx_word' id='word_1_568' title='bbox 3428 3817 3487 3867; x_wconf 89' lang='lat' dir='ltr'>et</span> <span class='ocrx_word' id='word_1_569' title='bbox 3506 3832 3626 3887; x_wconf 88' lang='lat' dir='ltr'>seq.</span> 
     </span>
    </p>
   </div>
   <div class='ocr_carea' id='block_1_84' title="bbox 2015 3887 3631 3961">
    <p class='ocr_par' dir='ltr' id='par_1_84' title="bbox 2015 3887 3631 3961">
     <span class='ocr_line' id='line_1_84' title="bbox 2015 3887 3631 3961; baseline 0.011 -20"><span class='ocrx_word' id='word_1_570' title='bbox 2015 3888 2201 3942; x_wconf 55' lang='lat' dir='ltr'>Caesar</span> <span class='ocrx_word' id='word_1_571' title='bbox 2230 3887 2491 3960; x_wconf 80' lang='lat' dir='ltr'>Egassius</span> <span class='ocrx_word' id='word_1_572' title='bbox 2516 3889 2754 3956; x_wconf 75' lang='lat' dir='ltr'>Bulaeus,</span> <span class='ocrx_word' id='word_1_573' title='bbox 2793 3889 2911 3960; x_wconf 91' lang='lat' dir='ltr'>qui,</span> <span class='ocrx_word' id='word_1_574' title='bbox 2944 3891 3076 3944; x_wconf 89' lang='lat' dir='ltr'>licet</span> <span class='ocrx_word' id='word_1_575' title='bbox 3099 3891 3373 3950; x_wconf 89' lang='lat' dir='ltr'>Sanctum</span> <span class='ocrx_word' id='word_1_576' title='bbox 3405 3901 3631 3961; x_wconf 85' lang='lat' dir='ltr'>Parisiis</span> 
     </span>
    </p>
   </div>
   <div class='ocr_carea' id='block_1_85' title="bbox 2016 3976 3627 4060">
    <p class='ocr_par' dir='ltr' id='par_1_85' title="bbox 2016 3976 3627 4060">
     <span class='ocr_line' id='line_1_85' title="bbox 2016 3976 3627 4060; baseline 0.011 -31"><span class='ocrx_word' id='word_1_577' title='bbox 2016 3976 2390 4048; x_wconf 69' lang='lat' dir='ltr'>philosophia:</span> <span class='ocrx_word' id='word_1_578' title='bbox 2416 3976 2758 4045; x_wconf 87' lang='lat' dir='ltr'>incubuisse,</span> <span class='ocrx_word' id='word_1_579' title='bbox 2798 3981 2995 4049; x_wconf 88' lang='lat' dir='ltr'>aperte</span> <span class='ocrx_word' id='word_1_580' title='bbox 3025 3979 3243 4036; x_wconf 89' lang='lat' dir='ltr'>ibidem</span> <span class='ocrx_word' id='word_1_581' title='bbox 3275 4001 3394 4040; x_wconf 92' lang='lat' dir='ltr'>non</span> <span class='ocrx_word' id='word_1_582' title='bbox 3422 3989 3627 4060; x_wconf 90' lang='lat' dir='ltr'>edicat,</span> 
     </span>
    </p>
   </div>
   <div class='ocr_carea' id='block_1_86' title="bbox 2014 4062 3630 4145">
    <p class='ocr_par' dir='ltr' id='par_1_86' title="bbox 2014 4062 3630 4145">
     <span class='ocr_line' id='line_1_86' title="bbox 2014 4062 3630 4145; baseline 0.011 -30"><span class='ocrx_word' id='word_1_583' title='bbox 2014 4062 2149 4116; x_wconf 88' lang='lat' dir='ltr'>satis</span> <span class='ocrx_word' id='word_1_584' title='bbox 2178 4066 2375 4116; x_wconf 90' lang='lat' dir='ltr'>tamen</span> <span class='ocrx_word' id='word_1_585' title='bbox 2406 4063 2464 4116; x_wconf 92' lang='lat' dir='ltr'>id</span> <span class='ocrx_word' id='word_1_586' title='bbox 2511 4062 2743 4130; x_wconf 90' lang='lat' dir='ltr'>indicat,</span> <span class='ocrx_word' id='word_1_587' title='bbox 2789 4064 3021 4136; x_wconf 90' lang='lat' dir='ltr'>quique,</span> <span class='ocrx_word' id='word_1_588' title='bbox 3074 4069 3228 4138; x_wconf 92' lang='lat' dir='ltr'>quod</span> <span class='ocrx_word' id='word_1_589' title='bbox 3272 4072 3477 4145; x_wconf 90' lang='lat' dir='ltr'>reliqui</span> <span class='ocrx_word' id='word_1_590' title='bbox 3514 4094 3630 4132; x_wconf 90' lang='lat' dir='ltr'>non</span> 
     </span>
    </p>
   </div>
   <div class='ocr_carea' id='block_1_87' title="bbox 2016 4150 3631 4225">
    <p class='ocr_par' dir='ltr' id='par_1_87' title="bbox 2016 4150 3631 4225">
     <span class='ocr_line' id='line_1_87' title="bbox 2016 4150 3631 4225; baseline 0.011 -22"><span class='ocrx_word' id='word_1_591' title='bbox 2016 4150 2251 4217; x_wconf 85' lang='lat' dir='ltr'>faciunt,</span> <span class='ocrx_word' id='word_1_592' title='bbox 2294 4151 2631 4223; x_wconf 87' lang='lat' dir='ltr'>opinionem</span> <span class='ocrx_word' id='word_1_593' title='bbox 2676 4167 2859 4217; x_wconf 91' lang='lat' dir='ltr'>suam,</span> <span class='ocrx_word' id='word_1_594' title='bbox 2891 4169 3004 4224; x_wconf 80' lang='lat' dir='ltr'>qua</span> <span class='ocrx_word' id='word_1_595' title='bbox 3036 4158 3316 4225; x_wconf 63' lang='lat' dir='ltr'>praeterea</span> <span class='ocrx_word' id='word_1_596' title='bbox 3355 4161 3631 4222; x_wconf 89' lang='lat' dir='ltr'>Sanctum</span> 
     </span>
    </p>
   </div>
   <div class='ocr_carea' id='block_1_88' title="bbox 295 4237 3630 4314">
    <p class='ocr_par' dir='ltr' id='par_1_88' title="bbox 295 4237 3630 4314">
     <span class='ocr_line' id='line_1_88' title="bbox 295 4237 3630 4314; baseline 0.003 -15"><span class='ocrx_word' id='word_1_597' title='bbox 295 4249 357 4299; x_wconf 92' lang='lat' dir='ltr'>ut</span> <span class='ocrx_word' id='word_1_598' title='bbox 385 4246 627 4314; x_wconf 83' lang='lat' dir='ltr'>dictum,</span> <span class='ocrx_word' id='word_1_599' title='bbox 687 4245 881 4300; x_wconf 82' lang='lat' dir='ltr'>Remis</span> <span class='ocrx_word' id='word_1_600' title='bbox 919 4244 1219 4311; x_wconf 89' lang='lat' dir='ltr'>studuerit,</span> <span class='ocrx_word' id='word_1_601' title='bbox 1253 4245 1704 4312; x_wconf 88' lang='lat' dir='ltr'>verosimillime,</span> <span class='ocrx_word' id='word_1_602' title='bbox 1750 4250 1914 4300; x_wconf 88' lang='lat' dir='ltr'>antc-</span> <span class='ocrx_word' id='word_1_603' title='bbox 1935 4243 1989 4303; x_wconf 92' lang='lat' dir='ltr'><strong>D</strong></span> <span class='ocrx_word' id='word_1_604' title='bbox 2016 4238 2241 4293; x_wconf 76' lang='lat' dir='ltr'>PariSiiS</span> <span class='ocrx_word' id='word_1_605' title='bbox 2282 4237 2560 4303; x_wconf 85' lang='lat' dir='ltr'>docuisse,</span> <span class='ocrx_word' id='word_1_606' title='bbox 2592 4242 2875 4305; x_wconf 87' lang='lat' dir='ltr'>autumat,</span> <span class='ocrx_word' id='word_1_607' title='bbox 2904 4241 3151 4311; x_wconf 88' lang='lat' dir='ltr'>probare</span> <span class='ocrx_word' id='word_1_608' title='bbox 3195 4245 3371 4300; x_wconf 91' lang='lat' dir='ltr'>etiam</span> <span class='ocrx_word' id='word_1_609' title='bbox 3410 4252 3630 4308; x_wconf 90' lang='lat' dir='ltr'>nititur.</span> 
     </span>
    </p>
   </div>
   <div class='ocr_carea' id='block_1_89' title="bbox 294 4331 1913 4406">
    <p class='ocr_par' dir='ltr' id='par_1_89' title="bbox 294 4331 1913 4406">
     <span class='ocr_line' id='line_1_89' title="bbox 294 4331 1913 4406; baseline -0.001 -18"><span class='ocrx_word' id='word_1_610' title='bbox 294 4351 470 4406; x_wconf 87' lang='lat' dir='ltr'>quam</span> <span class='ocrx_word' id='word_1_611' title='bbox 495 4334 606 4387; x_wconf 91' lang='lat' dir='ltr'>hoc</span> <span class='ocrx_word' id='word_1_612' title='bbox 648 4333 882 4401; x_wconf 86' lang='lat' dir='ltr'>faceret,</span> <span class='ocrx_word' id='word_1_613' title='bbox 917 4349 1021 4387; x_wconf 89' lang='lat' dir='ltr'>nec</span> <span class='ocrx_word' id='word_1_614' title='bbox 1051 4331 1297 4398; x_wconf 88' lang='lat' dir='ltr'>Parisiis,</span> <span class='ocrx_word' id='word_1_615' title='bbox 1344 4348 1447 4385; x_wconf 91' lang='lat' dir='ltr'>nec</span> <span class='ocrx_word' id='word_1_616' title='bbox 1479 4333 1537 4385; x_wconf 89' lang='lat' dir='ltr'>in</span> <span class='ocrx_word' id='word_1_617' title='bbox 1570 4332 1681 4386; x_wconf 88' lang='lat' dir='ltr'>alia</span> <span class='ocrx_word' id='word_1_618' title='bbox 1710 4334 1913 4388; x_wconf 87' lang='lat' dir='ltr'>Gallia-</span> 
     </span>
    </p>
   </div>
   <div class='ocr_carea' id='block_1_90' title="bbox 294 4418 1913 4493">
    <p class='ocr_par' dir='ltr' id='par_1_90' title="bbox 294 4418 1913 4493">
     <span class='ocr_line' id='line_1_90' title="bbox 294 4418 1913 4493; baseline -0.001 -17"><span class='ocrx_word' id='word_1_619' title='bbox 294 4439 421 4476; x_wconf 87' lang='lat' dir='ltr'>rum</span> <span class='ocrx_word' id='word_1_620' title='bbox 436 4422 661 4476; x_wconf 89' lang='lat' dir='ltr'>civitate</span> <span class='ocrx_word' id='word_1_621' title='bbox 676 4421 877 4475; x_wconf 88' lang='lat' dir='ltr'>litteris</span> <span class='ocrx_word' id='word_1_622' title='bbox 897 4437 1134 4493; x_wconf 89' lang='lat' dir='ltr'>operam</span> <span class='ocrx_word' id='word_1_623' title='bbox 1158 4418 1400 4483; x_wconf 88' lang='lat' dir='ltr'>dederit,</span> <span class='ocrx_word' id='word_1_624' title='bbox 1420 4419 1673 4491; x_wconf 90' lang='lat' dir='ltr'>politiori</span> <span class='ocrx_word' id='word_1_625' title='bbox 1694 4420 1913 4475; x_wconf 80' lang='lat' dir='ltr'>littera-</span> 
     </span>
    </p>
   </div>
   <div class='ocr_carea' id='block_1_91' title="bbox 296 4506 1911 4576">
    <p class='ocr_par' dir='ltr' id='par_1_91' title="bbox 296 4506 1911 4576">
     <span class='ocr_line' id='line_1_91' title="bbox 296 4506 1911 4576; baseline 0.001 -15"><span class='ocrx_word' id='word_1_626' title='bbox 296 4512 424 4562; x_wconf 89' lang='lat' dir='ltr'>tura</span> <span class='ocrx_word' id='word_1_627' title='bbox 436 4526 537 4563; x_wconf 85' lang='lat' dir='ltr'>seu</span> <span class='ocrx_word' id='word_1_628' title='bbox 559 4506 1210 4562; x_wconf 85' lang='lat' dir='ltr'>humanioribuslitteris</span> <span class='ocrx_word' id='word_1_629' title='bbox 1231 4523 1351 4561; x_wconf 90' lang='lat' dir='ltr'>sese</span> <span class='ocrx_word' id='word_1_630' title='bbox 1370 4507 1563 4561; x_wconf 89' lang='lat' dir='ltr'>Remis</span> <span class='ocrx_word' id='word_1_631' title='bbox 1583 4508 1911 4576; x_wconf 87' lang='lat' dir='ltr'>excoluisse,</span> 
     </span>
    </p>
   </div>
   <div class='ocr_carea' id='block_1_92' title="bbox 293 4593 1912 4666">
    <p class='ocr_par' dir='ltr' id='par_1_92' title="bbox 293 4593 1912 4666">
     <span class='ocr_line' id='line_1_92' title="bbox 293 4593 1912 4666; baseline 0.001 -18"><span class='ocrx_word' id='word_1_632' title='bbox 293 4594 527 4666; x_wconf 85' lang='lat' dir='ltr'>ipsimet</span> <span class='ocrx_word' id='word_1_633' title='bbox 548 4595 807 4649; x_wconf 68' lang='lat' dir='ltr'>Historiae</span> <span class='ocrx_word' id='word_1_634' title='bbox 830 4594 1121 4648; x_wconf 67' lang='lat' dir='ltr'>litterariae</span> <span class='ocrx_word' id='word_1_635' title='bbox 1142 4593 1395 4647; x_wconf 82' lang='lat' dir='ltr'>Franciae</span> <span class='ocrx_word' id='word_1_636' title='bbox 1425 4594 1732 4663; x_wconf 90' lang='lat' dir='ltr'>scriptores</span> <span class='ocrx_word' id='word_1_637' title='bbox 1758 4596 1912 4650; x_wconf 92' lang='lat' dir='ltr'>loco-</span> 
     </span>
    </p>
   </div>
   <div class='ocr_carea' id='block_1_93' title="bbox 295 4680 1913 4757">
    <p class='ocr_par' dir='ltr' id='par_1_93' title="bbox 295 4680 1913 4757">
     <span class='ocr_line' id='line_1_93' title="bbox 295 4680 1913 4757; baseline 0 -21"><span class='ocrx_word' id='word_1_638' title='bbox 295 4699 469 4753; x_wconf 86' lang='lat' dir='ltr'>snpra</span> <span class='ocrx_word' id='word_1_639' title='bbox 495 4683 592 4736; x_wconf 88' lang='lat' dir='ltr'>cit.</span> <span class='ocrx_word' id='word_1_640' title='bbox 630 4697 744 4735; x_wconf 91' lang='lat' dir='ltr'>non</span> <span class='ocrx_word' id='word_1_641' title='bbox 786 4682 1023 4757; x_wconf 75' lang='lat' dir='ltr'>obscure</span> <span class='ocrx_word' id='word_1_642' title='bbox 1065 4680 1293 4746; x_wconf 86' lang='lat' dir='ltr'>docent,</span> <span class='ocrx_word' id='word_1_643' title='bbox 1349 4680 1506 4750; x_wconf 90' lang='lat' dir='ltr'>poesi</span> <span class='ocrx_word' id='word_1_644' title='bbox 1538 4681 1699 4734; x_wconf 91' lang='lat' dir='ltr'>illum</span> <span class='ocrx_word' id='word_1_645' title='bbox 1751 4698 1913 4753; x_wconf 83' lang='lat' dir='ltr'>aeque</span> 
     </span>
    </p>
   </div>
   <div class='ocr_carea' id='block_1_94' title="bbox 294 4766 1911 4840">
    <p class='ocr_par' dir='ltr' id='par_1_94' title="bbox 294 4766 1911 4840">
     <span class='ocr_line' id='line_1_94' title="bbox 294 4766 1911 4840; baseline -0.001 -16"><span class='ocrx_word' id='word_1_646' title='bbox 294 4770 536 4835; x_wconf 88' lang='lat' dir='ltr'>ibidem,</span> <span class='ocrx_word' id='word_1_647' title='bbox 590 4785 767 4840; x_wconf 88' lang='lat' dir='ltr'>quam</span> <span class='ocrx_word' id='word_1_648' title='bbox 816 4768 941 4822; x_wconf 90' lang='lat' dir='ltr'>aliis</span> <span class='ocrx_word' id='word_1_649' title='bbox 970 4766 1216 4833; x_wconf 89' lang='lat' dir='ltr'>scientis,</span> <span class='ocrx_word' id='word_1_650' title='bbox 1253 4770 1315 4820; x_wconf 89' lang='lat' dir='ltr'>ut</span> <span class='ocrx_word' id='word_1_651' title='bbox 1357 4766 1481 4834; x_wconf 63' lang='lat' dir='ltr'>aevi,</span> <span class='ocrx_word' id='word_1_652' title='bbox 1524 4783 1638 4838; x_wconf 92' lang='lat' dir='ltr'>quo</span> <span class='ocrx_word' id='word_1_653' title='bbox 1668 4768 1911 4836; x_wconf 90' lang='lat' dir='ltr'>vivebat,</span> 
     </span>
    </p>
   </div>
   <div class='ocr_carea' id='block_1_95' title="bbox 296 4854 1911 4922">
    <p class='ocr_par' dir='ltr' id='par_1_95' title="bbox 296 4854 1911 4922">
     <span class='ocr_line' id='line_1_95' title="bbox 296 4854 1911 4922; baseline -0.001 -11"><span class='ocrx_word' id='word_1_654' title='bbox 296 4856 680 4920; x_wconf 86' lang='lat' dir='ltr'>mosferebat,</span> <span class='ocrx_word' id='word_1_655' title='bbox 708 4854 1048 4922; x_wconf 90' lang='lat' dir='ltr'>incubuisse,</span> <span class='ocrx_word' id='word_1_656' title='bbox 1075 4857 1486 4921; x_wconf 87' lang='lat' dir='ltr'>asseverantes,</span> <span class='ocrx_word' id='word_1_657' title='bbox 1514 4857 1574 4907; x_wconf 92' lang='lat' dir='ltr'>ut</span> <span class='ocrx_word' id='word_1_658' title='bbox 1596 4855 1911 4910; x_wconf 90' lang='lat' dir='ltr'>verosimil-</span> 
     </span>
    </p>
   </div>
   <div class='ocr_carea' id='block_1_96' title="bbox 292 4940 1912 5016">
    <p class='ocr_par' dir='ltr' id='par_1_96' title="bbox 292 4940 1912 5016">
     <span class='ocr_line' id='line_1_96' title="bbox 292 4940 1912 5016; baseline -0.001 -18"><span class='ocrx_word' id='word_1_659' title='bbox 292 4945 455 5011; x_wconf 89' lang='lat' dir='ltr'>lime,</span> <span class='ocrx_word' id='word_1_660' title='bbox 487 4942 629 4997; x_wconf 89' lang='lat' dir='ltr'>dum</span> <span class='ocrx_word' id='word_1_661' title='bbox 660 4958 765 5012; x_wconf 91' lang='lat' dir='ltr'>pro</span> <span class='ocrx_word' id='word_1_662' title='bbox 797 4940 1065 5008; x_wconf 86' lang='lat' dir='ltr'>scientiis,</span> <span class='ocrx_word' id='word_1_663' title='bbox 1091 4943 1408 4996; x_wconf 89' lang='lat' dir='ltr'>aBrunone</span> <span class='ocrx_word' id='word_1_664' title='bbox 1426 4942 1677 4997; x_wconf 70' lang='lat' dir='ltr'>Coloniae</span> <span class='ocrx_word' id='word_1_665' title='bbox 1707 4944 1912 5016; x_wconf 85' lang='lat' dir='ltr'>Agrip-</span> 
     </span>
    </p>
   </div>
   <div class='ocr_carea' id='block_1_97' title="bbox 295 5029 1913 5102">
    <p class='ocr_par' dir='ltr' id='par_1_97' title="bbox 295 5029 1913 5102">
     <span class='ocr_line' id='line_1_97' title="bbox 295 5029 1913 5102; baseline 0.001 -18"><span class='ocrx_word' id='word_1_666' title='bbox 295 5030 448 5100; x_wconf 61' lang='lat' dir='ltr'>pinae</span> <span class='ocrx_word' id='word_1_667' title='bbox 477 5031 714 5095; x_wconf 88' lang='lat' dir='ltr'>haustis,</span> <span class='ocrx_word' id='word_1_668' title='bbox 745 5030 865 5101; x_wconf 88' lang='lat' dir='ltr'>ejus</span> <span class='ocrx_word' id='word_1_669' title='bbox 896 5029 1047 5101; x_wconf 89' lang='lat' dir='ltr'>apud</span> <span class='ocrx_word' id='word_1_670' title='bbox 1078 5029 1371 5084; x_wconf 90' lang='lat' dir='ltr'>Labbeum</span> <span class='ocrx_word' id='word_1_671' title='bbox 1402 5032 1630 5083; x_wconf 86' lang='lat' dir='ltr'>exstans</span> <span class='ocrx_word' id='word_1_672' title='bbox 1658 5032 1913 5102; x_wconf 82' lang='lat' dir='ltr'>elogium</span> 
     </span>
    </p>
   </div>
   <div class='ocr_carea' id='block_1_98' title="bbox 295 5118 1915 5192">
    <p class='ocr_par' dir='ltr' id='par_1_98' title="bbox 295 5118 1915 5192">
     <span class='ocr_line' id='line_1_98' title="bbox 295 5118 1915 5192; baseline 0.002 -19"><span class='ocrx_word' id='word_1_673' title='bbox 295 5121 424 5175; x_wconf 89' lang='lat' dir='ltr'>loco</span> <span class='ocrx_word' id='word_1_674' title='bbox 456 5136 629 5192; x_wconf 88' lang='lat' dir='ltr'>supra</span> <span class='ocrx_word' id='word_1_675' title='bbox 649 5118 744 5173; x_wconf 89' lang='lat' dir='ltr'>cit.</span> <span class='ocrx_word' id='word_1_676' title='bbox 780 5119 1037 5184; x_wconf 88' lang='lat' dir='ltr'>laudant,</span> <span class='ocrx_word' id='word_1_677' title='bbox 1065 5118 1256 5172; x_wconf 90' lang='lat' dir='ltr'>minus</span> <span class='ocrx_word' id='word_1_678' title='bbox 1276 5135 1342 5172; x_wconf 83' lang='lat' dir='ltr'>ex</span> <span class='ocrx_word' id='word_1_679' title='bbox 1373 5120 1501 5187; x_wconf 88' lang='lat' dir='ltr'>hoc,</span> <span class='ocrx_word' id='word_1_680' title='bbox 1528 5137 1703 5192; x_wconf 91' lang='lat' dir='ltr'>quam</span> <span class='ocrx_word' id='word_1_681' title='bbox 1731 5122 1915 5177; x_wconf 88' lang='lat' dir='ltr'>verbis</span> 
     </span>
    </p>
   </div>
   <div class='ocr_carea' id='block_1_99' title="bbox 297 5205 1913 5280">
    <p class='ocr_par' dir='ltr' id='par_1_99' title="bbox 297 5205 1913 5280">
     <span class='ocr_line' id='line_1_99' title="bbox 297 5205 1913 5280; baseline 0.004 -22"><span class='ocrx_word' id='word_1_682' title='bbox 297 5206 415 5259; x_wconf 90' lang='lat' dir='ltr'>suis</span> <span class='ocrx_word' id='word_1_683' title='bbox 433 5205 707 5272; x_wconf 90' lang='lat' dir='ltr'>indicent,</span> <span class='ocrx_word' id='word_1_684' title='bbox 724 5205 1033 5259; x_wconf 90' lang='lat' dir='ltr'>deductum</span> <span class='ocrx_word' id='word_1_685' title='bbox 1050 5206 1353 5274; x_wconf 87' lang='lat' dir='ltr'>voluerint,</span> <span class='ocrx_word' id='word_1_686' title='bbox 1372 5211 1469 5262; x_wconf 89' lang='lat' dir='ltr'>aut</span> <span class='ocrx_word' id='word_1_687' title='bbox 1489 5212 1665 5275; x_wconf 88' lang='lat' dir='ltr'>certe,</span> <span class='ocrx_word' id='word_1_688' title='bbox 1689 5210 1827 5280; x_wconf 92' lang='lat' dir='ltr'>quid</span> <span class='ocrx_word' id='word_1_689' title='bbox 1846 5226 1913 5265; x_wconf 82' lang='lat' dir='ltr'>ex</span> 
     </span>
    </p>
   </div>
   <div class='ocr_carea' id='block_1_100' title="bbox 297 5293 1911 5368">
    <p class='ocr_par' dir='ltr' id='par_1_100' title="bbox 297 5293 1911 5368">
     <span class='ocr_line' id='line_1_100' title="bbox 297 5293 1911 5368; baseline 0.003 -20"><span class='ocrx_word' id='word_1_690' title='bbox 297 5310 370 5348; x_wconf 90' lang='lat' dir='ltr'>eo</span> <span class='ocrx_word' id='word_1_691' title='bbox 390 5296 860 5365; x_wconf 89' lang='lat' dir='ltr'>consequeretur,</span> <span class='ocrx_word' id='word_1_692' title='bbox 891 5293 1081 5348; x_wconf 88' lang='lat' dir='ltr'>minus</span> <span class='ocrx_word' id='word_1_693' title='bbox 1112 5296 1522 5368; x_wconf 86' lang='lat' dir='ltr'>perspexerint.</span> <span class='ocrx_word' id='word_1_694' title='bbox 1557 5299 1735 5353; x_wconf 88' lang='lat' dir='ltr'>Porro</span> <span class='ocrx_word' id='word_1_695' title='bbox 1768 5298 1911 5353; x_wconf 90' lang='lat' dir='ltr'>San-</span> 
     </span>
    </p>
   </div>
   <div class='ocr_carea' id='block_1_101' title="bbox 298 5382 1913 5454">
    <p class='ocr_par' dir='ltr' id='par_1_101' title="bbox 298 5382 1913 5454">
     <span class='ocr_line' id='line_1_101' title="bbox 298 5382 1913 5454; baseline 0.004 -19"><span class='ocrx_word' id='word_1_696' title='bbox 298 5384 426 5436; x_wconf 83' lang='lat' dir='ltr'>ctus</span> <span class='ocrx_word' id='word_1_697' title='bbox 459 5384 619 5436; x_wconf 87' lang='lat' dir='ltr'>tanto</span> <span class='ocrx_word' id='word_1_698' title='bbox 646 5382 853 5437; x_wconf 86' lang='lat' dir='ltr'>ardore</span> <span class='ocrx_word' id='word_1_699' title='bbox 879 5384 1157 5454; x_wconf 89' lang='lat' dir='ltr'>tantoque</span> <span class='ocrx_word' id='word_1_700' title='bbox 1186 5400 1444 5438; x_wconf 87' lang='lat' dir='ltr'>successu</span> <span class='ocrx_word' id='word_1_701' title='bbox 1474 5384 1913 5442; x_wconf 87' lang='lat' dir='ltr'>humanioribus</span> 
     </span>
    </p>
   </div>
   <div class='ocr_carea' id='block_1_102' title="bbox 300 5468 1913 5542">
    <p class='ocr_par' dir='ltr' id='par_1_102' title="bbox 300 5468 1913 5542">
     <span class='ocr_line' id='line_1_102' title="bbox 300 5468 1913 5542; baseline 0.002 -16"><span class='ocrx_word' id='word_1_702' title='bbox 300 5468 510 5527; x_wconf 77' lang='lat' dir='ltr'>litteris</span> <span class='ocrx_word' id='word_1_703' title='bbox 537 5486 636 5526; x_wconf 86' lang='lat' dir='ltr'>seu</span> <span class='ocrx_word' id='word_1_704' title='bbox 653 5469 866 5542; x_wconf 71' lang='lat' dir='ltr'>lingua:</span> <span class='ocrx_word' id='word_1_705' title='bbox 896 5468 1111 5527; x_wconf 64' lang='lat' dir='ltr'>Latine</span> <span class='ocrx_word' id='word_1_706' title='bbox 1128 5470 1314 5528; x_wconf 86' lang='lat' dir='ltr'>studio</span> <span class='ocrx_word' id='word_1_707' title='bbox 1329 5488 1451 5528; x_wconf 87' lang='lat' dir='ltr'>sese</span> <span class='ocrx_word' id='word_1_708' title='bbox 1473 5473 1662 5528; x_wconf 85' lang='lat' dir='ltr'>totum</span> <span class='ocrx_word' id='word_1_709' title='bbox 1684 5472 1741 5528; x_wconf 88' lang='lat' dir='ltr'>in</span> <span class='ocrx_word' id='word_1_710' title='bbox 1763 5474 1913 5530; x_wconf 87' lang='lat' dir='ltr'>cele-</span> 
     </span>
    </p>
   </div>
   <div class='ocr_carea' id='block_1_103' title="bbox 2086 4326 3636 4400">
    <p class='ocr_par' dir='ltr' id='par_1_103' title="bbox 2086 4326 3636 4400">
     <span class='ocr_line' id='line_1_103' title="bbox 2086 4326 3636 4400; baseline 0.01 -19"><span class='ocrx_word' id='word_1_711' title='bbox 2086 4331 2173 4381; x_wconf 86' lang='grc'>57.</span> <span class='ocrx_word' id='word_1_712' title='bbox 2207 4328 2285 4379; x_wconf 82' lang='lat' dir='ltr'>Ac</span> <span class='ocrx_word' id='word_1_713' title='bbox 2331 4326 2403 4379; x_wconf 89' lang='lat' dir='ltr'>ad</span> <span class='ocrx_word' id='word_1_714' title='bbox 2454 4326 2511 4379; x_wconf 92' lang='lat' dir='ltr'>id</span> <span class='ocrx_word' id='word_1_715' title='bbox 2543 4326 2777 4397; x_wconf 91' lang='lat' dir='ltr'>quidem</span> <span class='ocrx_word' id='word_1_716' title='bbox 2829 4331 2944 4381; x_wconf 89' lang='lat' dir='ltr'>tres</span> <span class='ocrx_word' id='word_1_717' title='bbox 2992 4330 3350 4400; x_wconf 88' lang='lat' dir='ltr'>conjecturas</span> <span class='ocrx_word' id='word_1_718' title='bbox 3399 4339 3636 4396; x_wconf 88' lang='lat' dir='ltr'>adhibet</span> 
     </span>
    </p>
   </div>
   <div class='ocr_carea' id='block_1_104' title="bbox 2016 4413 3636 4485">
    <p class='ocr_par' dir='ltr' id='par_1_104' title="bbox 2016 4413 3636 4485">
     <span class='ocr_line' id='line_1_104' title="bbox 2016 4413 3636 4485; baseline 0.009 -15"><span class='ocrx_word' id='word_1_719' title='bbox 2016 4416 2283 4482; x_wconf 89' lang='lat' dir='ltr'>diversas,</span> <span class='ocrx_word' id='word_1_720' title='bbox 2315 4413 2587 4468; x_wconf 89' lang='lat' dir='ltr'>Omnium</span> <span class='ocrx_word' id='word_1_721' title='bbox 2612 4418 2993 4485; x_wconf 88' lang='lat' dir='ltr'>postremam,</span> <span class='ocrx_word' id='word_1_722' title='bbox 3010 4434 3143 4472; x_wconf 90' lang='lat' dir='ltr'>cum</span> <span class='ocrx_word' id='word_1_723' title='bbox 3164 4422 3392 4478; x_wconf 89' lang='lat' dir='ltr'>tantum</span> <span class='ocrx_word' id='word_1_724' title='bbox 3423 4443 3491 4482; x_wconf 93' lang='lat' dir='ltr'>eo</span> <span class='ocrx_word' id='word_1_725' title='bbox 3513 4432 3636 4485; x_wconf 91' lang='lat' dir='ltr'>ten-</span> 
     </span>
    </p>
   </div>
   <div class='ocr_carea' id='block_1_105' title="bbox 2017 4502 3635 4576">
    <p class='ocr_par' dir='ltr' id='par_1_105' title="bbox 2017 4502 3635 4576">
     <span class='ocr_line' id='line_1_105' title="bbox 2017 4502 3635 4576; baseline 0.009 -18"><span class='ocrx_word' id='word_1_726' title='bbox 2017 4505 2134 4570; x_wconf 86' lang='lat' dir='ltr'>dat,</span> <span class='ocrx_word' id='word_1_727' title='bbox 2186 4506 2249 4556; x_wconf 90' lang='lat' dir='ltr'>ut</span> <span class='ocrx_word' id='word_1_728' title='bbox 2295 4502 2570 4556; x_wconf 88' lang='lat' dir='ltr'>Sanctum</span> <span class='ocrx_word' id='word_1_729' title='bbox 2624 4503 2879 4571; x_wconf 88' lang='lat' dir='ltr'>Parisiis,</span> <span class='ocrx_word' id='word_1_730' title='bbox 2930 4506 3083 4576; x_wconf 92' lang='lat' dir='ltr'>quod</span> <span class='ocrx_word' id='word_1_731' title='bbox 3128 4507 3279 4563; x_wconf 89' lang='lat' dir='ltr'>infra</span> <span class='ocrx_word' id='word_1_732' title='bbox 3336 4512 3635 4573; x_wconf 86' lang='lat' dir='ltr'>dumtaxat</span> 
     </span>
    </p>
   </div>
   <div class='ocr_carea' id='block_1_106' title="bbox 2016 4589 3632 4666">
    <p class='ocr_par' dir='ltr' id='par_1_106' title="bbox 2016 4589 3632 4666">
     <span class='ocr_line' id='line_1_106' title="bbox 2016 4589 3632 4666; baseline 0.009 -21"><span class='ocrx_word' id='word_1_733' title='bbox 2016 4589 2459 4656; x_wconf 88' lang='lat' dir='ltr'>discutiendum,</span> <span class='ocrx_word' id='word_1_734' title='bbox 2482 4590 2736 4644; x_wconf 90' lang='lat' dir='ltr'>docuisse</span> <span class='ocrx_word' id='word_1_735' title='bbox 2764 4592 2969 4661; x_wconf 88' lang='lat' dir='ltr'>probet</span> <span class='ocrx_word' id='word_1_736' title='bbox 2996 4596 3399 4666; x_wconf 80' lang='lat' dir='ltr'>praetermitto,</span> <span class='ocrx_word' id='word_1_737' title='bbox 3421 4605 3632 4659; x_wconf 91' lang='lat' dir='ltr'>solum-</span> 
     </span>
    </p>
   </div>
   <div class='ocr_carea' id='block_1_107' title="bbox 2015 4679 3632 4761">
    <p class='ocr_par' dir='ltr' id='par_1_107' title="bbox 2015 4679 3632 4761">
     <span class='ocr_line' id='line_1_107' title="bbox 2015 4679 3632 4761; baseline 0.008 -28"><span class='ocrx_word' id='word_1_738' title='bbox 2015 4697 2125 4751; x_wconf 91' lang='lat' dir='ltr'>que</span> <span class='ocrx_word' id='word_1_739' title='bbox 2151 4679 2291 4733; x_wconf 90' lang='lat' dir='ltr'>duas</span> <span class='ocrx_word' id='word_1_740' title='bbox 2312 4679 2560 4749; x_wconf 89' lang='lat' dir='ltr'>reliquas</span> <span class='ocrx_word' id='word_1_741' title='bbox 2581 4681 2870 4734; x_wconf 85' lang='lat' dir='ltr'>examino.</span> <span class='ocrx_word' id='word_1_742' title='bbox 2899 4681 3110 4736; x_wconf 89' lang='lat' dir='ltr'>Harum</span> <span class='ocrx_word' id='word_1_743' title='bbox 3154 4687 3438 4753; x_wconf 87' lang='lat' dir='ltr'>posterior</span> <span class='ocrx_word' id='word_1_744' title='bbox 3470 4711 3498 4741; x_wconf 91' lang='grc'>‹‹</span> <span class='ocrx_word' id='word_1_745' title='bbox 3534 4707 3632 4761; x_wconf 89' lang='lat' dir='ltr'>pe-</span> 
     </span>
    </p>
   </div>
   <div class='ocr_carea' id='block_1_108' title="bbox 2013 4768 3629 4851">
    <p class='ocr_par' dir='ltr' id='par_1_108' title="bbox 2013 4768 3629 4851">
     <span class='ocr_line' id='line_1_108' title="bbox 2013 4768 3629 4851; baseline -0.001 -27"><span class='ocrx_word' id='word_1_746' title='bbox 2013 4768 2153 4824; x_wconf 88' lang='lat' dir='ltr'>titur</span> <span class='ocrx_word' id='word_1_747' title='bbox 2184 4768 2378 4838; x_wconf 89' lang='lat' dir='ltr'>(verba</span> <span class='ocrx_word' id='word_1_748' title='bbox 2418 4770 2550 4821; x_wconf 90' lang='lat' dir='ltr'>sunt</span> <span class='ocrx_word' id='word_1_749' title='bbox 2581 4769 2772 4839; x_wconf 80' lang='lat' dir='ltr'>Bulaei)</span> <span class='ocrx_word' id='word_1_750' title='bbox 2806 4786 2873 4824; x_wconf 82' lang='lat' dir='ltr'>ex</span> <span class='ocrx_word' id='word_1_751' title='bbox 2917 4773 3149 4826; x_wconf 87' lang='lat' dir='ltr'>auctore</span> <span class='ocrx_word' id='word_1_752' title='bbox 3181 4790 3495 4847; x_wconf 81' lang='lat' dir='ltr'>anonymo,</span> <span class='ocrx_word' id='word_1_753' title='bbox 3531 4782 3629 4851; x_wconf 72' lang='lat' dir='ltr'>qui</span> 
     </span>
    </p>
   </div>
   <div class='ocr_carea' id='block_1_109' title="bbox 2015 4856 3629 4936">
    <p class='ocr_par' dir='ltr' id='par_1_109' title="bbox 2015 4856 3629 4936">
     <span class='ocr_line' id='line_1_109' title="bbox 2015 4856 3629 4936; baseline 0.006 -24"><span class='ocrx_word' id='word_1_754' title='bbox 2015 4856 2318 4912; x_wconf 87' lang='lat' dir='ltr'>Historiam</span> <span class='ocrx_word' id='word_1_755' title='bbox 2350 4872 2383 4910; x_wconf 90' lang='lat' dir='ltr'>a</span> <span class='ocrx_word' id='word_1_756' title='bbox 2414 4857 2664 4910; x_wconf 87' lang='lat' dir='ltr'>Roberto</span> <span class='ocrx_word' id='word_1_757' title='bbox 2694 4858 2767 4911; x_wconf 91' lang='lat' dir='ltr'>ad</span> <span class='ocrx_word' id='word_1_758' title='bbox 2818 4862 3071 4914; x_wconf 90' lang='lat' dir='ltr'>mortem</span> <span class='ocrx_word' id='word_1_759' title='bbox 3109 4878 3287 4933; x_wconf 89' lang='lat' dir='ltr'>usque</span> <span class='ocrx_word' id='word_1_760' title='bbox 3336 4865 3629 4936; x_wconf 86' lang='lat' dir='ltr'>Philippil</span> 
     </span>
    </p>
   </div>
   <div class='ocr_carea' id='block_1_110' title="bbox 2015 4943 3624 5022">
    <p class='ocr_par' dir='ltr' id='par_1_110' title="bbox 2015 4943 3624 5022">
     <span class='ocr_line' id='line_1_110' title="bbox 2015 4943 3624 5022; baseline 0.007 -24"><span class='ocrx_word' id='word_1_761' title='bbox 2015 4943 2298 5017; x_wconf 82' lang='lat' dir='ltr'>perduxit,</span> <span class='ocrx_word' id='word_1_762' title='bbox 2319 4943 2530 5015; x_wconf 88' lang='lat' dir='ltr'>quique</span> <span class='ocrx_word' id='word_1_763' title='bbox 2563 4945 2895 5014; x_wconf 83' lang='lat' dir='ltr'>Brunonem</span> <span class='ocrx_word' id='word_1_764' title='bbox 2921 4947 3079 5002; x_wconf 89' lang='lat' dir='ltr'>novit</span> <span class='ocrx_word' id='word_1_765' title='bbox 3108 4951 3207 5001; x_wconf 88' lang='lat' dir='ltr'>aut</span> <span class='ocrx_word' id='word_1_766' title='bbox 3234 4965 3400 5003; x_wconf 89' lang='lat' dir='ltr'>nosse</span> <span class='ocrx_word' id='word_1_767' title='bbox 3421 4955 3624 5022; x_wconf 90' lang='lat' dir='ltr'>potuit.</span> 
     </span>
    </p>
   </div>
   <div class='ocr_carea' id='block_1_111' title="bbox 2014 5032 3631 5106">
    <p class='ocr_par' dir='ltr' id='par_1_111' title="bbox 2014 5032 3631 5106">
     <span class='ocr_line' id='line_1_111' title="bbox 2014 5032 3631 5106; baseline 0.008 -21"><span class='ocrx_word' id='word_1_768' title='bbox 2014 5034 2111 5086; x_wconf 89' lang='lat' dir='ltr'>llle</span> <span class='ocrx_word' id='word_1_769' title='bbox 2139 5035 2329 5087; x_wconf 91' lang='lat' dir='ltr'>autem</span> <span class='ocrx_word' id='word_1_770' title='bbox 2358 5032 2423 5086; x_wconf 89' lang='lat' dir='ltr'>iis</span> <span class='ocrx_word' id='word_1_771' title='bbox 2450 5048 2584 5086; x_wconf 92' lang='lat' dir='ltr'>eum</span> <span class='ocrx_word' id='word_1_772' title='bbox 2609 5037 2891 5099; x_wconf 89' lang='lat' dir='ltr'>accenset,</span> <span class='ocrx_word' id='word_1_773' title='bbox 2916 5052 3059 5106; x_wconf 91' lang='lat' dir='ltr'>quos</span> <span class='ocrx_word' id='word_1_774' title='bbox 3085 5051 3264 5105; x_wconf 91' lang='lat' dir='ltr'>prope</span> <span class='ocrx_word' id='word_1_775' title='bbox 3292 5041 3517 5094; x_wconf 89' lang='lat' dir='ltr'>certum</span> <span class='ocrx_word' id='word_1_776' title='bbox 3544 5046 3631 5098; x_wconf 89' lang='lat' dir='ltr'>est</span> 
     </span>
    </p>
   </div>
   <div class='ocr_carea' id='block_1_112' title="bbox 2014 5119 3626 5195">
    <p class='ocr_par' dir='ltr' id='par_1_112' title="bbox 2014 5119 3626 5195">
     <span class='ocr_line' id='line_1_112' title="bbox 2014 5119 3626 5195; baseline 0.006 -22"><span class='ocrx_word' id='word_1_777' title='bbox 2014 5119 2291 5173; x_wconf 87' lang='lat' dir='ltr'>studuisse</span> <span class='ocrx_word' id='word_1_778' title='bbox 2322 5121 2380 5173; x_wconf 88' lang='lat' dir='ltr'>et</span> <span class='ocrx_word' id='word_1_779' title='bbox 2417 5119 2674 5174; x_wconf 89' lang='lat' dir='ltr'>docuisse</span> <span class='ocrx_word' id='word_1_780' title='bbox 2706 5120 2951 5175; x_wconf 86' lang='lat' dir='ltr'>Parisiis.</span> <span class='ocrx_word' id='word_1_781' title='bbox 2987 5144 3014 5171; x_wconf 86' lang='lat'><strong>«</strong></span> <span class='ocrx_word' id='word_1_782' title='bbox 3045 5121 3158 5174; x_wconf 90' lang='lat' dir='ltr'>Hoc</span> <span class='ocrx_word' id='word_1_783' title='bbox 3181 5124 3514 5195; x_wconf 85' lang='lat' dir='ltr'>tempore,»</span> <span class='ocrx_word' id='word_1_784' title='bbox 3536 5128 3626 5183; x_wconf 89' lang='lat' dir='ltr'>in-</span> 
     </span>
    </p>
   </div>
   <div class='ocr_carea' id='block_1_113' title="bbox 2014 5207 3620 5287">
    <p class='ocr_par' dir='ltr' id='par_1_113' title="bbox 2014 5207 3620 5287">
     <span class='ocr_line' id='line_1_113' title="bbox 2014 5207 3620 5287; baseline 0.006 -26"><span class='ocrx_word' id='word_1_785' title='bbox 2014 5207 2155 5279; x_wconf 89' lang='lat' dir='ltr'>quit,</span> <span class='ocrx_word' id='word_1_786' title='bbox 2203 5224 2414 5279; x_wconf 91' lang='lat' dir='ltr'>nempe</span> <span class='ocrx_word' id='word_1_787' title='bbox 2451 5208 2601 5262; x_wconf 88' lang='lat' dir='ltr'>circa</span> <span class='ocrx_word' id='word_1_788' title='bbox 2629 5226 2847 5264; x_wconf 89' lang='lat' dir='ltr'>annum</span> <span class='ocrx_word' id='word_1_789' title='bbox 2901 5212 3055 5275; x_wconf 70' lang='lat'><strong>1060,</strong></span> <span class='ocrx_word' id='word_1_790' title='bbox 3085 5229 3113 5257; x_wconf 88' lang='lat'>»</span> <span class='ocrx_word' id='word_1_791' title='bbox 3148 5212 3269 5264; x_wconf 89' lang='lat' dir='ltr'>tam</span> <span class='ocrx_word' id='word_1_792' title='bbox 3309 5211 3367 5266; x_wconf 90' lang='lat' dir='ltr'>in</span> <span class='ocrx_word' id='word_1_793' title='bbox 3410 5214 3620 5287; x_wconf 88' lang='lat' dir='ltr'>divina,</span> 
     </span>
    </p>
   </div>
   <div class='ocr_carea' id='block_1_114' title="bbox 2015 5294 3624 5366">
    <p class='ocr_par' dir='ltr' id='par_1_114' title="bbox 2015 5294 3624 5366">
     <span class='ocr_line' id='line_1_114' title="bbox 2015 5294 3624 5366; baseline 0.006 -18"><span class='ocrx_word' id='word_1_794' title='bbox 2015 5315 2041 5344; x_wconf 86' lang='lat'><strong>»</strong></span> <span class='ocrx_word' id='word_1_795' title='bbox 2075 5311 2249 5365; x_wconf 91' lang='lat' dir='ltr'>quam</span> <span class='ocrx_word' id='word_1_796' title='bbox 2270 5294 2329 5349; x_wconf 89' lang='lat' dir='ltr'>in</span> <span class='ocrx_word' id='word_1_797' title='bbox 2351 5295 2609 5349; x_wconf 89' lang='lat' dir='ltr'>humana</span> <span class='ocrx_word' id='word_1_798' title='bbox 2636 5294 2994 5366; x_wconf 88' lang='lat' dir='ltr'>philosophia</span> <span class='ocrx_word' id='word_1_799' title='bbox 3016 5294 3336 5351; x_wconf 87' lang='lat' dir='ltr'>ﬂoruerunt</span> <span class='ocrx_word' id='word_1_800' title='bbox 3348 5299 3624 5359; x_wconf 89' lang='lat' dir='ltr'>Lanfran-</span> 
     </span>
    </p>
   </div>
   <div class='ocr_carea' id='block_1_115' title="bbox 2012 5382 3615 5461">
    <p class='ocr_par' dir='ltr' id='par_1_115' title="bbox 2012 5382 3615 5461">
     <span class='ocr_line' id='line_1_115' title="bbox 2012 5382 3615 5461; baseline 0.007 -26"><span class='ocrx_word' id='word_1_801' title='bbox 2012 5402 2041 5431; x_wconf 82' lang='grc'><strong>››</strong></span> <span class='ocrx_word' id='word_1_802' title='bbox 2074 5399 2170 5437; x_wconf 91' lang='lat' dir='ltr'>cus</span> <span class='ocrx_word' id='word_1_803' title='bbox 2201 5382 2621 5437; x_wconf 88' lang='lat' dir='ltr'>Cantuariensis</span> <span class='ocrx_word' id='word_1_804' title='bbox 2640 5382 2955 5454; x_wconf 89' lang='lat' dir='ltr'>episcopus,</span> <span class='ocrx_word' id='word_1_805' title='bbox 2987 5382 3166 5439; x_wconf 89' lang='lat' dir='ltr'>Guido</span> <span class='ocrx_word' id='word_1_806' title='bbox 3184 5385 3615 5461; x_wconf 83' lang='lat' dir='ltr'>Langobardus,</span> 
     </span>
    </p>
   </div>
   <div class='ocr_carea' id='block_1_116' title="bbox 2014 5470 3615 5552">
    <p class='ocr_par' dir='ltr' id='par_1_116' title="bbox 2014 5470 3615 5552">
     <span class='ocr_line' id='line_1_116' title="bbox 2014 5470 3615 5552; baseline 0.006 -28"><span class='ocrx_word' id='word_1_807' title='bbox 2014 5494 2041 5524; x_wconf 69' lang='grc' dir='ltr'><strong>η</strong></span> <span class='ocrx_word' id='word_1_808' title='bbox 2074 5470 2444 5543; x_wconf 78' lang='lat' dir='ltr'>Manigaudus</span> <span class='ocrx_word' id='word_1_809' title='bbox 2495 5470 2855 5538; x_wconf 81' lang='lat' dir='ltr'>Teutonicus,</span> <span class='ocrx_word' id='word_1_810' title='bbox 2913 5472 3103 5532; x_wconf 86' lang='lat' dir='ltr'>Bruno</span> <span class='ocrx_word' id='word_1_811' title='bbox 3151 5475 3469 5550; x_wconf 77' lang='lat' dir='ltr'>Remensis,</span> <span class='ocrx_word' id='word_1_812' title='bbox 3516 5481 3615 5552; x_wconf 88' lang='lat' dir='ltr'>qui</span> 
     </span>
    </p>
   </div>
  </div>
