3996 6012
385 325 451 381 30
1235 319 1290 375 S.
1337 318 1680 375 BRUNONIS
1711 316 2339 373 CARTHUSIANORUM
2381 316 2848 376 INSTITUTORIS
3627 332 3697 389 4ο

389 472 419 503 ‹‹
446 452 645 522 postea
685 446 861 503 vitam
901 445 1061 502 duxit
1101 445 1479 502 eremiticam.
1509 466 1537 495 »
1570 445 1751 499 Nemo
1798 446 2067 507 autemA
2090 442 2348 511 demum,
2391 446 2455 499 ut
2498 444 2686 513 docui,
2742 446 2879 502 1030
2920 445 3145 504 circiter
3179 450 3368 518 natus,
3402 451 3696 512 decimum

387 539 611 605 dixerit,
637 537 796 592 Viros
825 536 951 591 illos
997 536 1253 592 docuisse
1300 535 1513 589 Remis.
1542 554 1570 584 ››
1605 535 1689 587 Ita
1726 533 1840 599 ille,
1871 533 1991 603 qui,

388 642 741 699 quamquam
766 625 1040 681 Sanctum
1058 623 1433 697 philosophia
1458 621 1684 676 Parisiis
1705 620 1991 675 incubuis-

387 735 467 783 se,
493 732 755 787 expresse
776 731 893 770 non
918 714 1124 782 edicat,
1150 714 1287 767 satis
1310 715 1506 766 tamen
1523 710 1579 765 id
1603 709 1811 775 innuit,
1836 724 1990 775 cum,

384 805 609 863 Parisiis
643 804 927 860 studuisse
964 819 1119 868 eum,
1145 818 1326 874 prope
1359 803 1582 855 certum
1601 816 1727 854 esse
1748 798 1903 866 velit,
1926 798 1994 853 si-

387 895 644 965 mulque,
689 907 801 963 quo
840 906 969 946 rem
1000 889 1223 944 evincat
1273 887 1549 960 anonymi
1596 889 1839 954 textum,
1879 901 1992 958 quo

390 982 630 1039 Sanctus
668 980 726 1035 in
751 977 1113 1052 philosophia
1142 976 1424 1044 ﬂoruisse,
1454 976 1745 1042 asseritur,
1784 974 1844 1030 in
1876 990 1996 1029 me-

385 1073 544 1127 dium
557 1070 822 1125 adducat.
847 1068 1058 1122 Verum
1084 1066 1259 1131 unde,
1282 1082 1496 1138 quaso,
1523 1066 1855 1120 Brunonem
1874 1079 1993 1119 non

383 1160 517 1216 alibi
561 1175 736 1231 quam
796 1156 1023 1212 Parisiis
1093 1154 1468 1227 philosophia
1510 1151 1852 1219 incubuisse,
1896 1153 1995 1207 aut

385 1250 562 1304 etiam
589 1246 891 1302 scientiam
914 1246 1062 1300 hanc
1086 1244 1364 1310 docuisse,
1388 1246 1612 1298 certum
1634 1259 1755 1296 esse
1777 1239 1995 1312 potest?

457 1336 706 1393 58.Sane
722 1336 1054 1389 Brunonem
1069 1331 1493 1403 philosophiam
1506 1331 1699 1386 Remis
1713 1329 1990 1397 docuisse,

383 1444 449 1481 ex
480 1425 633 1481 infra
665 1422 921 1479 dicendis
950 1438 1017 1477 ac
1055 1420 1405 1476 nominatim
1432 1438 1497 1475 ex
1527 1420 1673 1491 ipso,
1715 1419 1873 1491 quod
1900 1418 1993 1472 hic

384 1515 605 1569 Bulaeus
628 1512 848 1579 laudat,
896 1511 1246 1581 Fragmento
1298 1508 1567 1564 historico
1616 1506 1995 1563 verosimilius

390 1604 658 1674 apparet,
690 1601 753 1654 ut
782 1598 1026 1670 proinde
1055 1597 1413 1652 contrarium
1453 1596 1525 1651 sit
1556 1596 1865 1662 incertum,
1900 1595 1996 1649 de-

382 1690 633 1760 beatque
654 1688 742 1742 vel
760 1687 894 1741 hinc
911 1684 1083 1740 Bulai
1104 1685 1455 1756 conjectura,
1483 1685 1552 1739 de
1574 1682 1943 1755 philosophia
1958 1700 1993 1739 a

2090 532 2273 587 atatis
2292 550 2407 587 sua
2437 549 2658 589 annum
2686 533 2950 590 nondum
2963 535 3262 609 attigisset.
3278 539 3412 596 Ruit
3427 541 3620 615 itaque
3632 546 3694 601 et

2091 622 2293 689 altera,
2317 639 2431 693 qua
2462 622 2689 678 Parisiis
2719 640 2753 679 a
2782 624 3050 680 Brunone
3075 626 3501 701 philosophiam
3525 631 3700 691 fuisse

2092 713 2390 781 exceptam
2413 712 2713 782 probetur,
2739 712 2991 768 formata
3029 730 3064 769 a
3094 715 3284 772 Bulao
3346 718 3697 790 conjectura.

2094 800 2162 855 Et
2187 799 2323 855 vero
2357 800 2636 855 Sanctum
2686 817 2803 856 non
2841 802 3085 871 Parisiis,
3122 805 3223 860 sed
3254 806 3448 863 Remis
3488 810 3575 865 vel
3598 810 3704 867 Tu-

2092 888 2251 944 ronis
2295 888 2672 961 philosophiae
2724 890 3066 960 incubuisse,
3107 893 3459 965 dicendum;
3510 898 3704 957 Remis

2093 975 2352 1049 quidem,
2386 976 2433 1032 si
2464 978 2842 1051 Berengarius
2871 980 2931 1035 in
2956 981 3194 1038 scientia
3222 983 3324 1040 illa
3353 985 3626 1060 magister
3648 988 3704 1046 ei

2092 1080 2212 1120 non
2242 1064 2534 1137 obtigerit,
2560 1067 2801 1123 Turonis
2826 1084 2983 1136 vero,
3017 1069 3063 1124 si
3096 1070 3389 1143 obtigerit.

2163 1155 2252 1208 60.
2297 1155 2376 1209 Ac
2406 1155 2619 1210 horum
2652 1156 2889 1228 quidem
2930 1158 3188 1229 primum
3228 1159 3440 1217 idcirco
3491 1165 3701 1236 placet,

2093 1241 2249 1313 quod
2275 1242 2552 1298 Sanctum
2582 1243 2680 1298 diu
2714 1244 2909 1300 Remis
2941 1246 3221 1303 studuisse
3248 1252 3306 1304 et
3335 1249 3614 1320 docuisse,
3643 1256 3706 1309 et

2092 1347 2161 1386 ex
2179 1331 2307 1402 jam
2329 1331 2493 1387 dictis
2515 1335 2575 1388 et
2602 1349 2670 1387 ex
2709 1348 2884 1406 porro
2915 1334 3171 1391 dicendis
3207 1341 3430 1393 certum
3461 1341 3704 1398 omnino

2093 1418 2192 1487 sit;
2227 1423 2589 1491 postremum
2620 1437 2777 1489 vero,
2815 1422 2972 1494 quod
3001 1423 3218 1496 utique,
3253 1425 3301 1480 si
3328 1442 3529 1484 revera
3558 1428 3705 1485 San-

2092 1511 2233 1577 ctus,
2267 1511 2332 1563 ut
2360 1508 2682 1565 Chronicon
2706 1509 3075 1568 Malleacense
3100 1513 3331 1569 tradere
3355 1515 3600 1585 videtur,
3643 1518 3706 1575 in

2091 1596 2457 1668 philosophia
2503 1598 2916 1670 Berengarium
2948 1598 3212 1670 audierit,
3233 1601 3452 1659 factum
3480 1604 3542 1660 id
3584 1622 3709 1662 esse

2091 1684 2189 1752 ibi,
2225 1684 2320 1740 ubi
2350 1686 2444 1741 hic
2462 1685 2723 1753 docebat,
2761 1686 3260 1746 verosimillimum
3283 1696 3579 1764 appareat.
3634 1694 3711 1749 Ut

382 1779 650 1833 Brunone
672 1775 899 1831 Parisiis
919 1776 1173 1846 excepta,
1194 1789 1299 1845 pro
1319 1773 1639 1828 admodum
1661 1771 1883 1827 incerta
1896 1772 1994 1826 ha-
2020 1767 2283 1845 Bitaque
2321 1775 2609 1843 Remisne,
2661 1792 2736 1831 an
2777 1776 3017 1832 Turonis
3069 1779 3445 1853 philosophia
3493 1781 3705 1854 placita

379 1867 534 1933 beri;
577 1883 651 1920 an
675 1880 809 1919 vero
851 1864 921 1918 de
971 1862 1112 1928 aliis,
1161 1877 1304 1933 quos
1353 1877 1679 1932 anonymus
1720 1877 1754 1915 a
1799 1861 1989 1915 Bulao

312 2022 322 2031 .
382 1956 658 2011 adductus
686 1952 903 2018 laudat,
937 1949 1148 2006 certior
1184 1949 1278 2017 sit,
1312 1948 1436 2004 aliis
1464 1948 1875 2003 examinadum
1903 1964 1992 2004 re-

378 2045 599 2115 linquo,
632 2044 690 2095 et
710 2040 785 2096 ad
815 2041 1058 2095 alteram
1090 2037 1381 2107 scriptoris
1403 2038 1571 2108 hujus
1592 2037 1989 2107 conjecturam

370 2132 498 2202 jam
555 2128 743 2184 venio.
781 2149 810 2177 «
853 2127 983 2181 Haec
1032 2129 1119 2181 est
1166 2140 1233 2179 ex
1284 2124 1551 2179 Chronici
1606 2123 1990 2179 Malleacensis

377 2218 571 2290 (verba
602 2216 813 2270 iterum
838 2215 971 2269 sunt
996 2211 1189 2282 Bulai)
1225 2209 1619 2281 manuscripto
1652 2209 1867 2276 codice,
1890 2209 1988 2280 qui

373 2305 587 2363 servari
609 2304 814 2359 dicitur
837 2301 1072 2358 Parisiis
1102 2301 1162 2356 in
1182 2299 1529 2355 bibliotheca
1566 2300 1842 2365 Puteana,
1868 2297 1990 2370 qui-

375 2413 487 2469 que
511 2395 583 2450 ab
611 2396 843 2449 auctore
876 2389 1230 2460 conscriptus
1268 2391 1356 2443 est
1385 2387 1536 2442 circa
1571 2403 1790 2442 annum
1827 2389 1981 2454 1160,

373 2487 432 2539 et
457 2484 517 2538 in
543 2486 731 2539 lucem
754 2479 939 2536 editus
970 2496 1004 2534 a
1036 2477 1299 2548 Philippo
1321 2476 1567 2531 Labbeo.
1602 2476 1663 2529 In
1695 2491 1764 2529 eo
1786 2477 1982 2530 autem

372 2570 644 2642 leguntur
665 2569 787 2623 hac
806 2567 982 2622 verba
997 2566 1072 2620 ad
1097 2583 1193 2621 an.
1214 2567 1316 2620 996
1341 2581 1355 2620 :
1390 2587 1418 2616 (ί
1450 2565 1759 2620 Gerbertus
1790 2563 1985 2619 docuit

372 2680 400 2710 »
433 2659 787 2722 Fulbertum,
807 2656 1225 2710 Carnotensem
1253 2654 1611 2726 episcopum.
1647 2652 1745 2707 Hic
1766 2653 1981 2707 iterum

370 2769 399 2798 »
435 2747 731 2802 Fulbertus
748 2742 941 2798 docuit
962 2741 1376 2813 Berengarium
1398 2740 1745 2796 canonicum
1765 2740 1822 2796 S.
1836 2741 1980 2796 Mar-

369 2857 397 2885 »
428 2836 553 2891 tini.
577 2833 682 2898 Qui
708 2833 849 2888 item
873 2833 1205 2887 Brunonem
1229 2832 1572 2887 Remensem
1587 2833 1647 2885 et
1667 2830 1807 2885 alios
1830 2831 1979 2884 mul-

367 2946 396 2975 »
430 2928 520 2979 tos
543 2922 804 2978 haredes
828 2921 1205 2992 philosophia
1236 2920 1486 2992 reliquit.
1516 2921 1706 2974 Bruno
1741 2919 1979 2990 quidem

2084 1862 2279 2004 ψηο
2323 1863 2627 1934 exceperit,
2658 1863 2885 1919 deﬁniri
2914 1868 3226 1940 utcumque
3257 1874 3451 1941 queat,
3483 1871 3702 1927 habue-

2088 1966 2137 2003 τι
2165 1967 2237 2004 ne
2266 1950 2358 2004 hic
2389 1951 2448 2004 in
2479 1952 2839 2004 philosophia
2868 1954 3276 2004 Berengarium
3308 1957 3673 2004 Ιπιιιοίςίι-ιπη

2088 1950 2237 2004 ritne
2266 1950 2358 2005 hic
2389 1951 2448 2005 in
2478 1952 2839 2025 philosophia
2868 1954 3280 2026 Berengarium
3308 1957 3699 2031 (magistrum,

2089 2041 2174 2092 est
2189 2038 2606 2110 indagandum.
2624 2042 2701 2096 Ac
2724 2041 2997 2098 Sanctum
3014 2044 3249 2115 quidem
3266 2046 3326 2102 in
3341 2047 3707 2121 philosophia

2089 2127 2365 2198 magistro
2415 2145 2580 2183 usum
2624 2145 2744 2185 esse
2778 2130 3145 2202 Berengario,
3180 2149 3312 2189 mea
3356 2139 3442 2190 est
3484 2137 3705 2208 opinio,

2093 2230 2270 2284 quam
2293 2217 2631 2285 utprobem,
2661 2217 2851 2290 primo
2875 2234 2992 2286 eos,
3015 2218 3205 2291 quiilli
3225 2221 3599 2280 adversantur
3609 2229 3711 2281 aut

2087 2306 2248 2357 certe
2293 2320 2412 2359 non
2469 2304 2686 2372 favent,
2735 2307 3034 2363 convenio.
3073 2310 3368 2366 Marlottus
3397 2316 3705 2384 postquam

2086 2390 2345 2447 Historia
2392 2393 2729 2464 metropolis
2768 2395 3067 2451 Remensis
3104 2401 3248 2453 tom.
3298 2401 3364 2467 ll,
3412 2416 3544 2473 pag.
3605 2404 3706 2458 135

2085 2479 2143 2534 S.
2182 2480 2512 2536 Brunonem
2537 2482 2676 2536 dixit
2699 2487 3138 2555 praceptorem,
3160 2486 3219 2540 in
3254 2488 3615 2562 philosophia
3630 2490 3708 2545 vi-

2084 2568 2324 2636 delicet,
2386 2573 2620 2625 nactum
2671 2571 2840 2626 fuisse
2909 2573 3341 2646 Berengarium,
3391 2576 3449 2632 S.
3478 2579 3706 2634 Martini

2080 2658 2424 2713 Turonensis
2463 2659 2826 2727 canonicum,
2856 2660 3050 2715 statim
3086 2663 3264 2732 addit,
3311 2687 3339 2715 «
3383 2666 3427 2721 si
3458 2667 3703 2723 chrono-

2082 2748 2304 2817 grapho
2321 2748 2697 2814 Malleacensi,
2718 2749 3002 2805 Brunonis
3018 2754 3334 2821 coataneo,
3367 2754 3692 2810 credatur.»

2079 2834 2433 2891 Mabillonius
2470 2836 2602 2891 ﬁdei
2657 2837 2997 2908 professioni
3059 2838 3116 2894 S.
3166 2842 3466 2910 Brunonis,
3520 2860 3699 2916 quam

2081 2926 2225 2977 tom.
2267 2925 2332 2977 lV
2355 2925 2621 2978 Veterum
2654 2925 2912 2992 Analect,
2930 2942 3065 2997 pag.
3105 2930 3210 2983 400
3245 2929 3446 2997 edidit,
3460 2935 3702 2996 annota-

366 3032 395 3065 »
426 3012 712 3085 perfectus
726 3010 1100 3081 philosophus
1120 3011 1179 3063 et
1203 3008 1629 3109 eremita‘apud
1655 3005 1977 3109 Calabriam
2009 3051 2056 3109 Ο
2082 3010 2304 3065 tionem
2338 3012 2489 3065 hanc
2518 3012 2793 3081 prafixit:
2822 3036 2848 3064 «
2866 3014 3149 3069 Deoduini
3180 3016 3437 3088 epistola
3462 3022 3702 3089 propter

367 3124 396 3153 »
430 3102 748 3157 multorum
776 3098 1199 3154 monachorum
1230 3098 1402 3152 Pater
1426 3096 1570 3152 obiit
1594 3095 1652 3151 in
1677 3095 1920 3151 Christo.
1946 3115 1974 3143 ››

364 3192 439 3245 At
459 3189 556 3245 ubi
581 3190 940 3259 Berengarus
959 3202 1094 3241 eum
1117 3185 1413 3241 haredem
1448 3184 1826 3256 philosophia
1848 3182 1980 3237 reli-

364 3278 524 3351 quit?
546 3278 713 3332 Certe
726 3274 821 3330 ubi
836 3276 956 3345 ipse
972 3274 1243 3341 docebat;
1271 3276 1331 3327 at
1351 3289 1469 3328 non
1492 3273 1704 3344 legitur
1718 3271 1974 3327 docuisse

363 3364 577 3433 Remis,
602 3365 703 3419 sed
722 3362 984 3429 Turonis,
1009 3364 1068 3416 et
1081 3360 1451 3431 prasumitur
1474 3361 1730 3416 docuisse
1748 3358 1976 3414 Parisiis

360 3458 491 3528 post
513 3456 765 3507 mortem
792 3449 1043 3505 Fulberti
1069 3448 1437 3504 Carnotensis
1466 3448 1834 3519 praceptoris
1865 3446 1970 3501 sui.

360 3545 560 3615 Itaque
573 3538 879 3595 verisimile
900 3539 1345 3605 est,Brunonem
1361 3550 1495 3591 eum
1514 3536 1593 3606 (in
1615 3535 1977 3607 philosophia

360 3630 659 3699 nimirum)
694 3628 928 3683 Lutetia
955 3626 1251 3681 audivisse.
1286 3647 1314 3673 »

433 3722 501 3775 59
534 3719 819 3772 Hactenus
849 3716 1094 3781 Bulaus,
1146 3714 1505 3769 contendens
1536 3713 1819 3781 videlicet,
1857 3730 1976 3769 non

358 3810 588 3864 tantum
616 3805 891 3860 Sanctum
919 3806 1181 3858 nostrum
1197 3802 1573 3873 philosophia
1588 3803 1796 3874 placita
1826 3802 1978 3857 Pari-

357 3895 453 3951 siis
483 3894 790 3965 excepisse,
834 3908 1037 3946 verum
1078 3890 1253 3945 etiam
1305 3890 1522 3944 ibidem
1555 3890 1613 3943 in
1665 3891 1818 3945 hisce
1858 3907 1977 3946 ma-

357 3984 535 4057 gistro
567 3999 733 4037 usum
756 3998 876 4035 esse
910 3978 1280 4049 Berengario,
1316 3977 1636 4033 Turonensi
1667 3977 1725 4032 S.
1749 3977 1974 4034 Martini

357 4072 680 4129 canonico»
711 4069 832 4123 viro
878 4068 973 4122 illo
1005 4084 1073 4120 ex
1121 4082 1319 4138 sparso
1359 4066 1642 4121 hareseos
1688 4082 1825 4135 sua,
1860 4084 1974 4139 qua

356 4162 575 4218 realem
597 4156 867 4229 Corporis
877 4159 935 4210 et
950 4154 1255 4226 Sanguinis
1283 4154 1495 4209 Christi
1519 4153 1577 4208 in
1601 4154 1970 4210 Eucharistia

359 4249 734 4305 Sacramento
751 4244 1122 4317 prasentiam
1136 4242 1387 4314 negavit,
1405 4242 1752 4314 Calvinoque
1776 4246 1834 4297 et
1847 4260 1970 4315 ejus

2079 3100 2409 3171 argumenti
2442 3100 2788 3156 afﬁnitatem
2824 3101 3103 3171 subjicere
3140 3102 3323 3158 visum
3355 3109 3443 3161 est
3471 3107 3529 3162 S.
3559 3108 3700 3164 Bru-

2032 3246 2039 3251 ,
2086 3189 2258 3243 nonis
2300 3188 2436 3243 ﬁdei
2481 3189 2924 3260 professionem,
2967 3207 3144 3263 quam
3188 3194 3362 3248 morti
3408 3196 3706 3267 proximus

2080 3275 2280 3343 edidit,
2306 3276 2583 3331 damnata
2610 3276 2814 3331 haeresi
2837 3278 3190 3350 Berengarii,
3208 3281 3368 3351 cujus
3394 3281 3703 3356 discipulus

2074 3363 2283 3431 fuerat,
2298 3364 2346 3417 si
2377 3364 2519 3419 ﬁdes
2539 3368 2623 3419 est
2653 3364 2935 3422 Chronico
2969 3367 3346 3424 Malleacensi.
3388 3391 3415 3416 η
3434 3372 3556 3427 Duo
3586 3370 3698 3427 ita-

2075 3469 2187 3524 que
2204 3452 2306 3506 viri
2324 3451 2405 3507 illi
2424 3452 2652 3517 eruditi,
2674 3453 2965 3509 Marlottus
2994 3470 3206 3527 nempe
3238 3460 3296 3511 et
3316 3458 3699 3527 Mabillonius,

2076 3540 2355 3611 quidquid
2378 3540 2641 3595 Chronici
2668 3541 3051 3595 Malleacensis
3081 3546 3282 3598 auctor
3310 3545 3497 3600 verbis
3526 3564 3693 3602 num.

2077 3631 2144 3683 58
2177 3645 2211 3683 a
2240 3629 2428 3684 Bulao
2455 3628 2718 3683 adductis
2732 3628 2959 3696 scribat,
2984 3644 3090 3701 pro
3108 3630 3429 3688 indubitata
3460 3650 3578 3689 non
3598 3635 3701 3690 ha-

2075 3716 2271 3783 buere,
2318 3717 2650 3770 Brunonem
2704 3716 2762 3770 in
2809 3716 3173 3790 phiIOSOphia
3202 3721 3480 3791 magistro
3524 3738 3695 3778 usum

2075 3821 2357 3883 umquam
2371 3820 2490 3858 esse
2514 3805 2881 3876 Berengario.
2904 3805 3017 3859 Nec
3031 3809 3259 3862 tantum
3277 3824 3402 3863 rem
3419 3809 3568 3865 hanc
3588 3811 3695 3866 du-

2073 3892 2251 3958 biam,
2279 3908 2481 3947 verum
2506 3892 2683 3946 etiam
2714 3910 2748 3947 a
2778 3909 2912 3949 vero
2944 3893 3195 3951 alienam
3227 3898 3549 3954 autumavit
3575 3898 3694 3954 Ma-

2072 3980 2359 4036 billonius.

2144 4071 2233 4123 6-1.
2269 4067 2497 4123 Etenim
2543 4068 2902 4124 Prafatione
2937 4069 2996 4124 in
3044 4069 3328 4126 Saculum
3364 4089 3419 4127 v1
3454 4074 3695 4130 Benedi-

2070 4156 2289 4211 ctinum
2318 4173 2480 4211 num.
2503 4160 2535 4210 7
2566 4157 2718 4211 circa
2751 4157 3012 4213 medium
3035 4158 3112 4213 sic
3146 4160 3342 4214 scribit
3370 4177 3383 4216 :
3418 4184 3446 4211 ‹‹
3477 4164 3557 4218 De
3587 4164 3698 4218 hac

2067 4245 2486 4316 propagatione
2518 4246 2820 4316 (doctrina
2856 4249 2914 4300 et
2933 4246 3287 4318 eruditionis)
3311 4264 3489 4320 agens
3515 4254 3699 4310 sancti

357 4337 694 4410 sequacibus
714 4333 988 4407 pralusit,
1014 4349 1235 4387 veneno
1261 4347 1365 4402 per
1391 4347 1631 4386 omnem
1652 4333 1766 4386 late
1790 4333 1966 4387 Euro-
1994 4335 2045 4392 D
2067 4333 2328 4388 Maxentii
2368 4334 2874 4406 chronographus,
2917 4351 3069 4402 eam,
3111 4336 3391 4407 tanquam
3440 4354 3471 4391 e
3510 4337 3697 4405 fonte,

355 4444 494 4500 pam
518 4425 836 4481 notissimo.
856 4423 1070 4477 Verum
1092 4437 1223 4475 cum
1247 4420 1626 4492 Berengarius
1649 4421 1765 4491 (adi
1789 4421 1968 4476 Histo-

355 4515 457 4570 ria
478 4513 773 4569 litterariae
790 4510 1045 4566 Francia
1068 4509 1382 4581 scriptores
1403 4512 1549 4563 tom.
1574 4509 1656 4575 1X,
1681 4525 1815 4580 pag.
1846 4509 1964 4580 140)

356 4602 583 4662 Parisiis
612 4601 866 4656 docuisse
896 4598 1163 4671 nuspiam
1205 4599 1450 4667 legatur,
1484 4597 1669 4670 sitque
1699 4598 1964 4669 proinde,

357 4693 440 4748 uti
467 4692 717 4763 ipsemet
754 4690 974 4743 Bulaus
1011 4686 1197 4742 verbis
1238 4685 1488 4741 recitatis
1537 4685 1671 4740 satis
1729 4685 1963 4754 indicat,

356 4801 432 4839 an
453 4781 671 4837 ibidem
692 4794 892 4834 revera
923 4777 1016 4831 ille
1036 4792 1295 4848 unquam
1336 4774 1615 4835 docuerit,
1646 4774 1966 4829 admodum

355 4871 619 4935 dubium,
661 4884 763 4923 cur
797 4865 1040 4921 Turonis
1081 4865 1256 4930 hunc,
1290 4862 1386 4917 ubi
1428 4863 1643 4929 docuit,
1679 4879 1713 4916 a
1756 4861 1964 4917 Sancto

355 4960 417 5016 in
437 4956 797 5031 philosophia
820 4954 1081 5010 auditum
1102 4953 1295 5017 fuisse,
1310 4968 1341 5007 e
1364 4950 1615 5006 recitatis
1639 4951 1968 5006 Malleacen-

356 5048 432 5104 sis
465 5045 730 5103 Chronici
769 5044 956 5100 verbis
990 5041 1179 5114 potius
1216 5056 1335 5095 non
1373 5038 1604 5095 intulit?
1653 5038 1804 5094 Sane
1834 5056 1967 5094 cum

359 5123 756 5206 Berengarius,
813 5151 848 5188 a
895 5132 1219 5187 Lanfranco
1261 5128 1432 5182 variis
1487 5127 1968 5198 disputationibus

358 5225 628 5289 devictus,
651 5227 712 5276 et
728 5239 762 5277 a
782 5219 1071 5291 discipulis
1090 5220 1398 5290 propterea
1424 5216 1702 5283 desertus,
1726 5216 1967 5271 Parisios

357 5317 418 5367 et
470 5312 690 5367 scholas
745 5310 1068 5376 dimittere,
1137 5307 1507 5375 Turonasque
1560 5307 1843 5374 repetere,
1899 5321 1966 5359 ex

356 5400 656 5475 ipsiusmet
682 5399 853 5454 Bulai
885 5398 1156 5470 opinione
1200 5395 1302 5450 sub
1345 5409 1563 5448 annum
1620 5395 1753 5447 1038
1796 5393 1968 5446 fuerit

363 5493 609 5557 coactus,
651 5487 873 5562 nequiit
917 5486 1175 5558 profecto
1208 5484 1480 5539 Sanctum
1516 5482 1572 5536 in
1606 5479 1967 5552 philosoPhia

365 5578 581 5635 ibidem
614 5578 826 5632 habere
865 5574 1225 5645 discipulum,
1248 5575 1447 5643 utpote
1487 5569 1585 5641 qui
1628 5570 1784 5634 tunc,
1814 5585 1966 5623 anno

2066 4422 2276 4492 repetit
2324 4438 2358 4476 a
2386 4422 2649 4477 Girberto
2691 4438 2793 4476 seu
2823 4423 3097 4477 Gerberto
3132 4424 3418 4479 monacho
3450 4425 3693 4482 Aurilia—

2067 4510 2243 4578 censi,
2268 4510 2363 4582 qui
2386 4511 2721 4566 Fulbertum
2738 4510 3151 4565 Carnotensem
3173 4509 3429 4566 docuisse
3464 4514 3691 4570 dicitur.

2066 4599 2364 4653 Fulbertus
2424 4615 2579 4664 vero,
2633 4598 2734 4664 ait,
2784 4598 2914 4665 ille,
2963 4618 2992 4647 «
3042 4597 3237 4653 docuit
3278 4600 3690 4673 Berengarium

2067 4708 2096 4738 »
2115 4686 2458 4741 canonicum
2472 4686 2652 4741 sancti
2669 4685 2891 4742 Martini
2922 4684 3048 4766 :qui
3068 4685 3210 4740 item
3229 4687 3563 4744 Brunonem
3580 4691 3687 4745 Re-

2068 4796 2096 4826 ››
2131 4790 2393 4830 mensem
2422 4776 2481 4828 et
2496 4773 2635 4829 alios
2658 4774 2869 4828 multos
2897 4772 3138 4827 heredes
3157 4774 3533 4847 philosOphia
3555 4777 3687 4832 reli-

2068 4884 2096 4912 ››
2131 4862 2283 4935 quit:
2304 4882 2332 4909 »
2348 4876 2461 4932 quo
2479 4876 2548 4916 ex
2582 4861 2706 4915 loco
2723 4859 2985 4914 nonnulli
3006 4859 3306 4931 colligunt,
3332 4862 3684 4930 Brunonem,

2067 4951 2211 5007 sacri
2248 4946 2607 5005 Carthusiani
2646 4946 2873 5002 Ordinis
2908 4946 3323 5015 institutorem,
3361 4949 3688 5020 Berengarii

2069 5037 2408 5109 discipulum
2450 5034 2747 5090 exstitisse.
2780 5034 2993 5090 Verum
3028 5039 3415 5108 praterquam
3449 5037 3604 5108 quod
3622 5037 3686 5092 il-

2067 5127 2173 5181 lius
2201 5123 2549 5181 Maxentiani
2596 5122 3023 5194 chronographi
3053 5125 3358 5180 auctoritas
3391 5123 3535 5181 tanti
3570 5141 3686 5180 non

2068 5218 2172 5280 est,
2200 5216 2263 5268 ut
2279 5213 2337 5267 id
2358 5211 2653 5266 adstruere
2674 5210 2882 5277 valeat,
2916 5214 3070 5266 certe
3103 5213 3227 5284 ipsa
3259 5211 3685 5284 chronograplii

2065 5303 2237 5356 verba
2251 5303 2422 5371 longe
2440 5298 2604 5353 aliter
2622 5298 3059 5369 interpretanda
3072 5300 3355 5354 videntur.
3379 5300 3509 5354 Hac
3525 5300 3682 5355 enim

2065 5389 2256 5455 verba,
2286 5410 2313 5438 «
2339 5386 2433 5458 qui
2456 5386 2597 5440 item
2630 5386 2957 5442 Brunonem
2986 5388 3328 5442 Remensem
3361 5408 3388 5435 »
3419 5392 3528 5442 etc.
3563 5404 3681 5443 non

2064 5480 2139 5534 ad
2164 5476 2572 5549 Berengarium
2594 5476 2901 5534 referenda
2921 5480 3073 5541 sunt,
3098 5476 3195 5531 sed
3226 5476 3299 5530 ad
3320 5477 3676 5541 Fulbertum,

2067 5567 2165 5639 qui
2179 5562 2589 5637 Berengarium
2602 5564 2938 5637 docuit,quii
2951 5569 3070 5620 tem
3085 5564 3415 5618 Brunonem
3432 5564 3677 5619 Remen-
