  <div class='ocr_page' id='page_1' title='image "/cluster/home/n/w/nwhite01/storage/ocr_20150623/152/hvd.32044054760103/026.png"; bbox 0 0 4122 6058; ppageno 0'>
   <div class='ocr_carea' id='block_1_1' title="bbox 141 285 1769 391">
    <p class='ocr_par' dir='ltr' id='par_1_1' title="bbox 141 285 1769 363">
     <span class='ocr_line' id='line_1_1' title="bbox 141 285 1769 363; baseline 0.011 0"><span class='ocrx_word' id='word_1_1' title='bbox 141 300 200 363; x_wconf 74' lang='lat' dir='ltr'><strong>u</strong></span> <span class='ocrx_word' id='word_1_2' title='bbox 1716 285 1769 354; x_wconf 58' lang='lat' dir='ltr'><strong>A‘</strong></span> 
     </span>
    </p>
   </div>
   <div class='ocr_carea' id='block_1_2' title="bbox 1871 285 3469 391">
    <p class='ocr_par' dir='ltr' id='par_1_2' title="bbox 1871 290 3469 391">
     <span class='ocr_line' id='line_1_2' title="bbox 1871 290 3469 391; baseline 0.009 -38"><span class='ocrx_word' id='word_1_3' title='bbox 1871 290 1898 353; x_wconf 62' lang='grc' dir='ltr'>ι</span> <span class='ocrx_word' id='word_1_4' title='bbox 2382 378 2385 391; x_wconf 21' lang='grc' dir='ltr'>ν</span> <span class='ocrx_word' id='word_1_5' title='bbox 3398 304 3469 370; x_wconf 69' lang='lat'><strong>42</strong></span> 
     </span>
    </p>
   </div>
   <div class='ocr_carea' id='block_1_3' title="bbox 147 422 3464 509">
    <p class='ocr_par' dir='ltr' id='par_1_3' title="bbox 147 422 3464 509">
     <span class='ocr_line' id='line_1_3' title="bbox 147 422 3464 509; baseline 0.005 -30"><span class='ocrx_word' id='word_1_6' title='bbox 147 445 285 485; x_wconf 76' lang='lat' dir='ltr'><strong>sem.</strong></span> <span class='ocrx_word' id='word_1_7' title='bbox 324 428 546 487; x_wconf 87' lang='lat' dir='ltr'><strong>Deinde</strong></span> <span class='ocrx_word' id='word_1_8' title='bbox 576 425 825 503; x_wconf 80' lang='lat' dir='ltr'><strong>ipsemet</strong></span> <span class='ocrx_word' id='word_1_9' title='bbox 854 426 1028 488; x_wconf 88' lang='lat' dir='ltr'><strong>verba</strong></span> <span class='ocrx_word' id='word_1_10' title='bbox 1057 446 1199 498; x_wconf 46' lang='lat' dir='ltr'><strong>non.</strong></span> <span class='ocrx_word' id='word_1_11' title='bbox 1220 427 1508 498; x_wconf 80' lang='lat' dir='ltr'><strong>evincunt,</strong></span> <span class='ocrx_word' id='word_1_12' title='bbox 1534 423 1765 483; x_wconf 86' lang='lat' dir='ltr'><strong>Fulber—</strong></span> <span class='ocrx_word' id='word_1_13' title='bbox 1786 432 1840 491; x_wconf 83' lang='grc' dir='ltr'><strong>Α</strong></span> <span class='ocrx_word' id='word_1_14' title='bbox 1862 422 2031 480; x_wconf 82' lang='lat' dir='ltr'><strong>ritate</strong></span> <span class='ocrx_word' id='word_1_15' title='bbox 2058 427 2417 499; x_wconf 62' lang='lat' dir='ltr'><strong>praestantes,</strong></span> <span class='ocrx_word' id='word_1_16' title='bbox 2451 428 2576 503; x_wconf 88' lang='lat' dir='ltr'><strong>qui,</strong></span> <span class='ocrx_word' id='word_1_17' title='bbox 2607 426 2818 489; x_wconf 78' lang='lat' dir='ltr'><strong>relictis</strong></span> <span class='ocrx_word' id='word_1_18' title='bbox 2850 430 3217 493; x_wconf 83' lang='lat' dir='ltr'><strong>inferioribus</strong></span> <span class='ocrx_word' id='word_1_19' title='bbox 3245 436 3464 509; x_wconf 88' lang='lat' dir='ltr'><strong>studiis,</strong></span> 
     </span>
    </p>
   </div>
   <div class='ocr_carea' id='block_1_4' title="bbox 146 513 2966 593">
    <p class='ocr_par' dir='ltr' id='par_1_4' title="bbox 146 513 2966 593">
     <span class='ocr_line' id='line_1_4' title="bbox 146 513 2966 593; baseline 0.005 -28"><span class='ocrx_word' id='word_1_20' title='bbox 146 523 286 587; x_wconf 68' lang='lat' dir='ltr'><strong>tum,</strong></span> <span class='ocrx_word' id='word_1_21' title='bbox 340 519 569 575; x_wconf 77' lang='lat' dir='ltr'><strong>nedum</strong></span> <span class='ocrx_word' id='word_1_22' title='bbox 632 521 1065 593; x_wconf 83' lang='lat' dir='ltr'><strong>Berengarium,</strong></span> <span class='ocrx_word' id='word_1_23' title='bbox 1120 521 1445 576; x_wconf 84' lang='lat' dir='ltr'><strong>auditorem</strong></span> <span class='ocrx_word' id='word_1_24' title='bbox 1498 517 1760 574; x_wconf 79' lang='lat' dir='ltr'><strong>habuisse</strong></span> <span class='ocrx_word' id='word_1_25' title='bbox 1859 513 1918 570; x_wconf 88' lang='lat' dir='ltr'><strong>in</strong></span> <span class='ocrx_word' id='word_1_26' title='bbox 1946 516 2249 590; x_wconf 64' lang='lat' dir='ltr'><strong>theologia:</strong></span> <span class='ocrx_word' id='word_1_27' title='bbox 2281 520 2465 577; x_wconf 88' lang='lat' dir='ltr'><strong>otium</strong></span> <span class='ocrx_word' id='word_1_28' title='bbox 2496 528 2966 583; x_wconf 79' lang='lat' dir='ltr'><strong>concesserant.»</strong></span> 
     </span>
    </p>
   </div>
   <div class='ocr_carea' id='block_1_5' title="bbox 147 609 1757 677">
    <p class='ocr_par' dir='ltr' id='par_1_5' title="bbox 147 609 1757 677">
     <span class='ocr_line' id='line_1_5' title="bbox 147 609 1757 677; baseline -0.002 -13"><span class='ocrx_word' id='word_1_29' title='bbox 147 612 506 677; x_wconf 85' lang='lat' dir='ltr'><strong>Brunonem,</strong></span> <span class='ocrx_word' id='word_1_30' title='bbox 539 610 638 665; x_wconf 89' lang='lat' dir='ltr'><strong>scd</strong></span> <span class='ocrx_word' id='word_1_31' title='bbox 667 614 898 667; x_wconf 87' lang='lat' dir='ltr'><strong>tantum</strong></span> <span class='ocrx_word' id='word_1_32' title='bbox 924 612 1252 666; x_wconf 89' lang='lat' dir='ltr'><strong>Brunonem</strong></span> <span class='ocrx_word' id='word_1_33' title='bbox 1276 613 1333 664; x_wconf 90' lang='lat' dir='ltr'><strong>et</strong></span> <span class='ocrx_word' id='word_1_34' title='bbox 1363 610 1501 664; x_wconf 89' lang='lat' dir='ltr'><strong>alios</strong></span> <span class='ocrx_word' id='word_1_35' title='bbox 1527 609 1757 674; x_wconf 89' lang='lat' dir='ltr'><strong>multos,</strong></span> 
     </span>
    </p>
   </div>
   <div class='ocr_carea' id='block_1_6' title="bbox 144 697 1758 773">
    <p class='ocr_par' dir='ltr' id='par_1_6' title="bbox 144 697 1758 773">
     <span class='ocr_line' id='line_1_6' title="bbox 144 697 1758 773; baseline -0.004 -17"><span class='ocrx_word' id='word_1_36' title='bbox 144 702 252 757; x_wconf 79' lang='lat' dir='ltr'><strong>sive</strong></span> <span class='ocrx_word' id='word_1_37' title='bbox 282 718 319 755; x_wconf 87' lang='lat' dir='ltr'><strong>a</strong></span> <span class='ocrx_word' id='word_1_38' title='bbox 357 701 651 766; x_wconf 84' lang='lat' dir='ltr'><strong>Fulberto,</strong></span> <span class='ocrx_word' id='word_1_39' title='bbox 671 702 785 756; x_wconf 85' lang='lat' dir='ltr'><strong>sive</strong></span> <span class='ocrx_word' id='word_1_40' title='bbox 810 718 844 757; x_wconf 90' lang='lat' dir='ltr'><strong>a</strong></span> <span class='ocrx_word' id='word_1_41' title='bbox 868 701 1216 773; x_wconf 85' lang='lat' dir='ltr'><strong>Berengario</strong></span> <span class='ocrx_word' id='word_1_42' title='bbox 1230 699 1488 755; x_wconf 74' lang='lat' dir='ltr'><strong>haeredes</strong></span> <span class='ocrx_word' id='word_1_43' title='bbox 1508 697 1758 769; x_wconf 82' lang='lat' dir='ltr'><strong>philoso-</strong></span> 
     </span>
    </p>
   </div>
   <div class='ocr_carea' id='block_1_7' title="bbox 142 788 1763 862">
    <p class='ocr_par' dir='ltr' id='par_1_7' title="bbox 142 788 1763 862">
     <span class='ocr_line' id='line_1_7' title="bbox 142 788 1763 862; baseline -0.002 -19"><span class='ocrx_word' id='word_1_44' title='bbox 142 790 287 862; x_wconf 60' lang='lat' dir='ltr'><strong>phire</strong></span> <span class='ocrx_word' id='word_1_45' title='bbox 304 788 541 844; x_wconf 90' lang='lat' dir='ltr'><strong>relictos</strong></span> <span class='ocrx_word' id='word_1_46' title='bbox 556 789 790 855; x_wconf 82' lang='lat' dir='ltr'><strong>fuisse,a</strong></span> <span class='ocrx_word' id='word_1_47' title='bbox 806 805 1171 861; x_wconf 88' lang='lat' dir='ltr'><strong>quocumque</strong></span> <span class='ocrx_word' id='word_1_48' title='bbox 1193 790 1433 845; x_wconf 88' lang='lat' dir='ltr'><strong>demum</strong></span> <span class='ocrx_word' id='word_1_49' title='bbox 1449 788 1763 860; x_wconf 65' lang='lat' dir='ltr'><strong>praecepto-</strong></span> 
     </span>
    </p>
   </div>
   <div class='ocr_carea' id='block_1_8' title="bbox 142 879 1760 953">
    <p class='ocr_par' dir='ltr' id='par_1_8' title="bbox 142 879 1760 953">
     <span class='ocr_line' id='line_1_8' title="bbox 142 879 1760 953; baseline 0 -20"><span class='ocrx_word' id='word_1_50' title='bbox 142 879 435 934; x_wconf 87' lang='lat' dir='ltr'><strong>reeruditi</strong></span> <span class='ocrx_word' id='word_1_51' title='bbox 471 880 689 934; x_wconf 79' lang='lat' dir='ltr'><strong>fuerint</strong></span> <span class='ocrx_word' id='word_1_52' title='bbox 718 879 819 947; x_wconf 87' lang='lat' dir='ltr'><strong>illi,</strong></span> <span class='ocrx_word' id='word_1_53' title='bbox 846 879 903 935; x_wconf 88' lang='lat' dir='ltr'><strong>id</strong></span> <span class='ocrx_word' id='word_1_54' title='bbox 925 884 1029 947; x_wconf 90' lang='lat' dir='ltr'><strong>est,</strong></span> <span class='ocrx_word' id='word_1_55' title='bbox 1058 882 1247 937; x_wconf 89' lang='lat' dir='ltr'><strong>Bruno</strong></span> <span class='ocrx_word' id='word_1_56' title='bbox 1278 882 1487 953; x_wconf 86' lang='lat' dir='ltr'><strong>aliique</strong></span> <span class='ocrx_word' id='word_1_57' title='bbox 1507 879 1760 951; x_wconf 89' lang='lat' dir='ltr'><strong>philoso-</strong></span> 
     </span>
    </p>
   </div>
   <div class='ocr_carea' id='block_1_9' title="bbox 142 969 1765 1043">
    <p class='ocr_par' dir='ltr' id='par_1_9' title="bbox 142 969 1765 1043">
     <span class='ocr_line' id='line_1_9' title="bbox 142 969 1765 1043; baseline 0 -21"><span class='ocrx_word' id='word_1_58' title='bbox 142 969 291 1039; x_wconf 58' lang='lat' dir='ltr'><strong>phia</strong></span> <span class='ocrx_word' id='word_1_59' title='bbox 330 969 601 1024; x_wconf 84' lang='lat' dir='ltr'><strong>heredes.</strong></span> <span class='ocrx_word' id='word_1_60' title='bbox 636 969 806 1024; x_wconf 86' lang='lat' dir='ltr'><strong>Certe</strong></span> <span class='ocrx_word' id='word_1_61' title='bbox 858 970 1189 1026; x_wconf 89' lang='lat' dir='ltr'><strong>Brunonem</strong></span> <span class='ocrx_word' id='word_1_62' title='bbox 1224 972 1350 1043; x_wconf 89' lang='lat' dir='ltr'><strong>jam</strong></span> <span class='ocrx_word' id='word_1_63' title='bbox 1382 970 1652 1026; x_wconf 88' lang='lat' dir='ltr'><strong>clericum</strong></span> <span class='ocrx_word' id='word_1_64' title='bbox 1707 971 1765 1022; x_wconf 91' lang='lat' dir='ltr'><strong>et</strong></span> 
     </span>
    </p>
   </div>
   <div class='ocr_carea' id='block_1_10' title="bbox 142 1056 1761 1130">
    <p class='ocr_par' dir='ltr' id='par_1_10' title="bbox 142 1056 1761 1130">
     <span class='ocr_line' id='line_1_10' title="bbox 142 1056 1761 1130; baseline 0.001 -19"><span class='ocrx_word' id='word_1_65' title='bbox 142 1056 555 1112; x_wconf 85' lang='lat' dir='ltr'><strong>Coloniensem</strong></span> <span class='ocrx_word' id='word_1_66' title='bbox 587 1058 953 1126; x_wconf 91' lang='lat' dir='ltr'><strong>canonicum,</strong></span> <span class='ocrx_word' id='word_1_67' title='bbox 987 1076 1051 1114; x_wconf 90' lang='lat' dir='ltr'><strong>ac</strong></span> <span class='ocrx_word' id='word_1_68' title='bbox 1074 1060 1315 1130; x_wconf 86' lang='lat' dir='ltr'><strong>proinde</strong></span> <span class='ocrx_word' id='word_1_69' title='bbox 1346 1059 1548 1114; x_wconf 89' lang='lat' dir='ltr'><strong>litteris</strong></span> <span class='ocrx_word' id='word_1_70' title='bbox 1577 1058 1761 1113; x_wconf 85' lang='lat' dir='ltr'><strong>excul-</strong></span> 
     </span>
    </p>
   </div>
   <div class='ocr_carea' id='block_1_11' title="bbox 140 1146 1763 1211">
    <p class='ocr_par' dir='ltr' id='par_1_11' title="bbox 140 1146 1763 1211">
     <span class='ocr_line' id='line_1_11' title="bbox 140 1146 1763 1211; baseline 0.001 -11"><span class='ocrx_word' id='word_1_71' title='bbox 140 1151 289 1211; x_wconf 86' lang='lat' dir='ltr'><strong>tum,</strong></span> <span class='ocrx_word' id='word_1_72' title='bbox 316 1162 387 1200; x_wconf 86' lang='lat' dir='ltr'><strong>ex</strong></span> <span class='ocrx_word' id='word_1_73' title='bbox 417 1146 561 1201; x_wconf 88' lang='lat' dir='ltr'><strong>urbe</strong></span> <span class='ocrx_word' id='word_1_74' title='bbox 584 1146 823 1202; x_wconf 85' lang='lat' dir='ltr'><strong>Colonia</strong></span> <span class='ocrx_word' id='word_1_75' title='bbox 842 1148 901 1202; x_wconf 89' lang='lat' dir='ltr'><strong>in</strong></span> <span class='ocrx_word' id='word_1_76' title='bbox 934 1149 1248 1205; x_wconf 82' lang='lat' dir='ltr'><strong>Remorum</strong></span> <span class='ocrx_word' id='word_1_77' title='bbox 1270 1148 1556 1205; x_wconf 87' lang='lat' dir='ltr'><strong>civitatem</strong></span> <span class='ocrx_word' id='word_1_78' title='bbox 1579 1163 1763 1203; x_wconf 89' lang='lat' dir='ltr'><strong>acces-</strong></span> 
     </span>
    </p>
   </div>
   <div class='ocr_carea' id='block_1_12' title="bbox 139 1233 1767 1308">
    <p class='ocr_par' dir='ltr' id='par_1_12' title="bbox 139 1233 1767 1308">
     <span class='ocr_line' id='line_1_12' title="bbox 139 1233 1767 1308; baseline 0.002 -21"><span class='ocrx_word' id='word_1_79' title='bbox 139 1233 294 1301; x_wconf 87' lang='lat' dir='ltr'><strong>sisse,</strong></span> <span class='ocrx_word' id='word_1_80' title='bbox 320 1238 589 1303; x_wconf 80' lang='lat' dir='ltr'><strong>constat;</strong></span> <span class='ocrx_word' id='word_1_81' title='bbox 647 1238 705 1289; x_wconf 88' lang='lat' dir='ltr'><strong>at</strong></span> <span class='ocrx_word' id='word_1_82' title='bbox 738 1237 910 1308; x_wconf 84' lang='lat' dir='ltr'><strong>longe</strong></span> <span class='ocrx_word' id='word_1_83' title='bbox 955 1238 1330 1293; x_wconf 89' lang='lat' dir='ltr'><strong>verosimilius</strong></span> <span class='ocrx_word' id='word_1_84' title='bbox 1371 1242 1481 1305; x_wconf 91' lang='lat' dir='ltr'><strong>est,</strong></span> <span class='ocrx_word' id='word_1_85' title='bbox 1540 1253 1676 1291; x_wconf 90' lang='lat' dir='ltr'><strong>eum</strong></span> <span class='ocrx_word' id='word_1_86' title='bbox 1733 1253 1767 1290; x_wconf 93' lang='lat' dir='ltr'><strong>a</strong></span> 
     </span>
    </p>
   </div>
   <div class='ocr_carea' id='block_1_13' title="bbox 144 1323 1768 1399">
    <p class='ocr_par' dir='ltr' id='par_1_13' title="bbox 144 1323 1768 1399">
     <span class='ocr_line' id='line_1_13' title="bbox 144 1323 1768 1399; baseline 0.001 -22"><span class='ocrx_word' id='word_1_87' title='bbox 144 1323 424 1395; x_wconf 68' lang='lat' dir='ltr'><strong>Notgero,</strong></span> <span class='ocrx_word' id='word_1_88' title='bbox 479 1324 811 1379; x_wconf 88' lang='lat' dir='ltr'><strong>Leodicensi</strong></span> <span class='ocrx_word' id='word_1_89' title='bbox 871 1326 1163 1399; x_wconf 89' lang='lat' dir='ltr'><strong>episcopo,</strong></span> <span class='ocrx_word' id='word_1_90' title='bbox 1217 1327 1452 1398; x_wconf 87' lang='lat' dir='ltr'><strong>ejusque</strong></span> <span class='ocrx_word' id='word_1_91' title='bbox 1482 1324 1768 1398; x_wconf 88' lang='lat' dir='ltr'><strong>discipulis</strong></span> 
     </span>
    </p>
   </div>
   <div class='ocr_carea' id='block_1_14' title="bbox 142 1411 1769 1487">
    <p class='ocr_par' dir='ltr' id='par_1_14' title="bbox 142 1411 1769 1487">
     <span class='ocr_line' id='line_1_14' title="bbox 142 1411 1769 1487; baseline 0.002 -23"><span class='ocrx_word' id='word_1_92' title='bbox 142 1411 478 1467; x_wconf 86' lang='lat' dir='ltr'><strong>institutum</strong></span> <span class='ocrx_word' id='word_1_93' title='bbox 502 1414 692 1468; x_wconf 80' lang='lat' dir='ltr'><strong>fuisse.</strong></span> <span class='ocrx_word' id='word_1_94' title='bbox 708 1415 883 1486; x_wconf 83' lang='lat' dir='ltr'><strong>Hujus</strong></span> <span class='ocrx_word' id='word_1_95' title='bbox 908 1415 991 1470; x_wconf 90' lang='lat' dir='ltr'><strong>rei</strong></span> <span class='ocrx_word' id='word_1_96' title='bbox 1006 1415 1162 1470; x_wconf 89' lang='lat' dir='ltr'><strong>testis</strong></span> <span class='ocrx_word' id='word_1_97' title='bbox 1174 1419 1260 1470; x_wconf 88' lang='lat' dir='ltr'><strong>est</strong></span> <span class='ocrx_word' id='word_1_98' title='bbox 1291 1414 1769 1487; x_wconf 90' lang='lat' dir='ltr'><strong>locupletissimus</strong></span> 
     </span>
    </p>
   </div>
   <div class='ocr_carea' id='block_1_15' title="bbox 142 1501 1764 1576">
    <p class='ocr_par' dir='ltr' id='par_1_15' title="bbox 142 1501 1764 1576">
     <span class='ocr_line' id='line_1_15' title="bbox 142 1501 1764 1576; baseline 0.003 -22"><span class='ocrx_word' id='word_1_99' title='bbox 142 1501 452 1567; x_wconf 75' lang='lat' dir='ltr'><strong>Manasses,</strong></span> <span class='ocrx_word' id='word_1_100' title='bbox 494 1503 809 1558; x_wconf 82' lang='lat' dir='ltr'><strong>Remorum</strong></span> <span class='ocrx_word' id='word_1_101' title='bbox 846 1505 1233 1576; x_wconf 65' lang='lat' dir='ltr'><strong>archiprazsul,</strong></span> <span class='ocrx_word' id='word_1_102' title='bbox 1260 1504 1315 1557; x_wconf 92' lang='lat' dir='ltr'><strong>in</strong></span> <span class='ocrx_word' id='word_1_103' title='bbox 1332 1504 1614 1575; x_wconf 83' lang='lat' dir='ltr'><strong>Apologia</strong></span> <span class='ocrx_word' id='word_1_104' title='bbox 1643 1521 1764 1571; x_wconf 86' lang='lat' dir='ltr'><strong>sua,</strong></span> 
     </span>
    </p>
   </div>
   <div class='ocr_carea' id='block_1_16' title="bbox 146 1589 1768 1663">
    <p class='ocr_par' dir='ltr' id='par_1_16' title="bbox 146 1589 1768 1663">
     <span class='ocr_line' id='line_1_16' title="bbox 146 1589 1768 1663; baseline 0.002 -21"><span class='ocrx_word' id='word_1_105' title='bbox 146 1589 236 1643; x_wconf 89' lang='lat' dir='ltr'><strong>ubi</strong></span> <span class='ocrx_word' id='word_1_106' title='bbox 254 1589 330 1643; x_wconf 90' lang='lat' dir='ltr'><strong>de</strong></span> <span class='ocrx_word' id='word_1_107' title='bbox 354 1590 650 1659; x_wconf 87' lang='lat' dir='ltr'><strong>Brunone,</strong></span> <span class='ocrx_word' id='word_1_108' title='bbox 678 1592 778 1663; x_wconf 87' lang='lat' dir='ltr'><strong>qui</strong></span> <span class='ocrx_word' id='word_1_109' title='bbox 793 1593 915 1663; x_wconf 83' lang='lat' dir='ltr'><strong>ejus</strong></span> <span class='ocrx_word' id='word_1_110' title='bbox 929 1593 1184 1647; x_wconf 87' lang='lat' dir='ltr'><strong>moribus</strong></span> <span class='ocrx_word' id='word_1_111' title='bbox 1202 1592 1629 1659; x_wconf 84' lang='lat' dir='ltr'><strong>adversabatur,</strong></span> <span class='ocrx_word' id='word_1_112' title='bbox 1647 1592 1768 1645; x_wconf 68' lang='lat' dir='ltr'><strong>haec</strong></span> 
     </span>
    </p>
   </div>
   <div class='ocr_carea' id='block_1_17' title="bbox 1931 608 3470 699">
    <p class='ocr_par' dir='ltr' id='par_1_17' title="bbox 1931 608 3470 699">
     <span class='ocr_line' id='line_1_17' title="bbox 1931 608 3470 699; baseline 0.016 -39"><span class='ocrx_word' id='word_1_113' title='bbox 1931 608 2021 661; x_wconf 87' lang='lat'><strong>63.</strong></span> <span class='ocrx_word' id='word_1_114' title='bbox 2051 608 2335 663; x_wconf 81' lang='lat' dir='ltr'><strong>Hactenus</strong></span> <span class='ocrx_word' id='word_1_115' title='bbox 2354 612 2709 671; x_wconf 79' lang='lat' dir='ltr'><strong>Mabillouius</strong></span> <span class='ocrx_word' id='word_1_116' title='bbox 2732 635 2961 696; x_wconf 64' lang='lat' dir='ltr'><strong>:verum</strong></span> <span class='ocrx_word' id='word_1_117' title='bbox 2978 623 3120 691; x_wconf 64' lang='lat' dir='ltr'><strong>haec,</strong></span> <span class='ocrx_word' id='word_1_118' title='bbox 3154 629 3217 680; x_wconf 91' lang='lat' dir='ltr'><strong>ut</strong></span> <span class='ocrx_word' id='word_1_119' title='bbox 3234 625 3362 699; x_wconf 89' lang='lat' dir='ltr'><strong>jam</strong></span> <span class='ocrx_word' id='word_1_120' title='bbox 3376 645 3470 684; x_wconf 89' lang='lat' dir='ltr'><strong>su-</strong></span> 
     </span>
    </p>
   </div>
   <div class='ocr_carea' id='block_1_18' title="bbox 1863 696 3473 784">
    <p class='ocr_par' dir='ltr' id='par_1_18' title="bbox 1863 696 3473 784">
     <span class='ocr_line' id='line_1_18' title="bbox 1863 696 3473 784; baseline 0.017 -37"><span class='ocrx_word' id='word_1_121' title='bbox 1863 711 1968 766; x_wconf 85' lang='lat' dir='ltr'><strong>pra</strong></span> <span class='ocrx_word' id='word_1_122' title='bbox 2000 696 2187 764; x_wconf 89' lang='lat' dir='ltr'><strong>docui,</strong></span> <span class='ocrx_word' id='word_1_123' title='bbox 2214 700 2473 769; x_wconf 88' lang='lat' dir='ltr'><strong>Baldrici,</strong></span> <span class='ocrx_word' id='word_1_124' title='bbox 2490 704 2710 760; x_wconf 82' lang='lat' dir='ltr'><strong>abbatis</strong></span> <span class='ocrx_word' id='word_1_125' title='bbox 2733 708 3136 782; x_wconf 86' lang='lat' dir='ltr'><strong>Burguliensis,</strong></span> <span class='ocrx_word' id='word_1_126' title='bbox 3156 696 3349 784; x_wconf 81' lang='lat' dir='ltr'><strong>verba,</strong></span> <span class='ocrx_word' id='word_1_127' title='bbox 3372 722 3473 774; x_wconf 85' lang='lat' dir='ltr'><strong>«et</strong></span> 
     </span>
    </p>
   </div>
   <div class='ocr_carea' id='block_1_19' title="bbox 1864 784 3470 875">
    <p class='ocr_par' dir='ltr' id='par_1_19' title="bbox 1864 784 3470 875">
     <span class='ocr_line' id='line_1_19' title="bbox 1864 784 3470 875; baseline 0.017 -39"><span class='ocrx_word' id='word_1_128' title='bbox 1864 784 1997 838; x_wconf 90' lang='lat' dir='ltr'><strong>tunc</strong></span> <span class='ocrx_word' id='word_1_129' title='bbox 2030 786 2222 842; x_wconf 84' lang='lat' dir='ltr'><strong>Remis</strong></span> <span class='ocrx_word' id='word_1_130' title='bbox 2244 793 2396 858; x_wconf 74' lang='lat' dir='ltr'><strong>erat,</strong></span> <span class='ocrx_word' id='word_1_131' title='bbox 2450 793 2642 848; x_wconf 90' lang='lat' dir='ltr'><strong>Remis</strong></span> <span class='ocrx_word' id='word_1_132' title='bbox 2689 813 2918 870; x_wconf 88' lang='lat' dir='ltr'><strong>quoque</strong></span> <span class='ocrx_word' id='word_1_133' title='bbox 2967 801 3154 858; x_wconf 89' lang='lat' dir='ltr'><strong>Bruno</strong></span> <span class='ocrx_word' id='word_1_134' title='bbox 3184 806 3470 875; x_wconf 83' lang='lat' dir='ltr'><strong>studebat,</strong></span> 
     </span>
    </p>
   </div>
   <div class='ocr_carea' id='block_1_20' title="bbox 1865 870 3472 969">
    <p class='ocr_par' dir='ltr' id='par_1_20' title="bbox 1865 870 3472 969">
     <span class='ocr_line' id='line_1_20' title="bbox 1865 870 3472 969; baseline 0.018 -45"><span class='ocrx_word' id='word_1_135' title='bbox 1865 870 2052 928; x_wconf 88' lang='lat' dir='ltr'><strong>Bruno</strong></span> <span class='ocrx_word' id='word_1_136' title='bbox 2090 874 2422 933; x_wconf 88' lang='lat' dir='ltr'><strong>Latinorum</strong></span> <span class='ocrx_word' id='word_1_137' title='bbox 2454 884 2587 936; x_wconf 92' lang='lat' dir='ltr'><strong>tunc</strong></span> <span class='ocrx_word' id='word_1_138' title='bbox 2617 884 2789 939; x_wconf 89' lang='lat' dir='ltr'><strong>studii</strong></span> <span class='ocrx_word' id='word_1_139' title='bbox 2810 890 3170 960; x_wconf 83' lang='lat' dir='ltr'><strong>speculum,»</strong></span> <span class='ocrx_word' id='word_1_140' title='bbox 3213 911 3341 967; x_wconf 66' lang='lat' dir='ltr'><strong>qua:</strong></span> <span class='ocrx_word' id='word_1_141' title='bbox 3370 914 3472 969; x_wconf 92' lang='lat' dir='ltr'><strong>po-</strong></span> 
     </span>
    </p>
   </div>
   <div class='ocr_carea' id='block_1_21' title="bbox 1863 961 3476 1046">
    <p class='ocr_par' dir='ltr' id='par_1_21' title="bbox 1863 961 3476 1046">
     <span class='ocr_line' id='line_1_21' title="bbox 1863 961 3476 1046; baseline 0.019 -34"><span class='ocrx_word' id='word_1_142' title='bbox 1863 961 2169 1032; x_wconf 88' lang='lat' dir='ltr'><strong>tissimum,</strong></span> <span class='ocrx_word' id='word_1_143' title='bbox 2186 967 2339 1037; x_wconf 88' lang='lat' dir='ltr'><strong>quod</strong></span> <span class='ocrx_word' id='word_1_144' title='bbox 2357 968 2714 1027; x_wconf 82' lang='lat' dir='ltr'><strong>Mabillonius</strong></span> <span class='ocrx_word' id='word_1_145' title='bbox 2733 978 3053 1046; x_wconf 91' lang='lat' dir='ltr'><strong>contendit,</strong></span> <span class='ocrx_word' id='word_1_146' title='bbox 3076 961 3476 1042; x_wconf 72' lang='lat' dir='ltr'><strong>conﬁcerede-</strong></span> 
     </span>
    </p>
   </div>
   <div class='ocr_carea' id='block_1_22' title="bbox 1865 1049 3476 1147">
    <p class='ocr_par' dir='ltr' id='par_1_22' title="bbox 1865 1049 3476 1147">
     <span class='ocr_line' id='line_1_22' title="bbox 1865 1049 3476 1147; baseline 0.017 -44"><span class='ocrx_word' id='word_1_147' title='bbox 1865 1049 2091 1119; x_wconf 83' lang='lat' dir='ltr'><strong>herent,</strong></span> <span class='ocrx_word' id='word_1_148' title='bbox 2154 1054 2211 1107; x_wconf 89' lang='lat' dir='ltr'><strong>in</strong></span> <span class='ocrx_word' id='word_1_149' title='bbox 2242 1072 2413 1111; x_wconf 89' lang='lat' dir='ltr'><strong>sensu</strong></span> <span class='ocrx_word' id='word_1_150' title='bbox 2446 1062 2692 1116; x_wconf 84' lang='lat' dir='ltr'><strong>naturali</strong></span> <span class='ocrx_word' id='word_1_151' title='bbox 2723 1068 2781 1118; x_wconf 89' lang='lat' dir='ltr'><strong>et</strong></span> <span class='ocrx_word' id='word_1_152' title='bbox 2828 1068 3012 1140; x_wconf 84' lang='lat' dir='ltr'><strong>magis</strong></span> <span class='ocrx_word' id='word_1_153' title='bbox 3039 1071 3204 1127; x_wconf 91' lang='lat' dir='ltr'><strong>obvio</strong></span> <span class='ocrx_word' id='word_1_154' title='bbox 3241 1079 3476 1147; x_wconf 82' lang='lat' dir='ltr'><strong>accepta</strong></span> 
     </span>
    </p>
   </div>
   <div class='ocr_carea' id='block_1_23' title="bbox 1865 1138 3477 1221">
    <p class='ocr_par' dir='ltr' id='par_1_23' title="bbox 1865 1138 3477 1221">
     <span class='ocr_line' id='line_1_23' title="bbox 1865 1138 3477 1221; baseline 0.017 -30"><span class='ocrx_word' id='word_1_155' title='bbox 1865 1138 2188 1209; x_wconf 85' lang='lat' dir='ltr'><strong>signiﬁcare</strong></span> <span class='ocrx_word' id='word_1_156' title='bbox 2240 1145 2540 1203; x_wconf 87' lang='lat' dir='ltr'><strong>dumtaxat</strong></span> <span class='ocrx_word' id='word_1_157' title='bbox 2568 1150 2853 1221; x_wconf 88' lang='lat' dir='ltr'><strong>videntur,</strong></span> <span class='ocrx_word' id='word_1_158' title='bbox 2896 1158 3230 1215; x_wconf 90' lang='lat' dir='ltr'><strong>Brunonem</strong></span> <span class='ocrx_word' id='word_1_159' title='bbox 3283 1163 3477 1218; x_wconf 83' lang='lat' dir='ltr'><strong>Remis</strong></span> 
     </span>
    </p>
   </div>
   <div class='ocr_carea' id='block_1_24' title="bbox 1864 1223 3477 1325">
    <p class='ocr_par' dir='ltr' id='par_1_24' title="bbox 1864 1223 3477 1325">
     <span class='ocr_line' id='line_1_24' title="bbox 1864 1223 3477 1325; baseline 0.019 -47"><span class='ocrx_word' id='word_1_160' title='bbox 1864 1223 2068 1283; x_wconf 86' lang='lat' dir='ltr'><strong>litteris</strong></span> <span class='ocrx_word' id='word_1_161' title='bbox 2096 1231 2532 1291; x_wconf 88' lang='lat' dir='ltr'><strong>humanioribus</strong></span> <span class='ocrx_word' id='word_1_162' title='bbox 2545 1254 2784 1309; x_wconf 87' lang='lat' dir='ltr'><strong>operam</strong></span> <span class='ocrx_word' id='word_1_163' title='bbox 2815 1244 3129 1304; x_wconf 92' lang='lat' dir='ltr'><strong>dedisse.Si</strong></span> <span class='ocrx_word' id='word_1_164' title='bbox 3156 1255 3349 1307; x_wconf 87' lang='lat' dir='ltr'><strong>autem</strong></span> <span class='ocrx_word' id='word_1_165' title='bbox 3373 1271 3477 1325; x_wconf 91' lang='lat' dir='ltr'><strong>per</strong></span> 
     </span>
    </p>
   </div>
   <div class='ocr_carea' id='block_1_25' title="bbox 1870 1316 3479 1397">
    <p class='ocr_par' dir='ltr' id='par_1_25' title="bbox 1870 1316 3479 1397">
     <span class='ocr_line' id='line_1_25' title="bbox 1870 1316 3479 1397; baseline 0.02 -30"><span class='ocrx_word' id='word_1_166' title='bbox 1870 1336 1898 1365; x_wconf 83' lang='lat'><strong>«</strong></span> <span class='ocrx_word' id='word_1_167' title='bbox 1929 1316 2265 1375; x_wconf 87' lang='lat' dir='ltr'><strong>Latinorum</strong></span> <span class='ocrx_word' id='word_1_168' title='bbox 2297 1324 2553 1380; x_wconf 87' lang='lat' dir='ltr'><strong>studium</strong></span> <span class='ocrx_word' id='word_1_169' title='bbox 2587 1350 2615 1377; x_wconf 85' lang='grc'><strong>››</strong></span> <span class='ocrx_word' id='word_1_170' title='bbox 2668 1346 2701 1384; x_wconf 89' lang='lat' dir='ltr'><strong>a</strong></span> <span class='ocrx_word' id='word_1_171' title='bbox 2733 1332 2989 1390; x_wconf 86' lang='lat' dir='ltr'><strong>Baldrico</strong></span> <span class='ocrx_word' id='word_1_172' title='bbox 3020 1337 3238 1395; x_wconf 85' lang='lat' dir='ltr'><strong>litteras</strong></span> <span class='ocrx_word' id='word_1_173' title='bbox 3276 1316 3479 1397; x_wconf 78' lang='lat' dir='ltr'><strong>huma-</strong></span> 
     </span>
    </p>
   </div>
   <div class='ocr_carea' id='block_1_26' title="bbox 1869 1405 3478 1498">
    <p class='ocr_par' dir='ltr' id='par_1_26' title="bbox 1869 1405 3478 1498">
     <span class='ocr_line' id='line_1_26' title="bbox 1869 1405 3478 1498; baseline 0.021 -41"><span class='ocrx_word' id='word_1_174' title='bbox 1869 1405 2060 1462; x_wconf 90' lang='lat' dir='ltr'><strong>niores</strong></span> <span class='ocrx_word' id='word_1_175' title='bbox 2104 1426 2221 1464; x_wconf 89' lang='lat' dir='ltr'><strong>non</strong></span> <span class='ocrx_word' id='word_1_176' title='bbox 2270 1412 2441 1469; x_wconf 83' lang='lat' dir='ltr'><strong>fuisse</strong></span> <span class='ocrx_word' id='word_1_177' title='bbox 2486 1417 2821 1489; x_wconf 86' lang='lat' dir='ltr'><strong>intellectas,</strong></span> <span class='ocrx_word' id='word_1_178' title='bbox 2854 1425 3125 1495; x_wconf 69' lang='lat' dir='ltr'><strong>praefecte</strong></span> <span class='ocrx_word' id='word_1_179' title='bbox 3154 1432 3310 1498; x_wconf 82' lang='lat' dir='ltr'><strong>velis,</strong></span> <span class='ocrx_word' id='word_1_180' title='bbox 3357 1450 3478 1489; x_wconf 89' lang='lat' dir='ltr'><strong>esse</strong></span> 
     </span>
    </p>
   </div>
   <div class='ocr_carea' id='block_1_27' title="bbox 1868 1496 3479 1595">
    <p class='ocr_par' dir='ltr' id='par_1_27' title="bbox 1868 1496 3479 1595">
     <span class='ocr_line' id='line_1_27' title="bbox 1868 1496 3479 1595; baseline 0.02 -49"><span class='ocrx_word' id='word_1_181' title='bbox 1868 1496 2142 1565; x_wconf 86' lang='lat' dir='ltr'><strong>equidem</strong></span> <span class='ocrx_word' id='word_1_182' title='bbox 2173 1517 2289 1557; x_wconf 91' lang='lat' dir='ltr'><strong>non</strong></span> <span class='ocrx_word' id='word_1_183' title='bbox 2322 1503 2563 1574; x_wconf 87' lang='lat' dir='ltr'><strong>videtur,</strong></span> <span class='ocrx_word' id='word_1_184' title='bbox 2588 1524 2689 1563; x_wconf 92' lang='lat' dir='ltr'><strong>cur</strong></span> <span class='ocrx_word' id='word_1_185' title='bbox 2708 1510 2801 1565; x_wconf 87' lang='lat' dir='ltr'><strong>hic</strong></span> <span class='ocrx_word' id='word_1_186' title='bbox 2827 1518 3026 1595; x_wconf 78' lang='lat' dir='ltr'><strong>auctor</strong></span> <span class='ocrx_word' id='word_1_187' title='bbox 3058 1520 3242 1590; x_wconf 86' lang='lat' dir='ltr'><strong>magis</strong></span> <span class='ocrx_word' id='word_1_188' title='bbox 3270 1521 3479 1578; x_wconf 85' lang='lat' dir='ltr'><strong>debeat</strong></span> 
     </span>
    </p>
   </div>
   <div class='ocr_carea' id='block_1_28' title="bbox 1868 1581 3479 1679">
    <p class='ocr_par' dir='ltr' id='par_1_28' title="bbox 1868 1581 3479 1679">
     <span class='ocr_line' id='line_1_28' title="bbox 1868 1581 3479 1679; baseline 0.02 -43"><span class='ocrx_word' id='word_1_189' title='bbox 1868 1581 2109 1659; x_wconf 83' lang='lat' dir='ltr'><strong>intelligi</strong></span> <span class='ocrx_word' id='word_1_190' title='bbox 2124 1588 2193 1642; x_wconf 84' lang='lat' dir='ltr'><strong>de</strong></span> <span class='ocrx_word' id='word_1_191' title='bbox 2206 1592 2629 1667; x_wconf 90' lang='lat' dir='ltr'><strong>philosophicis,</strong></span> <span class='ocrx_word' id='word_1_192' title='bbox 2653 1616 2829 1670; x_wconf 89' lang='lat' dir='ltr'><strong>quam</strong></span> <span class='ocrx_word' id='word_1_193' title='bbox 2843 1602 2913 1658; x_wconf 93' lang='lat' dir='ltr'><strong>de</strong></span> <span class='ocrx_word' id='word_1_194' title='bbox 2928 1581 3265 1679; x_wconf 68' lang='lat' dir='ltr'><strong>tlieologicis</strong></span> <span class='ocrx_word' id='word_1_195' title='bbox 3278 1612 3479 1667; x_wconf 90' lang='lat' dir='ltr'><strong>studiis</strong></span> 
     </span>
    </p>
   </div>
   <div class='ocr_carea' id='block_1_29' title="bbox 147 1677 3478 1764">
    <p class='ocr_par' dir='ltr' id='par_1_29' title="bbox 147 1677 3478 1764">
     <span class='ocr_line' id='line_1_29' title="bbox 147 1677 3478 1764; baseline 0.008 -34"><span class='ocrx_word' id='word_1_196' title='bbox 147 1677 321 1730; x_wconf 83' lang='lat' dir='ltr'><strong>habet</strong></span> <span class='ocrx_word' id='word_1_197' title='bbox 347 1695 361 1730; x_wconf 91' lang='lat'>:</span> <span class='ocrx_word' id='word_1_198' title='bbox 390 1700 420 1727; x_wconf 82' lang='grc'><strong>‹‹</strong></span> <span class='ocrx_word' id='word_1_199' title='bbox 449 1678 641 1735; x_wconf 87' lang='lat' dir='ltr'><strong>Bruno</strong></span> <span class='ocrx_word' id='word_1_200' title='bbox 670 1697 774 1735; x_wconf 92' lang='lat' dir='ltr'><strong>nec</strong></span> <span class='ocrx_word' id='word_1_201' title='bbox 788 1685 984 1738; x_wconf 91' lang='lat' dir='ltr'><strong>noster</strong></span> <span class='ocrx_word' id='word_1_202' title='bbox 1007 1685 1375 1752; x_wconf 90' lang='lat' dir='ltr'><strong>clericus,nec</strong></span> <span class='ocrx_word' id='word_1_203' title='bbox 1392 1687 1587 1738; x_wconf 90' lang='lat' dir='ltr'><strong>noster</strong></span> <span class='ocrx_word' id='word_1_204' title='bbox 1602 1685 1769 1737; x_wconf 82' lang='lat' dir='ltr'><strong>natus</strong></span> <span class='ocrx_word' id='word_1_205' title='bbox 1790 1698 1839 1755; x_wconf 85' lang='grc' dir='ltr'>Β</span> <span class='ocrx_word' id='word_1_206' title='bbox 1870 1679 2075 1745; x_wconf 78' lang='lat' dir='ltr'><strong>quibus</strong></span> <span class='ocrx_word' id='word_1_207' title='bbox 2118 1680 2307 1736; x_wconf 73' lang='grc' dir='ltr'><strong>Βωηο</strong></span> <span class='ocrx_word' id='word_1_208' title='bbox 2354 1683 2546 1739; x_wconf 77' lang='lat' dir='ltr'><strong>Remis</strong></span> <span class='ocrx_word' id='word_1_209' title='bbox 2582 1688 2843 1745; x_wconf 82' lang='lat' dir='ltr'><strong>animum</strong></span> <span class='ocrx_word' id='word_1_210' title='bbox 2876 1695 3205 1764; x_wconf 83' lang='lat' dir='ltr'><strong>excoluerit,</strong></span> <span class='ocrx_word' id='word_1_211' title='bbox 3237 1698 3403 1763; x_wconf 88' lang='lat' dir='ltr'><strong>Quod</strong></span> <span class='ocrx_word' id='word_1_212' title='bbox 3432 1703 3478 1758; x_wconf 88' lang='lat' dir='ltr'><strong>si</strong></span> 
     </span>
    </p>
   </div>
   <div class='ocr_carea' id='block_1_30' title="bbox 188 1770 1765 1846">
    <p class='ocr_par' dir='ltr' id='par_1_30' title="bbox 188 1770 1765 1846">
     <span class='ocr_line' id='line_1_30' title="bbox 188 1770 1765 1846; baseline 0.004 -27"><span class='ocrx_word' id='word_1_213' title='bbox 188 1770 291 1819; x_wconf 87' lang='lat' dir='ltr'><strong>aut</strong></span> <span class='ocrx_word' id='word_1_214' title='bbox 310 1773 557 1823; x_wconf 87' lang='lat' dir='ltr'><strong>renatus</strong></span> <span class='ocrx_word' id='word_1_215' title='bbox 570 1773 673 1835; x_wconf 86' lang='lat' dir='ltr'><strong>est,</strong></span> <span class='ocrx_word' id='word_1_216' title='bbox 716 1771 818 1825; x_wconf 87' lang='lat' dir='ltr'><strong>sed</strong></span> <span class='ocrx_word' id='word_1_217' title='bbox 841 1774 1020 1827; x_wconf 87' lang='lat' dir='ltr'><strong>sancti</strong></span> <span class='ocrx_word' id='word_1_218' title='bbox 1037 1774 1329 1830; x_wconf 90' lang='lat' dir='ltr'><strong>Cuniberti</strong></span> <span class='ocrx_word' id='word_1_219' title='bbox 1350 1775 1407 1829; x_wconf 92' lang='lat' dir='ltr'><strong>in</strong></span> <span class='ocrx_word' id='word_1_220' title='bbox 1419 1791 1602 1846; x_wconf 85' lang='lat' dir='ltr'><strong>regno</strong></span> <span class='ocrx_word' id='word_1_221' title='bbox 1622 1773 1765 1828; x_wconf 90' lang='lat' dir='ltr'><strong>Teu-</strong></span> 
     </span>
    </p>
   </div>
   <div class='ocr_carea' id='block_1_31' title="bbox 157 1855 1768 1931">
    <p class='ocr_par' dir='ltr' id='par_1_31' title="bbox 157 1855 1768 1931">
     <span class='ocr_line' id='line_1_31' title="bbox 157 1855 1768 1931; baseline 0.007 -27"><span class='ocrx_word' id='word_1_222' title='bbox 157 1876 181 1903; x_wconf 76' lang='grc' dir='ltr'><strong>ι(</strong></span> <span class='ocrx_word' id='word_1_223' title='bbox 204 1855 541 1911; x_wconf 88' lang='lat' dir='ltr'><strong>tonicorum</strong></span> <span class='ocrx_word' id='word_1_224' title='bbox 565 1859 733 1929; x_wconf 87' lang='lat' dir='ltr'><strong>positi</strong></span> <span class='ocrx_word' id='word_1_225' title='bbox 759 1861 1067 1917; x_wconf 87' lang='lat' dir='ltr'><strong>canonicus</strong></span> <span class='ocrx_word' id='word_1_226' title='bbox 1096 1868 1236 1931; x_wconf 86' lang='lat' dir='ltr'><strong>est,»</strong></span> <span class='ocrx_word' id='word_1_227' title='bbox 1254 1869 1362 1919; x_wconf 88' lang='lat' dir='ltr'><strong>etc.</strong></span> <span class='ocrx_word' id='word_1_228' title='bbox 1388 1865 1448 1918; x_wconf 90' lang='lat' dir='ltr'><strong>ld</strong></span> <span class='ocrx_word' id='word_1_229' title='bbox 1469 1865 1768 1919; x_wconf 87' lang='lat' dir='ltr'><strong>observare</strong></span> 
     </span>
    </p>
   </div>
   <div class='ocr_carea' id='block_1_32' title="bbox 152 1944 1767 2026">
    <p class='ocr_par' dir='ltr' id='par_1_32' title="bbox 152 1944 1767 2026">
     <span class='ocr_line' id='line_1_32' title="bbox 152 1944 1767 2026; baseline 0.009 -31"><span class='ocrx_word' id='word_1_230' title='bbox 152 1944 436 1999; x_wconf 78' lang='lat' dir='ltr'><strong>visumest</strong></span> <span class='ocrx_word' id='word_1_231' title='bbox 450 1947 559 2002; x_wconf 91' lang='lat' dir='ltr'><strong>hoc</strong></span> <span class='ocrx_word' id='word_1_232' title='bbox 590 1950 713 2003; x_wconf 90' lang='lat' dir='ltr'><strong>loco</strong></span> <span class='ocrx_word' id='word_1_233' title='bbox 737 1948 808 2003; x_wconf 88' lang='lat' dir='ltr'><strong>de</strong></span> <span class='ocrx_word' id='word_1_234' title='bbox 842 1950 960 2006; x_wconf 91' lang='lat' dir='ltr'><strong>viro</strong></span> <span class='ocrx_word' id='word_1_235' title='bbox 985 1953 1365 2020; x_wconf 88' lang='lat' dir='ltr'><strong>sanctissimo,</strong></span> <span class='ocrx_word' id='word_1_236' title='bbox 1400 1956 1629 2026; x_wconf 86' lang='lat' dir='ltr'><strong>qui,etsi</strong></span> <span class='ocrx_word' id='word_1_237' title='bbox 1666 1956 1767 2010; x_wconf 89' lang='lat' dir='ltr'><strong>Be-</strong></span> 
     </span>
    </p>
   </div>
   <div class='ocr_carea' id='block_1_33' title="bbox 152 2034 1771 2114">
    <p class='ocr_par' dir='ltr' id='par_1_33' title="bbox 152 2034 1771 2114">
     <span class='ocr_line' id='line_1_33' title="bbox 152 2034 1771 2114; baseline 0.007 -29"><span class='ocrx_word' id='word_1_238' title='bbox 152 2034 402 2104; x_wconf 83' lang='lat' dir='ltr'><strong>rengarii</strong></span> <span class='ocrx_word' id='word_1_239' title='bbox 457 2035 766 2111; x_wconf 87' lang='lat' dir='ltr'><strong>discipulus</strong></span> <span class='ocrx_word' id='word_1_240' title='bbox 822 2040 1037 2107; x_wconf 84' lang='lat' dir='ltr'><strong>fuisset,</strong></span> <span class='ocrx_word' id='word_1_241' title='bbox 1072 2043 1244 2113; x_wconf 86' lang='lat' dir='ltr'><strong>longe</strong></span> <span class='ocrx_word' id='word_1_242' title='bbox 1291 2043 1362 2097; x_wconf 88' lang='lat' dir='ltr'><strong>ab</strong></span> <span class='ocrx_word' id='word_1_243' title='bbox 1414 2044 1535 2114; x_wconf 91' lang='lat' dir='ltr'><strong>ejus</strong></span> <span class='ocrx_word' id='word_1_244' title='bbox 1576 2060 1771 2099; x_wconf 90' lang='lat' dir='ltr'><strong>errore</strong></span> 
     </span>
    </p>
   </div>
   <div class='ocr_carea' id='block_1_34' title="bbox 155 2122 1772 2201">
    <p class='ocr_par' dir='ltr' id='par_1_34' title="bbox 155 2122 1772 2201">
     <span class='ocr_line' id='line_1_34' title="bbox 155 2122 1772 2201; baseline 0.008 -27"><span class='ocrx_word' id='word_1_245' title='bbox 155 2122 473 2189; x_wconf 84' lang='lat' dir='ltr'><strong>abhorruit,</strong></span> <span class='ocrx_word' id='word_1_246' title='bbox 503 2129 569 2179; x_wconf 90' lang='lat' dir='ltr'><strong>ut</strong></span> <span class='ocrx_word' id='word_1_247' title='bbox 600 2127 994 2201; x_wconf 90' lang='lat' dir='ltr'><strong>probatipsius</strong></span> <span class='ocrx_word' id='word_1_248' title='bbox 1011 2130 1289 2185; x_wconf 82' lang='lat' dir='ltr'><strong>confessio</strong></span> <span class='ocrx_word' id='word_1_249' title='bbox 1322 2132 1391 2187; x_wconf 89' lang='lat' dir='ltr'><strong>de</strong></span> <span class='ocrx_word' id='word_1_250' title='bbox 1416 2132 1772 2187; x_wconf 89' lang='lat' dir='ltr'><strong>sanctissimo</strong></span> 
     </span>
    </p>
   </div>
   <div class='ocr_carea' id='block_1_35' title="bbox 156 2211 1775 2292">
    <p class='ocr_par' dir='ltr' id='par_1_35' title="bbox 156 2211 1775 2292">
     <span class='ocr_line' id='line_1_35' title="bbox 156 2211 1775 2292; baseline 0.008 -29"><span class='ocrx_word' id='word_1_251' title='bbox 156 2211 518 2268; x_wconf 69' lang='lat' dir='ltr'><strong>Eucharistia:</strong></span> <span class='ocrx_word' id='word_1_252' title='bbox 546 2221 929 2285; x_wconf 88' lang='lat' dir='ltr'><strong>sacramento,</strong></span> <span class='ocrx_word' id='word_1_253' title='bbox 962 2235 1138 2292; x_wconf 90' lang='lat' dir='ltr'><strong>quam</strong></span> <span class='ocrx_word' id='word_1_254' title='bbox 1167 2219 1306 2274; x_wconf 88' lang='lat' dir='ltr'><strong>alias</strong></span> <span class='ocrx_word' id='word_1_255' title='bbox 1323 2221 1641 2277; x_wconf 88' lang='lat' dir='ltr'><strong>retulimus.</strong></span> <span class='ocrx_word' id='word_1_256' title='bbox 1662 2219 1775 2276; x_wconf 88' lang='lat' dir='ltr'><strong>Sed</strong></span> 
     </span>
    </p>
   </div>
   <div class='ocr_carea' id='block_1_36' title="bbox 156 2298 1775 2374">
    <p class='ocr_par' dir='ltr' id='par_1_36' title="bbox 156 2298 1775 2374">
     <span class='ocr_line' id='line_1_36' title="bbox 156 2298 1775 2374; baseline 0.006 -21"><span class='ocrx_word' id='word_1_257' title='bbox 156 2298 392 2356; x_wconf 86' lang='lat' dir='ltr'><strong>interest</strong></span> <span class='ocrx_word' id='word_1_258' title='bbox 422 2318 628 2357; x_wconf 90' lang='lat' dir='ltr'><strong>verum</strong></span> <span class='ocrx_word' id='word_1_259' title='bbox 661 2321 693 2358; x_wconf 90' lang='lat' dir='ltr'><strong>a</strong></span> <span class='ocrx_word' id='word_1_260' title='bbox 729 2305 870 2360; x_wconf 84' lang='lat' dir='ltr'><strong>falso</strong></span> <span class='ocrx_word' id='word_1_261' title='bbox 902 2306 1251 2374; x_wconf 88' lang='lat' dir='ltr'><strong>discernere,</strong></span> <span class='ocrx_word' id='word_1_262' title='bbox 1321 2312 1376 2363; x_wconf 89' lang='lat' dir='ltr'><strong>et</strong></span> <span class='ocrx_word' id='word_1_263' title='bbox 1429 2309 1775 2365; x_wconf 88' lang='lat' dir='ltr'><strong>nubeculam</strong></span> 
     </span>
    </p>
   </div>
   <div class='ocr_carea' id='block_1_37' title="bbox 157 2388 1656 2461">
    <p class='ocr_par' dir='ltr' id='par_1_37' title="bbox 157 2388 1656 2461">
     <span class='ocr_line' id='line_1_37' title="bbox 157 2388 1656 2461; baseline 0.005 -20"><span class='ocrx_word' id='word_1_264' title='bbox 157 2388 336 2456; x_wconf 85' lang='lat' dir='ltr'><strong>illam,</strong></span> <span class='ocrx_word' id='word_1_265' title='bbox 364 2389 414 2443; x_wconf 88' lang='lat' dir='ltr'><strong>si</strong></span> <span class='ocrx_word' id='word_1_266' title='bbox 449 2407 564 2461; x_wconf 87' lang='lat' dir='ltr'><strong>qua</strong></span> <span class='ocrx_word' id='word_1_267' title='bbox 593 2396 737 2457; x_wconf 88' lang='lat' dir='ltr'><strong>erat,</strong></span> <span class='ocrx_word' id='word_1_268' title='bbox 773 2408 808 2445; x_wconf 90' lang='lat' dir='ltr'><strong>a</strong></span> <span class='ocrx_word' id='word_1_269' title='bbox 840 2396 1001 2447; x_wconf 89' lang='lat' dir='ltr'><strong>tanto</strong></span> <span class='ocrx_word' id='word_1_270' title='bbox 1033 2394 1251 2449; x_wconf 91' lang='lat' dir='ltr'><strong>lumine</strong></span> <span class='ocrx_word' id='word_1_271' title='bbox 1274 2412 1593 2453; x_wconf 89' lang='lat' dir='ltr'><strong>removere.</strong></span> <span class='ocrx_word' id='word_1_272' title='bbox 1630 2420 1656 2448; x_wconf 87' lang='grc'><strong>››</strong></span> 
     </span>
    </p>
   </div>
   <div class='ocr_carea' id='block_1_38' title="bbox 224 2476 1776 2544">
    <p class='ocr_par' dir='ltr' id='par_1_38' title="bbox 224 2476 1776 2544">
     <span class='ocr_line' id='line_1_38' title="bbox 224 2476 1776 2544; baseline 0.01 -17"><span class='ocrx_word' id='word_1_273' title='bbox 224 2477 313 2530; x_wconf 78' lang='lat'><strong>62.</strong></span> <span class='ocrx_word' id='word_1_274' title='bbox 344 2476 411 2529; x_wconf 88' lang='lat' dir='ltr'><strong>In</strong></span> <span class='ocrx_word' id='word_1_275' title='bbox 445 2479 629 2533; x_wconf 90' lang='lat' dir='ltr'><strong>altera</strong></span> <span class='ocrx_word' id='word_1_276' title='bbox 651 2478 859 2534; x_wconf 89' lang='lat' dir='ltr'><strong>deinde</strong></span> <span class='ocrx_word' id='word_1_277' title='bbox 884 2481 939 2535; x_wconf 88' lang='lat' dir='ltr'><strong>in</strong></span> <span class='ocrx_word' id='word_1_278' title='bbox 964 2481 1248 2538; x_wconf 69' lang='lat' dir='ltr'><strong>Saeculum</strong></span> <span class='ocrx_word' id='word_1_279' title='bbox 1273 2486 1776 2544; x_wconf 79' lang='lat' dir='ltr'><strong>VIBenedictinum</strong></span> 
     </span>
    </p>
   </div>
   <div class='ocr_carea' id='block_1_39' title="bbox 162 2565 1765 2644">
    <p class='ocr_par' dir='ltr' id='par_1_39' title="bbox 162 2565 1765 2644">
     <span class='ocr_line' id='line_1_39' title="bbox 162 2565 1765 2644; baseline 0.009 -26"><span class='ocrx_word' id='word_1_280' title='bbox 162 2565 530 2629; x_wconf 67' lang='lat' dir='ltr'><strong>Praefatione.</strong></span> <span class='ocrx_word' id='word_1_281' title='bbox 555 2583 668 2639; x_wconf 92' lang='lat' dir='ltr'><strong>quo</strong></span> <span class='ocrx_word' id='word_1_282' title='bbox 690 2569 1015 2638; x_wconf 90' lang='lat' dir='ltr'><strong>opiniorem</strong></span> <span class='ocrx_word' id='word_1_283' title='bbox 1046 2589 1209 2627; x_wconf 88' lang='lat' dir='ltr'><strong>suam</strong></span> <span class='ocrx_word' id='word_1_284' title='bbox 1242 2575 1568 2644; x_wconf 82' lang='lat' dir='ltr'><strong>confirmet,</strong></span> <span class='ocrx_word' id='word_1_285' title='bbox 1603 2594 1765 2632; x_wconf 91' lang='lat' dir='ltr'><strong>num.</strong></span> 
     </span>
    </p>
   </div>
   <div class='ocr_carea' id='block_1_40' title="bbox 161 2654 1774 2737">
    <p class='ocr_par' dir='ltr' id='par_1_40' title="bbox 161 2654 1774 2737">
     <span class='ocr_line' id='line_1_40' title="bbox 161 2654 1774 2737; baseline 0.009 -31"><span class='ocrx_word' id='word_1_286' title='bbox 161 2655 222 2707; x_wconf 81' lang='grc'><strong>85</strong></span> <span class='ocrx_word' id='word_1_287' title='bbox 248 2654 331 2708; x_wconf 90' lang='lat' dir='ltr'><strong>sic</strong></span> <span class='ocrx_word' id='word_1_288' title='bbox 357 2656 559 2711; x_wconf 87' lang='lat' dir='ltr'><strong>scribit</strong></span> <span class='ocrx_word' id='word_1_289' title='bbox 589 2674 602 2710; x_wconf 91' lang='lat'><strong>:</strong></span> <span class='ocrx_word' id='word_1_290' title='bbox 643 2680 668 2707; x_wconf 89' lang='grc'><em>‹‹</em></span> <span class='ocrx_word' id='word_1_291' title='bbox 701 2658 862 2714; x_wconf 84' lang='lat' dir='ltr'><strong>Hunc</strong></span> <span class='ocrx_word' id='word_1_292' title='bbox 883 2659 1257 2717; x_wconf 80' lang='lat' dir='ltr'><strong>Godefridum</strong></span> <span class='ocrx_word' id='word_1_293' title='bbox 1282 2664 1774 2737; x_wconf 89' lang='lat' dir='ltr'><strong>(Remensem,qui</strong></span> 
     </span>
    </p>
   </div>
   <div class='ocr_carea' id='block_1_41' title="bbox 160 2742 1771 2821">
    <p class='ocr_par' dir='ltr' id='par_1_41' title="bbox 160 2742 1771 2821">
     <span class='ocr_line' id='line_1_41' title="bbox 160 2742 1771 2821; baseline 0.009 -25"><span class='ocrx_word' id='word_1_294' title='bbox 160 2742 212 2795; x_wconf 90' lang='lat' dir='ltr'><strong>S.</strong></span> <span class='ocrx_word' id='word_1_295' title='bbox 240 2744 501 2799; x_wconf 87' lang='lat' dir='ltr'><strong>Brunoni</strong></span> <span class='ocrx_word' id='word_1_296' title='bbox 533 2745 588 2799; x_wconf 91' lang='lat' dir='ltr'><strong>in</strong></span> <span class='ocrx_word' id='word_1_297' title='bbox 653 2748 981 2805; x_wconf 84' lang='lat' dir='ltr'><strong>scholarum</strong></span> <span class='ocrx_word' id='word_1_298' title='bbox 1044 2745 1374 2819; x_wconf 80' lang='lat' dir='ltr'><strong>magisterio</strong></span> <span class='ocrx_word' id='word_1_299' title='bbox 1425 2771 1458 2808; x_wconf 95' lang='lat' dir='ltr'><strong>a</strong></span> <span class='ocrx_word' id='word_1_300' title='bbox 1500 2755 1771 2821; x_wconf 86' lang='lat' dir='ltr'><strong>Manasse,</strong></span> 
     </span>
    </p>
   </div>
   <div class='ocr_carea' id='block_1_42' title="bbox 163 2831 1773 2915">
    <p class='ocr_par' dir='ltr' id='par_1_42' title="bbox 163 2831 1773 2915">
     <span class='ocr_line' id='line_1_42' title="bbox 163 2831 1773 2915; baseline 0.009 -31"><span class='ocrx_word' id='word_1_301' title='bbox 163 2831 541 2887; x_wconf 86' lang='lat' dir='ltr'><strong>Remensium</strong></span> <span class='ocrx_word' id='word_1_302' title='bbox 583 2835 1032 2909; x_wconf 87' lang='lat' dir='ltr'><strong>archiepiscopo,</strong></span> <span class='ocrx_word' id='word_1_303' title='bbox 1086 2840 1279 2895; x_wconf 87' lang='lat' dir='ltr'><strong>Remis</strong></span> <span class='ocrx_word' id='word_1_304' title='bbox 1330 2841 1438 2896; x_wconf 87' lang='lat' dir='ltr'><strong>fuit</strong></span> <span class='ocrx_word' id='word_1_305' title='bbox 1487 2843 1773 2915; x_wconf 77' lang='lat' dir='ltr'><strong>suffectus)</strong></span> 
     </span>
    </p>
   </div>
   <div class='ocr_carea' id='block_1_43' title="bbox 156 2918 1776 3004">
    <p class='ocr_par' dir='ltr' id='par_1_43' title="bbox 156 2918 1776 3004">
     <span class='ocr_line' id='line_1_43' title="bbox 156 2918 1776 3004; baseline 0.009 -32"><span class='ocrx_word' id='word_1_306' title='bbox 156 2918 447 2975; x_wconf 73' lang='lat' dir='ltr'><strong>viventem</strong></span> <span class='ocrx_word' id='word_1_307' title='bbox 472 2938 538 2975; x_wconf 86' lang='lat' dir='ltr'><strong>ac</strong></span> <span class='ocrx_word' id='word_1_308' title='bbox 563 2926 861 2980; x_wconf 88' lang='lat' dir='ltr'><strong>mortuum</strong></span> <span class='ocrx_word' id='word_1_309' title='bbox 888 2926 1139 2982; x_wconf 86' lang='lat' dir='ltr'><strong>laudavit</strong></span> <span class='ocrx_word' id='word_1_310' title='bbox 1169 2929 1457 2984; x_wconf 88' lang='lat' dir='ltr'><strong>Baldricus</strong></span> <span class='ocrx_word' id='word_1_311' title='bbox 1477 2931 1776 3004; x_wconf 90' lang='lat' dir='ltr'><strong>abbas,qui</strong></span> 
     </span>
    </p>
   </div>
   <div class='ocr_carea' id='block_1_44' title="bbox 1869 1769 3483 1852">
    <p class='ocr_par' dir='ltr' id='par_1_44' title="bbox 1869 1769 3483 1852">
     <span class='ocr_line' id='line_1_44' title="bbox 1869 1769 3483 1852; baseline 0.015 -31"><span class='ocrx_word' id='word_1_312' title='bbox 1869 1784 2007 1839; x_wconf 82' lang='lat' dir='ltr'><strong>ergo</strong></span> <span class='ocrx_word' id='word_1_313' title='bbox 2040 1769 2229 1841; x_wconf 89' lang='lat' dir='ltr'><strong>reipsa</strong></span> <span class='ocrx_word' id='word_1_314' title='bbox 2259 1771 2319 1825; x_wconf 92' lang='lat' dir='ltr'><strong>in</strong></span> <span class='ocrx_word' id='word_1_315' title='bbox 2350 1774 2472 1827; x_wconf 88' lang='lat' dir='ltr'><strong>toto</strong></span> <span class='ocrx_word' id='word_1_316' title='bbox 2504 1774 2613 1828; x_wconf 89' lang='lat' dir='ltr'><strong>huc</strong></span> <span class='ocrx_word' id='word_1_317' title='bbox 2627 1780 2968 1852; x_wconf 85' lang='lat' dir='ltr'><strong>transcripto</strong></span> <span class='ocrx_word' id='word_1_318' title='bbox 2995 1787 3150 1840; x_wconf 85' lang='lat' dir='ltr'><strong>textu</strong></span> <span class='ocrx_word' id='word_1_319' title='bbox 3182 1787 3251 1841; x_wconf 92' lang='lat' dir='ltr'><strong>de</strong></span> <span class='ocrx_word' id='word_1_320' title='bbox 3264 1789 3483 1846; x_wconf 88' lang='lat' dir='ltr'><strong>theolo-</strong></span> 
     </span>
    </p>
   </div>
   <div class='ocr_carea' id='block_1_45' title="bbox 1869 1856 3482 1937">
    <p class='ocr_par' dir='ltr' id='par_1_45' title="bbox 1869 1856 3482 1937">
     <span class='ocr_line' id='line_1_45' title="bbox 1869 1856 3482 1937; baseline 0.018 -29"><span class='ocrx_word' id='word_1_321' title='bbox 1869 1856 1965 1926; x_wconf 87' lang='lat' dir='ltr'><strong>gia</strong></span> <span class='ocrx_word' id='word_1_322' title='bbox 1980 1856 2296 1926; x_wconf 82' lang='lat' dir='ltr'><strong>dumtaxat,</strong></span> <span class='ocrx_word' id='word_1_323' title='bbox 2312 1860 2370 1914; x_wconf 90' lang='lat' dir='ltr'><strong>in</strong></span> <span class='ocrx_word' id='word_1_324' title='bbox 2387 1879 2562 1932; x_wconf 90' lang='lat' dir='ltr'><strong>quam</strong></span> <span class='ocrx_word' id='word_1_325' title='bbox 2580 1870 2806 1921; x_wconf 86' lang='lat' dir='ltr'><strong>sanctus</strong></span> <span class='ocrx_word' id='word_1_326' title='bbox 2819 1869 3009 1926; x_wconf 88' lang='lat' dir='ltr'><strong>Remis</strong></span> <span class='ocrx_word' id='word_1_327' title='bbox 3026 1889 3141 1929; x_wconf 89' lang='lat' dir='ltr'><strong>una</strong></span> <span class='ocrx_word' id='word_1_328' title='bbox 3155 1892 3287 1931; x_wconf 90' lang='lat' dir='ltr'><strong>cum</strong></span> <span class='ocrx_word' id='word_1_329' title='bbox 3303 1880 3482 1937; x_wconf 54' lang='lat' dir='ltr'><strong>Gode.</strong></span> 
     </span>
    </p>
   </div>
   <div class='ocr_carea' id='block_1_46' title="bbox 1868 1942 3474 2038">
    <p class='ocr_par' dir='ltr' id='par_1_46' title="bbox 1868 1942 3474 2038">
     <span class='ocr_line' id='line_1_46' title="bbox 1868 1942 3474 2038; baseline 0.017 -40"><span class='ocrx_word' id='word_1_330' title='bbox 1868 1944 2017 1999; x_wconf 83' lang='lat' dir='ltr'><strong>frido</strong></span> <span class='ocrx_word' id='word_1_331' title='bbox 2072 1947 2340 2003; x_wconf 88' lang='lat' dir='ltr'><strong>Remensi</strong></span> <span class='ocrx_word' id='word_1_332' title='bbox 2383 1942 2441 2005; x_wconf 83' lang='lat' dir='ltr'><strong>et</strong></span> <span class='ocrx_word' id='word_1_333' title='bbox 2485 1952 2836 2012; x_wconf 84' lang='lat' dir='ltr'><strong>Herimanno</strong></span> <span class='ocrx_word' id='word_1_334' title='bbox 2868 1960 3093 2017; x_wconf 89' lang='lat' dir='ltr'><strong>seniore</strong></span> <span class='ocrx_word' id='word_1_335' title='bbox 3132 1965 3474 2038; x_wconf 83' lang='lat' dir='ltr'><strong>incubuerit,</strong></span> 
     </span>
    </p>
   </div>
   <div class='ocr_carea' id='block_1_47' title="bbox 1872 2034 3480 2121">
    <p class='ocr_par' dir='ltr' id='par_1_47' title="bbox 1872 2034 3480 2121">
     <span class='ocr_line' id='line_1_47' title="bbox 1872 2034 3480 2121; baseline 0.017 -34"><span class='ocrx_word' id='word_1_336' title='bbox 1872 2034 2129 2091; x_wconf 82' lang='lat' dir='ltr'><strong>Baldrico‘</strong></span> <span class='ocrx_word' id='word_1_337' title='bbox 2160 2038 2355 2093; x_wconf 89' lang='lat' dir='ltr'><strong>abbati</strong></span> <span class='ocrx_word' id='word_1_338' title='bbox 2372 2056 2562 2097; x_wconf 90' lang='lat' dir='ltr'><strong>sermo</strong></span> <span class='ocrx_word' id='word_1_339' title='bbox 2583 2043 2676 2111; x_wconf 88' lang='lat' dir='ltr'><strong>sit,</strong></span> <span class='ocrx_word' id='word_1_340' title='bbox 2697 2048 2854 2118; x_wconf 91' lang='lat' dir='ltr'><strong>quid,</strong></span> <span class='ocrx_word' id='word_1_341' title='bbox 2896 2066 3108 2121; x_wconf 62' lang='lat' dir='ltr'><strong>quasso,</strong></span> <span class='ocrx_word' id='word_1_342' title='bbox 3138 2054 3272 2111; x_wconf 91' lang='lat' dir='ltr'><strong>inde</strong></span> <span class='ocrx_word' id='word_1_343' title='bbox 3302 2034 3480 2114; x_wconf 46' lang='lat' dir='ltr'><strong>habe;-</strong></span> 
     </span>
    </p>
   </div>
   <div class='ocr_carea' id='block_1_48' title="bbox 1871 2124 3484 2223">
    <p class='ocr_par' dir='ltr' id='par_1_48' title="bbox 1871 2124 3484 2223">
     <span class='ocr_line' id='line_1_48' title="bbox 1871 2124 3484 2223; baseline 0.018 -46"><span class='ocrx_word' id='word_1_344' title='bbox 1871 2124 2027 2179; x_wconf 90' lang='lat' dir='ltr'><strong>bitur</strong></span> <span class='ocrx_word' id='word_1_345' title='bbox 2047 2143 2151 2197; x_wconf 89' lang='lat' dir='ltr'><strong>pro</strong></span> <span class='ocrx_word' id='word_1_346' title='bbox 2184 2127 2476 2199; x_wconf 84' lang='lat' dir='ltr'><strong>Opinione,</strong></span> <span class='ocrx_word' id='word_1_347' title='bbox 2500 2149 2612 2204; x_wconf 89' lang='lat' dir='ltr'><strong>qua</strong></span> <span class='ocrx_word' id='word_1_348' title='bbox 2630 2141 2914 2207; x_wconf 89' lang='lat' dir='ltr'><strong>sanctum,</strong></span> <span class='ocrx_word' id='word_1_349' title='bbox 2933 2159 3050 2199; x_wconf 90' lang='lat' dir='ltr'><strong>non</strong></span> <span class='ocrx_word' id='word_1_350' title='bbox 3078 2145 3319 2204; x_wconf 87' lang='lat' dir='ltr'><strong>Turonis</strong></span> <span class='ocrx_word' id='word_1_351' title='bbox 3330 2151 3484 2223; x_wconf 89' lang='lat' dir='ltr'><strong>apud</strong></span> 
     </span>
    </p>
   </div>
   <div class='ocr_carea' id='block_1_49' title="bbox 1877 2212 3480 2311">
    <p class='ocr_par' dir='ltr' id='par_1_49' title="bbox 1877 2212 3480 2311">
     <span class='ocr_line' id='line_1_49' title="bbox 1877 2212 3480 2311; baseline 0.019 -45"><span class='ocrx_word' id='word_1_352' title='bbox 1877 2212 2311 2287; x_wconf 88' lang='lat' dir='ltr'><strong>Bercngarium,</strong></span> <span class='ocrx_word' id='word_1_353' title='bbox 2345 2224 2447 2278; x_wconf 90' lang='lat' dir='ltr'><strong>sed</strong></span> <span class='ocrx_word' id='word_1_354' title='bbox 2497 2226 2689 2283; x_wconf 89' lang='lat' dir='ltr'><strong>Remis</strong></span> <span class='ocrx_word' id='word_1_355' title='bbox 2720 2229 3145 2303; x_wconf 87' lang='lat' dir='ltr'><strong>philosophiam</strong></span> <span class='ocrx_word' id='word_1_356' title='bbox 3194 2240 3480 2311; x_wconf 86' lang='lat' dir='ltr'><strong>excepisse</strong></span> 
     </span>
    </p>
   </div>
   <div class='ocr_carea' id='block_1_50' title="bbox 1874 2308 3483 2385">
    <p class='ocr_par' dir='ltr' id='par_1_50' title="bbox 1874 2308 3483 2385">
     <span class='ocr_line' id='line_1_50' title="bbox 1874 2308 3483 2385; baseline 0.017 -27"><span class='ocrx_word' id='word_1_357' title='bbox 1874 2308 1994 2361; x_wconf 91' lang='lat' dir='ltr'><strong>vult</strong></span> <span class='ocrx_word' id='word_1_358' title='bbox 2021 2308 2404 2367; x_wconf 81' lang='lat' dir='ltr'><strong>Mabillonius?</strong></span> <span class='ocrx_word' id='word_1_359' title='bbox 2420 2312 2695 2385; x_wconf 90' lang='lat' dir='ltr'><strong>Scriptori</strong></span> <span class='ocrx_word' id='word_1_360' title='bbox 2710 2319 2841 2374; x_wconf 89' lang='lat' dir='ltr'><strong>huic</strong></span> <span class='ocrx_word' id='word_1_361' title='bbox 2854 2320 3227 2382; x_wconf 86' lang='lat' dir='ltr'><strong>nihilominus</strong></span> <span class='ocrx_word' id='word_1_362' title='bbox 3241 2308 3483 2385; x_wconf 82' lang='lat' dir='ltr'><strong>consen-</strong></span> 
     </span>
    </p>
   </div>
   <div class='ocr_carea' id='block_1_51' title="bbox 1877 2398 3484 2492">
    <p class='ocr_par' dir='ltr' id='par_1_51' title="bbox 1877 2398 3484 2492">
     <span class='ocr_line' id='line_1_51' title="bbox 1877 2398 3484 2492; baseline 0.017 -42"><span class='ocrx_word' id='word_1_363' title='bbox 1877 2414 2001 2451; x_wconf 90' lang='lat' dir='ltr'><strong>sere</strong></span> <span class='ocrx_word' id='word_1_364' title='bbox 2034 2398 2243 2455; x_wconf 91' lang='lat' dir='ltr'><strong>dcinde</strong></span> <span class='ocrx_word' id='word_1_365' title='bbox 2274 2401 2852 2464; x_wconf 55' lang='lat' dir='ltr'><strong>llistorize’litteraria:</strong></span> <span class='ocrx_word' id='word_1_366' title='bbox 2895 2412 3145 2471; x_wconf 67' lang='lat' dir='ltr'><strong>Francius</strong></span> <span class='ocrx_word' id='word_1_367' title='bbox 3178 2419 3484 2492; x_wconf 88' lang='lat' dir='ltr'><strong>scriptores</strong></span> 
     </span>
    </p>
   </div>
   <div class='ocr_carea' id='block_1_52' title="bbox 1874 2489 3488 2585">
    <p class='ocr_par' dir='ltr' id='par_1_52' title="bbox 1874 2489 3488 2585">
     <span class='ocr_line' id='line_1_52' title="bbox 1874 2489 3488 2585; baseline 0.018 -45"><span class='ocrx_word' id='word_1_368' title='bbox 1874 2489 2019 2542; x_wconf 90' lang='lat' dir='ltr'><strong>tom.</strong></span> <span class='ocrx_word' id='word_1_369' title='bbox 2075 2490 2157 2555; x_wconf 84' lang='lat' dir='ltr'><strong>1X,</strong></span> <span class='ocrx_word' id='word_1_370' title='bbox 2195 2508 2342 2563; x_wconf 88' lang='lat' dir='ltr'><strong>page</strong></span> <span class='ocrx_word' id='word_1_371' title='bbox 2373 2497 2498 2562; x_wconf 84' lang='lat'><strong>233,</strong></span> <span class='ocrx_word' id='word_1_372' title='bbox 2530 2494 2610 2551; x_wconf 88' lang='lat' dir='ltr'><strong>ita</strong></span> <span class='ocrx_word' id='word_1_373' title='bbox 2641 2498 2699 2552; x_wconf 90' lang='lat' dir='ltr'><strong>in</strong></span> <span class='ocrx_word' id='word_1_374' title='bbox 2726 2499 2985 2559; x_wconf 84' lang='lat' dir='ltr'><strong>inferiori</strong></span> <span class='ocrx_word' id='word_1_375' title='bbox 3034 2508 3264 2579; x_wconf 68' lang='lat' dir='ltr'><strong>paginae</strong></span> <span class='ocrx_word' id='word_1_376' title='bbox 3289 2489 3488 2585; x_wconf 53' lang='lat' dir='ltr'><strong>diujus</strong></span> 
     </span>
    </p>
   </div>
   <div class='ocr_carea' id='block_1_53' title="bbox 1876 2576 3486 2656">
    <p class='ocr_par' dir='ltr' id='par_1_53' title="bbox 1876 2576 3486 2656">
     <span class='ocr_line' id='line_1_53' title="bbox 1876 2576 3486 2656; baseline 0.019 -30"><span class='ocrx_word' id='word_1_377' title='bbox 1876 2576 2142 2648; x_wconf 83' lang='lat' dir='ltr'><strong>margine</strong></span> <span class='ocrx_word' id='word_1_378' title='bbox 2174 2582 2440 2636; x_wconf 88' lang='lat' dir='ltr'><strong>notantes</strong></span> <span class='ocrx_word' id='word_1_379' title='bbox 2473 2600 2486 2639; x_wconf 92' lang='lat'>:</span> <span class='ocrx_word' id='word_1_380' title='bbox 2526 2606 2555 2633; x_wconf 86' lang='lat'><strong><em>«</em></strong></span> <span class='ocrx_word' id='word_1_381' title='bbox 2587 2587 2663 2641; x_wconf 86' lang='lat' dir='ltr'><strong>Ex</strong></span> <span class='ocrx_word' id='word_1_382' title='bbox 2685 2605 2881 2645; x_wconf 86' lang='lat' dir='ltr'><strong>errore</strong></span> <span class='ocrx_word' id='word_1_383' title='bbox 2897 2595 2954 2645; x_wconf 87' lang='lat' dir='ltr'><strong>et</strong></span> <span class='ocrx_word' id='word_1_384' title='bbox 2979 2576 3049 2648; x_wconf 77' lang='lat' dir='ltr'><strong>ex</strong></span> <span class='ocrx_word' id='word_1_385' title='bbox 3077 2576 3486 2656; x_wconf 62' lang='lat' dir='ltr'><strong>Chronicihial-</strong></span> 
     </span>
    </p>
   </div>
   <div class='ocr_carea' id='block_1_54' title="bbox 1873 2664 3488 2755">
    <p class='ocr_par' dir='ltr' id='par_1_54' title="bbox 1873 2664 3488 2755">
     <span class='ocr_line' id='line_1_54' title="bbox 1873 2664 3488 2755; baseline 0.019 -39"><span class='ocrx_word' id='word_1_386' title='bbox 1873 2664 2153 2721; x_wconf 87' lang='lat' dir='ltr'><strong>leacensis</strong></span> <span class='ocrx_word' id='word_1_387' title='bbox 2186 2686 2355 2725; x_wconf 92' lang='lat' dir='ltr'><strong>sensu</strong></span> <span class='ocrx_word' id='word_1_388' title='bbox 2385 2675 2538 2730; x_wconf 88' lang='lat' dir='ltr'><strong>male</strong></span> <span class='ocrx_word' id='word_1_389' title='bbox 2565 2676 2856 2735; x_wconf 85' lang='lat' dir='ltr'><strong>intellecto</strong></span> <span class='ocrx_word' id='word_1_390' title='bbox 2883 2681 3101 2738; x_wconf 88' lang='lat' dir='ltr'><strong>factum</strong></span> <span class='ocrx_word' id='word_1_391' title='bbox 3133 2690 3326 2755; x_wconf 88' lang='lat' dir='ltr'><strong>est,ut,</strong></span> <span class='ocrx_word' id='word_1_392' title='bbox 3353 2691 3488 2746; x_wconf 89' lang='lat' dir='ltr'><strong>Bru-</strong></span> 
     </span>
    </p>
   </div>
   <div class='ocr_carea' id='block_1_55' title="bbox 1874 2756 3487 2849">
    <p class='ocr_par' dir='ltr' id='par_1_55' title="bbox 1874 2756 3487 2849">
     <span class='ocr_line' id='line_1_55' title="bbox 1874 2756 3487 2849; baseline 0.017 -43"><span class='ocrx_word' id='word_1_393' title='bbox 1874 2769 2091 2809; x_wconf 87' lang='lat' dir='ltr'><strong>nonem</strong></span> <span class='ocrx_word' id='word_1_394' title='bbox 2116 2756 2358 2815; x_wconf 88' lang='lat' dir='ltr'><strong>Turonis</strong></span> <span class='ocrx_word' id='word_1_395' title='bbox 2384 2762 2486 2816; x_wconf 90' lang='lat' dir='ltr'><strong>sub</strong></span> <span class='ocrx_word' id='word_1_396' title='bbox 2514 2765 2860 2835; x_wconf 85' lang='lat' dir='ltr'><strong>Berengario</strong></span> <span class='ocrx_word' id='word_1_397' title='bbox 2905 2772 3207 2839; x_wconf 88' lang='lat' dir='ltr'><strong>studuisse,</strong></span> <span class='ocrx_word' id='word_1_398' title='bbox 3249 2777 3487 2849; x_wconf 87' lang='lat' dir='ltr'><strong>quidam</strong></span> 
     </span>
    </p>
   </div>
   <div class='ocr_carea' id='block_1_56' title="bbox 1876 2846 3482 2935">
    <p class='ocr_par' dir='ltr' id='par_1_56' title="bbox 1876 2846 3482 2935">
     <span class='ocr_line' id='line_1_56' title="bbox 1876 2846 3482 2935; baseline 0.019 -41"><span class='ocrx_word' id='word_1_399' title='bbox 1876 2846 2137 2899; x_wconf 87' lang='lat' dir='ltr'><strong>auctores</strong></span> <span class='ocrx_word' id='word_1_400' title='bbox 2185 2850 2535 2921; x_wconf 89' lang='lat' dir='ltr'><strong>scripserint.</strong></span> <span class='ocrx_word' id='word_1_401' title='bbox 2589 2856 2782 2911; x_wconf 85' lang='lat' dir='ltr'><strong>Remis</strong></span> <span class='ocrx_word' id='word_1_402' title='bbox 2829 2858 2889 2913; x_wconf 90' lang='lat' dir='ltr'><strong>id</strong></span> <span class='ocrx_word' id='word_1_403' title='bbox 2936 2860 3127 2930; x_wconf 87' lang='lat' dir='ltr'><strong>fuisse,</strong></span> <span class='ocrx_word' id='word_1_404' title='bbox 3172 2846 3482 2935; x_wconf 73' lang='lat' dir='ltr'><strong>Baldricus,</strong></span> 
     </span>
    </p>
   </div>
   <div class='ocr_carea' id='block_1_57' title="bbox 1881 2931 3485 3023">
    <p class='ocr_par' dir='ltr' id='par_1_57' title="bbox 1881 2931 3485 3023">
     <span class='ocr_line' id='line_1_57' title="bbox 1881 2931 3485 3023; baseline 0.019 -41"><span class='ocrx_word' id='word_1_405' title='bbox 1881 2931 2265 3002; x_wconf 86' lang='lat' dir='ltr'><strong>Burguliensis</strong></span> <span class='ocrx_word' id='word_1_406' title='bbox 2294 2938 2491 3009; x_wconf 85' lang='lat' dir='ltr'><strong>abbas,</strong></span> <span class='ocrx_word' id='word_1_407' title='bbox 2534 2941 2742 2999; x_wconf 88' lang='lat' dir='ltr'><strong>diserte</strong></span> <span class='ocrx_word' id='word_1_408' title='bbox 2781 2946 2925 3015; x_wconf 89' lang='lat' dir='ltr'><strong>(loco</strong></span> <span class='ocrx_word' id='word_1_409' title='bbox 2953 2965 3166 3023; x_wconf 89' lang='lat' dir='ltr'><strong>nempe</strong></span> <span class='ocrx_word' id='word_1_410' title='bbox 3217 2971 3250 3008; x_wconf 91' lang='lat' dir='ltr'><strong>a</strong></span> <span class='ocrx_word' id='word_1_411' title='bbox 3291 2931 3485 3012; x_wconf 46' lang='lat' dir='ltr'><strong>Mabil;</strong></span> 
     </span>
    </p>
   </div>
   <div class='ocr_carea' id='block_1_58' title="bbox 157 3009 3539 3117">
    <p class='ocr_par' dir='ltr' id='par_1_58' title="bbox 157 3009 3539 3117">
     <span class='ocr_line' id='line_1_58' title="bbox 157 3009 3539 3117; baseline 0.012 -57"><span class='ocrx_word' id='word_1_412' title='bbox 157 3023 291 3062; x_wconf 88' lang='lat' dir='ltr'><strong>cum</strong></span> <span class='ocrx_word' id='word_1_413' title='bbox 342 3009 539 3064; x_wconf 89' lang='lat' dir='ltr'><strong>Remis</strong></span> <span class='ocrx_word' id='word_1_414' title='bbox 567 3013 851 3083; x_wconf 84' lang='lat' dir='ltr'><strong>genitum,</strong></span> <span class='ocrx_word' id='word_1_415' title='bbox 900 3015 1216 3090; x_wconf 86' lang='lat' dir='ltr'><strong>litterisque</strong></span> <span class='ocrx_word' id='word_1_416' title='bbox 1265 3018 1591 3075; x_wconf 90' lang='lat' dir='ltr'><strong>institutum</strong></span> <span class='ocrx_word' id='word_1_417' title='bbox 1641 3038 1773 3075; x_wconf 88' lang='lat' dir='ltr'><strong>cum</strong></span> <span class='ocrx_word' id='word_1_418' title='bbox 1809 3084 1854 3117; x_wconf 52' lang='grc' dir='ltr'>Π</span> <span class='ocrx_word' id='word_1_419' title='bbox 1876 3020 2031 3117; x_wconf 74' lang='lat' dir='ltr'><strong>lenio</strong></span> <span class='ocrx_word' id='word_1_420' title='bbox 2071 3040 2244 3096; x_wconf 89' lang='lat' dir='ltr'><strong>supra</strong></span> <span class='ocrx_word' id='word_1_421' title='bbox 2264 3026 2539 3117; x_wconf 73' lang='lat' dir='ltr'><strong>adducto)</strong></span> <span class='ocrx_word' id='word_1_422' title='bbox 2568 3009 2841 3088; x_wconf 84' lang='lat' dir='ltr'><strong>afﬁrmat.</strong></span> <span class='ocrx_word' id='word_1_423' title='bbox 2866 3057 2895 3085; x_wconf 85' lang='lat'><strong>»</strong></span> <span class='ocrx_word' id='word_1_424' title='bbox 2926 3038 3009 3092; x_wconf 89' lang='lat' dir='ltr'><strong>Ita</strong></span> <span class='ocrx_word' id='word_1_425' title='bbox 3036 3009 3146 3107; x_wconf 81' lang='lat' dir='ltr'><strong>illi;</strong></span> <span class='ocrx_word' id='word_1_426' title='bbox 3179 3044 3280 3097; x_wconf 89' lang='lat' dir='ltr'><strong>sed</strong></span> <span class='ocrx_word' id='word_1_427' title='bbox 3532 3062 3539 3075; x_wconf 51' lang='grc' dir='ltr'>κ</span> 
     </span>
    </p>
   </div>
   <div class='ocr_carea' id='block_1_59' title="bbox 159 3084 3485 3205">
    <p class='ocr_par' dir='ltr' id='par_1_59' title="bbox 159 3084 3485 3205">
     <span class='ocr_line' id='line_1_59' title="bbox 1121 3084 3481 3117; baseline 0 -19"><span class='ocrx_word' id='word_1_428' title='bbox 1121 3084 1141 3090; x_wconf 76' lang='grc'><strong><em>“</em></strong></span> <span class='ocrx_word' id='word_1_429' title='bbox 2141 3084 2157 3096; x_wconf 70' lang='grc' dir='ltr'>ι</span> <span class='ocrx_word' id='word_1_430' title='bbox 2522 3084 2535 3101; x_wconf 87' lang='grc' dir='ltr'><em>Ι</em></span> <span class='ocrx_word' id='word_1_431' title='bbox 2578 3084 2688 3086; x_wconf 32' lang='lat' dir='ltr'><strong>&quot;iiv—</strong></span> <span class='ocrx_word' id='word_1_432' title='bbox 2703 3084 2841 3088; x_wconf 63' lang='lat'><strong>—_&quot;&quot;&quot;</strong></span> <span class='ocrx_word' id='word_1_433' title='bbox 2867 3084 2887 3085; x_wconf 61' lang='grc'><strong><em>⁷⁷</em></strong></span> <span class='ocrx_word' id='word_1_434' title='bbox 2926 3084 3009 3092; x_wconf 74' lang='lat'><strong>—&quot;&quot;</strong></span> <span class='ocrx_word' id='word_1_435' title='bbox 3036 3084 3116 3094; x_wconf 69' lang='grc'><strong><em>⁸⁸⁵-</em></strong></span> <span class='ocrx_word' id='word_1_436' title='bbox 3134 3084 3146 3107; x_wconf 77' lang='lat'><strong>’</strong></span> <span class='ocrx_word' id='word_1_437' title='bbox 3179 3084 3280 3097; x_wconf 64' lang='grc' dir='ltr'><strong>υνκ</strong></span> <span class='ocrx_word' id='word_1_438' title='bbox 3310 3084 3481 3117; x_wconf 57' lang='grc' dir='ltr'><strong>ιιιυιιι-</strong></span> 
     </span>
     <span class='ocr_line' id='line_1_60' title="bbox 159 3084 3485 3205; baseline 0.012 -56"><span class='ocrx_word' id='word_1_439' title='bbox 159 3095 433 3152; x_wconf 89' lang='lat' dir='ltr'><strong>Brunone</strong></span> <span class='ocrx_word' id='word_1_440' title='bbox 465 3098 633 3154; x_wconf 83' lang='lat' dir='ltr'><strong>fuisse</strong></span> <span class='ocrx_word' id='word_1_441' title='bbox 666 3101 818 3156; x_wconf 90' lang='lat' dir='ltr'><strong>dicit.</strong></span> <span class='ocrx_word' id='word_1_442' title='bbox 847 3104 1097 3159; x_wconf 89' lang='lat' dir='ltr'><strong>ltaenim</strong></span> <span class='ocrx_word' id='word_1_443' title='bbox 1129 3107 1284 3161; x_wconf 87' lang='lat' dir='ltr'><strong>canit</strong></span> <span class='ocrx_word' id='word_1_444' title='bbox 1302 3108 1395 3162; x_wconf 90' lang='lat' dir='ltr'><strong>ille</strong></span> <span class='ocrx_word' id='word_1_445' title='bbox 1428 3107 1488 3162; x_wconf 90' lang='lat' dir='ltr'><strong>in</strong></span> <span class='ocrx_word' id='word_1_446' title='bbox 1519 3109 1775 3165; x_wconf 90' lang='lat' dir='ltr'><strong>carmine</strong></span> <span class='ocrx_word' id='word_1_447' title='bbox 1809 3084 2093 3165; x_wconf 83' lang='lat' dir='ltr'><strong>Cciamus</strong></span> <span class='ocrx_word' id='word_1_448' title='bbox 2146 3113 2340 3181; x_wconf 90' lang='lat' dir='ltr'><strong>modo,</strong></span> <span class='ocrx_word' id='word_1_449' title='bbox 2375 3133 2470 3185; x_wconf 89' lang='lat' dir='ltr'><strong>an,</strong></span> <span class='ocrx_word' id='word_1_450' title='bbox 2523 3120 2620 3191; x_wconf 91' lang='lat' dir='ltr'><strong>qui</strong></span> <span class='ocrx_word' id='word_1_451' title='bbox 2664 3126 2927 3179; x_wconf 89' lang='lat' dir='ltr'><strong>sanctum</strong></span> <span class='ocrx_word' id='word_1_452' title='bbox 2978 3127 3081 3182; x_wconf 91' lang='lat' dir='ltr'><strong>sub</strong></span> <span class='ocrx_word' id='word_1_453' title='bbox 3136 3129 3485 3205; x_wconf 86' lang='lat' dir='ltr'><strong>Berengario</strong></span> 
     </span>
     <span class='ocr_line' id='line_1_61' title="bbox 159 3185 2277 3205; baseline 0 0"><span class='ocrx_word' id='word_1_454' title='bbox 159 3185 417 3205; x_wconf 25' lang='lat' dir='ltr'><strong>_A_j,-m-</strong></span> <span class='ocrx_word' id='word_1_455' title='bbox 472 3187 571 3205; x_wconf 57' lang='lat' dir='ltr'><strong>,I‘I</strong></span> <span class='ocrx_word' id='word_1_456' title='bbox 697 3188 785 3205; x_wconf 66' lang='grc' dir='ltr'><strong>,Π</strong></span> <span class='ocrx_word' id='word_1_457' title='bbox 842 3191 856 3205; x_wconf 81' lang='grc'><strong>1</strong></span> <span class='ocrx_word' id='word_1_458' title='bbox 898 3193 997 3205; x_wconf 60' lang='grc' dir='ltr'><strong>ιιι</strong></span> <span class='ocrx_word' id='word_1_459' title='bbox 1134 3194 1170 3205; x_wconf 65' lang='grc' dir='ltr'><strong>π</strong></span> <span class='ocrx_word' id='word_1_460' title='bbox 1888 3197 1930 3205; x_wconf 84' lang='grc'><strong>-</strong></span> <span class='ocrx_word' id='word_1_461' title='bbox 2088 3199 2098 3205; x_wconf 62' lang='grc' dir='ltr'><strong>Α</strong></span> <span class='ocrx_word' id='word_1_462' title='bbox 2190 3204 2193 3205; x_wconf 66' lang='lat'>,</span> <span class='ocrx_word' id='word_1_463' title='bbox 2264 3202 2277 3205; x_wconf 91' lang='lat'>_</span> 
     </span>
    </p>
   </div>
   <div class='ocr_carea' id='block_1_60' title="bbox 158 3185 1444 3262">
    <p class='ocr_par' dir='ltr' id='par_1_60' title="bbox 158 3185 1444 3262">
     <span class='ocr_line' id='line_1_62' title="bbox 158 3185 1444 3262; baseline 0.01 -24"><span class='ocrx_word' id='word_1_464' title='bbox 158 3185 427 3240; x_wconf 88' lang='lat' dir='ltr'><strong>nondum</strong></span> <span class='ocrx_word' id='word_1_465' title='bbox 460 3187 615 3243; x_wconf 89' lang='lat' dir='ltr'><strong>edito</strong></span> <span class='ocrx_word' id='word_1_466' title='bbox 640 3188 712 3243; x_wconf 87' lang='lat' dir='ltr'><strong>ad</strong></span> <span class='ocrx_word' id='word_1_467' title='bbox 737 3188 1090 3262; x_wconf 81' lang='lat' dir='ltr'><strong>Godefridum</strong></span> <span class='ocrx_word' id='word_1_468' title='bbox 1119 3194 1444 3250; x_wconf 80' lang='lat' dir='ltr'><strong>Remensem.</strong></span> 
     </span>
    </p>
   </div>
   <div class='ocr_carea' id='block_1_61' title="bbox 233 3300 1777 3385">
    <p class='ocr_par' dir='ltr' id='par_1_61' title="bbox 233 3300 1777 3385">
     <span class='ocr_line' id='line_1_63' title="bbox 233 3300 1777 3385; baseline 0.01 -30"><span class='ocrx_word' id='word_1_469' title='bbox 233 3300 453 3357; x_wconf 76' lang='lat' dir='ltr'><strong>Nobilis</strong></span> <span class='ocrx_word' id='word_1_470' title='bbox 499 3304 625 3359; x_wconf 84' lang='lat' dir='ltr'><strong>urbs</strong></span> <span class='ocrx_word' id='word_1_471' title='bbox 696 3305 881 3363; x_wconf 69' lang='lat' dir='ltr'><strong>Romae</strong></span> <span class='ocrx_word' id='word_1_472' title='bbox 948 3327 1096 3365; x_wconf 84' lang='lat' dir='ltr'><strong>soror</strong></span> <span class='ocrx_word' id='word_1_473' title='bbox 1160 3313 1400 3385; x_wconf 83' lang='lat' dir='ltr'><strong>inquam,</strong></span> <span class='ocrx_word' id='word_1_474' title='bbox 1474 3321 1524 3369; x_wconf 83' lang='lat' dir='ltr'><strong>et</strong></span> <span class='ocrx_word' id='word_1_475' title='bbox 1602 3314 1777 3371; x_wconf 87' lang='lat' dir='ltr'><strong>Roma</strong></span> 
     </span>
    </p>
   </div>
   <div class='ocr_carea' id='block_1_62' title="bbox 1424 3404 1671 3476">
    <p class='ocr_par' dir='ltr' id='par_1_62' title="bbox 1424 3404 1671 3476">
     <span class='ocr_line' id='line_1_64' title="bbox 1424 3404 1671 3476; baseline 0.004 -17"><span class='ocrx_word' id='word_1_476' title='bbox 1424 3404 1671 3476; x_wconf 82' lang='lat' dir='ltr'><strong>[secunda</strong></span> 
     </span>
    </p>
   </div>
   <div class='ocr_carea' id='block_1_63' title="bbox 304 3480 1411 3562">
    <p class='ocr_par' dir='ltr' id='par_1_63' title="bbox 304 3480 1411 3562">
     <span class='ocr_line' id='line_1_65' title="bbox 304 3480 1411 3562; baseline 0.011 -27"><span class='ocrx_word' id='word_1_477' title='bbox 304 3480 383 3535; x_wconf 85' lang='lat' dir='ltr'><strong>Te</strong></span> <span class='ocrx_word' id='word_1_478' title='bbox 405 3486 614 3551; x_wconf 82' lang='lat' dir='ltr'><strong>genuit,</strong></span> <span class='ocrx_word' id='word_1_479' title='bbox 637 3489 845 3557; x_wconf 82' lang='lat' dir='ltr'><strong>peperit</strong></span> <span class='ocrx_word' id='word_1_480' title='bbox 865 3492 1266 3562; x_wconf 83' lang='lat' dir='ltr'><strong>promeruitque</strong></span> <span class='ocrx_word' id='word_1_481' title='bbox 1292 3493 1411 3547; x_wconf 79' lang='lat' dir='ltr'><strong>sibi.</strong></span> 
     </span>
    </p>
   </div>
   <div class='ocr_carea' id='block_1_64' title="bbox 225 3566 1384 3649">
    <p class='ocr_par' dir='ltr' id='par_1_64' title="bbox 225 3566 1384 3649">
     <span class='ocr_line' id='line_1_66' title="bbox 225 3566 1384 3649; baseline 0.011 -28"><span class='ocrx_word' id='word_1_482' title='bbox 225 3566 365 3623; x_wconf 60' lang='lat' dir='ltr'><strong>Haec</strong></span> <span class='ocrx_word' id='word_1_483' title='bbox 392 3576 443 3624; x_wconf 80' lang='lat' dir='ltr'><strong>te</strong></span> <span class='ocrx_word' id='word_1_484' title='bbox 472 3570 728 3628; x_wconf 71' lang='lat' dir='ltr'><strong>doctrinae</strong></span> <span class='ocrx_word' id='word_1_485' title='bbox 757 3576 917 3630; x_wconf 83' lang='lat' dir='ltr'><strong>totius</strong></span> <span class='ocrx_word' id='word_1_486' title='bbox 941 3584 1150 3632; x_wconf 83' lang='lat' dir='ltr'><strong>nectare</strong></span> <span class='ocrx_word' id='word_1_487' title='bbox 1179 3578 1384 3649; x_wconf 80' lang='lat' dir='ltr'><strong>fultum</strong></span> 
     </span>
    </p>
   </div>
   <div class='ocr_carea' id='block_1_65' title="bbox 304 3658 1343 3739">
    <p class='ocr_par' dir='ltr' id='par_1_65' title="bbox 304 3658 1343 3739">
     <span class='ocr_line' id='line_1_67' title="bbox 304 3658 1343 3739; baseline 0.01 -27"><span class='ocrx_word' id='word_1_488' title='bbox 304 3658 558 3714; x_wconf 80' lang='lat' dir='ltr'><strong>Adscivit</strong></span> <span class='ocrx_word' id='word_1_489' title='bbox 582 3663 773 3716; x_wconf 81' lang='lat' dir='ltr'><strong>studiis</strong></span> <span class='ocrx_word' id='word_1_490' title='bbox 795 3669 1189 3739; x_wconf 52' lang='lat' dir='ltr'><strong>praeposuitque</strong></span> <span class='ocrx_word' id='word_1_491' title='bbox 1214 3670 1343 3722; x_wconf 84' lang='lat' dir='ltr'><strong>suis.</strong></span> 
     </span>
    </p>
   </div>
   <div class='ocr_carea' id='block_1_66' title="bbox 228 3741 1454 3827">
    <p class='ocr_par' dir='ltr' id='par_1_66' title="bbox 228 3741 1454 3827">
     <span class='ocr_line' id='line_1_68' title="bbox 228 3741 1454 3827; baseline 0.013 -31"><span class='ocrx_word' id='word_1_492' title='bbox 228 3741 419 3799; x_wconf 81' lang='lat' dir='ltr'><strong>Gallia</strong></span> <span class='ocrx_word' id='word_1_493' title='bbox 445 3752 573 3802; x_wconf 84' lang='lat' dir='ltr'><strong>tunc</strong></span> <span class='ocrx_word' id='word_1_494' title='bbox 598 3750 757 3804; x_wconf 88' lang='lat' dir='ltr'><strong>etiam</strong></span> <span class='ocrx_word' id='word_1_495' title='bbox 786 3752 974 3807; x_wconf 83' lang='lat' dir='ltr'><strong>studiis</strong></span> <span class='ocrx_word' id='word_1_496' title='bbox 997 3756 1222 3822; x_wconf 85' lang='lat' dir='ltr'><strong>ﬂorebat</strong></span> <span class='ocrx_word' id='word_1_497' title='bbox 1246 3758 1454 3827; x_wconf 80' lang='lat' dir='ltr'><strong>opimis,</strong></span> 
     </span>
    </p>
   </div>
   <div class='ocr_carea' id='block_1_67' title="bbox 302 3833 1361 3913">
    <p class='ocr_par' dir='ltr' id='par_1_67' title="bbox 302 3833 1361 3913">
     <span class='ocr_line' id='line_1_69' title="bbox 302 3833 1361 3913; baseline 0.013 -27"><span class='ocrx_word' id='word_1_498' title='bbox 302 3833 663 3909; x_wconf 83' lang='lat' dir='ltr'><strong>Florebatque</strong></span> <span class='ocrx_word' id='word_1_499' title='bbox 692 3844 783 3893; x_wconf 89' lang='lat' dir='ltr'><strong>tuo</strong></span> <span class='ocrx_word' id='word_1_500' title='bbox 815 3839 997 3896; x_wconf 86' lang='lat' dir='ltr'><strong>Gallia</strong></span> <span class='ocrx_word' id='word_1_501' title='bbox 1017 3844 1143 3913; x_wconf 85' lang='lat' dir='ltr'><strong>plus</strong></span> <span class='ocrx_word' id='word_1_502' title='bbox 1169 3845 1361 3900; x_wconf 80' lang='lat' dir='ltr'><strong>studio.</strong></span> 
     </span>
    </p>
   </div>
   <div class='ocr_carea' id='block_1_68' title="bbox 222 3922 1427 4003">
    <p class='ocr_par' dir='ltr' id='par_1_68' title="bbox 222 3922 1427 4003">
     <span class='ocr_line' id='line_1_70' title="bbox 222 3922 1427 4003; baseline 0.01 -26"><span class='ocrx_word' id='word_1_503' title='bbox 222 3922 320 3977; x_wconf 85' lang='lat' dir='ltr'><strong>Ad</strong></span> <span class='ocrx_word' id='word_1_504' title='bbox 346 3929 400 3976; x_wconf 84' lang='lat' dir='ltr'><strong>te</strong></span> <span class='ocrx_word' id='word_1_505' title='bbox 428 3925 713 3979; x_wconf 79' lang='lat' dir='ltr'><strong>currebant</strong></span> <span class='ocrx_word' id='word_1_506' title='bbox 738 3933 985 3985; x_wconf 67' lang='lat' dir='ltr'><strong>examina</strong></span> <span class='ocrx_word' id='word_1_507' title='bbox 1007 3931 1386 4003; x_wconf 68' lang='lat' dir='ltr'><strong>disczpulorum</strong></span> <span class='ocrx_word' id='word_1_508' title='bbox 1422 3994 1427 3999; x_wconf 46' lang='grc'>,</span> 
     </span>
    </p>
   </div>
   <div class='ocr_carea' id='block_1_69' title="bbox 292 4010 1380 4093">
    <p class='ocr_par' dir='ltr' id='par_1_69' title="bbox 292 4010 1380 4093">
     <span class='ocr_line' id='line_1_71' title="bbox 292 4010 1380 4093; baseline 0.011 -28"><span class='ocrx_word' id='word_1_509' title='bbox 292 4010 376 4065; x_wconf 81' lang='lat' dir='ltr'><strong>Et</strong></span> <span class='ocrx_word' id='word_1_510' title='bbox 409 4012 785 4082; x_wconf 73' lang='lat' dir='ltr'><strong>refouebantur</strong></span> <span class='ocrx_word' id='word_1_511' title='bbox 806 4018 956 4072; x_wconf 83' lang='lat' dir='ltr'><strong>melle</strong></span> <span class='ocrx_word' id='word_1_512' title='bbox 970 4023 1213 4089; x_wconf 80' lang='lat' dir='ltr'><strong>parentis</strong></span> <span class='ocrx_word' id='word_1_513' title='bbox 1242 4040 1380 4093; x_wconf 85' lang='lat' dir='ltr'><strong>apes.</strong></span> 
     </span>
    </p>
   </div>
   <div class='ocr_carea' id='block_1_70' title="bbox 223 4097 1774 4181">
    <p class='ocr_par' dir='ltr' id='par_1_70' title="bbox 223 4097 1774 4181">
     <span class='ocr_line' id='line_1_72' title="bbox 223 4097 1774 4181; baseline 0.012 -29"><span class='ocrx_word' id='word_1_514' title='bbox 223 4097 306 4153; x_wconf 81' lang='lat' dir='ltr'><strong>Et</strong></span> <span class='ocrx_word' id='word_1_515' title='bbox 335 4107 467 4155; x_wconf 78' lang='lat' dir='ltr'><strong>tunc</strong></span> <span class='ocrx_word' id='word_1_516' title='bbox 487 4100 668 4157; x_wconf 74' lang='lat' dir='ltr'><strong>Remis</strong></span> <span class='ocrx_word' id='word_1_517' title='bbox 692 4111 827 4167; x_wconf 81' lang='lat' dir='ltr'><strong>erat,</strong></span> <span class='ocrx_word' id='word_1_518' title='bbox 873 4104 1052 4161; x_wconf 81' lang='lat' dir='ltr'><strong>Remis</strong></span> <span class='ocrx_word' id='word_1_519' title='bbox 1082 4126 1288 4181; x_wconf 84' lang='lat' dir='ltr'><strong>quoque</strong></span> <span class='ocrx_word' id='word_1_520' title='bbox 1306 4110 1497 4166; x_wconf 83' lang='lat' dir='ltr'><strong>Bruno</strong></span> <span class='ocrx_word' id='word_1_521' title='bbox 1511 4114 1774 4180; x_wconf 82' lang='lat' dir='ltr'><strong>studebat,</strong></span> 
     </span>
    </p>
   </div>
   <div class='ocr_carea' id='block_1_71' title="bbox 281 4186 1489 4270">
    <p class='ocr_par' dir='ltr' id='par_1_71' title="bbox 281 4186 1489 4270">
     <span class='ocr_line' id='line_1_73' title="bbox 281 4186 1489 4270; baseline 0.012 -31"><span class='ocrx_word' id='word_1_522' title='bbox 281 4186 497 4253; x_wconf 65' lang='lat' dir='ltr'><strong>,Bruno</strong></span> <span class='ocrx_word' id='word_1_523' title='bbox 527 4188 845 4247; x_wconf 80' lang='lat' dir='ltr'><strong>Latinorum</strong></span> <span class='ocrx_word' id='word_1_524' title='bbox 873 4199 998 4251; x_wconf 83' lang='lat' dir='ltr'><strong>tunc</strong></span> <span class='ocrx_word' id='word_1_525' title='bbox 1016 4197 1184 4253; x_wconf 85' lang='lat' dir='ltr'><strong>studii</strong></span> <span class='ocrx_word' id='word_1_526' title='bbox 1202 4200 1489 4270; x_wconf 84' lang='lat' dir='ltr'><strong>speculum.</strong></span> 
     </span>
    </p>
   </div>
   <div class='ocr_carea' id='block_1_72' title="bbox 225 4272 1652 4360">
    <p class='ocr_par' dir='ltr' id='par_1_72' title="bbox 225 4272 1652 4360">
     <span class='ocr_line' id='line_1_74' title="bbox 225 4272 1652 4360; baseline 0.013 -33"><span class='ocrx_word' id='word_1_527' title='bbox 225 4272 366 4346; x_wconf 73' lang='lat' dir='ltr'><strong>Ipsis</strong></span> <span class='ocrx_word' id='word_1_528' title='bbox 394 4279 720 4348; x_wconf 78' lang='lat' dir='ltr'><strong>temporibus</strong></span> <span class='ocrx_word' id='word_1_529' title='bbox 744 4281 1053 4357; x_wconf 59' lang='lat' dir='ltr'><strong>studuitque</strong></span> <span class='ocrx_word' id='word_1_530' title='bbox 1072 4302 1231 4341; x_wconf 73' lang='lat' dir='ltr'><strong>senex</strong></span> <span class='ocrx_word' id='word_1_531' title='bbox 1260 4288 1652 4360; x_wconf 85' lang='lat' dir='ltr'><strong>Herimannus,</strong></span> 
     </span>
    </p>
   </div>
   <div class='ocr_carea' id='block_1_73' title="bbox 294 4362 1378 4447">
    <p class='ocr_par' dir='ltr' id='par_1_73' title="bbox 294 4362 1378 4447">
     <span class='ocr_line' id='line_1_75' title="bbox 294 4362 1378 4447; baseline 0.013 -30"><span class='ocrx_word' id='word_1_532' title='bbox 294 4362 377 4418; x_wconf 82' lang='lat' dir='ltr'><strong>Et</strong></span> <span class='ocrx_word' id='word_1_533' title='bbox 399 4366 599 4420; x_wconf 82' lang='lat' dir='ltr'><strong>mundo</strong></span> <span class='ocrx_word' id='word_1_534' title='bbox 622 4368 792 4424; x_wconf 80' lang='lat' dir='ltr'><strong>studii</strong></span> <span class='ocrx_word' id='word_1_535' title='bbox 824 4371 971 4426; x_wconf 83' lang='lat' dir='ltr'><strong>clara</strong></span> <span class='ocrx_word' id='word_1_536' title='bbox 1004 4373 1219 4429; x_wconf 79' lang='lat' dir='ltr'><strong>lucerna</strong></span> <span class='ocrx_word' id='word_1_537' title='bbox 1247 4378 1378 4447; x_wconf 79' lang='lat' dir='ltr'><strong>fuit.</strong></span> 
     </span>
    </p>
   </div>
   <div class='ocr_carea' id='block_1_74' title="bbox 231 4449 1467 4530">
    <p class='ocr_par' dir='ltr' id='par_1_74' title="bbox 231 4449 1467 4530">
     <span class='ocr_line' id='line_1_76' title="bbox 231 4449 1467 4530; baseline 0.014 -26"><span class='ocrx_word' id='word_1_538' title='bbox 231 4449 317 4506; x_wconf 83' lang='lat' dir='ltr'><strong>Tu</strong></span> <span class='ocrx_word' id='word_1_539' title='bbox 346 4455 534 4524; x_wconf 78' lang='lat' dir='ltr'><strong>fueras</strong></span> <span class='ocrx_word' id='word_1_540' title='bbox 551 4455 791 4526; x_wconf 76' lang='lat' dir='ltr'><strong>juvenis,</strong></span> <span class='ocrx_word' id='word_1_541' title='bbox 817 4461 1005 4530; x_wconf 79' lang='lat' dir='ltr'><strong>fueras</strong></span> <span class='ocrx_word' id='word_1_542' title='bbox 1033 4470 1085 4516; x_wconf 81' lang='lat' dir='ltr'><strong>et</strong></span> <span class='ocrx_word' id='word_1_543' title='bbox 1113 4467 1322 4520; x_wconf 85' lang='lat' dir='ltr'><strong>acutior</strong></span> <span class='ocrx_word' id='word_1_544' title='bbox 1344 4466 1467 4521; x_wconf 70' lang='lat' dir='ltr'><strong>illis.</strong></span> 
     </span>
    </p>
   </div>
   <div class='ocr_carea' id='block_1_75' title="bbox 304 4544 1607 4625">
    <p class='ocr_par' dir='ltr' id='par_1_75' title="bbox 304 4544 1607 4625">
     <span class='ocr_line' id='line_1_77' title="bbox 304 4544 1607 4625; baseline 0.009 -26"><span class='ocrx_word' id='word_1_545' title='bbox 304 4544 519 4599; x_wconf 80' lang='lat' dir='ltr'><strong>Tertius</strong></span> <span class='ocrx_word' id='word_1_546' title='bbox 542 4560 667 4614; x_wconf 80' lang='lat' dir='ltr'><strong>ergo</strong></span> <span class='ocrx_word' id='word_1_547' title='bbox 695 4551 857 4613; x_wconf 67' lang='lat' dir='ltr'><strong>venis,</strong></span> <span class='ocrx_word' id='word_1_548' title='bbox 880 4550 1006 4619; x_wconf 86' lang='lat' dir='ltr'><strong>jam</strong></span> <span class='ocrx_word' id='word_1_549' title='bbox 1029 4569 1235 4625; x_wconf 80' lang='lat' dir='ltr'><strong>quoque</strong></span> <span class='ocrx_word' id='word_1_550' title='bbox 1244 4557 1455 4625; x_wconf 82' lang='lat' dir='ltr'><strong>primus</strong></span> <span class='ocrx_word' id='word_1_551' title='bbox 1474 4574 1607 4611; x_wconf 82' lang='lat' dir='ltr'><strong>eras.</strong></span> 
     </span>
    </p>
   </div>
   <div class='ocr_carea' id='block_1_76' title="bbox 228 4634 1631 4711">
    <p class='ocr_par' dir='ltr' id='par_1_76' title="bbox 228 4634 1631 4711">
     <span class='ocr_line' id='line_1_78' title="bbox 228 4634 1631 4711; baseline 0.011 -26"><span class='ocrx_word' id='word_1_552' title='bbox 228 4634 490 4690; x_wconf 73' lang='lat' dir='ltr'><strong>Gervasio</strong></span> <span class='ocrx_word' id='word_1_553' title='bbox 510 4634 780 4706; x_wconf 79' lang='lat' dir='ltr'><strong>princeps,</strong></span> <span class='ocrx_word' id='word_1_554' title='bbox 801 4642 1053 4711; x_wconf 77' lang='lat' dir='ltr'><strong>princeps</strong></span> <span class='ocrx_word' id='word_1_555' title='bbox 1092 4647 1214 4696; x_wconf 82' lang='lat' dir='ltr'><strong>tuus</strong></span> <span class='ocrx_word' id='word_1_556' title='bbox 1243 4643 1338 4697; x_wconf 85' lang='lat' dir='ltr'><strong>elle</strong></span> <span class='ocrx_word' id='word_1_557' title='bbox 1354 4643 1631 4701; x_wconf 81' lang='lat' dir='ltr'><strong>Manasses</strong></span> 
     </span>
    </p>
   </div>
   <div class='ocr_carea' id='block_1_77' title="bbox 296 4724 1450 4798">
    <p class='ocr_par' dir='ltr' id='par_1_77' title="bbox 296 4724 1450 4798">
     <span class='ocr_line' id='line_1_79' title="bbox 296 4724 1450 4798; baseline 0.008 -19"><span class='ocrx_word' id='word_1_558' title='bbox 296 4724 584 4785; x_wconf 69' lang='lat' dir='ltr'><strong>Successit,</strong></span> <span class='ocrx_word' id='word_1_559' title='bbox 614 4727 713 4797; x_wconf 81' lang='lat' dir='ltr'><strong>qui</strong></span> <span class='ocrx_word' id='word_1_560' title='bbox 729 4731 778 4779; x_wconf 85' lang='lat' dir='ltr'><strong>te</strong></span> <span class='ocrx_word' id='word_1_561' title='bbox 792 4736 1070 4798; x_wconf 85' lang='lat' dir='ltr'><strong>promovet</strong></span> <span class='ocrx_word' id='word_1_562' title='bbox 1099 4730 1169 4785; x_wconf 85' lang='lat' dir='ltr'><strong>ad</strong></span> <span class='ocrx_word' id='word_1_563' title='bbox 1195 4731 1450 4788; x_wconf 78' lang='lat' dir='ltr'><strong>studium.</strong></span> 
     </span>
    </p>
   </div>
   <div class='ocr_carea' id='block_1_78' title="bbox 158 4890 1771 4976">
    <p class='ocr_par' dir='ltr' id='par_1_78' title="bbox 158 4890 1771 4976">
     <span class='ocr_line' id='line_1_80' title="bbox 158 4890 1771 4976; baseline 0.011 -31"><span class='ocrx_word' id='word_1_564' title='bbox 158 4890 713 4963; x_wconf 80' lang='lat' dir='ltr'><strong>Exhisintelligitur,</strong></span> <span class='ocrx_word' id='word_1_565' title='bbox 735 4896 890 4967; x_wconf 88' lang='lat' dir='ltr'><strong>quod</strong></span> <span class='ocrx_word' id='word_1_566' title='bbox 929 4896 988 4953; x_wconf 91' lang='lat' dir='ltr'><strong>in</strong></span> <span class='ocrx_word' id='word_1_567' title='bbox 1028 4899 1207 4970; x_wconf 89' lang='lat' dir='ltr'><strong>priori</strong></span> <span class='ocrx_word' id='word_1_568' title='bbox 1246 4902 1591 4960; x_wconf 70' lang='lat' dir='ltr'><strong>Prtefatione</strong></span> <span class='ocrx_word' id='word_1_569' title='bbox 1626 4906 1771 4976; x_wconf 89' lang='lat' dir='ltr'><strong>(loco</strong></span> 
     </span>
    </p>
   </div>
   <div class='ocr_carea' id='block_1_79' title="bbox 158 4978 1769 5069">
    <p class='ocr_par' dir='ltr' id='par_1_79' title="bbox 158 4978 1769 5069">
     <span class='ocr_line' id='line_1_81' title="bbox 158 4978 1769 5069; baseline 0.012 -37"><span class='ocrx_word' id='word_1_570' title='bbox 158 4996 374 5053; x_wconf 87' lang='lat' dir='ltr'><strong>nempe</strong></span> <span class='ocrx_word' id='word_1_571' title='bbox 392 4978 669 5052; x_wconf 82' lang='lat' dir='ltr'><strong>&#39;proxime</strong></span> <span class='ocrx_word' id='word_1_572' title='bbox 714 4986 847 5038; x_wconf 89' lang='lat' dir='ltr'><strong>ante</strong></span> <span class='ocrx_word' id='word_1_573' title='bbox 870 4985 1023 5041; x_wconf 89' lang='lat' dir='ltr'><strong>hunc</strong></span> <span class='ocrx_word' id='word_1_574' title='bbox 1050 5004 1224 5061; x_wconf 83' lang='lat' dir='ltr'><strong>supra</strong></span> <span class='ocrx_word' id='word_1_575' title='bbox 1267 4990 1378 5046; x_wconf 90' lang='lat' dir='ltr'><strong>huc</strong></span> <span class='ocrx_word' id='word_1_576' title='bbox 1408 4996 1769 5069; x_wconf 87' lang='lat' dir='ltr'><strong>transcripto)</strong></span> 
     </span>
    </p>
   </div>
   <div class='ocr_carea' id='block_1_80' title="bbox 159 5067 1771 5157">
    <p class='ocr_par' dir='ltr' id='par_1_80' title="bbox 159 5067 1771 5157">
     <span class='ocr_line' id='line_1_82' title="bbox 159 5067 1771 5157; baseline 0.012 -37"><span class='ocrx_word' id='word_1_577' title='bbox 159 5067 539 5136; x_wconf 82' lang='lat' dir='ltr'><strong>ostendimus,</strong></span> <span class='ocrx_word' id='word_1_578' title='bbox 574 5069 905 5128; x_wconf 88' lang='lat' dir='ltr'><strong>Brunonem</strong></span> <span class='ocrx_word' id='word_1_579' title='bbox 937 5074 1129 5132; x_wconf 85' lang='lat' dir='ltr'><strong>Remis</strong></span> <span class='ocrx_word' id='word_1_580' title='bbox 1160 5093 1401 5151; x_wconf 87' lang='lat' dir='ltr'><strong>operam</strong></span> <span class='ocrx_word' id='word_1_581' title='bbox 1436 5067 1666 5138; x_wconf 67' lang='lat' dir='ltr'><strong>litteris</strong></span> <span class='ocrx_word' id='word_1_582' title='bbox 1691 5067 1771 5157; x_wconf 90' lang='lat' dir='ltr'><strong>(in</strong></span> 
     </span>
    </p>
   </div>
   <div class='ocr_carea' id='block_1_81' title="bbox 159 5156 1769 5232">
    <p class='ocr_par' dir='ltr' id='par_1_81' title="bbox 159 5156 1769 5232">
     <span class='ocr_line' id='line_1_83' title="bbox 159 5156 1769 5232; baseline 0.011 -21"><span class='ocrx_word' id='word_1_583' title='bbox 159 5156 525 5228; x_wconf 79' lang='lat' dir='ltr'><strong>philosophia</strong></span> <span class='ocrx_word' id='word_1_584' title='bbox 552 5157 834 5232; x_wconf 87' lang='lat' dir='ltr'><strong>videlicet)</strong></span> <span class='ocrx_word' id='word_1_585' title='bbox 860 5161 1101 5232; x_wconf 86' lang='lat' dir='ltr'><strong>dedisse,</strong></span> <span class='ocrx_word' id='word_1_586' title='bbox 1130 5182 1248 5221; x_wconf 90' lang='lat' dir='ltr'><strong>non</strong></span> <span class='ocrx_word' id='word_1_587' title='bbox 1259 5167 1500 5225; x_wconf 88' lang='lat' dir='ltr'><strong>Turonis</strong></span> <span class='ocrx_word' id='word_1_588' title='bbox 1527 5172 1633 5227; x_wconf 89' lang='lat' dir='ltr'><strong>sub</strong></span> <span class='ocrx_word' id='word_1_589' title='bbox 1667 5174 1769 5228; x_wconf 81' lang='lat' dir='ltr'><strong>Be-</strong></span> 
     </span>
    </p>
   </div>
   <div class='ocr_carea' id='block_1_82' title="bbox 157 5243 1772 5323">
    <p class='ocr_par' dir='ltr' id='par_1_82' title="bbox 157 5243 1772 5323">
     <span class='ocr_line' id='line_1_84' title="bbox 157 5243 1772 5323; baseline 0.011 -23"><span class='ocrx_word' id='word_1_590' title='bbox 157 5243 433 5315; x_wconf 79' lang='lat' dir='ltr'><strong>rengario</strong></span> <span class='ocrx_word' id='word_1_591' title='bbox 474 5246 770 5317; x_wconf 79' lang='lat' dir='ltr'><strong>magistro,</strong></span> <span class='ocrx_word' id='word_1_592' title='bbox 806 5254 870 5306; x_wconf 93' lang='lat' dir='ltr'><strong>ut</strong></span> <span class='ocrx_word' id='word_1_593' title='bbox 906 5253 1143 5323; x_wconf 87' lang='lat' dir='ltr'><strong>quidam</strong></span> <span class='ocrx_word' id='word_1_594' title='bbox 1173 5272 1238 5310; x_wconf 88' lang='lat' dir='ltr'><strong>ex</strong></span> <span class='ocrx_word' id='word_1_595' title='bbox 1270 5257 1552 5314; x_wconf 87' lang='lat' dir='ltr'><strong>Chronico</strong></span> <span class='ocrx_word' id='word_1_596' title='bbox 1587 5263 1772 5319; x_wconf 82' lang='lat' dir='ltr'><strong>Mallia</strong></span> 
     </span>
    </p>
   </div>
   <div class='ocr_carea' id='block_1_83' title="bbox 157 5331 1770 5422">
    <p class='ocr_par' dir='ltr' id='par_1_83' title="bbox 157 5331 1770 5422">
     <span class='ocr_line' id='line_1_85' title="bbox 157 5331 1770 5422; baseline 0.013 -36"><span class='ocrx_word' id='word_1_597' title='bbox 157 5333 314 5388; x_wconf 86' lang='lat' dir='ltr'><strong>censi</strong></span> <span class='ocrx_word' id='word_1_598' title='bbox 347 5331 501 5387; x_wconf 84' lang='lat' dir='ltr'><strong>male</strong></span> <span class='ocrx_word' id='word_1_599' title='bbox 516 5332 806 5394; x_wconf 87' lang='lat' dir='ltr'><strong>intellecto</strong></span> <span class='ocrx_word' id='word_1_600' title='bbox 821 5342 1167 5422; x_wconf 87' lang='lat' dir='ltr'><strong>persuadere</strong></span> <span class='ocrx_word' id='word_1_601' title='bbox 1186 5346 1386 5401; x_wconf 88' lang='lat' dir='ltr'><strong>volunt</strong></span> <span class='ocrx_word' id='word_1_602' title='bbox 1407 5364 1420 5414; x_wconf 93' lang='lat'><strong>;</strong></span> <span class='ocrx_word' id='word_1_603' title='bbox 1456 5351 1515 5402; x_wconf 89' lang='lat' dir='ltr'><strong>et</strong></span> <span class='ocrx_word' id='word_1_604' title='bbox 1533 5351 1770 5422; x_wconf 87' lang='lat' dir='ltr'><strong>quidem</strong></span> 
     </span>
    </p>
   </div>
   <div class='ocr_carea' id='block_1_84' title="bbox 159 5418 1772 5503">
    <p class='ocr_par' dir='ltr' id='par_1_84' title="bbox 159 5418 1772 5503">
     <span class='ocr_line' id='line_1_86' title="bbox 159 5418 1772 5503; baseline 0.012 -27"><span class='ocrx_word' id='word_1_605' title='bbox 159 5437 278 5476; x_wconf 87' lang='lat' dir='ltr'><strong>non</strong></span> <span class='ocrx_word' id='word_1_606' title='bbox 309 5420 505 5475; x_wconf 85' lang='lat' dir='ltr'><strong>solum</strong></span> <span class='ocrx_word' id='word_1_607' title='bbox 525 5437 657 5480; x_wconf 89' lang='lat' dir='ltr'><strong>cum</strong></span> <span class='ocrx_word' id='word_1_608' title='bbox 672 5418 949 5497; x_wconf 62' lang='lat' dir='ltr'><strong>praedicto</strong></span> <span class='ocrx_word' id='word_1_609' title='bbox 969 5430 1297 5503; x_wconf 82' lang='lat' dir='ltr'><strong>Godefrido,</strong></span> <span class='ocrx_word' id='word_1_610' title='bbox 1321 5437 1421 5491; x_wconf 88' lang='lat' dir='ltr'><strong>sed</strong></span> <span class='ocrx_word' id='word_1_611' title='bbox 1442 5418 1619 5495; x_wconf 70' lang='lat' dir='ltr'><strong>etiam</strong></span> <span class='ocrx_word' id='word_1_612' title='bbox 1640 5456 1772 5496; x_wconf 80' lang='lat' dir='ltr'><strong>cum</strong></span> 
     </span>
    </p>
   </div>
   <div class='ocr_carea' id='block_1_85' title="bbox 1888 3197 3483 3293">
    <p class='ocr_par' dir='ltr' id='par_1_85' title="bbox 1888 3197 3483 3293">
     <span class='ocr_line' id='line_1_87' title="bbox 1888 3197 3483 3293; baseline 0.017 -43"><span class='ocrx_word' id='word_1_613' title='bbox 1888 3197 2130 3254; x_wconf 88' lang='lat' dir='ltr'><strong>Turonis</strong></span> <span class='ocrx_word' id='word_1_614' title='bbox 2153 3202 2279 3256; x_wconf 89' lang='lat' dir='ltr'><strong>stud</strong></span> <span class='ocrx_word' id='word_1_615' title='bbox 2289 3205 2455 3274; x_wconf 89' lang='lat' dir='ltr'><strong>uisse,</strong></span> <span class='ocrx_word' id='word_1_616' title='bbox 2479 3224 2576 3262; x_wconf 92' lang='lat' dir='ltr'><strong>seu</strong></span> <span class='ocrx_word' id='word_1_617' title='bbox 2594 3208 3184 3286; x_wconf 59' lang='lat' dir='ltr'><strong>philosophiaeplacita</strong></span> <span class='ocrx_word' id='word_1_618' title='bbox 3200 3197 3483 3293; x_wconf 70' lang='lat' dir='ltr'><strong>excepisse</strong></span> 
     </span>
    </p>
   </div>
   <div class='ocr_carea' id='block_1_86' title="bbox 1876 3287 3493 3370">
    <p class='ocr_par' dir='ltr' id='par_1_86' title="bbox 1876 3287 3493 3370">
     <span class='ocr_line' id='line_1_88' title="bbox 1876 3287 3493 3370; baseline 0.019 -31"><span class='ocrx_word' id='word_1_619' title='bbox 1876 3287 2245 3359; x_wconf 88' lang='lat' dir='ltr'><strong>scripserunt,</strong></span> <span class='ocrx_word' id='word_1_620' title='bbox 2274 3292 2511 3352; x_wconf 90' lang='lat' dir='ltr'><strong>indubie</strong></span> <span class='ocrx_word' id='word_1_621' title='bbox 2537 3301 2805 3370; x_wconf 86' lang='lat' dir='ltr'><strong>errarint,</strong></span> <span class='ocrx_word' id='word_1_622' title='bbox 2836 3319 2901 3359; x_wconf 88' lang='lat' dir='ltr'><strong>ac</strong></span> <span class='ocrx_word' id='word_1_623' title='bbox 2920 3304 3289 3365; x_wconf 85' lang='lat' dir='ltr'><strong>Malleacense</strong></span> <span class='ocrx_word' id='word_1_624' title='bbox 3316 3312 3493 3369; x_wconf 88' lang='lat' dir='ltr'><strong>Chro-</strong></span> 
     </span>
    </p>
   </div>
   <div class='ocr_carea' id='block_1_87' title="bbox 1876 3377 3488 3475">
    <p class='ocr_par' dir='ltr' id='par_1_87' title="bbox 1876 3377 3488 3475">
     <span class='ocr_line' id='line_1_89' title="bbox 1876 3377 3488 3475; baseline 0.016 -41"><span class='ocrx_word' id='word_1_625' title='bbox 1876 3377 2047 3435; x_wconf 90' lang='lat' dir='ltr'><strong>nicon</strong></span> <span class='ocrx_word' id='word_1_626' title='bbox 2078 3383 2231 3437; x_wconf 88' lang='lat' dir='ltr'><strong>male</strong></span> <span class='ocrx_word' id='word_1_627' title='bbox 2260 3383 2669 3456; x_wconf 82' lang='lat' dir='ltr'><strong>intellexerint,</strong></span> <span class='ocrx_word' id='word_1_628' title='bbox 2715 3407 2813 3446; x_wconf 91' lang='lat' dir='ltr'><strong>seu</strong></span> <span class='ocrx_word' id='word_1_629' title='bbox 2854 3395 3044 3475; x_wconf 66' lang='lat' dir='ltr'><strong>pog&#39;us</strong></span> <span class='ocrx_word' id='word_1_630' title='bbox 3068 3414 3143 3452; x_wconf 86' lang='lat' dir='ltr'><strong>an</strong></span> <span class='ocrx_word' id='word_1_631' title='bbox 3168 3399 3278 3456; x_wconf 89' lang='lat' dir='ltr'><strong>hoc</strong></span> <span class='ocrx_word' id='word_1_632' title='bbox 3302 3404 3488 3459; x_wconf 89' lang='lat' dir='ltr'><strong>verbis</strong></span> 
     </span>
    </p>
   </div>
   <div class='ocr_carea' id='block_1_88' title="bbox 1876 3471 3485 3558">
    <p class='ocr_par' dir='ltr' id='par_1_88' title="bbox 1876 3471 3485 3558">
     <span class='ocr_line' id='line_1_90' title="bbox 1876 3471 3485 3558; baseline 0.017 -36"><span class='ocrx_word' id='word_1_633' title='bbox 1876 3486 2040 3524; x_wconf 90' lang='lat' dir='ltr'><strong>num.</strong></span> <span class='ocrx_word' id='word_1_634' title='bbox 2076 3472 2137 3525; x_wconf 76' lang='lat' dir='ltr'><strong>6i</strong></span> <span class='ocrx_word' id='word_1_635' title='bbox 2175 3471 2320 3526; x_wconf 90' lang='lat' dir='ltr'><strong>datis</strong></span> <span class='ocrx_word' id='word_1_636' title='bbox 2341 3477 2429 3528; x_wconf 90' lang='lat' dir='ltr'><strong>sat</strong></span> <span class='ocrx_word' id='word_1_637' title='bbox 2466 3475 2615 3531; x_wconf 88' lang='lat' dir='ltr'><strong>felici</strong></span> <span class='ocrx_word' id='word_1_638' title='bbox 2648 3496 2905 3536; x_wconf 91' lang='lat' dir='ltr'><strong>successu</strong></span> <span class='ocrx_word' id='word_1_639' title='bbox 2932 3471 3347 3558; x_wconf 71' lang='lat' dir='ltr'><strong>interpretetur</strong></span> <span class='ocrx_word' id='word_1_640' title='bbox 3373 3493 3485 3549; x_wconf 85' lang='lat' dir='ltr'><strong>Ma-</strong></span> 
     </span>
    </p>
   </div>
   <div class='ocr_carea' id='block_1_89' title="bbox 1877 3557 3486 3649">
    <p class='ocr_par' dir='ltr' id='par_1_89' title="bbox 1877 3557 3486 3649">
     <span class='ocr_line' id='line_1_91' title="bbox 1877 3557 3486 3649; baseline 0.017 -38"><span class='ocrx_word' id='word_1_641' title='bbox 1877 3557 2164 3614; x_wconf 90' lang='lat' dir='ltr'><strong>billonius.</strong></span> <span class='ocrx_word' id='word_1_642' title='bbox 2194 3562 2389 3617; x_wconf 88' lang='lat' dir='ltr'><strong>Primo</strong></span> <span class='ocrx_word' id='word_1_643' title='bbox 2419 3563 2511 3618; x_wconf 94' lang='lat' dir='ltr'><strong>hic</strong></span> <span class='ocrx_word' id='word_1_644' title='bbox 2540 3567 2783 3639; x_wconf 90' lang='lat' dir='ltr'><strong>scriptor</strong></span> <span class='ocrx_word' id='word_1_645' title='bbox 2801 3569 2908 3626; x_wconf 89' lang='lat' dir='ltr'><strong>ait:</strong></span> <span class='ocrx_word' id='word_1_646' title='bbox 2929 3595 2957 3623; x_wconf 89' lang='grc'><strong>‹‹</strong></span> <span class='ocrx_word' id='word_1_647' title='bbox 2975 3557 3170 3630; x_wconf 62' lang='lat' dir='ltr'><strong>Haec...</strong></span> <span class='ocrx_word' id='word_1_648' title='bbox 3198 3577 3486 3649; x_wconf 86' lang='lat' dir='ltr'><strong>(Chronici</strong></span> 
     </span>
    </p>
   </div>
   <div class='ocr_carea' id='block_1_90' title="bbox 1873 3647 3490 3727">
    <p class='ocr_par' dir='ltr' id='par_1_90' title="bbox 1873 3647 3490 3727">
     <span class='ocr_line' id='line_1_92' title="bbox 1873 3647 3490 3727; baseline 0.016 -26"><span class='ocrx_word' id='word_1_649' title='bbox 1873 3647 2274 3722; x_wconf 82' lang='lat' dir='ltr'><strong>Malleacensis)</strong></span> <span class='ocrx_word' id='word_1_650' title='bbox 2296 3653 2491 3722; x_wconf 85' lang='lat' dir='ltr'><strong>verba,</strong></span> <span class='ocrx_word' id='word_1_651' title='bbox 2517 3658 2653 3726; x_wconf 88' lang='lat' dir='ltr'><strong>«qui</strong></span> <span class='ocrx_word' id='word_1_652' title='bbox 2690 3658 2829 3713; x_wconf 89' lang='lat' dir='ltr'><strong>item</strong></span> <span class='ocrx_word' id='word_1_653' title='bbox 2863 3647 3214 3720; x_wconf 8' lang='lat' dir='ltr'><strong>Brunonemi</strong></span> <span class='ocrx_word' id='word_1_654' title='bbox 3244 3669 3490 3727; x_wconf 88' lang='lat' dir='ltr'><strong>Remen-</strong></span> 
     </span>
    </p>
   </div>
   <div class='ocr_carea' id='block_1_91' title="bbox 1876 3742 3482 3826">
    <p class='ocr_par' dir='ltr' id='par_1_91' title="bbox 1876 3742 3482 3826">
     <span class='ocr_line' id='line_1_93' title="bbox 1876 3742 3482 3826; baseline 0.016 -38"><span class='ocrx_word' id='word_1_655' title='bbox 1876 3755 1908 3788; x_wconf 64' lang='grc' dir='ltr'><strong>ς</strong></span> <span class='ocrx_word' id='word_1_656' title='bbox 1933 3753 2077 3802; x_wconf 89' lang='lat' dir='ltr'><strong>sem,</strong></span> <span class='ocrx_word' id='word_1_657' title='bbox 2103 3759 2130 3787; x_wconf 85' lang='grc'><strong>››</strong></span> <span class='ocrx_word' id='word_1_658' title='bbox 2167 3742 2297 3806; x_wconf 92' lang='lat' dir='ltr'><strong>etc.,</strong></span> <span class='ocrx_word' id='word_1_659' title='bbox 2332 3758 2450 3796; x_wconf 92' lang='lat' dir='ltr'><strong>non</strong></span> <span class='ocrx_word' id='word_1_660' title='bbox 2479 3744 2552 3797; x_wconf 89' lang='lat' dir='ltr'><strong>ad</strong></span> <span class='ocrx_word' id='word_1_661' title='bbox 2579 3746 2990 3818; x_wconf 86' lang='lat' dir='ltr'><strong>Berengarium</strong></span> <span class='ocrx_word' id='word_1_662' title='bbox 3012 3753 3316 3810; x_wconf 84' lang='lat' dir='ltr'><strong>referenda</strong></span> <span class='ocrx_word' id='word_1_663' title='bbox 3330 3763 3482 3826; x_wconf 86' lang='lat' dir='ltr'><strong>sunt,</strong></span> 
     </span>
    </p>
   </div>
   <div class='ocr_carea' id='block_1_92' title="bbox 1875 3826 3483 3919">
    <p class='ocr_par' dir='ltr' id='par_1_92' title="bbox 1875 3826 3483 3919">
     <span class='ocr_line' id='line_1_94' title="bbox 1875 3826 3483 3919; baseline 0.014 -40"><span class='ocrx_word' id='word_1_664' title='bbox 1875 3826 1976 3881; x_wconf 88' lang='lat' dir='ltr'><strong>sed</strong></span> <span class='ocrx_word' id='word_1_665' title='bbox 2004 3827 2076 3881; x_wconf 89' lang='lat' dir='ltr'><strong>ad</strong></span> <span class='ocrx_word' id='word_1_666' title='bbox 2115 3828 2471 3898; x_wconf 84' lang='lat' dir='ltr'><strong>Fulbertum,</strong></span> <span class='ocrx_word' id='word_1_667' title='bbox 2514 3833 2611 3904; x_wconf 90' lang='lat' dir='ltr'><strong>qui</strong></span> <span class='ocrx_word' id='word_1_668' title='bbox 2654 3835 3064 3908; x_wconf 87' lang='lat' dir='ltr'><strong>Berengarium</strong></span> <span class='ocrx_word' id='word_1_669' title='bbox 3118 3842 3329 3909; x_wconf 89' lang='lat' dir='ltr'><strong>docuit,</strong></span> <span class='ocrx_word' id='word_1_670' title='bbox 3385 3854 3483 3919; x_wconf 76' lang='lat' dir='ltr'><strong>qui</strong></span> 
     </span>
    </p>
   </div>
   <div class='ocr_carea' id='block_1_93' title="bbox 1875 3915 3484 4003">
    <p class='ocr_par' dir='ltr' id='par_1_93' title="bbox 1875 3915 3484 4003">
     <span class='ocr_line' id='line_1_95' title="bbox 1875 3915 3484 4003; baseline 0.014 -34"><span class='ocrx_word' id='word_1_671' title='bbox 1875 3915 2015 3972; x_wconf 90' lang='lat' dir='ltr'><strong>item</strong></span> <span class='ocrx_word' id='word_1_672' title='bbox 2033 3917 2363 3973; x_wconf 87' lang='lat' dir='ltr'><strong>Brunonem</strong></span> <span class='ocrx_word' id='word_1_673' title='bbox 2386 3920 2752 3977; x_wconf 89' lang='lat' dir='ltr'><strong>Remensem.</strong></span> <span class='ocrx_word' id='word_1_674' title='bbox 2780 3945 2807 3972; x_wconf 85' lang='lat'>»</span> <span class='ocrx_word' id='word_1_675' title='bbox 2833 3926 3163 3984; x_wconf 87' lang='lat' dir='ltr'><strong>Fulbertum</strong></span> <span class='ocrx_word' id='word_1_676' title='bbox 3186 3948 3346 4003; x_wconf 88' lang='lat' dir='ltr'><strong>ergo,</strong></span> <span class='ocrx_word' id='word_1_677' title='bbox 3368 3952 3484 3991; x_wconf 87' lang='lat' dir='ltr'><strong>non</strong></span> 
     </span>
    </p>
   </div>
   <div class='ocr_carea' id='block_1_94' title="bbox 1876 4006 3484 4091">
    <p class='ocr_par' dir='ltr' id='par_1_94' title="bbox 1876 4006 3484 4091">
     <span class='ocr_line' id='line_1_96' title="bbox 1876 4006 3484 4091; baseline 0.011 -31"><span class='ocrx_word' id='word_1_678' title='bbox 1876 4006 2314 4078; x_wconf 87' lang='lat' dir='ltr'><strong>Berengarium,</strong></span> <span class='ocrx_word' id='word_1_679' title='bbox 2367 4025 2435 4062; x_wconf 90' lang='lat' dir='ltr'><strong>ex</strong></span> <span class='ocrx_word' id='word_1_680' title='bbox 2484 4011 2591 4066; x_wconf 89' lang='lat' dir='ltr'><strong>hac</strong></span> <span class='ocrx_word' id='word_1_681' title='bbox 2648 4012 2957 4070; x_wconf 88' lang='lat' dir='ltr'><strong>Mabillonii</strong></span> <span class='ocrx_word' id='word_1_682' title='bbox 3004 4016 3484 4091; x_wconf 85' lang='lat' dir='ltr'><strong>interpretatione</strong></span> 
     </span>
    </p>
   </div>
   <div class='ocr_carea' id='block_1_95' title="bbox 1876 4096 3488 4171">
    <p class='ocr_par' dir='ltr' id='par_1_95' title="bbox 1876 4096 3488 4171">
     <span class='ocr_line' id='line_1_97' title="bbox 1876 4096 3488 4171; baseline 0.011 -22"><span class='ocrx_word' id='word_1_683' title='bbox 1876 4096 2221 4167; x_wconf 82' lang='lat' dir='ltr'><strong>magistrum</strong></span> <span class='ocrx_word' id='word_1_684' title='bbox 2278 4098 2336 4151; x_wconf 91' lang='lat' dir='ltr'><strong>in</strong></span> <span class='ocrx_word' id='word_1_685' title='bbox 2374 4099 2735 4171; x_wconf 88' lang='lat' dir='ltr'><strong>philosophia</strong></span> <span class='ocrx_word' id='word_1_686' title='bbox 2779 4102 3019 4159; x_wconf 90' lang='lat' dir='ltr'><strong>Sanctus</strong></span> <span class='ocrx_word' id='word_1_687' title='bbox 3049 4106 3334 4164; x_wconf 84' lang='lat' dir='ltr'><strong>habuerit.</strong></span> <span class='ocrx_word' id='word_1_688' title='bbox 3386 4112 3488 4167; x_wconf 83' lang='lat' dir='ltr'><strong>Ve-</strong></span> 
     </span>
    </p>
   </div>
   <div class='ocr_carea' id='block_1_96' title="bbox 1874 4186 3483 4255">
    <p class='ocr_par' dir='ltr' id='par_1_96' title="bbox 1874 4186 3483 4255">
     <span class='ocr_line' id='line_1_98' title="bbox 1874 4186 3483 4255; baseline 0.01 -16"><span class='ocrx_word' id='word_1_689' title='bbox 1874 4200 2008 4240; x_wconf 91' lang='lat' dir='ltr'><strong>rum</strong></span> <span class='ocrx_word' id='word_1_690' title='bbox 2033 4187 2164 4253; x_wconf 92' lang='lat' dir='ltr'><strong>hoc,</strong></span> <span class='ocrx_word' id='word_1_691' title='bbox 2194 4187 2302 4241; x_wconf 88' lang='lat' dir='ltr'><strong>nisi</strong></span> <span class='ocrx_word' id='word_1_692' title='bbox 2332 4186 2503 4242; x_wconf 88' lang='lat' dir='ltr'><strong>simul</strong></span> <span class='ocrx_word' id='word_1_693' title='bbox 2562 4190 2827 4246; x_wconf 87' lang='lat' dir='ltr'><strong>Chronici</strong></span> <span class='ocrx_word' id='word_1_694' title='bbox 2869 4193 3252 4252; x_wconf 84' lang='lat' dir='ltr'><strong>Malleacensis</strong></span> <span class='ocrx_word' id='word_1_695' title='bbox 3286 4203 3483 4255; x_wconf 87' lang='lat' dir='ltr'><strong>aucto-</strong></span> 
     </span>
    </p>
   </div>
   <div class='ocr_carea' id='block_1_97' title="bbox 1876 4275 3300 4354">
    <p class='ocr_par' dir='ltr' id='par_1_97' title="bbox 1876 4275 3300 4354">
     <span class='ocr_line' id='line_1_99' title="bbox 1876 4275 3300 4354; baseline 0.008 -25"><span class='ocrx_word' id='word_1_696' title='bbox 1876 4291 2003 4330; x_wconf 91' lang='lat' dir='ltr'><strong>rem</strong></span> <span class='ocrx_word' id='word_1_697' title='bbox 2026 4275 2238 4331; x_wconf 89' lang='lat' dir='ltr'><strong>erroris</strong></span> <span class='ocrx_word' id='word_1_698' title='bbox 2267 4292 2512 4348; x_wconf 81' lang='lat' dir='ltr'><strong>arguere</strong></span> <span class='ocrx_word' id='word_1_699' title='bbox 2541 4280 2801 4347; x_wconf 87' lang='lat' dir='ltr'><strong>velimus,</strong></span> <span class='ocrx_word' id='word_1_700' title='bbox 2832 4283 3031 4354; x_wconf 91' lang='lat' dir='ltr'><strong>nequit</strong></span> <span class='ocrx_word' id='word_1_701' title='bbox 3051 4285 3300 4343; x_wconf 90' lang='lat' dir='ltr'><strong>admitti.</strong></span> 
     </span>
    </p>
   </div>
   <div class='ocr_carea' id='block_1_98' title="bbox 1800 4333 3483 4442">
    <p class='ocr_par' dir='ltr' id='par_1_98' title="bbox 1800 4333 3483 4442">
     <span class='ocr_line' id='line_1_100' title="bbox 1800 4333 3483 4442; baseline 0.009 -23"><span class='ocrx_word' id='word_1_702' title='bbox 1800 4333 1854 4392; x_wconf 81' lang='lat' dir='ltr'><strong>D</strong></span> <span class='ocrx_word' id='word_1_703' title='bbox 1945 4368 2033 4420; x_wconf 75' lang='grc'><strong>64.</strong></span> <span class='ocrx_word' id='word_1_704' title='bbox 2051 4333 2365 4421; x_wconf 63' lang='lat' dir='ltr'><strong>Fulbertu;</strong></span> <span class='ocrx_word' id='word_1_705' title='bbox 2375 4367 2554 4435; x_wconf 91' lang='lat' dir='ltr'><strong>enim,</strong></span> <span class='ocrx_word' id='word_1_706' title='bbox 3125 4374 3233 4430; x_wconf 84' lang='lat' dir='ltr'><strong>fuit</strong></span> <span class='ocrx_word' id='word_1_707' title='bbox 3265 4378 3483 4435; x_wconf 85' lang='lat' dir='ltr'><strong>Carno-</strong></span> 
     </span>
    </p>
   </div>
   <div class='ocr_carea' id='block_1_99' title="bbox 1874 4456 3484 4528">
    <p class='ocr_par' dir='ltr' id='par_1_99' title="bbox 1874 4456 3484 4528">
     <span class='ocr_line' id='line_1_101' title="bbox 1874 4456 3484 4528; baseline 0.01 -19"><span class='ocrx_word' id='word_1_708' title='bbox 1874 4456 2049 4509; x_wconf 89' lang='lat' dir='ltr'><strong>tensis</strong></span> <span class='ocrx_word' id='word_1_709' title='bbox 2082 4456 2413 4528; x_wconf 88' lang='lat' dir='ltr'><strong>episcopus;</strong></span> <span class='ocrx_word' id='word_1_710' title='bbox 2440 4456 2533 4511; x_wconf 92' lang='lat' dir='ltr'><strong>hic</strong></span> <span class='ocrx_word' id='word_1_711' title='bbox 2562 4460 2778 4523; x_wconf 87' lang='lat' dir='ltr'><strong>autem,</strong></span> <span class='ocrx_word' id='word_1_712' title='bbox 2816 4462 2878 4513; x_wconf 92' lang='lat' dir='ltr'><strong>ut</strong></span> <span class='ocrx_word' id='word_1_713' title='bbox 2906 4461 3162 4518; x_wconf 73' lang='lat' dir='ltr'><strong>Historiae</strong></span> <span class='ocrx_word' id='word_1_714' title='bbox 3190 4464 3484 4526; x_wconf 61' lang='lat' dir='ltr'><strong>litterariae</strong></span> 
     </span>
    </p>
   </div>
   <div class='ocr_carea' id='block_1_100' title="bbox 1875 4543 3485 4621">
    <p class='ocr_par' dir='ltr' id='par_1_100' title="bbox 1875 4543 3485 4621">
     <span class='ocr_line' id='line_1_102' title="bbox 1875 4543 3485 4621; baseline 0.009 -24"><span class='ocrx_word' id='word_1_715' title='bbox 1875 4543 2125 4598; x_wconf 69' lang='lat' dir='ltr'><strong>Francius</strong></span> <span class='ocrx_word' id='word_1_716' title='bbox 2178 4543 2486 4617; x_wconf 88' lang='lat' dir='ltr'><strong>scriptores</strong></span> <span class='ocrx_word' id='word_1_717' title='bbox 2528 4547 2670 4600; x_wconf 90' lang='lat' dir='ltr'><strong>tom.</strong></span> <span class='ocrx_word' id='word_1_718' title='bbox 2725 4546 2838 4614; x_wconf 88' lang='lat' dir='ltr'><strong>VlI,</strong></span> <span class='ocrx_word' id='word_1_719' title='bbox 2890 4566 3022 4621; x_wconf 83' lang='lat' dir='ltr'><strong>pag.</strong></span> <span class='ocrx_word' id='word_1_720' title='bbox 3087 4555 3188 4607; x_wconf 77' lang='lat'><strong>265</strong></span> <span class='ocrx_word' id='word_1_721' title='bbox 3238 4554 3485 4613; x_wconf 87' lang='lat' dir='ltr'><strong>dilucide</strong></span> 
     </span>
    </p>
   </div>
   <div class='ocr_carea' id='block_1_101' title="bbox 1875 4633 3483 4713">
    <p class='ocr_par' dir='ltr' id='par_1_101' title="bbox 1875 4633 3483 4713">
     <span class='ocr_line' id='line_1_103' title="bbox 1875 4633 3483 4713; baseline 0.009 -26"><span class='ocrx_word' id='word_1_722' title='bbox 1875 4633 2209 4699; x_wconf 90' lang='lat' dir='ltr'><strong>ostendunt,</strong></span> <span class='ocrx_word' id='word_1_723' title='bbox 2240 4649 2270 4687; x_wconf 91' lang='lat' dir='ltr'><strong>e</strong></span> <span class='ocrx_word' id='word_1_724' title='bbox 2294 4633 2694 4690; x_wconf 66' lang='lat' dir='ltr'><strong>vivis‘excessit</strong></span> <span class='ocrx_word' id='word_1_725' title='bbox 2725 4652 2879 4691; x_wconf 89' lang='lat' dir='ltr'><strong>anno</strong></span> <span class='ocrx_word' id='word_1_726' title='bbox 2908 4642 3059 4709; x_wconf 83' lang='lat' dir='ltr'><strong>l029,</strong></span> <span class='ocrx_word' id='word_1_727' title='bbox 3093 4657 3207 4713; x_wconf 90' lang='lat' dir='ltr'><strong>quo</strong></span> <span class='ocrx_word' id='word_1_728' title='bbox 3242 4643 3483 4701; x_wconf 85' lang='lat' dir='ltr'><strong>Sanctus</strong></span> 
     </span>
    </p>
   </div>
   <div class='ocr_carea' id='block_1_102' title="bbox 1878 4724 3482 4796">
    <p class='ocr_par' dir='ltr' id='par_1_102' title="bbox 1878 4724 3482 4796">
     <span class='ocr_line' id='line_1_104' title="bbox 1878 4724 3482 4796; baseline 0.009 -20"><span class='ocrx_word' id='word_1_729' title='bbox 1878 4725 1964 4778; x_wconf 87' lang='lat' dir='ltr'><strong>vel</strong></span> <span class='ocrx_word' id='word_1_730' title='bbox 1999 4740 2116 4778; x_wconf 90' lang='lat' dir='ltr'><strong>non</strong></span> <span class='ocrx_word' id='word_1_731' title='bbox 2148 4725 2336 4787; x_wconf 88' lang='lat' dir='ltr'><strong>natus,</strong></span> <span class='ocrx_word' id='word_1_732' title='bbox 2368 4724 2455 4778; x_wconf 89' lang='lat' dir='ltr'><strong>vel</strong></span> <span class='ocrx_word' id='word_1_733' title='bbox 2485 4727 2641 4778; x_wconf 91' lang='lat' dir='ltr'><strong>certe</strong></span> <span class='ocrx_word' id='word_1_734' title='bbox 2665 4741 2783 4796; x_wconf 80' lang='lat' dir='ltr'><strong>prae</strong></span> <span class='ocrx_word' id='word_1_735' title='bbox 2811 4730 2983 4783; x_wconf 61' lang='lat' dir='ltr'><strong>astate</strong></span> <span class='ocrx_word' id='word_1_736' title='bbox 3023 4730 3267 4788; x_wconf 89' lang='lat' dir='ltr'><strong>nimium</strong></span> <span class='ocrx_word' id='word_1_737' title='bbox 3296 4735 3482 4793; x_wconf 88' lang='lat' dir='ltr'><strong>adhuc</strong></span> 
     </span>
    </p>
   </div>
   <div class='ocr_carea' id='block_1_103' title="bbox 1874 4811 3481 4892">
    <p class='ocr_par' dir='ltr' id='par_1_103' title="bbox 1874 4811 3481 4892">
     <span class='ocr_line' id='line_1_105' title="bbox 1874 4811 3481 4892; baseline 0.008 -25"><span class='ocrx_word' id='word_1_738' title='bbox 1874 4812 2164 4868; x_wconf 88' lang='lat' dir='ltr'><strong>imbecilla</strong></span> <span class='ocrx_word' id='word_1_739' title='bbox 2189 4811 2565 4886; x_wconf 60' lang='lat' dir='ltr'><strong>philosophias</strong></span> <span class='ocrx_word' id='word_1_740' title='bbox 2578 4813 2917 4870; x_wconf 89' lang='lat' dir='ltr'><strong>lectionibus</strong></span> <span class='ocrx_word' id='word_1_741' title='bbox 2938 4818 3283 4892; x_wconf 86' lang='lat' dir='ltr'><strong>excipiendis</strong></span> <span class='ocrx_word' id='word_1_742' title='bbox 3312 4823 3481 4881; x_wconf 87' lang='lat' dir='ltr'><strong>intel-</strong></span> 
     </span>
    </p>
   </div>
   <div class='ocr_carea' id='block_1_104' title="bbox 1873 4899 3480 4984">
    <p class='ocr_par' dir='ltr' id='par_1_104' title="bbox 1873 4899 3480 4984">
     <span class='ocr_line' id='line_1_106' title="bbox 1873 4899 3480 4984; baseline 0.006 -27"><span class='ocrx_word' id='word_1_743' title='bbox 1873 4901 2232 4972; x_wconf 86' lang='lat' dir='ltr'><strong>ligendisque</strong></span> <span class='ocrx_word' id='word_1_744' title='bbox 2262 4899 2502 4955; x_wconf 90' lang='lat' dir='ltr'><strong>idoneus</strong></span> <span class='ocrx_word' id='word_1_745' title='bbox 2541 4901 2803 4957; x_wconf 89' lang='lat' dir='ltr'><strong>nondum</strong></span> <span class='ocrx_word' id='word_1_746' title='bbox 2830 4908 2973 4972; x_wconf 90' lang='lat' dir='ltr'><strong>erat,</strong></span> <span class='ocrx_word' id='word_1_747' title='bbox 3014 4908 3093 4962; x_wconf 93' lang='lat' dir='ltr'><strong>uti</strong></span> <span class='ocrx_word' id='word_1_748' title='bbox 3121 4924 3186 4963; x_wconf 84' lang='lat' dir='ltr'><strong>ex</strong></span> <span class='ocrx_word' id='word_1_749' title='bbox 3217 4910 3302 4977; x_wconf 88' lang='lat' dir='ltr'><strong>lis,</strong></span> <span class='ocrx_word' id='word_1_750' title='bbox 3350 4930 3480 4984; x_wconf 65' lang='lat' dir='ltr'><strong>qua:</strong></span> 
     </span>
    </p>
   </div>
   <div class='ocr_carea' id='block_1_105' title="bbox 1874 4989 3481 5069">
    <p class='ocr_par' dir='ltr' id='par_1_105' title="bbox 1874 4989 3481 5069">
     <span class='ocr_line' id='line_1_107' title="bbox 1874 4989 3481 5069; baseline 0.006 -22"><span class='ocrx_word' id='word_1_751' title='bbox 1874 4993 1944 5047; x_wconf 90' lang='lat' dir='ltr'><strong>de</strong></span> <span class='ocrx_word' id='word_1_752' title='bbox 1972 4989 2147 5045; x_wconf 87' lang='lat' dir='ltr'><strong>natali</strong></span> <span class='ocrx_word' id='word_1_753' title='bbox 2174 4989 2457 5044; x_wconf 89' lang='lat' dir='ltr'><strong>Brunonis</strong></span> <span class='ocrx_word' id='word_1_754' title='bbox 2479 5007 2635 5046; x_wconf 87' lang='lat' dir='ltr'><strong>anno</strong></span> <span class='ocrx_word' id='word_1_755' title='bbox 2665 5007 2837 5064; x_wconf 91' lang='lat' dir='ltr'><strong>supra</strong></span> <span class='ocrx_word' id='word_1_756' title='bbox 2867 4992 3017 5050; x_wconf 90' lang='lat' dir='ltr'><strong>dicta</strong></span> <span class='ocrx_word' id='word_1_757' title='bbox 3037 5000 3188 5062; x_wconf 90' lang='lat' dir='ltr'><strong>sunt,</strong></span> <span class='ocrx_word' id='word_1_758' title='bbox 3225 5015 3481 5069; x_wconf 89' lang='lat' dir='ltr'><strong>pronum</strong></span> 
     </span>
    </p>
   </div>
   <div class='ocr_carea' id='block_1_106' title="bbox 1872 5081 3480 5150">
    <p class='ocr_par' dir='ltr' id='par_1_106' title="bbox 1872 5081 3480 5150">
     <span class='ocr_line' id='line_1_108' title="bbox 1872 5081 3480 5150; baseline 0.006 -14"><span class='ocrx_word' id='word_1_759' title='bbox 1872 5085 1957 5139; x_wconf 92' lang='lat' dir='ltr'><strong>est</strong></span> <span class='ocrx_word' id='word_1_760' title='bbox 1975 5096 2197 5136; x_wconf 89' lang='lat' dir='ltr'><strong>eruere.</strong></span> <span class='ocrx_word' id='word_1_761' title='bbox 2217 5081 2286 5134; x_wconf 89' lang='lat' dir='ltr'><strong>Et</strong></span> <span class='ocrx_word' id='word_1_762' title='bbox 2307 5095 2440 5135; x_wconf 90' lang='lat' dir='ltr'><strong>vero</strong></span> <span class='ocrx_word' id='word_1_763' title='bbox 2463 5084 2662 5136; x_wconf 88' lang='lat' dir='ltr'><strong>sancto</strong></span> <span class='ocrx_word' id='word_1_764' title='bbox 2703 5081 3033 5139; x_wconf 86' lang='lat' dir='ltr'><strong>Fulbertum</strong></span> <span class='ocrx_word' id='word_1_765' title='bbox 3064 5084 3480 5150; x_wconf 86' lang='lat' dir='ltr'><strong>Carnotensem</strong></span> 
     </span>
    </p>
   </div>
   <div class='ocr_carea' id='block_1_107' title="bbox 1873 5169 3481 5250">
    <p class='ocr_par' dir='ltr' id='par_1_107' title="bbox 1873 5169 3481 5250">
     <span class='ocr_line' id='line_1_109' title="bbox 1873 5169 3481 5250; baseline 0.006 -23"><span class='ocrx_word' id='word_1_766' title='bbox 1873 5188 1994 5227; x_wconf 85' lang='lat' dir='ltr'><strong>esse</strong></span> <span class='ocrx_word' id='word_1_767' title='bbox 2007 5188 2121 5225; x_wconf 90' lang='lat' dir='ltr'><strong>non</strong></span> <span class='ocrx_word' id='word_1_768' title='bbox 2136 5170 2386 5241; x_wconf 87' lang='lat' dir='ltr'><strong>potuisse</strong></span> <span class='ocrx_word' id='word_1_769' title='bbox 2398 5169 2456 5223; x_wconf 90' lang='lat' dir='ltr'><strong>in</strong></span> <span class='ocrx_word' id='word_1_770' title='bbox 2479 5171 2836 5244; x_wconf 89' lang='lat' dir='ltr'><strong>philosophia</strong></span> <span class='ocrx_word' id='word_1_771' title='bbox 2853 5173 3218 5244; x_wconf 85' lang='lat' dir='ltr'><strong>magistrum,</strong></span> <span class='ocrx_word' id='word_1_772' title='bbox 3235 5178 3481 5250; x_wconf 87' lang='lat' dir='ltr'><strong>ipsemet</strong></span> 
     </span>
    </p>
   </div>
   <div class='ocr_carea' id='block_1_108' title="bbox 1869 5259 3480 5337">
    <p class='ocr_par' dir='ltr' id='par_1_108' title="bbox 1869 5259 3480 5337">
     <span class='ocr_line' id='line_1_110' title="bbox 1869 5259 3480 5337; baseline 0.003 -20"><span class='ocrx_word' id='word_1_773' title='bbox 1869 5259 2224 5317; x_wconf 76' lang='lat' dir='ltr'><strong>Mabillonius</strong></span> <span class='ocrx_word' id='word_1_774' title='bbox 2250 5259 2490 5314; x_wconf 79' lang='lat' dir='ltr'><strong>forsitan</strong></span> <span class='ocrx_word' id='word_1_775' title='bbox 2545 5261 2873 5316; x_wconf 78' lang='lat' dir='ltr'><strong>observant.</strong></span> <span class='ocrx_word' id='word_1_776' title='bbox 2907 5262 2989 5315; x_wconf 88' lang='lat' dir='ltr'><strong>lta</strong></span> <span class='ocrx_word' id='word_1_777' title='bbox 3018 5264 3292 5335; x_wconf 87' lang='lat' dir='ltr'><strong>suspicor,</strong></span> <span class='ocrx_word' id='word_1_778' title='bbox 3324 5269 3480 5337; x_wconf 84' lang='lat' dir='ltr'><strong>quod</strong></span> 
     </span>
    </p>
   </div>
   <div class='ocr_carea' id='block_1_109' title="bbox 1874 5347 3479 5425">
    <p class='ocr_par' dir='ltr' id='par_1_109' title="bbox 1874 5347 3479 5425">
     <span class='ocr_line' id='line_1_111' title="bbox 1874 5347 3479 5425; baseline 0.003 -20"><span class='ocrx_word' id='word_1_779' title='bbox 1874 5347 2140 5405; x_wconf 86' lang='lat' dir='ltr'><strong>Chronici</strong></span> <span class='ocrx_word' id='word_1_780' title='bbox 2168 5349 2552 5404; x_wconf 85' lang='lat' dir='ltr'><strong>Malleacensis</strong></span> <span class='ocrx_word' id='word_1_781' title='bbox 2588 5348 3073 5420; x_wconf 78' lang='lat' dir='ltr'><strong>interpretationi,</strong></span> <span class='ocrx_word' id='word_1_782' title='bbox 3102 5353 3173 5409; x_wconf 91' lang='lat' dir='ltr'><strong>de</strong></span> <span class='ocrx_word' id='word_1_783' title='bbox 3204 5371 3319 5424; x_wconf 88' lang='lat' dir='ltr'><strong>qua</strong></span> <span class='ocrx_word' id='word_1_784' title='bbox 3351 5356 3479 5425; x_wconf 87' lang='lat' dir='ltr'><strong>jam</strong></span> 
     </span>
    </p>
   </div>
   <div class='ocr_carea' id='block_1_110' title="bbox 1875 5436 3491 5512">
    <p class='ocr_par' dir='ltr' id='par_1_110' title="bbox 1875 5436 3491 5512">
     <span class='ocr_line' id='line_1_112' title="bbox 1875 5436 3491 5512; baseline 0 -18"><span class='ocrx_word' id='word_1_785' title='bbox 1875 5436 2536 5501; x_wconf 87' lang='lat' dir='ltr'><strong>dictum,alteramhanc</strong></span> <span class='ocrx_word' id='word_1_786' title='bbox 2568 5437 2825 5508; x_wconf 84' lang='lat' dir='ltr'><strong>proxime</strong></span> <span class='ocrx_word' id='word_1_787' title='bbox 2840 5439 3179 5512; x_wconf 86' lang='lat' dir='ltr'><strong>subjungat:</strong></span> <span class='ocrx_word' id='word_1_788' title='bbox 3223 5443 3491 5498; x_wconf 79' lang='lat' dir='ltr'><strong>«Deinde</strong></span> 
     </span>
    </p>
   </div>
   <div class='ocr_carea' id='block_1_111' title="bbox 160 5507 1769 5601">
    <p class='ocr_par' dir='ltr' id='par_1_111' title="bbox 160 5507 1769 5590">
     <span class='ocr_line' id='line_1_113' title="bbox 160 5507 1769 5590; baseline 0.015 -29"><span class='ocrx_word' id='word_1_789' title='bbox 160 5507 525 5565; x_wconf 76' lang='lat' dir='ltr'><strong>Rerimanno</strong></span> <span class='ocrx_word' id='word_1_790' title='bbox 560 5514 806 5584; x_wconf 83' lang='lat' dir='ltr'><strong>seniore,</strong></span> <span class='ocrx_word' id='word_1_791' title='bbox 835 5535 1009 5590; x_wconf 89' lang='lat' dir='ltr'><strong>quem</strong></span> <span class='ocrx_word' id='word_1_792' title='bbox 1040 5521 1388 5580; x_wconf 87' lang='lat' dir='ltr'><strong>Gozechinus</strong></span> <span class='ocrx_word' id='word_1_793' title='bbox 1417 5526 1769 5585; x_wconf 67' lang='lat' dir='ltr'><strong>scholasticus</strong></span> 
     </span>
    </p>
   </div>
   <div class='ocr_carea' id='block_1_112' title="bbox 1871 5507 3503 5601">
    <p class='ocr_par' dir='ltr' id='par_1_112' title="bbox 1881 5507 3503 5601">
     <span class='ocr_line' id='line_1_114' title="bbox 1881 5507 3503 5601; baseline -0.001 -18"><span class='ocrx_word' id='word_1_794' title='bbox 1881 5527 2129 5599; x_wconf 86' lang='lat' dir='ltr'><strong>ipsamet</strong></span> <span class='ocrx_word' id='word_1_795' title='bbox 2156 5526 2429 5598; x_wconf 86' lang='lat' dir='ltr'><strong>(allegata</strong></span> <span class='ocrx_word' id='word_1_796' title='bbox 2452 5507 2714 5583; x_wconf 80' lang='lat' dir='ltr'><strong>Chronici</strong></span> <span class='ocrx_word' id='word_1_797' title='bbox 2732 5507 3136 5601; x_wconf 76' lang='lat' dir='ltr'><strong>Malleacensis)</strong></span> <span class='ocrx_word' id='word_1_798' title='bbox 3164 5529 3335 5587; x_wconf 86' lang='lat' dir='ltr'><strong>verba</strong></span> <span class='ocrx_word' id='word_1_799' title='bbox 3366 5544 3503 5584; x_wconf 75' lang='lat' dir='ltr'><strong>non</strong></span> 
     </span>
    </p>
   </div>
   <div class='ocr_carea' id='block_1_113' title="bbox 169 5595 1801 5686">
    <p class='ocr_par' dir='ltr' id='par_1_113' title="bbox 169 5595 1801 5686">
     <span class='ocr_line' id='line_1_115' title="bbox 169 5595 1801 5686; baseline 0.015 -34"><span class='ocrx_word' id='word_1_800' title='bbox 169 5595 253 5667; x_wconf 81' lang='lat' dir='ltr'><strong>pri</strong></span> <span class='ocrx_word' id='word_1_801' title='bbox 279 5612 449 5652; x_wconf 88' lang='lat' dir='ltr'><strong>mum</strong></span> <span class='ocrx_word' id='word_1_802' title='bbox 474 5599 671 5655; x_wconf 87' lang='lat' dir='ltr'><strong>laudat</strong></span> <span class='ocrx_word' id='word_1_803' title='bbox 692 5603 843 5661; x_wconf 86' lang='lat' dir='ltr'><strong>inter</strong></span> <span class='ocrx_word' id='word_1_804' title='bbox 872 5607 1020 5665; x_wconf 87' lang='lat' dir='ltr'><strong>illius</strong></span> <span class='ocrx_word' id='word_1_805' title='bbox 1032 5611 1221 5666; x_wconf 79' lang='lat' dir='ltr'><strong>saeculi</strong></span> <span class='ocrx_word' id='word_1_806' title='bbox 1233 5613 1517 5686; x_wconf 88' lang='lat' dir='ltr'><strong>sapientes</strong></span> <span class='ocrx_word' id='word_1_807' title='bbox 1539 5620 1598 5675; x_wconf 91' lang='lat' dir='ltr'><strong>et</strong></span> <span class='ocrx_word' id='word_1_808' title='bbox 1610 5620 1801 5676; x_wconf 86' lang='lat' dir='ltr'><strong>aucto-</strong></span> 
     </span>
    </p>
   </div>
   <div class='ocr_carea' id='block_1_114' title="bbox 451 5689 871 5756">
    <p class='ocr_par' dir='ltr' id='par_1_114' title="bbox 451 5689 871 5756">
     <span class='ocr_line' id='line_1_116' title="bbox 451 5689 871 5756; baseline 0.019 -10"><span class='ocrx_word' id='word_1_809' title='bbox 451 5689 685 5750; x_wconf 65' lang='grc' dir='ltr'><strong>Ρλτιοι..</strong></span> <span class='ocrx_word' id='word_1_810' title='bbox 721 5693 871 5756; x_wconf 81' lang='lat' dir='ltr'><strong>CLII.</strong></span> 
     </span>
    </p>
   </div>
   <div class='ocr_carea' id='block_1_115' title="bbox 1872 5612 3511 5691">
    <p class='ocr_par' dir='ltr' id='par_1_115' title="bbox 1872 5612 3511 5691">
     <span class='ocr_line' id='line_1_117' title="bbox 1872 5612 3511 5691; baseline -0.002 -15"><span class='ocrx_word' id='word_1_811' title='bbox 1872 5612 2163 5681; x_wconf 85' lang='lat' dir='ltr'><strong>evincunt.</strong></span> <span class='ocrx_word' id='word_1_812' title='bbox 2197 5614 2561 5684; x_wconf 87' lang='lat' dir='ltr'><strong>Fulbertum,</strong></span> <span class='ocrx_word' id='word_1_813' title='bbox 2577 5615 2791 5674; x_wconf 86' lang='lat' dir='ltr'><strong>nedum</strong></span> <span class='ocrx_word' id='word_1_814' title='bbox 2813 5617 3246 5691; x_wconf 84' lang='lat' dir='ltr'><strong>Berengarium,</strong></span> <span class='ocrx_word' id='word_1_815' title='bbox 3268 5618 3511 5678; x_wconf 86' lang='lat' dir='ltr'><strong>audito-</strong></span> 
     </span>
    </p>
   </div>
   <div class='ocr_carea' id='block_1_116' title="bbox 3074 5712 3108 5768">
    <p class='ocr_par' dir='ltr' id='par_1_116' title="bbox 3074 5712 3108 5768">
     <span class='ocr_line' id='line_1_118' title="bbox 3074 5712 3108 5768; baseline 0 -4"><span class='ocrx_word' id='word_1_816' title='bbox 3074 5712 3108 5768; x_wconf 78' lang='lat'><strong>&#39;2</strong></span> 
     </span>
    </p>
   </div>
  </div>
