4122 6058
497 287 568 342 1,3
1355 278 1414 347 s,
1455 279 1797 337 BBUNONIS
1839 277 2472 337 canrausmvonum
2503 266 2969 341 INSTITUTORIS
3756 293 3836 348 44

494 426 623 467 rem
653 407 917 464 habuisse
950 407 1302 473 Brunonem,
1355 406 1453 461 sed
1484 409 1714 463 tantum
1764 409 2110 464 Brunonem
2139 410 2195 470 Α
2215 408 2427 463 Remos
2457 407 2661 478 adiret,
2711 409 2767 465 S.
2801 409 3096 466 Cunibcrti
3125 412 3467 478 canonicum
3512 430 3630 471 non
3657 416 3839 473 exsti-

496 510 553 561 et
585 507 724 561 alios
748 506 979 571 multos,
1019 504 1131 557 sive
1162 520 1195 557 a
1222 503 1509 571 Fulberto,
1545 509 1659 558 sive
1693 521 1727 557 a
1759 503 2106 576 Berengario
2215 495 2368 563 tisse,
2428 496 2527 550 sed
2557 499 2680 550 tum
2724 497 2984 566 demum,
3046 515 3176 554 cum
3226 518 3380 557 anno
3412 505 3546 559 1076
3599 508 3698 558 aut
3747 523 3842 561 se-

501 622 527 649 ‹‹
561 593 1193 667 HeredesphiIOSOphia
1210 613 1236 641 ››
1255 593 1481 647 relictos
1495 593 2112 666 fuisse;aquocumque
2215 587 2415 661 quenti
2448 587 2641 641 Remis
2669 589 2943 644 excedere
2968 588 3167 644 fuisset
3191 593 3537 664 compulsus.

497 688 733 742 demum
754 687 1108 755 praceptore
1127 682 1332 735 eruditi
1355 681 1685 749 fuerintilli,
1711 682 1770 736 id
1787 683 2110 750 est,Bruno,

499 775 707 847 aliique
723 771 1098 844 philosophia
1111 771 1376 824 heredes.
1402 792 1428 819 »
1454 771 1539 825 Ab
1563 770 1835 841 opinione
1850 788 1985 825 sane
2001 787 2113 842 qua

499 866 741 920 Sanctus
793 861 946 932 apud
970 861 1228 914 Turonas
1270 859 1374 912 sub
1404 859 1754 930 Berengario
1807 859 2107 928 studuisse,

498 948 1218 1019 statuitur,eruditiomnes
1238 947 1403 1002 facile
1419 946 1732 1016 discedent,
1767 947 1809 1001 si
1841 947 2109 1013 alterhic,

496 1059 608 1115 quo
631 1038 987 1095 Mabillonius
1020 1035 1493 1104 utitur,Chronici
1517 1036 1901 1091 Malleacensis
1941 1036 2115 1090 inter-

498 1128 764 1202 pretandi
791 1127 997 1182 modus
1019 1127 1212 1181 locum
1263 1124 1474 1178 debeat
1495 1125 1728 1180 habere.
1766 1125 1978 1179 Verum
1999 1142 2109 1190 res,

498 1223 560 1274 ut
577 1217 716 1272 mihi
741 1215 1011 1287 equidem
1029 1212 1724 1285 apparet,verosimillime
1738 1229 1899 1267 secus
1917 1213 2110 1278 habet;

497 1307 652 1380 quod
683 1308 746 1360 ut
773 1305 1083 1376 probatum
1119 1302 1273 1369 dem,
1333 1301 1455 1372 ipsa
1504 1301 1681 1356 recito
1733 1301 2115 1356 Malleacensis

506 1394 772 1451 Chronici
822 1393 1016 1459 verba,
1045 1407 1164 1445 non
1197 1407 1266 1444 ea
1296 1393 1550 1458 tantum,
1605 1407 1732 1462 qua
1758 1390 2116 1445 Mabillonius

498 1490 626 1543 loco
659 1500 832 1556 supra
882 1483 974 1537 cit.
1001 1481 1382 1552 transcripsit,
1405 1499 1606 1536 verum
1638 1483 1837 1550 etiam,
1873 1499 2000 1553 qua
2029 1481 2114 1536 hi-

502 1595 594 1634 sce
622 1574 1077 1648 praemittuntur,
1121 1571 1341 1643 aliquot
1372 1571 1504 1639 alia,
1549 1574 1768 1625 textum
1821 1571 2116 1642 aliquanto

505 1664 876 1740 prolixiorem
921 1658 1452 1742 constituentia,qui
1501 1658 1578 1714 sic
1600 1659 2121 1714 habetzGirbcrtus

506 1771 638 1809 vero
690 1751 924 1806 natione
954 1747 1294 1819 Aquitanus,
1354 1748 1673 1802 monachus
1703 1745 2122 1802 Aureliacensis

507 1841 686 1898 sancti
708 1836 934 1894 Geraldi
973 1836 1315 1903 ecclesia,...
1351 1836 1422 1888 ab
1451 1836 1802 1907 imperatore
1826 1853 1976 1908 papa
2010 1837 2121 1891 Ro-

508 1945 818 1986 manorum
850 1926 1174 1981 sublevatus
1199 1926 1287 1979 est
1314 1927 1554 1995 propter
1583 1924 1960 1996 philosophiae
1991 1941 2122 1997 gra-

508 2020 686 2076 tiam:
716 2019 1004 2072 mutatum
1036 2018 1121 2068 est
1142 2029 1358 2068 nomen
1393 2014 1514 2084 ejus
1544 2012 1856 2084 pristinum
1889 2015 2125 2068 ctvoca-

510 2115 602 2166 tus
634 2111 719 2162 est
748 2105 1034 2160 Silvester.
1060 2102 1353 2157 Girhertus
1387 2101 1544 2156 enim
1577 2102 1772 2157 docuit
1791 2103 2127 2158 Fulbertum

515 2198 931 2252 Carnotensem
964 2192 1322 2263 episcopum,
1359 2189 1456 2263 qui
1499 2194 1629 2261 post
1681 2191 1999 2246 Leobinum
2031 2209 2126 2246 ex-

511 2286 656 2343 stitit
685 2283 1001 2355 episcopus.
1023 2283 1102 2336 De
1131 2297 1242 2352 quo
1269 2280 1453 2334 multa
1473 2280 1684 2350 scripta
1709 2282 1795 2334 vel
1815 2280 1873 2335 in
1893 2281 2126 2353 pagina,

513 2376 601 2430 vel
624 2373 684 2428 in
717 2375 890 2427 cantu
920 2373 1133 2426 sancta
1167 2367 1420 2424 ecclesia
1446 2373 1878 2424 remanserunt.
1906 2369 2004 2422 Hic
2024 2370 2129 2424 ite-

514 2479 646 2518 rum
686 2461 984 2516 Fulhertus
1028 2457 1222 2513 docuit
1280 2458 1355 2512 Be
1395 2457 1735 2529 rengarium
1785 2458 2130 2514 canonicum

519 2551 699 2608 sancti
717 2548 962 2606 Martini.
1001 2547 1107 2612 Qui
1134 2546 1275 2602 item
1320 2548 1655 2601 Brunonem
1691 2548 2040 2602 Remensem
2076 2551 2133 2603 et

518 2641 659 2696 alios
691 2640 903 2695 multos
932 2636 1175 2691 heredes
1199 2635 1576 2707 philosophia
1607 2635 1859 2708 reliquit.
1884 2655 1916 2688 »

591 2732 677 2784 65.
705 2727 917 2783 Ordine
931 2725 1042 2792 hic,
1069 2740 1183 2796 quo
1226 2725 1566 2790 ﬂoruerunt,
1600 2729 2132 2780 recensenturnon-

521 2811 1422 2883 nulli,utconsiderantipatebit,
1459 2812 1838 2883 philosophia
1873 2814 2133 2869 doctores

517 2924 618 2964 seu
641 2903 1178 2977 magistri,quorum
1201 2901 1296 2954 alii
1320 2901 1441 2956 aliis
1455 2901 1756 2956 scientiam
1782 2903 1932 2957 hanc
1953 2903 2131 2958 tradi-

522 2995 658 3050 dere
691 3011 705 3060 ;
739 3007 936 3064 quare,
960 3006 1094 3044 cum
1121 2988 1517 3060 Berengarius,
1553 2989 1636 3043 uti
1661 2990 1814 3060 apud
1830 3007 2032 3045 omnes
2074 2991 2134 3045 in

521 3083 779 3139 confesso
797 3082 901 3146 est,
926 3078 1300 3150 philosophia
1328 3079 1530 3132 doctor
1549 3095 1648 3132 seu
1671 3078 1946 3149 magister
1959 3080 2134 3135 etiam

524 3169 822 3234 exstiterit,
869 3168 993 3221 hac
1042 3166 1470 3237 chronographi
1520 3165 1902 3221 Malleacensis
1923 3168 2133 3224 verba:

529 3281 557 3309 α
580 3258 687 3322 Qui
700 3257 839 3311 item
855 3257 1189 3310 Brunonem
1208 3255 1559 3309 Remensem
1582 3257 1640 3307 et
1657 3255 1798 3309 alios
1816 3257 2028 3311 multos
2044 3257 2140 3312 he-

522 3346 690 3401 redes
709 3343 1348 3415 philosophiareliquit,
1375 3363 1403 3392 ››
1432 3357 1552 3396 non
1585 3342 1660 3396 ad
1688 3342 2043 3412 Fulbertum,
2079 3347 2141 3399 ut

523 3436 643 3488 vult
701 3431 1080 3497 Mabillonius,
1141 3431 1240 3485 sed
1274 3431 1348 3485 ad
1379 3430 1793 3502 Berengarium
1833 3432 2142 3488 referenda

524 3525 678 3589 sunt,
695 3521 888 3591 itaque
910 3505 1122 3574 debdnt
1143 3510 1408 3591 intelligi,
1437 3522 1500 3574 ut
1523 3519 2029 3590 signiﬁcent,hunc
2061 3521 2142 3593 ip-

524 3611 781 3666 summet
801 3607 857 3662 S.
886 3608 1138 3663 Brunoni
1160 3607 1538 3679 philosophia
1558 3608 1859 3663 scientiam
1880 3610 2144 3665 tradidis-
2181 3644 2186 3650 -

523 3717 602 3756 se.
639 3700 704 3771 Et
735 3712 892 3764 vero,
926 3700 989 3751 ut
1045 3697 1124 3752 ita
1182 3696 1601 3768 intelligantur,
1652 3698 1932 3753 naturalis
1966 3699 2142 3754 etiam

527 3794 891 3867 maximeque
938 3792 1137 3848 obvius
1166 3809 1341 3865 quem
1392 3791 1660 3860 offerunt,
1714 3810 1912 3847 sensus
1944 3795 2137 3866 exigit,

525 3882 1043 3955 quemadmodum,
1089 3884 1372 3952 quantum
1414 3881 1641 3951 opinor,
1697 3881 1936 3953 quisque
1976 3882 2140 3937 facile

523 3972 815 4026 fatebitur.
869 3970 964 4040 qui
989 3969 1335 4039 prajudiciis
1365 3985 1569 4022 vacuus
1617 3968 1915 4023 exstiterit.
1948 3971 2140 4025 Mabil-

523 4060 711 4114 lonius
737 4058 1000 4130 quidem,
1025 4060 1087 4111 ut
1118 4058 1379 4111 sanctam
1411 4055 1840 4126 philosophiam
1865 4074 1898 4111 a
1929 4058 2139 4113 Beren-

526 4147 686 4220 gario
719 4147 954 4201 doctum
987 4134 1103 4199 non
1121 4143 1313 4211 fuisse,
1333 4160 1396 4198 ac
1417 4144 1585 4216 proin
1615 4144 1944 4213 hacverba,
1975 4167 2002 4195 «
2036 4146 2142 4211 Qui

527 4237 670 4293 item
702 4236 1034 4289 Brunonem
1059 4233 1426 4298 Remensem,
1455 4253 1480 4279 n
1508 4235 1640 4298 etc.,
1662 4247 1730 4286 eo
1761 4233 2140 4305 modo,quem

528 4324 800 4396 assignat,
819 4321 1163 4393 exponenda
1178 4321 1424 4385 evincat,
1447 4319 1506 4374 in
1524 4320 1935 4389 probationem
1954 4323 2140 4379 adhuc

2141 1712 2192 1771 B

2286 679 2374 732 66.
2395 678 2626 732 Nullum
2647 677 2841 751 itaque
2861 695 2926 734 ex
2945 679 3323 752 argumentis,
3343 668 3548 754 quibus
3579 683 3838 740 Mabillo-

2214 765 2362 835 nius,
2381 766 2556 822 modo
2578 769 2664 822 vel
2685 785 2800 823 uno
2821 769 2908 823 vel
2927 769 3153 823 alteroa
3174 785 3233 824 se
3253 769 3538 842 assignato
3563 772 3837 829 Chronici

2211 856 2610 924 Malleacensis,
2635 874 2761 929 qua
2788 857 3006 929 prolixe
3025 876 3177 913 nunc
3197 859 3380 914 discus
3399 879 3460 915 sa
3479 865 3631 930 sunt,
3653 863 3838 918 verba

2214 944 2549 1016 explicanda
2583 962 2722 1011 esse,
2749 947 3056 1018 probatum
3080 949 3216 1016 vult,
3261 966 3387 1003 rem
3406 954 3561 1005 certo
3596 950 3832 1020 evincit,

2214 1049 2278 1087 ac
2301 1034 2467 1105 proin
2487 1034 2676 1089 sensui
2704 1035 2948 1090 naturali
2965 1035 3264 1109 magisque
3285 1037 3472 1106 obvio,
3495 1056 3669 1111 quem
3705 1041 3837 1096 hac

2215 1121 2484 1191 oﬂ'erunt,
2509 1124 2828 1193 adharens,
2853 1125 2934 1179 ita
2949 1142 3017 1180 ea
3031 1143 3211 1198 pergo
3234 1127 3513 1199 accipere,
3530 1132 3592 1183 ut
3615 1130 3834 1185 Bercn-
3905 1165 3914 1167 -

2215 1212 2442 1284 garium
2479 1211 2535 1266 S.
2567 1212 2817 1268 Brunoni
2845 1213 3218 1287 phiIOSOphia
3256 1215 3465 1287 placita
3502 1218 3832 1287 tradidisse,

2218 1300 2571 1374 signiﬁcent:
2601 1300 2756 1373 quod
2778 1301 3019 1373 proinde
3036 1319 3098 1356 re
3120 1302 3242 1376 ipsa
3265 1304 3440 1358 etiam
3460 1305 3698 1374 factum,
3724 1325 3836 1380 pro

2219 1389 2651 1445 verosimillimo
2701 1390 2911 1456 habeo,
2940 1390 3202 1446 Chronici
3245 1393 3650 1463 Mallcacensis,
3672 1396 3838 1467 quod

2219 1483 2513 1533 auctorem
2533 1477 2739 1534 Sancto
2773 1483 2969 1534 nostro
2995 1479 3115 1534 fere
3151 1481 3434 1552 aqualem
3465 1483 3659 1551 habet,
3694 1500 3834 1538 auc-

2219 1567 2448 1622 toritate
2462 1567 2758 1640 impulsus.
2776 1567 2949 1622 Addit
2965 1567 3199 1640 quidem
3216 1569 3362 1640 (vide
3376 1587 3537 1625 num.
3557 1574 3615 1626 61
3628 1571 3834 1642 )etiam

2217 1655 2593 1724 Mabillonius,
2617 1656 2760 1711 tanti
2785 1657 2935 1711 hanc
2957 1673 3076 1711 non
3099 1673 3240 1724 esse,
3262 1661 3323 1712 ut
3349 1659 3669 1716 Chronicon
3689 1661 3837 1716 illud

2220 1745 2307 1814 iis,
2343 1761 2471 1819 qua
2504 1746 2766 1812 adstruit,
2797 1745 2970 1800 ﬁdem
2995 1745 3379 1802 indubitatam
3420 1749 3608 1804 facere
3629 1751 3832 1822 possit,

2221 1851 2399 1907 reque
2433 1834 2554 1908 ipsa
2587 1834 2886 1902 nonnulla,
2916 1851 3043 1906 qua
3075 1837 3376 1892 memoria
3401 1838 3592 1910 prodit
3631 1856 3665 1894 a
3692 1839 3839 1894 veri-

2225 1927 2342 1980 tate
2371 1923 2580 1990 aliena,
2611 1922 2970 1994 deprehensa
2987 1927 3139 1992 sunt,
3174 1928 3301 1980 tum
3330 1943 3363 1980 a
3394 1926 3642 1996 Labbeo,
3667 1946 3836 2002 aquo

2225 2013 2480 2086 primum
2507 2011 2716 2086 publici
2737 2012 2882 2082 juris
2902 2012 3120 2067 factum
3147 2017 3252 2082 est,
3284 2016 3410 2069 tum
3439 2020 3568 2088 post
3595 2033 3730 2072 eum
3761 2018 3836 2073 ab

2227 2101 2485 2157 Historia
2515 2100 2807 2156 litteraria
2846 2101 3097 2157 Francia
3129 2102 3497 2174 scriptoribus
3540 2108 3683 2160 tom.
3721 2107 3836 2175 XII,

2230 2209 2365 2265 pag.
2398 2194 2467 2246 79
2508 2194 2565 2245 et
2607 2189 2891 2261 sequenti.
2922 2190 3155 2259 Verum,
3191 2191 3293 2246 etsi
3319 2192 3377 2246 id
3405 2193 3487 2248 ita
3510 2194 3599 2260 sit,
3631 2194 3842 2251 verosi-

2231 2280 2542 2336 millimum
2573 2282 2771 2333 tamen
2800 2279 2987 2334 adhuc
3019 2283 3275 2352 apparet,
3309 2282 3464 2354 quod
3503 2283 3573 2336 de
3624 2285 3843 2340 tradita

2235 2370 2291 2426 S.
2329 2368 2580 2424 Brunoni
2629 2385 2664 2422 a
2695 2368 3042 2440 Berengario
3074 2368 3438 2441 philosophia
3463 2371 3735 2427 afﬁrmat.
3761 2374 3842 2428 Ea
3947 2388 3950 2391 ‘

2234 2458 2411 2526 enim,
2445 2458 2506 2512 in
2556 2456 2760 2530 quibus
2802 2456 3064 2512 Chronici
3091 2457 3240 2512 illius
3269 2462 3470 2515 auctor
3517 2479 3552 2516 a
3599 2462 3840 2518 veritate

2233 2548 2485 2604 deviasse
2512 2550 2762 2612 notatur,
2792 2545 2863 2600 ab
2895 2549 3063 2600 atate
3086 2547 3206 2618 ejus
3230 2547 3459 2620 longius
3489 2549 3754 2619 abfuere;
3778 2551 3838 2606 in

2233 2637 2298 2693 iis
2326 2639 2541 2702 autem,
2575 2652 2700 2708 qua
2727 2636 2813 2689 vel
2845 2637 3107 2707 tempore
3152 2653 3254 2691 suo
3285 2639 3373 2693 vel
3404 2655 3521 2694 non
3550 2639 3646 2694 diu
3704 2643 3841 2696 ante

2235 2730 2396 2800 gesta
2421 2728 2574 2792 sunt,
2609 2724 2696 2778 vix
2727 2741 2986 2796 unquam
3019 2742 3053 2779 a
3085 2725 3332 2794 Labbeo,
3369 2727 3464 2800 qui
3503 2730 3700 2784 tamen
3749 2747 3841 2785 er-

2233 2833 2392 2872 rores
2419 2814 2540 2885 ejus
2570 2813 2767 2867 sedulo
2796 2813 3333 2880 adnotavit,errasse
3361 2819 3684 2884 notatur,ut
3711 2835 3844 2892 pro-

2234 2905 2390 2972 inde,
2420 2919 2551 2959 cnm
2583 2903 2939 2974 synchronus
2973 2905 3070 2957 aut
3100 2907 3253 2958 certe
3274 2920 3421 2976 pene
3448 2907 3680 2979 aqualis
3702 2907 3845 2963 San-

2237 2997 2328 3049 cto
2357 2996 2552 3048 nostro
2585 2990 2931 3058 exstititerit,
2962 2990 3022 3046 in
3053 2991 3119 3045 iis
3144 2993 3363 3065 utique,
3388 3012 3514 3067 qua
3543 2995 3613 3050 de
3646 2997 3842 3052 audita

2236 3085 2307 3138 ab
2333 3084 2440 3138 hoc
2469 3081 2571 3136 sub
2613 3080 2958 3152 Berengario
2984 3080 3346 3153 philosophia
3397 3083 3593 3152 tradit,
3623 3101 3842 3142 errasse

2238 3170 2648 3228 existimandus
2669 3185 2786 3224 non
2807 3168 2898 3236 sit,
2932 3185 3117 3242 neque
3135 3186 3266 3225 vero
3285 3188 3522 3240 errasse,
3555 3190 3590 3228 a
3614 3173 3841 3230 Labbeo

2241 3263 2495 3316 notatur.
2529 3258 2736 3326 Quare,
2767 3257 2812 3312 si
2839 3275 2956 3312 non
2990 3257 3229 3314 omnino
3259 3263 3502 3329 certum,
3526 3261 3845 3317 verosimil-

2241 3350 2447 3404 limum
2465 3347 2756 3419 equidem,
2789 3347 3056 3402 omnibus
3100 3348 3491 3417 consideratis,
3531 3353 3634 3417 est,
3668 3350 3845 3406 Sanc-

2241 3443 2365 3494 tum
2413 3441 2674 3492 nostrum
2706 3452 2739 3490 a
2780 3436 3125 3508 Berengario
3157 3437 3581 3510 philosophiam
3610 3439 3846 3496 doctum

2238 3527 2428 3582 fuisse.

2312 3619 2399 3672 67.
2427 3615 2566 3670 Hinc
2583 3631 2754 3688 porro
2761 3614 2885 3685 jam
2901 3614 3290 3687 consequitur,
3307 3618 3368 3669 ut
3384 3632 3535 3684 eam,
3562 3634 3679 3672 non
3699 3618 3852 3674 Pari-

2242 3705 2516 3776 siis,quod
2527 3703 2617 3758 hic
2631 3703 3175 3775 etiamprobandum
3190 3707 3334 3770 erat,
3350 3705 3449 3758 sed
3460 3705 3701 3760 Turonis
3716 3723 3848 3764 cum

2242 3795 2300 3849 in
2319 3795 2426 3848 hac
2441 3792 2687 3858 civitate,
2705 3808 2824 3846 non
2858 3796 3054 3846 autem
3075 3791 3176 3862 (uti
3200 3792 3374 3847 modo
3393 3793 3544 3847 inter
3560 3795 3847 3849 recentio-

2242 3900 2333 3937 res
2349 3881 2575 3936 criticos
2591 3879 2724 3935 satis
2735 3879 3085 3950 convenit)in
3106 3879 3236 3948 alia,
3254 3882 3634 3953 Berengarius
3648 3883 3853 3938 docue-

2243 3971 2337 4036 rit,
2379 3969 2808 4041 verosimillime
2845 3968 3149 4040 exceperit.
3183 3971 3256 4024 At
3280 3986 3433 4035 vero,
3468 3970 3711 4042 inquies,
3745 3972 3848 4026 Be-

2241 4057 2741 4131 rengariusimpia
2761 4074 2880 4123 sua,
2905 4074 3020 4129 qua
3041 4057 3182 4112 alios
3208 4058 3646 4114 etiam-inficere
3673 4076 3847 4115 cona-

2245 4149 2431 4214 batur,
2463 4147 2667 4200 haresi
2701 4146 2932 4200 infamis
2960 4146 3126 4217 juxta
3150 4163 3214 4200 ac
3242 4147 3592 4219 periculosus
3610 4152 3751 4216 erat,
3781 4165 3847 4205 ac

2242 4235 2410 4308 proin
2456 4233 2902 4295 existimandum
2959 4250 3076 4288 non
3107 4238 3366 4307 apparet,
3409 4236 3496 4289 vel
3537 4236 3716 4291 sancti
3745 4255 3843 4310 pa-

2240 4327 2454 4391 rentes,
2478 4324 2565 4377 vel
2595 4338 2711 4388 eos,
2735 4321 2831 4392 qui
2853 4321 3000 4376 illius
3026 4322 3209 4378 adhuc
3215 4323 3441 4394 juvenis
3462 4340 3654 4379 curam
3681 4341 3845 4396 gere-

527 4413 707 4479 addit,
767 4414 1162 4476 «Brunonem,
1207 4409 1332 4480 jam
1368 4407 1714 4463 clericumet
1737 4400 2213 4466 ColoniensemD
2241 4413 2402 4480 bant,
2464 4410 2871 4466 commissuros
2898 4409 3087 4478 fuisse,
3146 4414 3205 4464 ut
3257 4411 3555 4479 Sanctum,
3587 4414 3846 4485 magistri

524 4501 891 4566 canonicum,
915 4515 979 4553 ac
1011 4497 1254 4569 proinde
1304 4496 1509 4551 litteris
1546 4497 1853 4565 excullum,
1884 4514 1949 4552 ex
2002 4499 2140 4557 urbe

527 4588 764 4645 Colonia
792 4588 852 4642 in
886 4588 1202 4641 Remorum
1234 4585 1524 4640 civitatem
1557 4586 1872 4663 accessisse,
1914 4609 1942 4638 ››
1968 4587 2138 4659 idque

527 4681 790 4734 constare
809 4693 876 4732 ex
901 4676 1053 4731 hisce
1090 4674 1204 4746 (adi
1235 4691 1398 4729 num.
1430 4674 1516 4746 52)
1544 4663 1810 4730 Manassis
1823 4676 2139 4731 Remorum

529 4765 944 4838 archiprasulis
994 4764 1063 4818 de
1097 4763 1153 4818 S.
1185 4764 1452 4818 Brunone
1496 4763 1700 4830 verbis,
1753 4786 1781 4812 ››
1813 4765 2002 4820 Bruno
2033 4782 2138 4820 nec

526 4859 724 4910 noster
764 4853 1020 4920 clericus,
1055 4869 1158 4906 nec
1195 4855 1392 4907 noster
1415 4855 1601 4918 natus,
1629 4856 1727 4907 aut
1766 4854 2000 4908 renatus
2032 4859 2134 4923 est,

526 4945 627 5000 sed
648 4942 828 4998 sancti
860 4939 1172 5007 Cuniberti,
1200 4939 1258 4994 in
1279 4957 1459 5012 regno
1475 4941 1921 4996 Teutonicorum
1946 4943 2134 5014 positi,

527 5031 836 5090 canonicus
865 5033 1022 5097 est,»
1077 5032 1185 5083 etc.
1219 5029 1431 5084 Verum
1482 5029 1704 5098 litteris,
1739 5047 1866 5101 qua
1897 5031 2133 5102 altioris,

525 5125 588 5178 ut
644 5117 1024 5190 philosophia,
1070 5115 1288 5171 ordinis
1347 5117 1481 5183 sint,
1535 5117 1798 5172 nondum
1849 5123 2132 5188 sanctum,

524 5224 657 5263 cum
692 5205 928 5280 Colonia
955 5207 1166 5261 Remos
1216 5205 1374 5272 adiit,
1409 5206 1698 5260 excultum
1728 5206 1920 5274 fuisse,
1966 5225 2138 5280 supra

525 5280 845 5363 docuimus,
898 5311 1002 5350 nec
1033 5295 1094 5350 id
1146 5298 1408 5352 constare
1451 5298 1641 5367 potest
1691 5313 1758 5351 ex
1813 5297 2070 5368 allegatis
2103 5316 2138 5354 a

522 5380 847 5443 Mabillonio
904 5381 1169 5437 Manassis
1216 5381 1628 5454 archiepiscopi
1667 5383 1872 5453 verbis,
1905 5401 2037 5440 cum
2069 5403 2136 5442 ex

524 5473 699 5543 hisce,
721 5474 784 5527 ut
814 5470 942 5545 jam
984 5487 1157 5545 supra
1178 5471 1416 5544 dictum,
1459 5471 1648 5545 potius
1679 5477 1972 5546 appareat,
2003 5492 2134 5532 san-

530 5566 688 5624 ctum
721 5563 1009 5635 nostrum,
1074 5563 1390 5636 antequam
1423 5562 1644 5622 litteras
1689 5562 1943 5623 discendi
1969 5581 2139 5626 causa

2238 4501 2335 4572 huj
2346 4499 2570 4554 usmodi
2589 4499 2903 4570 disciplina
2921 4498 3523 4566 traditum,venenata
3538 4501 3844 4573 Impiaque

2241 4588 2517 4644 doctrina
2547 4588 2880 4642 haurienda
2903 4587 3217 4642 discrimini
3239 4593 3611 4659 exponerent.
3635 4589 3844 4646 Verum

2241 4677 2618 4748 Berengarius
2661 4692 2778 4730 non
2807 4677 3022 4742 statim,
3069 4693 3201 4729 cum
3229 4677 3450 4730 scholas
3485 4678 3845 4734 Turonenses

2237 4783 2439 4837 regere
2458 4766 2649 4837 capit,
2679 4766 2736 4820 in
2757 4764 3021 4819 haresim
3035 4764 3141 4819 fuit
3157 4765 3473 4836 prolapsus,
3500 4783 3604 4821 nec
3627 4767 3843 4837 statim,

2237 4871 2370 4909 cum
2395 4854 2680 4908 hareseos
2703 4869 2817 4908 sua
2837 4852 2988 4907 virus
2999 4869 3271 4924 spargere
3295 4854 3484 4926 capit,
3509 4855 3719 4926 passim
3741 4873 3842 4928 pro

2237 4941 2508 4998 haretico
2544 4943 2615 4996 ab
2639 4941 2909 4996 omnibus
2933 4941 3042 4995 fuit
3063 4941 3310 4995 habitus.
3343 4943 3408 4996 Et
3434 4942 3595 5012 Hugo
3609 4943 3844 5014 quidem
3879 5003 3886 5008 ,

2239 5030 2617 5103 Lingonensis
2644 5029 2958 5102 episcopus,
2979 5030 3308 5102 Berengarii
3329 5029 3468 5084 olim
3487 5031 3843 5104 condiscipu-

2237 5123 2342 5188 lus,
2369 5120 2588 5192 primus
2614 5119 2741 5186 fuit,
2787 5118 2882 5191 qui
2907 5119 2978 5173 ab
3006 5135 3095 5186 eo,
3133 5119 3248 5190 (adi
3272 5118 3530 5173 Historia
3555 5119 3843 5176 litteraria

2237 5208 2488 5264 Francia
2518 5207 2822 5279 scriptores
2855 5211 2996 5261 tom.
3023 5207 3158 5275 VIII,
3186 5223 3319 5278 pag.
3346 5206 3469 5278 202)
3500 5206 3558 5261 in
3590 5208 3842 5264 euchari-

2236 5297 2358 5353 stia
2385 5299 2748 5352 sacramento
2773 5298 2830 5351 et
2859 5295 3185 5352 realitatem
3204 5298 3261 5349 et
3287 5295 3844 5354 transubstantiatio—

2238 5402 2376 5441 nem
2407 5386 2626 5457 negari,
2651 5384 2948 5454 detexerit,
2968 5385 3179 5457 quique
3193 5383 3436 5438 haudita
3457 5383 3675 5439 dudum
3691 5388 3840 5456 post,

2236 5491 2350 5549 quo
2393 5477 2687 5530 errantem
2745 5473 2801 5528 in
2846 5473 2998 5528 viam
3055 5472 3375 5541 reduceret,
3425 5471 3724 5543 pulchram
3770 5474 3842 5529 ad

2239 5580 2377 5622 eum
2404 5561 2563 5620 dedit
2585 5561 2887 5641 epistolam
2921 5579 2936 5634 ;
2967 5577 3144 5636 quare
3168 5577 3302 5619 cum
3329 5561 3453 5618 hac
3493 5559 3607 5634 (adi
3633 5559 3841 5619 iterum
