4122 6058
158 109 237 166 45

1769 111 1953 170 ACTA
3462 131 3534 191 48

160 234 457 293 laudatos
487 234 795 309 scriptores
816 235 942 294 loco
960 234 1079 309 cit.)
1099 252 1218 294 non
1246 234 1429 307 citius,
1453 253 1629 312 quam
1643 240 1815 313 paulo
1842 245 1897 306 Α
1917 240 2136 315 dogma
2162 238 2667 313 diversam,emisit
2683 249 2747 305 ut
2762 246 2956 307 videre
2975 249 3109 310 licet
3131 250 3191 311 in
3215 256 3528 334 archiepis-

162 331 311 380 ante
338 326 659 381 Octobrem
677 327 815 382 anni
856 331 987 383 1019
1013 327 1228 399 scripta
1245 328 1436 395 fuerit,
1458 346 1815 402 consequens

160 420 276 481 est,
328 418 399 469 ut
449 415 883 471 verosimillime
934 432 1110 487 prava
1161 417 1492 488 Berengarii
1549 418 1813 476 doctrina

159 525 330 564 anno
397 509 703 565 dumtaxat
752 511 1013 582 proxime
1062 512 1213 566 hunc
1259 514 1647 583 antecedenti,
1697 533 1810 589 quo

159 604 355 659 etiam
395 607 521 659 haec
549 609 649 661 aut
681 609 909 661 tantum
947 610 1115 679 paulo
1134 608 1298 663 citius
1328 611 1524 665 turbas
1557 611 1613 664 in
1632 613 1808 667 eccle-

156 695 248 749 sia
280 695 573 750 excitasse
614 696 843 751 videtur
899 698 969 751 ab
1014 699 1253 770 Hugone
1291 699 1639 768 Lingonensi
1694 702 1811 773 epi-

157 800 349 856 scopo
388 783 566 839 fuerit
598 784 843 839 detecta.
867 787 993 840 Jam
1028 804 1335 855 vero,cum
1357 789 1415 842 id
1447 790 1525 843 ita
1552 791 1642 850 sit,
1667 790 1809 845 nihil

156 890 309 929 sane
344 872 537 928 sancti
568 876 859 945 parentes,
914 879 1202 956 tutoresye
1258 876 1539 947 impedire
1590 878 1805 945 debuit,

159 978 285 1035 quo
320 962 526 1017 minus
548 979 681 1017 eum
717 980 872 1018 anno
900 967 1053 1033 lOi7,
1087 980 1200 1036 quo
1224 981 1289 1019 ex
1314 981 1486 1036 supra
1508 965 1669 1021 dictis
1689 983 1812 1039 sep-

158 1050 499 1107 temdecim
513 1051 739 1106 circiter
756 1069 1045 1107 annorum
1058 1053 1185 1123 jam
1199 1070 1320 1107 esse
1336 1054 1542 1124 potuit,
1554 1055 1812 1111 Turonas

162 1139 880 1213 mirterentphilosophias
898 1142 1117 1212 placitis
1132 1159 1166 1197 a
1183 1142 1529 1215 Berengario
1554 1142 1813 1200 imbuen-

164 1228 340 1283 dum.
365 1229 497 1283 Imo
534 1245 663 1282 vero
687 1245 805 1284 non
822 1230 957 1284 satis
988 1229 1175 1296 video,
1210 1246 1313 1284 cur
1342 1246 1409 1284 eo
1446 1229 1622 1285 etiam
1657 1248 1809 1288 anno

170 1318 315 1371 1038
340 1320 447 1370 aut
479 1319 763 1388 sequenti,
797 1334 928 1373 cum
949 1335 1101 1374 anno
1135 1319 1375 1374 demum
1410 1322 1545 1374 1050
1578 1321 1811 1377 aLeone

167 1406 232 1459 ιΧ
265 1406 435 1475 Papa
470 1405 529 1459 in
558 1406 799 1462 concilio
833 1407 1029 1463 Romae
1070 1409 1359 1464 celebrato
1404 1409 1812 1481 Berengariani

172 1510 415 1548 errores
448 1493 667 1549 fuerint
690 1495 973 1561 damnati,
1010 1496 1160 1552 mitti
1184 1514 1300 1552 non
1336 1496 1631 1568 potuisset.

242 1584 341 1636 68.
360 1582 476 1637 Nec
497 1600 671 1654 porro
704 1584 953 1638 Brunoni
984 1589 1081 1640 aut
1097 1586 1218 1656 ejus
1244 1587 1280 1640 ﬁ
1295 1587 1359 1641 iis
1380 1586 1648 1642 dedecori
1670 1588 1812 1643 verti

171 1671 377 1737 debet,
403 1671 563 1742 quod
586 1673 629 1726 is
660 1672 959 1726 hominem
996 1674 1065 1728 de
1096 1674 1211 1729 ﬁde
1246 1692 1361 1730 non
1380 1680 1534 1731 recte
1558 1675 1809 1730 sentien-

173 1763 322 1823 tem,
358 1776 469 1814 nec
501 1763 700 1815 tamen
735 1763 796 1814 ut
814 1761 1152 1817 haereticum
1182 1763 1523 1819 damnatum
1542 1765 1600 1819 in
1631 1763 1813 1835 philo-

169 1847 383 1918 sophia
414 1847 697 1916 audierit;
731 1848 835 1903 etsi
856 1848 1013 1903 enim
1034 1849 1187 1905 idita
1216 1867 1284 1905 ex
1305 1852 1434 1922 jam
1457 1852 1808 1923 dictisappa-

170 1938 322 2003 reat,
347 1936 737 1991 dubitandum
758 1940 955 1992 tamen
977 1955 1096 1993 non
1118 1942 1222 2006 est,
1253 1940 1390 2012 quin
1412 1957 1447 1995 a
1462 1939 1808 2013 Berengario

169 2027 381 2079 saltem
435 2029 595 2091 tunc,
647 2043 779 2080 cum
814 2026 870 2080 in
919 2027 1159 2082 concilio
1192 2028 1454 2103 Romano
1500 2029 1808 2085 damnatus

172 2114 438 2185 primum
473 2113 564 2168 hic
591 2112 812 2181 fuisset,
863 2114 1176 2170 recesserit.
1224 2117 1308 2170 Ita
1337 2120 1579 2172 autumo
1626 2118 1712 2173 vel
1742 2134 1809 2173 ex

172 2219 264 2270 eo,
286 2202 449 2274 quod
481 2203 554 2258 ab
578 2203 759 2274 impia
780 2204 828 2275 ej
840 2221 902 2259 us
916 2205 1119 2259 haeresi
1147 2206 1397 2260 maxime
1420 2207 1804 2277 abhorruerit,

173 2300 234 2352 ut
264 2298 455 2352 fidem
486 2298 805 2365 facit,tum,
833 2317 972 2371 quas
1000 2300 1154 2366 fecit,
1174 2300 1326 2356 infra
1349 2301 1440 2356 hic
1470 2318 1806 2357 memoran-

175 2387 277 2441 das
296 2386 358 2441 in
374 2388 670 2457 psalmum
691 2388 924 2443 xxretin
937 2402 1062 2460 cap.
1090 2407 1165 2457 x1,
1199 2390 1369 2461 epist.
1396 2408 1411 2445 ι
1439 2391 1513 2445 ad
1545 2391 1803 2446 Corinth.

174 2476 726 2544 commentationes,
743 2480 887 2545 tum,
904 2494 1081 2548 quam
1098 2479 1273 2533 morti
1290 2478 1584 2550 proximus
1595 2479 1804 2548 emisit,

176 2561 312 2615 ﬁdei
353 2562 657 2632 professio,
708 2579 742 2617 a
796 2563 1152 2633 Mabillonio,
1215 2569 1359 2620 tom.
1408 2567 1476 2619 1V
1520 2567 1806 2637 Analect.,

176 2665 312 2722 pag.
334 2652 446 2705 400
470 2654 529 2705 et
551 2667 671 2723 seq.
706 2652 889 2706 relata
911 2652 1173 2725 infraque
1206 2654 1315 2709 huc
1346 2655 1804 2712 transcribenda.

178 2742 251 2792 At
282 2756 424 2794 vero
449 2740 727 2812 quoniam
749 2741 837 2795 hic
861 2742 932 2797 de
966 2741 1099 2798 ﬁdei
1129 2743 1508 2813 professione,
1542 2761 1575 2799 a
1608 2748 1805 2802 sancto

177 2825 358 2880 morti
410 2826 676 2897 proximo
723 2827 948 2895 emissa,
997 2845 1189 2884 sermo
1235 2829 1456 2899 incidit,
1491 2848 1671 2887 unam
1713 2832 1805 2889 hic

1916 347 1981 387 co
2005 348 2211 406 porum
2232 333 2599 392 Remensium
2617 338 2784 407 serie,
2816 357 2993 411 quam
3013 342 3191 399 Gallia
3209 333 3529 406 Christiana

1914 425 2080 476 aucta
2117 426 2259 477 tom.
2294 425 2355 478 lX
2382 425 2630 482 exhibet.
2685 430 2917 485 Accedit
2956 432 3252 489 Matthoeus
3296 436 3331 491 S
3362 438 3428 491 R.
3462 440 3526 495 E.

1912 510 2237 577 cardinalis,
2256 513 2413 584 cujus
2431 515 2811 573 Brunonianae
2834 536 2953 575 non
2975 524 3224 577 multum
3241 523 3528 598 dissmilis,

1910 615 2086 669 quam
2113 602 2216 655 sub
2248 602 2427 657 ﬁnem
2463 606 2590 661 vitae
2634 608 2846 677 emisit,
2879 609 3015 665 ﬁdei
3052 611 3327 683 professio
3356 630 3389 667 a
3412 615 3529 687 pud

1910 687 2145 741 Petrum
2164 690 2586 763 Venerabilem,
2602 696 2875 751 abbatem
2900 698 3356 770 Cluniacensem,
3372 703 3532 758 Mira-

1909 775 2169 832 culorum
2214 780 2313 836 lib.
2364 798 2423 849 ιι,
2469 800 2593 856 cap.
2630 789 2697 840 22
2749 789 2950 854 exstat,
2997 790 3056 841 et
3107 788 3419 846 Ludovicus
3461 793 3530 847 VI

1913 873 2262 931 Francorum
2310 895 2447 947 rex,
2508 882 2668 954 cujus
2717 882 3103 939 Brunonianaa
3151 885 3355 943 itidem
3406 906 3527 946 non

1910 964 2160 1021 multum
2198 967 2505 1037 dissimilis,
2554 987 2730 1043 quam
2778 972 3093 1030 moriturus
3135 976 3345 1045 emisit,
3391 978 3529 1035 ﬁdei

1909 1052 2188 1122 professio
2216 1071 2249 1109 a
2291 1056 2534 1113 Baronio
2565 1059 2624 1114 in
2659 1062 2977 1117 Annalibus
3018 1063 3092 1118 ad
3127 1081 3347 1120 annum
3390 1069 3521 1123 1131

1909 1140 2203 1197 recitatur.
2234 1145 2567 1216 Berengarii
2592 1148 2785 1222 itaque
2809 1150 2870 1205 in
2890 1151 3254 1226 philosophia
3279 1154 3527 1227 discipu-

1912 1230 2032 1284 lum
2061 1231 2230 1287 fuisse
2272 1232 2329 1288 S.
2379 1236 2737 1306 Brunonem,
2786 1240 2951 1312 argui
2995 1258 3062 1297 ex
3104 1259 3193 1309 ea,
3230 1260 3407 1315 quam
3433 1245 3526 1300 hic

1912 1319 2087 1374 morti
2112 1321 2406 1393 proximus
2426 1325 2636 1395 emisit,
2664 1326 2799 1382 ﬁdei
2813 1328 3172 1399 professione
3183 1348 3301 1387 non
3314 1337 3525 1405 potest.

1912 1425 2038 1475 nec,
2068 1414 2130 1464 ut
2150 1415 2414 1468 sanctum
2447 1416 2779 1488 Berengarii
2804 1417 2863 1473 in
2889 1418 3256 1492 philosophia
3280 1421 3526 1495 discipu-

1911 1494 2032 1549 lum
2068 1496 2365 1567 faciamus,
2410 1501 2648 1558 validius
2688 1503 2853 1576 argui
2894 1508 3083 1576 potest
3120 1523 3150 1561 e
3201 1509 3525 1567 centesimo

1911 1585 2266 1655 sexagesimo
2295 1592 2473 1645 sexto.
2505 1608 2618 1664 quo
2643 1592 3235 1652 ecclesiacathedralis
3253 1599 3527 1672 Andega-

1910 1674 2116 1743 vensis,
2151 1675 2207 1730 S.
2229 1676 2488 1734 Mauritio
2524 1696 2704 1748 sacra,
2740 1683 3074 1739 Brunonem
3112 1685 3354 1742 miriﬁce
3376 1690 3527 1744 cele-

1912 1760 2061 1829 brat,
2103 1763 2334 1820 funebri
2366 1767 2591 1838 Titulo;
2634 1768 2768 1824 licet
2814 1769 2975 1826 enim
3019 1772 3112 1827 hic
3153 1774 3319 1831 binos
3355 1776 3527 1835 hosce

1910 1850 2207 1906 contineat
2230 1853 2555 1911 versiculos.
2723 1839 2736 1857 ’

1979 1938 2110 1993 Dux
2127 1942 2283 2011 prius
2311 1945 2505 1998 erroris
2531 1948 2849 2000 monstravit
2874 1949 2977 2002 iter
2999 1948 3227 2006 melioris

1979 2027 2175 2083 Postea
2207 2029 2482 2100 doctrina),
2516 2051 2630 2106 quae
2647 2034 2853 2104 gaudia
2881 2037 2977 2092 dat
3002 2041 3116 2094 sine
3124 2041 3230 2109 ﬁne

1910 2131 1941 2170 e
1970 2116 2195 2188 quibus,
2225 2119 2502 2176 Sanctum
2532 2123 2590 2177 in
2612 2139 2873 2179 errorem
2899 2128 3325 2200 contra‘ﬁdem,
3354 2150 3532 2207 quem

1908 2209 2110 2277 postea
2140 2207 2496 2280 deposuerit,
2527 2211 2699 2266 fuisse
2730 2214 3087 2287 prolapsum,
3122 2234 3186 2273 ac
3208 2221 3377 2294 proin
3410 2239 3531 2280 non

1908 2294 2136 2349 tantum
2160 2296 2577 2369 Berengarium
2586 2301 2851 2357 habuisse
2866 2304 3341 2377 magis’trum,ast
3354 2312 3532 2368 etiam

1908 2399 2189 2453 perversae
2216 2388 2339 2459 ejus
2369 2392 2573 2444 contra
2601 2390 2956 2446 eucharistiaa
2985 2400 3416 2453 sacramentum
3449 2416 3534 2456 se-

1908 2474 2193 2528 ctatorem
2221 2475 2534 2547 aliquando
2560 2478 2860 2548 exstitisse,
2890 2482 3166 2554 suspicari
3198 2502 3315 2541 non
3359 2504 3535 2547 nemo

1908 2558 2102 2614 forsan
2130 2567 2342 2633 posset,
2372 2564 2617 2621 sinistrae
2637 2570 2837 2623 tamen
2865 2569 3200 2641 huiusmodi
3227 2574 3298 2630 de
3321 2574 3531 2633 Sancto

1908 2642 2215 2719 suspicioni
2242 2651 2435 2707 locum
2460 2652 2596 2709 inde
2627 2655 2835 2712 merito
2858 2674 2987 2713 esse
3020 2677 3139 2716 non
3168 2678 3360 2735 posse,
3381 2664 3533 2738 quis-

1909 2751 2019 2806 que
2047 2735 2210 2793 facile
2250 2738 2669 2812 deprehendet,
2718 2745 2816 2817 qui
2861 2763 2995 2802 cum
3046 2748 3190 2817 aliis,
3220 2749 3279 2806 in
3324 2735 3534 2812 eodem

1906 2822 2074 2880 titulo
2108 2828 2583 2886 antecedentibus
2608 2836 2667 2887 et
2717 2838 3223 2908 consequentibus.
3262 2841 3532 2901 recitatos

178 2913 363 2967 adhuc
398 2915 616 2970 moreri
644 2916 943 2984 lectorem,
995 2934 1225 2974 necesse
1262 2921 1367 2974 est.
1407 2920 1550 2975 Cum
1580 2920 1639 2976 in
1670 2938 1805 2992 pro-
1827 2886 1879 2950 Ο
1907 2910 2077 2968 binos
2104 2915 2412 2973 VCI'SiClllOS
2438 2921 2837 2979 considerarit.

177 3000 428 3056 fessione
460 3003 556 3057 illa
588 3004 777 3058 Bruno
810 3004 1006 3060 statim
1044 3005 1204 3061 hisce
1238 3007 1467 3063 vocibus
1505 3025 1518 3063 :
1559 3031 1589 3060 «
1623 3009 1803 3067 Credo

178 3093 564 3157 sacramenta,
599 3108 727 3163 quae
759 3092 1042 3148 catholica
1072 3094 1256 3149 credit
1285 3098 1344 3151 et
1376 3101 1671 3153 vereratur
1701 3099 1803 3156 Ec-

177 3178 369 3245 clesia,
402 3199 433 3227 »
461 3179 810 3251 subjungat:
850 3203 878 3231 (ι
910 3182 977 3237 Et
1006 3182 1376 3252 nominatim,
1413 3185 1571 3258 quod
1601 3203 1802 3245 conse-

179 3269 371 3322 cratur
413 3267 473 3323 in
515 3268 701 3336 altari,
720 3286 920 3325 verum
937 3286 1142 3342 corpus
1160 3289 1302 3340 esse,
1334 3290 1532 3329 veram
1564 3292 1802 3334 carnem

179 3357 235 3408 et
257 3371 462 3412 verum
498 3357 843 3428 sanguinem
894 3358 1126 3415 Domini
1162 3362 1347 3416 nostri
1394 3363 1526 3420 Jesu
1573 3366 1797 3435 Christi,

179 3460 349 3515 quem
381 3446 443 3498 et
467 3460 572 3499 nos
589 3445 900 3517 accipimus
925 3447 985 3502 in
1007 3448 1409 3505 remissionem
1429 3457 1800 3523 peccatorum

179 3535 535 3599 nostrorum,
569 3532 628 3587 in
660 3550 824 3604 spem
858 3536 1051 3591 salutis
1068 3540 1323 3606 aeterna,
1356 3560 1383 3589 ››
1411 3540 1521 3595 erit
1544 3541 1799 3599 fortassis

176 3636 288 3675 non
316 3637 519 3687 nemo,
553 3622 671 3694 qui,
691 3639 823 3677 cum
851 3623 937 3678 his
969 3625 1153 3680 verbis
1186 3626 1469 3697 doctrina,
1508 3630 1797 3703 Berenga-

173 3708 346 3765 rianze
380 3727 413 3764 e
436 3710 722 3766 diametro
746 3713 1426 3786 opposita,contineatur,
1450 3724 1795 3792 argumento
1830 3756 1831 3759 η

174 3798 349 3853 etiam
383 3797 442 3852 id
459 3816 578 3854 esse
602 3800 755 3867 velit,
791 3802 894 3856 sub
916 3803 1260 3875 Berengario
1288 3807 1529 3863 Turonis
1544 3809 1794 3880 philoso-

172 3887 315 3958 phiae
329 3886 612 3942 Sanctum
624 3888 929 3956 studuisse,
966 3892 1163 3961 utpote
1178 3892 1275 3963 qui
1298 3894 1520 3950 emissa
1543 3914 1575 3951 a
1590 3914 1647 3952 se
1660 3897 1795 3953 ﬁdei

171 3974 514 4047 professioni
532 3976 704 4032 verba
714 3977 812 4032 illa
826 3977 1118 4034 incluserit
1132 3997 1246 4035 non
1261 3983 1432 4037 aliam
1448 3984 1520 4039 ob
1537 4002 1790 4057 causam,

172 4079 343 4136 quam
379 4067 440 4118 ut
474 4065 912 4138 Berengariante
944 4070 1426 4143 qualemcunque,
1459 4072 1549 4128 cui
1580 4074 1790 4133 idcirco

173 4150 453 4207 obnoxius
485 4168 605 4208 esse
630 4156 883 4225 poterat,
907 4156 1294 4229 suspicionem
1322 4159 1607 4218 haereseos
1624 4180 1791 4221 asese

176 4239 545 4295 amoliretur.

241 4330 329 4384 69.
368 4328 436 4383 Et
468 4344 602 4385 vero
630 4329 757 4398 fuit,
783 4348 917 4387 cum
949 4335 1006 4387 et
1036 4350 1165 4406 ego,
1200 4334 1364 4407 argui
1396 4335 1529 4393 inde
1551 4354 1655 4411 pro
1668 4338 1791 4411 phi-
1812 4308 1867 4369 D

173 4415 449 4488 losophia,
502 4435 537 4473 a
584 4418 791 4476 Sancto
837 4421 939 4476 sub
986 4423 1330 4496 Berengario
1364 4426 1558 4482 audita
1601 4445 1785 4501 posse,

170 4505 515 4573 arbitrarer;
570 4509 677 4574 ast,
709 4524 773 4563 re
822 4509 1072 4579 penitius
1113 4512 1462 4581 examinata,
1507 4517 1784 4587 comperi,

175 4609 394 4648 morem
408 4592 560 4648 hunc
590 4598 718 4664 post
737 4595 1224 4671 Berengarianam
1244 4599 1510 4655 hazresim
1528 4607 1787 4663 exortam

174 4679 264 4736 diu
293 4681 663 4737 observatum
702 4683 894 4752 fuisse,
928 4688 990 4739 ut
1021 4686 1305 4742 doctiores
1336 4687 1786 4766 illustrioresque

171 4771 285 4825 fere
313 4770 439 4837 viri,
474 4787 606 4826 cum
650 4773 824 4827 morti
851 4778 1044 4830 essent
1087 4776 1356 4847 proximi,
1391 4778 1525 4833 ﬁdei
1570 4784 1788 4857 profes-

173 4859 387 4913 sionem
400 4858 758 4927 emitterent,
781 4865 1026 4933 quatum
1055 4863 1170 4919 alia
1190 4863 1326 4919 ﬁdei
1340 4865 1637 4938 dogmata,
1661 4875 1786 4928 tum

176 4946 474 5018 praecipue,
507 4966 636 5021 qua:
664 4949 740 5005 ad
767 4952 1216 5007 sacratissimum
1238 4954 1582 5012 eucharistia
1604 4975 1788 5015 sacra-

179 5037 433 5090 mentum
448 5038 761 5109 pertinent,
788 5039 1219 5112 proﬁterentur.
1236 5044 1314 5097 Ac
1338 5042 1623 5116 imprimis
1660 5049 1785 5120 qui-

179 5125 303 5180 dem
330 5127 576 5198 exempli
605 5128 732 5182 loco
749 5127 1144 5198 sitGervasius,
1167 5132 1462 5187 Remensis
1486 5134 1788 5209 archiepis-

180 5230 360 5286 copus,
389 5231 544 5269 anno
575 5218 709 5272 1067
755 5216 868 5272 vita
895 5217 1141 5286 functus,
1172 5220 1269 5292 qui
1314 5237 1445 5276 cum
1476 5223 1788 5280 moriturus

180 5304 332 5367 esset,
348 5301 483 5355 ﬁdei
504 5304 924 5375 professionem
947 5324 1063 5361 non
1096 5310 1341 5363 multum
1362 5312 1434 5365 ab
1463 5312 1670 5368 emissa
1686 5331 1789 5388 per

184 5388 446 5445 Sanctum
475 5395 760 5464 quantum
805 5395 880 5450 ad
918 5396 1286 5455 reconditum
1329 5397 1399 5455 de
1448 5400 1791 5461 eucharistia

2090 3004 2174 3059 Ita
2200 3004 2411 3079 quippe
2424 3011 2700 3080 patescet,
2732 3030 2879 3086 per»
2912 3032 3253 3074 errorem.»
3293 3022 3531 3093 quidem

1904 3088 1964 3144 in
1993 3089 2146 3146 hisce
2185 3108 2304 3148 non
2335 3110 2595 3153 errorem
2624 3103 2827 3156 contra
2855 3101 3054 3172 ﬁdem,
3100 3106 3192 3161 cui
3220 3088 3530 3183 aliquando

1905 3177 2145 3234 Sanctus
2197 3180 2524 3254 adhaeserit,
2565 3186 2667 3241 sed
2727 3189 3002 3261 profanas
3048 3177 3335 3266 scientias,
3387 3218 3530 3272 quas

1903 3266 2101 3323 sedulo
2128 3285 2458 3344 magnaque
2475 3289 2615 3330 cum
2631 3275 2803 3333 laude
2824 3278 3015 3351 primo
3042 3283 3298 3340 coluerat
3315 3266 3525 3344 dodue-

1899 3358 2124 3428 ratque,
2147 3374 2252 3430 per
2269 3381 2298 3411 «
2319 3360 2696 3419 doctrinam»
2722 3369 2919 3423 autem
2946 3389 2975 3419 κ
3002 3371 3329 3443 meliorem,
3354 3396 3381 3425 »
3407 3395 3526 3437 non

1900 3444 2078 3536 ullam
2107 3446 2343 3536 sincerae
2365 3466 2629 3525 veraeque
2660 3452 2795 3509 ﬁdei
2826 3455 3064 3529 dogma,
3087 3460 3186 3532 qui
3213 3462 3525 3536 aliquando

1899 3531 2072 3589 fuerit
2130 3535 2460 3594 adversatus
2484 3581 2498 3609 ,
2540 3542 2642 3597 sed
2705 3541 2960 3601 divinam
3008 3531 3329 3622 Evangelii—
3372 3531 3521 3627 qua,

1897 3624 2097 3695 postea
2134 3626 2340 3680 saeculo
2374 3627 2622 3697 deserto,
2652 3629 2712 3685 in
2758 3642 3022 3690 erentum
3060 3639 3309 3707 secessit,
3338 3624 3521 3699 terre;-

1898 3728 2087 3785 neque
2119 3730 2221 3769 suo
2275 3719 2541 3790 exemplo
2575 3717 2869 3793 despicere
2909 3740 2976 3779 ac
3026 3727 3278 3793 coelestia
3314 3733 3523 3789 sectari

1896 3810 2037 3865 alios
2063 3811 2276 3881 docuit,
2318 3812 2715 3872 intitutionem
2747 3817 2958 3876 debere
2988 3820 3251 3897 intelligi.
3298 3827 3367 3882 Ut
3403 3828 3516 3887 hoc

1895 3914 1963 3952 eo
1992 3904 2167 3971 queat
2196 3900 2551 3974 deprehendi
2574 3905 2927 3963 facilius.ver
2953 3910 3158 3968 siculos
3169 3913 3279 3970 huc
3302 3916 3519 3975 facien-

1893 3988 1998 4076 tes.
2046 3991 2169 4044 tam
2198 3990 2296 4062 qui
2336 3998 2785 4067 consequentur,
2816 4015 2994 4070 quam
3040 4002 3135 4073 qui
3172 4009 3513 4076 praecedunt

1892 4075 2058 4132 binos
2100 4078 2391 4149 recitatos,
2433 4081 2544 4138 huc
2596 4086 2937 4143 transcribo.
2999 4075 3398 4152 Praecedentes
3449 4098 3512 4155 bi

1889 4168 2021 4220 sunt
2041 4182 2056 4220 :

1959 4253 2097 4310 Plus
2118 4273 2283 4329 quam
2310 4256 2557 4315 Maronis
2588 4261 2846 4320 laudatur
2870 4266 3057 4339 lingua
3083 4268 3359 4330 Brunonis

1961 4341 2148 4400 Gloria
2176 4346 2423 4403 Platonis
2452 4350 2650 4406 vilescit
2669 4352 2826 4409 laude
2850 4354 3146 4414 Brunonis.

1886 4431 1999 4487 Hic
2012 4434 2345 4504 praecellebat
2370 4436 2688 4509 doctoribus,
2717 4442 2804 4497 hic
2828 4444 3065 4514 faciebat

1957 4520 2207 4578 Summas
2234 4523 2486 4594 doctores,
2516 4544 2622 4583 non
2647 4531 2942 4587 instiuendo
2971 4536 3219 4593 minores.

1957 4609 2159 4665 Doctor
2173 4610 2447 4668 doctorum
2468 4615 2581 4685 fuit
2604 4617 2821 4685 hic,non
2850 4620 3238 4682 clericulorum.

1959 4697 2110 4753 Nam
2140 4717 2232 4754 nec
2260 4701 2552 4759 honestates
2578 4705 2876 4777 verborum,
2905 4727 3000 4767 nec
3023 4717 3316 4782 gravitates

1954 4785 2199 4858 Sumpsit
2226 4787 2520 4860 Brunonis,
2552 4795 2658 4849 nisi
2684 4796 2766 4850 vir
2792 4814 2997 4869 magno:
3024 4804 3247 4858 rationis

1957 4880 2143 4936 Rectio
2163 4884 2447 4954 prudentis
2477 4889 2765 4960 superabat
2789 4896 3042 4948 acumina
3065 4898 3292 4963 mentis;

1968 4969 2042 5024 Ut
2064 4972 2499 5031 documentorum
2527 4978 2712 5034 doctor
2739 4982 2867 5034 satis
2895 4983 3091 5036 exstitit
3114 4983 3324 5042 horum.

1956 5058 2068 5114 Hic
2086 5061 2214 5131 plus
2231 5064 2533 5133 perfectam
2565 5067 2733 5121 voluit
2756 5084 3066 5139 proponere
3089 5079 3286 5129 sectam

1959 5145 2196 5227 {Vuutiat
2223 5153 2491 5220 egregiam
2518 5153 2700 5208 divina
2728 5154 2957 5209 docendo
2985 5158 3248 5227 sap/tiam,

1958 5224 2252 5301 Primaque
2277 5229 2536 5287 destruxit
2563 5239 2611 5288 et
2642 5240 2900 5306 tanquam
2924 5224 3126 5307 [rivbla
3153 5224 3304 5295 (λυέττί

1959 5319 2049 5369 71.
2083 5317 2509 5392 Consequentes
2534 5338 2666 5377 vero
2694 5321 2785 5378 isti
2817 5341 2831 5381 :

1959 5402 2070 5462 Sed
2097 5407 2178 5466 nil
2206 5407 2744 5487 mundanasaplentia
2776 5406 2873 5474 dat
2903 5416 3010 5472 nisi
3046 5434 3228 5485 vana;
