3996 6012
446 297 515 361 47
1315 296 1374 365 S.
1403 303 1751 370 BRUNONIS
1790 309 2424 381 CARTHUSIANORUM
2458 320 2925 394 INSTITUTORIS
3705 343 3775 411 48

513 434 646 492 Hac
668 432 805 507 facit
831 433 992 490 elatos
1010 450 1228 508 pompa,
1255 436 1393 508 facit
1418 438 1508 493 illa
1543 440 1732 497 beatos.

514 525 701 580 Factis
733 525 1042 596 complebat,
1069 526 1332 596 operando
1358 527 1498 601 quod
1516 546 1604 584 ore
1631 530 1880 586 docebat:

516 615 720 670 Illultos
747 633 1004 669 sermones
1029 616 1264 685 faciebat
1267 634 1368 687 per
1396 618 1646 688 regiones.

526 705 719 761 Urbem
751 707 996 759 transivit
1026 705 1255 760 Romam
1287 704 1644 779 Calabrosque
1662 711 1872 779 petivit.

516 797 771 869 Scriptor
793 814 1137 869 anonymus,
1152 798 1592 869 quiTractatum
1616 799 1685 853 de
1699 798 2053 871 S.Brunone,

451 902 485 940 a
509 883 895 940 Carthusianis
930 884 1218 955 hujatibus
1264 901 1493 940 mecum
1535 889 2052 959 communicatum,

441 972 783 1044 composuit,
818 972 983 1027 aliter
1034 972 1317 1027 nonnihil.
1375 991 1489 1046 quo
1535 974 1809 1031 Sanctum
1847 977 2056 1034 erroris

444 1060 503 1116 in
557 1061 668 1115 ﬁde
743 1060 1063 1133 suspicione
1120 1060 1346 1128 liberet,
1418 1063 1645 1119 titulum
1721 1066 2052 1135 funebrem,

437 1150 488 1205 ei
509 1150 580 1205 ab
608 1149 842 1203 ecclesia
868 1149 1265 1221 Andegavensi
1284 1155 1592 1221 sacratum,
1616 1152 2050 1227 interpretatur.

438 1240 518 1294 De
546 1238 713 1308 hujus
735 1236 892 1290 enim
907 1241 1137 1293 auctore
1152 1244 1352 1292 num.7
1368 1239 1448 1294 ita
1468 1242 1836 1312 pronuntiat:
1870 1266 1897 1294 ‹‹
1920 1244 2056 1299 Bru-

438 1330 659 1382 nonem
688 1325 942 1397 primum
969 1325 1182 1392 laudat,
1203 1327 1357 1398 quod
1384 1329 1792 1386 celebrioribus
1810 1332 2054 1387 doctori-

446 1426 551 1478 dus
580 1423 770 1479 omnis
799 1422 1035 1478 scientia
1065 1423 1312 1511 profana
1360 1424 1443 1497 (ut
1469 1429 1602 1481 sunt
1644 1430 2047 1501 grammatica,

437 1513 732 1569 dialectica
756 1511 949 1567 etalitc
974 1512 1636 1583 ejusmodi)excelluerit.
1658 1517 1873 1572 Deinde
1888 1518 2049 1574 illum

436 1601 644 1673 majori
672 1600 840 1655 laude
872 1600 1115 1673 dignum
1144 1600 1412 1668 ostendit,
1438 1603 1593 1673 quod
1624 1626 1650 1654 ‹‹
1671 1604 1759 1658 his
1784 1606 1910 1676 plus
1926 1623 2051 1679 per-

438 1715 465 1742 ‹‹
506 1692 715 1745 tectam
747 1688 923 1745 voluit
948 1704 1287 1761 praeponere
1309 1693 1547 1758 sectam,
1576 1712 1603 1739 ››
1643 1691 1701 1745 id
1731 1697 1833 1760 est,
1864 1693 2045 1749 scien-

432 1774 596 1847 tiam,
626 1777 885 1833 videlicet
911 1777 1290 1848 the010giam,
1315 1780 1379 1831 ut
1407 1780 1668 1850 sequenti
1696 1798 1856 1835 versu
1870 1781 2046 1855 expli-

428 1864 553 1924 Cat:
590 1866 862 1922 «Nunciat
888 1864 1184 1937 egregiam
1209 1865 1398 1920 divina
1429 1867 1689 1923 docendo
1715 1870 1997 1943 sophiam.
2014 1892 2043 1922 η

428 1957 667 2024 Idcirco,
699 1954 795 2027 qui
828 1955 938 2009 dux
972 1954 1182 2009 erroris
1220 1953 1376 2027 prius
1398 1953 1606 2023 fuerat,
1655 1973 1774 2012 non
1810 1959 2045 2030 quidem

428 2049 586 2104 falsa:
614 2043 911 2109 doctrinas,
939 2043 1038 2097 sed
1064 2043 1332 2114 periturae
1354 2046 1412 2099 et
1436 2044 1747 2101 mundana:
1770 2047 2042 2119 scientias,

426 2138 491 2190 ut
501 2137 701 2207 postea
722 2130 879 2197 dicit,
898 2130 1011 2186 sive
1030 2130 1428 2204 philosophias,
1449 2149 1624 2206 quam
1641 2135 1806 2190 multi
1829 2136 2043 2205 Sancti,

428 2228 730 2295 tamquam
755 2236 882 2293 qua:
917 2218 1058 2275 nihil
1080 2221 1178 2273 aut
1198 2219 1493 2276 modicum
1506 2221 1579 2275 ad
1607 2223 1854 2278 salutem
1873 2226 2041 2294 valet,

429 2312 924 2384 contempserunt.
960 2329 987 2357 ››
1034 2309 1373 2365 monstravit
1404 2308 1512 2364 iter
1553 2309 1807 2367 melioris
1846 2316 2046 2387 postea

430 2425 459 2454 «
484 2400 763 2458 doctrinae
789 2420 817 2449 ›)
848 2398 961 2454 sive
995 2399 1393 2455 concionando
1430 2400 1589 2472 (nam
1619 2423 1647 2451 «
1674 2402 1886 2458 multos
1924 2420 2042 2458 ser-

428 2514 456 2543 ‹‹
486 2506 690 2545 mones
722 2488 968 2543 faciebat
1001 2504 1105 2560 per
1128 2487 1397 2559 regiones
1428 2508 1455 2535 »
1485 2489 1503 2559 )
1532 2488 1645 2543 sive
1682 2489 1942 2547 docendo
1977 2509 2042 2547 ac

412 2576 645 2635 'sacram
677 2575 1031 2649 Scripturam
1056 2574 1342 2648 discipulis
1366 2575 1478 2630 suis
1498 2575 1955 2650 interpretando,
1978 2582 2041 2635 ut

421 2668 729 2725 canonicos
782 2667 1073 2721 Niolenscs
1116 2663 1374 2737 superius
1415 2665 1731 2721 declarasse
1770 2668 2035 2737 vidimus,

420 2776 551 2815 cum
569 2775 703 2814 eum
737 2756 1007 2811 dixerunt
1036 2754 1255 2809 dudum
1283 2754 1533 2809 ecclesiae
1558 2755 1853 2811 Remensis
1880 2775 2035 2812 sum-

409 2838 586 2904 .mum
628 2846 1002 2909 didascalum,
1050 2845 1249 2916 utpote
1292 2841 1351 2896 in
1406 2842 1675 2915 psalterio
1716 2846 1774 2899 et
1815 2846 2036 2901 caeteris

418 2938 667 2996 scientiis
693 2933 1231 2992 luculentissimum.
1267 2953 1294 2980 n

486 3034 576 3084 72.
638 3029 719 3081 Ita
767 3024 861 3079 ille
910 3039 923 3078 :
964 3026 1021 3077 et
1066 3038 1203 3078 sane
1253 3020 1677 3120 interpretatio,
1727 3040 1903 3096 quam
1943 3024 2096 3121 hicc

416 3115 695 3189 suggerit,
728 3112 905 3169 aliave
952 3111 1172 3177 similis,
1222 3109 1266 3164 si
1297 3125 1470 3181 supra
1514 3128 1547 3165 a
1596 3127 1690 3166 me
1721 3112 2031 3183 assignata,

412 3221 539 3279 qua)
574 3208 770 3259 tamen
794 3202 1065 3274 praestare
1085 3197 1328 3264 videtur,
1363 3196 1556 3252 forsan
1583 3198 1900 3270 displiceat,
1931 3218 2031 3255 ne-

410 3292 652 3349 cessario
688 3290 861 3345 debet
889 3286 1139 3353 admitti,
1173 3301 1327 3353 cum,
1358 3284 1636 3341 Sanctum
1668 3305 1702 3342 a
1724 3287 1837 3342 fide
1867 3306 2033 3345 num-

408 3399 583 3455 quam
616 3380 909 3434 aberrasse
938 3378 1163 3430 certum
1186 3374 1302 3429 site
1333 3373 1500 3428 variis
1531 3374 1654 3429 aliis
1695 3374 2032 3433 funebribus

409 3470 531 3541 ejus
562 3467 759 3535 titulis,
797 3465 857 3520 in
876 3464 1082 3537 quibus
1098 3463 1276 3517 fidem
1303 3478 1534 3534 semper
1554 3479 1757 3519 sanam
1786 3481 1850 3519 ac
1882 3465 2029 3521 inte-

410 3576 575 3632 gram
589 3571 858 3621 servasse,
880 3554 1087 3608 diserte
1102 3551 1352 3607 traditur
1367 3554 1465 3613 aut
1480 3555 1634 3607 certe
1651 3569 1769 3608 non
1791 3554 2028 3611 obscure

406 3647 712 3706 indicatur.
739 3645 810 3698 Ut
828 3643 1077 3714 reliquos
1097 3640 1387 3696 brevitatis
1414 3658 1554 3712 ergo
1573 3642 1774 3698 missos
1795 3643 2025 3713 faciam,

409 3754 594 3794 unum
614 3735 934 3797 dumtaxat,
951 3731 1292 3820 v'gesimum
1310 3747 1522 3804 nempe
1542 3733 1599 3787 et
1619 3733 2024 3803 centesimum,

407 3820 469 3885 in
492 3844 605 3901 quo
638 3826 695 3880 id
715 3821 1030 3898 expressius
1055 3822 1399 3888 declaratur,
1425 3820 1483 3876 in
1498 3822 1758 3878 medium
1779 3823 2022 3880 adduco.

407 3926 472 3981 In
498 3927 607 3980 hoc
632 3924 825 3994 itaque
865 3919 1138 3977 monachi
1166 3920 1222 3975 S.
1271 3920 1587 3977 Audomari
1642 3920 1721 3977 sic
1748 3921 2025 4001 Sanctum

410 4005 766 4078 compellant
802 4019 817 4057 :

406 4096 414 4101 ’
480 4093 628 4160 Ergo
660 4108 784 4145 vera
809 4091 956 4159 ﬁdes,
985 4107 1147 4161 quam
1170 4095 1227 4143 tu
1253 4107 1452 4161 semper
1481 4089 1706 4145 coluisti.

484 4182 558 4235 Te
588 4180 767 4233 trahat
797 4178 867 4231 ad
894 4176 1099 4232 Christi
1125 4180 1377 4250 requiem,
1409 4196 1571 4249 quam
1596 4177 1785 4233 Bruno
1821 4181 2022 4251 petisti.

411 4272 679 4327 Ceterum
708 4269 830 4322 hinc
852 4271 972 4321 tam
1000 4266 1070 4321 de
1097 4283 1292 4321 errore
1315 4266 1372 4322 in
1391 4268 1524 4334 fide,
1549 4268 1710 4339 cujus
1736 4273 2028 4340 suspectus

411 4362 601 4418 Bruno
656 4356 836 4411 videri
881 4359 1084 4426 queat,
1121 4372 1297 4427 quam
1343 4356 1413 4410 de
1465 4355 1597 4410 ﬁdei
1649 4357 2024 4429 professione,

412 4449 515 4506 sub
544 4447 669 4500 vita:
699 4444 1017 4498 terminum
1048 4443 1121 4497 ab
1139 4460 1205 4497 co
1233 4443 1460 4511 emissa,
1488 4446 1660 4515 paulo
1686 4445 1863 4500 fusius
1895 4463 2027 4519 pro-

411 4532 572 4604 sequi
596 4531 687 4585 hic
710 4530 892 4597 libuit,
923 4526 1311 4585 utevidentius
1336 4535 1547 4602 pateat,
1586 4532 1729 4587 nihil
1761 4532 1892 4587 inde
1925 4549 2028 4605 pro

414 4621 708 4694 opinione,
728 4636 840 4690 quo
873 4619 1204 4691 Bcrengarii
1220 4619 1277 4673 in
1306 4620 1669 4693 philosophia
1688 4621 2025 4695 discipulum

413 4712 689 4769 Sanctum
718 4713 980 4764 nostrum
993 4709 1253 4777 facimus,
1274 4726 1438 4782 posse
1454 4710 1735 4765 concludi.
1753 4710 1937 4782 Atque
1958 4709 2030 4764 ad

415 4799 475 4856 id
492 4798 725 4870 quidem
746 4798 998 4853 veritatis
1018 4814 1185 4853 amor
1207 4814 1299 4854 me
1314 4797 1610 4868 compulit,
1626 4814 1740 4870 quo
1752 4801 2033 4869 praeterea

416 4903 570 4943 nunc
598 4886 683 4953 ﬁt,
740 4890 803 4940 ut
832 4887 1197 4942 committere
1247 4903 1363 4941 non
1394 4886 1630 4958 possim,
1674 4886 1811 4958 quin
1847 4901 2029 4940 unum

417 4976 624 5041 adhuc,
652 4974 806 5045 quod
824 4975 1013 5030 eidem
1032 4975 1291 5048 opinioni
1309 4980 1519 5031 nostrae
1537 4979 1711 5031 utcun
1746 4992 1856 5047 que
1870 4975 2033 5029 obest

419 5068 519 5119 aut
534 5065 737 5118 saltem
757 5081 874 5119 non
903 5064 1280 5132 favet,lectori
1296 5065 1470 5120 modo
1490 5065 1563 5119 ob
1581 5064 1775 5118 oculos
1792 5079 2029 5135 ponam.

419 5152 575 5206 Inter
604 5151 798 5207 titulos
830 5152 1023 5207 Sancti
1072 5152 1363 5219 funebres,
1398 5152 1493 5224 qui
1538 5168 1782 5207 numero
1834 5155 2031 5206 tamen

421 5242 522 5295 180
554 5239 673 5293 fere
702 5243 853 5307 sunt,
883 5240 1074 5294 nullus
1118 5239 1386 5305 occurrit,
1416 5254 1529 5310 quo
1578 5239 1629 5292 ei
1657 5238 1898 5293 ecclesia
1920 5238 2029 5292 Tu-

415 5328 680 5384 ronensis
700 5328 1020 5402 parentarit
1037 5345 1051 5396 ;
1068 5328 1219 5383 unde
1238 5326 1414 5382 videri
1434 5329 1623 5397 potest
1638 5328 1894 5383 Turonas
1911 5344 2027 5382 non

418 5416 621 5472 adiisse
655 5417 966 5472 Carthasim
1001 5416 1318 5472 Calabrina:
1350 5417 1638 5481 alumnus,
1665 5416 1761 5486 qui
1788 5416 2029 5487 encycli-

413 5521 544 5560 cam
575 5505 644 5559 de
677 5509 863 5560 morte
900 5505 957 5560 S.
994 5505 1273 5559 Brunonis
1319 5503 1619 5576 epistolam
1655 5502 2021 5573 circumtulit,

413 5593 627 5667 quique
660 5597 857 5651 tamen
883 5594 962 5662 id,
991 5592 1039 5651 si
1067 5593 1306 5651 Turonis
1335 5592 1758 5669 philosophiam
1782 5593 2022 5653 Sanctus

2073 443 2131 508 Α
2161 449 2494 522 excepisset,
2524 455 2816 532 factuprus
2840 463 3011 522 fuisse
3035 465 3485 544 videtur,utpote
3502 475 3775 538 usitatum

2159 546 2329 643 aetate
2358 564 2462 643 sua
2489 567 2738 619 morem,
2771 570 2884 627 quo
2918 560 3222 631 encyclicaa
3263 564 3593 636 hujusmodi
3628 570 3775 643 epis-

2153 633 2287 689 tolae
2320 636 2389 690 ad
2428 641 2691 697 ecclesias
2728 645 3035 717 praecipue,
3080 651 3284 723 quibus
3332 633 3633 712 defunctus
3662 633 3777 715 aut

2156 724 2325 817 notus
2351 730 2518 795 esset,
2549 733 2647 784 aut
2676 732 2882 793 saltem
2918 739 3088 792 notus
3116 756 3257 808 esse,
3298 750 3770 817 praesumeretur,

2155 809 2420 868 solebant
2453 815 2685 882 deferri,
2714 822 3145 883 verosimillime
3166 809 3411 885 secutus.

2158 985 2169 998 .
2350 904 2453 998 lta,
2489 906 2585 998 qui
2618 914 2828 966 nostrae
2859 913 2929 968 de
2961 917 3154 973 audito
3181 920 3404 976 Turinis
3433 938 3468 977 a
3503 923 3772 983 Brunone

2154 987 2213 1042 in
2246 987 2629 1068 Tphil050phia
2670 999 3015 1074 Berengario
3058 1007 3313 1078 opinioni
3367 1012 3766 1085 adversantur,

2153 1085 2395 1148 possunt
2424 1099 2687 1158 arguere.
2733 1089 2943 1147 Verum
2978 1112 3095 1151 non
3140 1114 3344 1156 omnes
3368 1102 3772 1162 verosimiliter

2153 1168 2425 1267 funebres
2471 1173 2663 1267 Sancti
2709 1177 2857 1234 tituli
2907 1182 3005 1236 uni
3049 1183 3357 1260 eidemque
3409 1192 3620 1260 rotulo,
3668 1194 3769 1267 qui

2154 1259 2633 1354 enczclicamtadi
2664 1283 2826 1354 num.
2858 1271 2923 1323 25
2951 1273 3009 1323 et
3050 1270 3202 1328 infra
3228 1259 3284 1330 in
3309 1275 3458 1332 hanc
3487 1259 3766 1354 notanda)

2153 1344 2224 1401 de
2258 1346 2450 1404 Sancti
2473 1351 2631 1406 obitu
2661 1353 3026 1427 cpistolam,a
3052 1361 3429 1423 Carthusiano
3460 1344 3767 1428 Calabrino

2152 1435 2569 1531 circumlatam,
2603 1444 2908 1519 pluresque
2935 1453 3087 1506 certe
3105 1453 3177 1507 ad
3193 1454 3342 1511 hanc
3372 1461 3767 1531 responsorias

2150 1542 2250 1622 seu
2281 1527 2473 1622 titulos
2488 1529 2756 1588 funebres
2772 1540 3280 1610 complectebatur,
3304 1527 3764 1622 fuere—inscripti,

2148 1615 2477 1689 chartaeque
2508 1626 2807 1691 separatae.
2831 1624 2889 1679 in
2913 1643 3053 1698 quas
3082 1630 3302 1703 aliquot
3333 1652 3399 1690 ex
3426 1636 3578 1692 hisce
3598 1615 3764 1696 vero;

2147 1702 2411 1761 similiter
2433 1708 2650 1766 fuerint
2669 1713 2935 1783 conjecti,
2972 1702 3249 1789 temporis
3280 1723 3491 1793 injuria
3525 1725 3763 1784 interire

2146 1793 2317 1851 facile
2347 1802 2678 1870 potuerunt.
2708 1803 2854 1868 Quid
2884 1806 2928 1860 si
2958 1825 3096 1880 ergo
3127 1809 3185 1865 id
3213 1811 3283 1865 de
3314 1811 3476 1868 titulo
3505 1814 3755 1885 funebri,

2147 1899 2259 1954 quo
2288 1887 2527 1943 ecclesia
2549 1889 2895 1949 Turonensis
2926 1895 3135 1952 Sancto
3168 1901 3510 1969 parentavit,
3539 1902 3761 1960 factum

2143 1971 2361 2066 fuerit?
2388 1975 2474 2030 Ad
2503 1977 2625 2032 haec
2659 1979 2967 2036 Carthasim
2998 1983 3314 2042 Calabrinaa
3345 1989 3629 2058 alumnus,
3663 1992 3766 2066 qui

2146 2060 2449 2132 epistolam
2478 2066 2846 2137 encyclicam,
2878 2071 3080 2127 mortis
3097 2072 3153 2128 S.
3179 2075 3459 2132 Brunonis
3473 2060 3763 2150 nuntiam,

2145 2151 2514 2243 circumtulit,
2547 2155 2696 2211 forte
2734 2158 2909 2214 etiam
2961 2177 3077 2216 non
3122 2179 3345 2231 omnes,
3390 2168 3593 2240 quibus
3632 2171 3677 2226 is
3704 2172 3765 2227 in

2148 2239 2288 2287 vivis
2326 2239 2633 2305 superstes.
2670 2242 2841 2294 notus
2878 2241 3085 2310 fuerat,
3149 2239 3422 2302 ecclesias
3455 2249 3680 2319 adierit,
3732 2270 3769 2309 a

2146 2337 2309 2377 more
2342 2323 2509 2380 solito
2546 2326 2620 2381 ob
2650 2344 2867 2399 causas,
2897 2348 3024 2404 quae
3045 2350 3148 2388 nos
3178 2335 3379 2402 latent,
3427 2338 3762 2407 deflectens,

2144 2411 2215 2465 Ut
2249 2416 2311 2467 ut
2337 2414 2427 2482 sit,
2459 2431 2524 2469 ex
2557 2433 2624 2473 eo
2652 2420 2942 2492 equidem,
2969 2423 3123 2495 quod
3149 2423 3302 2479 inter
3346 2425 3539 2481 titulos
3570 2427 3764 2484 Sancti

2141 2502 2413 2559 funebres
2448 2507 2635 2562 nullus
2672 2510 2938 2578 omnino,
2984 2512 3239 2597 .ecclesioe
3280 2512 3623 2569 Turonensis
3655 2532 3761 2571 no-

2140 2591 2300 2647 mine
2337 2592 2664 2666 insignitus,
2697 2591 3001 2665 occurrat;
3023 2616 3379 2673 consequens
3409 2618 3526 2656 non
3553 2604 3658 2669 est,
3695 2603 3760 2655 ut

2138 2682 2224 2737 vel
2285 2683 2472 2739 Bruno
2512 2685 2774 2741 Turonis
2821 2691 2988 2744 notus
3042 2688 3234 2756 fuerit,
3266 2690 3354 2745 vel
3376 2689 3755 2762 philosophias

2137 2787 2377 2844 operam
2410 2791 2527 2829 non
2576 2775 2817 2831 dederit.
2864 2778 3095 2850 Ambigi
3128 2779 3287 2834 enim
3326 2779 3486 2834 nulla
3529 2779 3755 2834 ratione

2136 2865 2345 2933 potest,
2377 2865 2514 2936 quin
2544 2864 2784 2923 Sanctus
2807 2866 3059 2923 Coloniae
3084 2867 3443 2940 Agrippinae,
3463 2871 3663 2941 utpote
3693 2867 3754 2922 in

2136 2960 2249 3015 qua
2275 2944 2499 3000 civitate
2517 2949 2683 3001 natus
2703 2965 2766 3002 ac
2795 2964 3011 3019 magna
3028 2965 3093 3003 ex
3119 2950 3282 3019 parte
3293 2948 3566 3003 educatus
3581 2951 3750 3014 esset,

2136 3034 2467 3091 notissimus
2483 3037 2778 3102 exstiterit,
2803 3054 2908 3092 nec
2938 3041 3138 3092 tamen
3164 3036 3316 3092 inter
3338 3036 3612 3092 funebres
3629 3036 3756 3107 ejus

2134 3120 2336 3179 titulos
2367 3124 2514 3179 ullus
2557 3130 2659 3191 est,
2692 3126 2789 3198 qui
2823 3126 3074 3181 ecclesiae
3130 3125 3501 3193 Coloniensis,
3531 3142 3628 3179 seu
3660 3141 3754 3180 ca-

2136 3212 2415 3269 thedralis
2440 3232 2540 3269 seu
2562 3216 2883 3287 collegiate:
2905 3215 2960 3269 S.
2990 3214 3304 3281 Cuniberti,
3339 3215 3533 3286 in'qua
3555 3217 3756 3270 tamen

2133 3300 2377 3357 Sanctus
2394 3304 2741 3359 canonicum
2768 3307 3211 3376 egerat,nomen
3229 3302 3520 3374 praeferat:
3537 3305 3599 3356 ut
3616 3319 3755 3357 sane

2131 3406 2199 3444 ex
2232 3391 2589 3459 difficultate,
2621 3410 2749 3464 qua:
2780 3393 2955 3448 modo
2994 3391 3291 3464 proposita
3321 3394 3423 3458 est,
3453 3408 3571 3447 non
3598 3390 3757 3447 infir-

2131 3484 2326 3536 metur
2364 3482 2580 3555 Opinio,
2611 3500 2725 3554 qna
2756 3483 3037 3538 Sanctum
3063 3482 3304 3536 Turonis
3321 3479 3749 3553 philosOphiam

2129 3568 2233 3623 sub
2264 3569 2610 3641 Berengario
2630 3570 2889 3625 didicisse
2917 3569 3290 3624 arbitramur.
3322 3568 3462 3623 Hinc
3492 3585 3666 3642 porro
3690 3574 3751 3626 et

2127 3673 2195 3712 ex
2248 3658 2726 3730 aliissupradictis
2781 3656 3201 3713 consectarium
3230 3661 3333 3723 est,
3385 3660 3449 3711 ut
3508 3657 3749 3714 Sanctus

2126 3748 2574 3814 verosimillime,
2592 3765 2723 3802 cum
2746 3748 2875 3817 jom
2901 3745 3222 3802 octodecim
3251 3748 3397 3801 esset
3416 3762 3533 3801 ann
3553 3764 3742 3815 orum,

2126 3835 2351 3891 Parisiis
2368 3835 2629 3890 nondum
2645 3833 3457 3900 studuisset.Cumenim,dum
3479 3838 3750 3907 quatuor-

2127 3924 2314 3979 decim
2356 3924 2581 3979 circiter
2618 3928 2765 3980 esset
2804 3939 3090 3979 annorum
3135 3925 3235 3976 aut
3274 3921 3463 3977 adhuc
3519 3922 3743 3994 junior,

2124 4012 2344 4069 litteras
2376 4011 2770 4079 humaniores,
2821 4027 3069 4082 quarum
3116 4010 3452 4066 rudimenta
3494 4010 3749 4065 Colonias

2128 4102 2417 4172 posuerat,
2452 4100 2643 4156 Remis
2671 4101 3009 4170 prosecutus
3035 4098 3127 4164 sit,
3158 4096 3358 4168 hisque
3376 4095 3595 4150 ibidem
3617 4095 3748 4166 jam

2128 4187 2381 4244 imbutus
2398 4189 2819 4262 philosophiam
2833 4185 3075 4242 Turonis
3087 4184 3285 4239 audire
3303 4182 3621 4254 inceperit,
3640 4199 3751 4238 nec

2127 4276 2507 4348 paucioribus,
2534 4293 2711 4348 quom
2732 4275 2902 4341 binis,
2928 4273 3094 4328 annis
3116 4270 3548 4327 verosimillime
3566 4269 3754 4325 absol-

2127 4366 2289 4433 verit,
2321 4383 2455 4439 quo,
2479 4382 2692 4438 quaeso,
2712 4368 2978 4435 tempore
2989 4364 3124 4417 ante
3136 4361 3428 4432 expletum
3451 4356 3749 4413 decimum

2129 4457 2393 4510 octavum
2409 4455 2592 4511 astatis
2610 4471 2726 4510 sua;
2742 4469 2962 4509 annum
2981 4448 3206 4505 Parisiis
3221 4446 3450 4502 studere
3464 4445 3751 4518 potuerit?

2128 4546 2215 4598 An
2244 4549 2437 4600 autem
2466 4544 2680 4599 ibidem
2708 4557 2988 4613 umquam
3015 4539 3145 4610 post
3170 4539 3326 4591 certo
3342 4533 3623 4590 studuerit
3647 4535 3751 4588 aut

2131 4631 2308 4687 etiam
2336 4631 2614 4698 docuerit,
2646 4629 2892 4685 dicenda
2917 4626 3199 4699 aperient.

2169 4722 2196 4789 §
2224 4719 2309 4774 IV.
2346 4719 2464 4786 Quo
2498 4718 2731 4775 Sanetus
2763 4717 3012 4777 Turonis,
3045 4712 3373 4783 Berengario
3403 4710 3602 4773 relicto,
3640 4725 3751 4763 sese

2201 4807 2502 4873 contulerit,
2552 4806 2682 4879 quid
2728 4812 2841 4859 tum
2882 4805 3123 4873 primum
3179 4803 3362 4871 egerit,
3402 4798 3752 4879 quandonqm

2200 4886 2380 4942 Remis
2435 4886 2616 4941 docere
2665 4887 2936 4955 inceperit,
2985 4889 3033 4937 et
3093 4898 3225 4953 quas
3260 4879 3470 4935 ibidem
3502 4878 3751 4932 scientias

2205 4974 2505 5038 tradiderit,
2527 4975 2816 5046 inaniaque
2843 4972 3050 5027 abierit.

2202 5067 2295 5133 74,
2322 5066 2487 5119 Anno
2514 5062 2732 5118 cirtiter
2760 5062 2893 5115 1048
2919 5063 3018 5115 aut
3044 5063 3198 5115 certe
3214 5075 3331 5114 non
3353 5056 3551 5123 serius,
3570 5072 3752 5128 quam

2133 5154 2286 5210 ando
2318 5154 2455 5207 1050
2502 5148 2767 5215 Turonis,
2802 5149 3003 5203 relicto
3034 5146 3405 5218 Berengario,
3449 5144 3753 5199 excessisse

2132 5242 2190 5298 S.
2224 5243 2573 5305 Brunonem,
2604 5237 3105 5293 verosimillimum
3144 5252 3283 5291 sane
3307 5233 3587 5299 efficiunt,
3617 5249 3751 5305 quas

2134 5335 2161 5400 §
2190 5327 2539 5401 prascedenti
2568 5327 2626 5381 in
2656 5325 2914 5381 medium
2945 5325 3175 5382 adduxi.
3204 5324 3416 5379 Verum
3464 5338 3576 5394 quo
3605 5324 3747 5379 tunc

2126 5420 2356 5473 sanctus
2377 5432 2498 5472 sese
2538 5414 2780 5470 contulit
2811 5414 2839 5469 ‘I
2868 5412 3210 5477 Parisiosne,
3241 5428 3314 5479 an
3357 5408 3741 5464 Remos?Nul-

2121 5506 2244 5561 lum
2275 5504 2466 5576 plane,
2505 5520 2618 5577 quo
2652 5504 2992 5557 alterutrum
3038 5500 3432 5555 indubitanter
3460 5514 3734 5565 asseram,

2121 5593 2383 5671 suppetit
2400 5595 2851 5653 monumentum
2894 5589 3217 5666 antiquum.
3250 5589 3360 5647 Pro
3380 5587 3603 5646 civitate
3633 5586 3739 5643 Re-
