3996 6012
242 264 326 320 49

1826 253 2007 315 ACTA
3517 278 3585 332 ὅθ

252 390 444 444 mensi
472 396 693 460 tamen,
716 393 871 465 quod
892 394 953 449 in
972 394 1079 449 hac
1101 391 1374 449 Sanctum
1399 391 1494 447 diu
1516 394 1572 445 et
1592 386 1870 443 studuisse
1890 392 1944 450 Α
1967 384 2091 455 jam
2126 390 2478 460 excoluisset,
2511 392 2839 450 scholarum
2878 395 3221 467 magistrum
3254 396 3456 469 egisse,
3500 401 3586 455 vel

254 483 317 533 et
366 479 649 548 docuisse,
699 482 756 537 in
806 487 1106 556 comperto
1160 500 1229 537 ex
1279 480 1533 537 dicendis
1583 478 1676 545 sit,
1723 480 1874 531 stare

254 567 485 622 malim.
514 569 869 625 Morkensius
889 571 949 626 in
973 588 1081 627 ms.
1105 588 1208 626 sua
1246 567 1664 640 Chronologica
1691 566 1876 638 diplo-

250 656 471 711 matica
523 658 595 712 de
643 658 701 714 8.
759 660 1032 715 Rrunone
1082 659 1339 715 Diatriba
1399 657 1454 712 in
1505 673 1573 711 ea
1624 655 1882 709 versatur

251 744 557 816 opinione,
591 736 705 820 qua
733 748 1041 816 existimat,
1063 747 1337 804 Sanctum
1371 746 1587 801 ordinis
1615 743 1700 798 sui
1728 739 1885 797 insti-

248 835 516 889 tutorem
545 839 676 908 post
704 836 993 891 detectam
1027 835 1356 909 Berengarii
1390 834 1656 889 hmresim
1689 832 1747 886 in
1781 845 1881 903 pa-

247 921 431 977 triam
468 923 772 979 Coloniam
809 924 1191 997 Agrippinam
1211 940 1331 979 esse
1362 938 1692 989 reversum;
1727 918 1883 992 quod

250 1025 394 1064 sane
423 1028 563 1065 vero
598 1016 844 1085 apparet
874 1031 991 1068 non
1022 1013 1302 1080 absimile,
1328 1013 1431 1067 etsi
1462 1010 1695 1066 interim
1724 1008 1883 1062 nullo

252 1098 478 1169 pariter
498 1105 674 1171 queat
699 1105 1084 1157 monumento
1109 1105 1197 1156 sat
1225 1100 1463 1173 antiquo
1494 1096 1747 1172 probari.
1773 1094 1885 1150 Sed

252 1185 396 1256 quid
418 1187 491 1241 de
520 1190 703 1243 altero
730 1193 945 1244 asserto
971 1190 1302 1257 dicendum,
1329 1205 1441 1262 quo
1475 1193 1598 1243 tum
1630 1186 1885 1259 primum

252 1274 315 1329 in
343 1274 404 1329 S.
437 1276 737 1332 Cuniherti
768 1279 1007 1333 ecclesia
1032 1279 1375 1334 canonicum
1423 1280 1680 1332 creatum
1714 1273 1886 1328 fuisse

250 1361 538 1418 Sanctum
570 1369 858 1434 nostrum,
892 1368 1244 1422 Morkensius
1270 1369 1551 1438 praeterea
1584 1363 1839 1419 afﬁrmat
1860 1360 1887 1414 ?

250 1451 371 1506 Nec
422 1453 557 1521 hoc,
621 1455 704 1509 uti
761 1456 937 1510 etiam
993 1457 1325 1510 Brunonem
1370 1458 1507 1509 tunc
1555 1452 1773 1507 ibidem
1824 1451 1883 1505 in

249 1558 486 1596 sacram
519 1542 875 1614 Scripturam
904 1561 1107 1616 resque
1139 1543 1493 1614 theologicas
1536 1540 1880 1608 incubuisse,

248 1646 393 1684 vero
413 1636 659 1702 apparet
677 1632 1129 1698 absimile.Quod
1150 1632 1193 1686 si
1215 1632 1449 1687 interim
1467 1631 1565 1698 ita,
1583 1632 1643 1684 ut
1671 1629 1877 1701 potuit,

1981 490 2048 529 ex
2060 480 2179 533 solo
2197 485 2443 553 quatuor
2459 483 2783 554 primorum
2806 484 3116 540 Carthusite
3130 485 3389 557 priorum
3414 487 3588 543 Chro-

1981 564 2129 633 nico,
2157 584 2257 623 seu
2292 570 2479 642 potius
2511 572 2739 641 ebrevi,
2779 575 2935 646 quod
2967 593 3035 630 ex
3076 574 3185 628 hoc
3218 592 3383 630 num.
3418 581 3450 629 ’7
3483 576 3593 631 huc

1979 654 2330 730 transcripsi,
2378 658 2572 716 Sancti
2615 662 2827 734 elogio,
2878 667 3078 734 utpote
3120 664 3178 718 in
3228 680 3341 736 quo
3384 663 3479 718 hic
3523 664 3594 718 ab

1982 746 2213 799 auctore
2243 762 2432 801 coaevo
2464 748 2762 803 Remensis
2779 750 3029 805 ecclesiae
3061 753 3389 807 scholarum
3410 752 3593 824 magi-

1979 835 2097 887 ster
2127 832 2332 889 diserte
2362 837 2701 908 appelletur,
2736 842 2956 893 certum
2989 857 3110 896 esse
3142 840 3333 896 debet.
3366 841 3426 895 1d
3458 840 3601 896 inte-

1982 920 2093 975 rim
2125 921 2300 978 etiam
2332 924 2712 980 confirmatur
2739 944 2807 980 ex
2839 927 3136 998 Sigeberto
3176 930 3595 998 Gemblacensi,

1984 1011 2042 1062 et
2072 1010 2332 1079 Hugone,
2364 1011 2554 1066 Diensi
2588 1012 2853 1085 episcopo
2885 1015 3145 1088 sedisque
3177 1019 3503 1088 apostolicm
3538 1018 3596 1073 in

1984 1097 2171 1153 Galliis
2190 1099 2401 1170 legato,
2425 1118 2673 1173 quorum
2694 1105 2785 1158 ille
2805 1104 2864 1158 in
2886 1105 3361 1179 Chronographia
3390 1109 3463 1162 ad
3495 1126 3597 1162 an-

1986 1202 2126 1239 num
2163 1189 2318 1255 l08i,
2342 1188 2434 1244 hic
2458 1191 2610 1261 apud
2643 1191 2936 1247 Labbeum
2968 1196 3111 1247 tom.
3143 1195 3185 1249 Χ
3211 1194 3599 1251 Conciliorum

1986 1274 2093 1327 col.
2128 1275 2251 1342 365,
2298 1276 2356 1329 in
2405 1278 2646 1351 epistola
2702 1280 2776 1334 ad
2833 1281 3170 1352 Gregorium
3236 1283 3327 1336 Vll
3384 1300 3599 1355 papam

1988 1377 2141 1418 anno
2203 1366 2335 1420 1077
2392 1366 2622 1438 scripta,
2678 1367 2883 1440 liicque
2938 1369 3090 1423 infra
3134 1371 3318 1424 adhuc
3375 1387 3597 1426 memo-

1984 1453 2168 1508 randa
2181 1454 2509 1509 Brunonem
2538 1455 2757 1527 pariter
2780 1480 2806 1507 ‹‹
2831 1458 3080 1512 ecclesiae
3102 1458 3400 1513 Remensis
3422 1459 3603 1532 magi-

1984 1542 2167 1595 strum
2199 1563 2227 1591 ››
2259 1544 2570 1615 appellant.
2608 1545 2766 1600 Hisce
2788 1546 2937 1602 adde
2961 1547 3337 1615 Meinardum,
3363 1550 3598 1605 Corme-

1979 1629 2277 1684 riacenum
2310 1631 2368 1685 in
2399 1648 2537 1703 agro
2562 1632 2883 1688 Turonensi
2909 1635 3186 1706 priorem,
3213 1636 3309 1709 qui
3340 1636 3399 1690 in
3432 1637 3598 1692 titulo

454 1689 511 1702 ..
978 1689 1007 1698 η
1554 1689 1563 1698 ,
1671 1689 1688 1701 .
1866 1689 1875 1695 .
2434 1689 2467 1703 υ
2909 1689 2925 1706 ι
3015 1689 3020 1690 γ

250 1736 377 1774 sese
408 1722 588 1775 etiam
620 1722 808 1796 reipsa
837 1740 927 1777 res
952 1722 1234 1789 habuerit,
1260 1738 1293 1776 a
1322 1722 1595 1787 Manasse,
1629 1720 1878 1774 Remen-
1901 1689 1951 1748 B
1983 1716 2209 1772 funebri
2244 1718 2394 1773 inter
2438 1719 2798 1776 recudendos
2848 1726 2969 1791 176,
3004 1741 3117 1796 quo
3149 1724 3357 1781 Sancto
3390 1743 3599 1798 paren-

250 1808 404 1863 sium
419 1810 874 1884 archiepiscopo,
893 1811 951 1866 S.
968 1810 1262 1865 Cuniberti
1278 1808 1586 1864 canonicus
1603 1823 1671 1862 eo
1687 1824 1877 1874 sensu,

250 1913 431 1969 quem
464 1916 629 1954 num.
683 1903 751 1956 53
784 1901 1037 1973 exposui,
1071 1898 1259 1955 vocari
1291 1897 1530 1953 Sanctus
1566 1897 1741 1952 etiam
1775 1913 1877 1969 po-

251 1987 453 2053 tuerit,
485 1987 748 2058 quamvis
774 1988 834 2042 in
863 1988 921 2043 S.
947 1988 1237 2043 Cuniberti
1270 1986 1528 2054 ecclesia,
1563 1990 1876 2058 antequam

249 2074 309 2129 in
338 2076 589 2130 Galliam
622 2077 841 2131 litteras
881 2076 1107 2131 dicendi
1138 2093 1307 2131 causa
1338 2093 1368 2130 e
1403 2076 1590 2146 patria
1620 2077 1876 2150 primum

252 2164 461 2231 abiret,
500 2164 842 2220 canonicum
880 2181 997 2220 non
1042 2166 1267 2238 egisset,
1308 2168 1369 2220 ut
1412 2165 1602 2236 proin,
1653 2165 1877 2222 etiamsi

252 2268 389 2306 eum
410 2253 511 2307 diu
529 2253 701 2308 etiam
728 2256 863 2309 ante
879 2270 1098 2309 annum
1130 2257 1287 2322 1067,
1322 2272 1434 2327 quo
1467 2255 1693 2311 circiter
1721 2255 1880 2310 scho-

248 2342 443 2397 larum
466 2342 840 2398 Remensium
862 2343 1203 2415 praefectura
1219 2359 1339 2398 sese
1360 2361 1426 2399 ex
1444 2343 1699 2398 dicendis
1717 2342 1877 2399 abdi-

248 2430 421 2496 cavit,
451 2431 799 2488 canonicum
821 2433 881 2487 in
904 2433 961 2488 8.
984 2433 1278 2489 Cuniberti
1305 2434 1561 2501 ecclesia,
1581 2433 1876 2501 exstitisse,

250 2518 412 2576 foret
441 2520 896 2590 admittendum,
929 2521 1092 2594 argui
1125 2539 1193 2576 ex
1232 2516 1485 2577 Manasse
1516 2522 1725 2577 merito
1760 2537 1878 2577 non

252 2611 471 2680 posset,
494 2610 644 2664 hanc
664 2609 828 2665 illum
849 2611 1063 2667 ibidem
1081 2610 1302 2665 viveudi
1316 2628 1585 2666 normam
1598 2613 1723 2685 jam
1746 2611 1880 2667 inde

250 2698 326 2751 ab
351 2714 423 2752 eo
442 2702 731 2772 tempore,
751 2717 865 2773 quo
898 2700 1158 2755 nondum
1193 2700 1398 2756 Gallias
1434 2702 1673 2769 adierat,
1707 2701 1878 2756 fuisse

247 2790 412 2841 certo
442 2790 799 2861 amplexum.
824 2791 952 2845 Haec
985 2790 1130 2845 adde
1162 2789 1251 2858 iis,
1281 2807 1408 2862 qua:
1438 2808 1600 2846 num.
1631 2794 1719 2859 52,
1755 2807 1874 2863 seq.

250 2879 311 2930 et
342 2880 411 2930 65
445 2876 599 2932 dicta
628 2882 781 2933 sunt.

326 2967 419 3019 75.
476 2967 650 3021 Perro
692 2967 968 3024 Sanctum
1017 2968 1074 3023 in
1113 2967 1364 3041 patriam
1411 2972 1540 3042 post
1579 2972 1877 3041 exceptam

247 3050 499 3108 Turonis
514 3054 938 3128 philosophiam
954 3057 1209 3124 rediisse,
1241 3057 1583 3113 canonicum
1610 3058 1689 3112 ibi
1704 3075 1877 3131 agere

256 3143 400 3196 tunc
428 3142 687 3213 primum
727 3146 981 3218 coepisse,
1027 3146 1311 3218 rebusque
1346 3144 1682 3218 theologicis
1707 3146 1877 3202 simul

262 3228 487 3286 dedisse
521 3249 781 3305 operam,
826 3236 999 3307 longe
1043 3236 1315 3292 evaderet
1359 3235 1758 3303 verosiznilius,
1809 3236 1875 3303 si,

261 3320 421 3392 quod
448 3308 715 3377 laudatus
751 3323 1104 3380 Morkensius
1142 3324 1317 3379 etiam
1366 3323 1561 3390 tradit,
1602 3321 1879 3377 Sanctum

263 3408 503 3466 Colonia
533 3428 567 3466 a
592 3412 854 3469 Gervasio
882 3412 1259 3468 Remensium
1302 3411 1751 3483 archiepiscopo,
1784 3409 1881 3482 qui

258 3495 333 3550 ad
357 3497 512 3552 hanc
541 3498 878 3554 cathedram
907 3516 1061 3555 anno
1094 3502 1226 3554 1055
1257 3499 1447 3554 fuerat
1463 3501 1783 3570 promotus,
1807 3498 1881 3553 ad

254 3585 549 3642 civitatem
600 3586 971 3656 Remensem,
1019 3591 1081 3642 ut
1133 3586 1373 3654 ibidem,
1427 3601 1567 3657 quas
1615 3586 1876 3653 callebat,

257 3674 525 3730 scientias
544 3676 796 3744 doceret,
824 3678 995 3733 fuisse
1026 3680 1380 3741 revocatum,
1401 3680 1488 3732 sat
1514 3679 1667 3730 certo
1691 3678 1881 3749 posset

257 3768 608 3837 argumento
623 3765 876 3838 probari.
910 3767 1020 3822 Pro
1042 3783 1100 3821 se
1118 3765 1357 3838 quidam
1372 3765 1508 3821 citat
1526 3762 1880 3821 Morkensius

254 3852 585 3924 antiquum,
616 3853 687 3909 de
720 3869 833 3926 quo
862 3869 1025 3908 num.
1061 3854 1151 3920 49,
1190 3852 1499 3908 Carthusiaa
1543 3851 1759 3908 Montis-
1778 3850 1878 3906 Dei

253 3939 315 3994 in
348 3940 610 3997 Picardia
623 3942 903 4011 codicem,
927 3962 961 3999 a
991 3942 1237 3998 Suriano
1254 3942 1315 3995 in
1332 3940 1446 3997 suis
1468 3940 1541 3997 ad
1573 3939 1877 3995 Surianam

254 4026 454 4085 Sancti
497 4030 685 4086 Vitam
722 4031 1193 4088 adnotationibus
1244 4048 1379 4105 pag.
1424 4033 1493 4086 79
1544 4030 1875 4099 laudatum;

252 4132 458 4176 verum
472 4135 606 4177 cum
622 4119 693 4177 de
705 4122 875 4193 hujus
895 4121 1238 4194 antiquitate
1263 4119 1738 4192 auctoritateque,
1755 4122 1876 4174 tam

256 4204 510 4267 Suriano
537 4226 712 4282 quam
727 4209 1050 4267 Morkensio
1079 4212 1137 4264 et
1155 4208 1438 4276 Martinio,
1477 4207 1547 4263 de
1580 4224 1693 4281 quo
1712 4224 1875 4262 num.

1988 1805 2147 1873 tavit,
2183 1807 2263 1861 ita
2303 1807 2595 1879 loquitur:
2629 1831 2657 1859 «
2685 1810 3030 1879 Mainardus,
3089 1813 3351 1884 inquam,
3394 1830 3504 1884 ego
3538 1814 3596 1868 in

1987 1895 2370 1974 Cormaricnsi
2401 1899 2754 1955 monasterio
2773 1900 3193 1955 monachorum
3210 1902 3598 1973 plurimorum

1978 1985 2238 2053 nomine,
2256 2004 2373 2043 non
2391 2004 2585 2059 opere,
2610 1988 2787 2059 prior,
2804 1990 3120 2045 Remorum
3139 1990 3380 2046 civitatis
3400 1992 3595 2047 oriun-

1979 2067 2085 2121 dus
2104 2068 2206 2136 fui,
2233 2069 2455 2125 domini
2471 2070 2638 2141 hujus
2674 2071 2954 2126 Brunonis
2975 2071 3192 2143 aliquot
3212 2073 3377 2127 annis
3393 2074 3599 2128 doctri-

1981 2173 2120 2212 nam
2153 2158 2361 2226 audivi,
2396 2160 2630 2231 Deoque
2675 2160 2903 2221 volente
2943 2161 3260 2216 admodum
3292 2161 3531 2234 profeci.
3566 2184 3595 2213 »

1980 2255 2110 2309 Haec
2140 2254 2256 2322 ille,
2291 2254 2409 2327 qui,
2445 2253 2703 2328 quamvis
2729 2271 2788 2309 se
2821 2255 3014 2310 Remis
3041 2257 3147 2312 sub
3181 2258 3446 2312 Brunone
3477 2262 3596 2313 stu-

1980 2343 2186 2411 duisse,
2221 2348 2418 2414 aperte
2446 2360 2565 2399 non
2588 2343 2796 2411 edicat,
2819 2360 2911 2398 res
2940 2347 3138 2400 tamen
3172 2344 3251 2400 ita
3279 2362 3401 2401 sese
3431 2363 3595 2401 vero—

1979 2431 2243 2487 similiter
2270 2431 2556 2500 habuerit,
2605 2434 2760 2505 quod
2805 2434 2997 2489 Remis
3027 2439 3220 2491 ortum
3262 2453 3363 2490 seu
3393 2439 3595 2491 natum

1981 2537 2105 2575 sese
2135 2521 2492 2592 pronuntiet,
2512 2521 2723 2595 ibique,
2754 2523 2851 2578 ubi
2879 2527 3046 2580 natus
3076 2528 3221 2593 erat,
3256 2525 3594 2598 aliquandiu

1981 2610 2384 2667 verosimiliter
2412 2611 2630 2667 litteras
2659 2612 2942 2668 didicerit.

2052 2705 2141 2755 77.
2175 2701 2361 2771 Atque
2381 2701 2505 2755 haec
2522 2700 2777 2773 quidem,
2796 2705 3082 2774 quantum
3112 2703 3339 2775 opinor,
3372 2703 3429 2758 S.
3455 2706 3593 2759 Bru-

1978 2804 2198 2843 nonem
2258 2788 2451 2844 Remis
2495 2788 2774 2857 docuisse,
2834 2807 2935 2844 seu
2994 2791 3338 2863 magistrum
3386 2792 3590 2865 egisse,

1979 2876 2112 2931 satis
2133 2893 2419 2949 superque
2445 2877 2715 2933 evincunt
2739 2894 2752 2933 :
2770 2895 2918 2950 quas
2938 2894 3073 2933 vero
3096 2877 3311 2934 ibidem
3329 2878 3593 2935 scientias

1900 2947 1947 3006 C
1978 2964 2255 3032 docuerit,
2289 2968 2347 3020 et
2376 2983 2490 3038 quo
2523 2966 2747 3021 circiter
2764 2970 3031 3038 tempore
3051 2966 3109 3021 id
3131 2966 3318 3040 operis
3344 2985 3444 3023 seu
3465 2986 3592 3024 mu—

1978 3053 2131 3109 neris
2188 3053 2442 3125 primum
2489 3055 2834 3127 susceperit,
2868 3072 3019 3109 nunc
3041 3055 3459 3127 indagandum.
3516 3059 3594 3111 Ac

1976 3141 2166 3213 primo
2195 3142 2430 3215 quidem
2464 3142 2739 3198 Sanctum
2786 3142 3007 3215 poesim
3056 3142 3271 3198 ibidem
3311 3143 3591 3213 docuisse,

1978 3233 2440 3289 concludendum
2473 3237 2714 3307 apparet
2744 3252 2775 3288 e
2804 3234 3032 3289 funebri
3048 3234 3171 3305 ejus
3184 3235 3350 3290 titulo
3388 3239 3508 3305 126;
3532 3238 3592 3291 in

1978 3320 2088 3374 hoc
2107 3320 2264 3375 enim
2290 3321 2757 3377 AtrebatensisS.
2792 3322 3017 3377 Vedasti
3050 3321 3322 3377 Nobiliaci
3350 3324 3594 3380 coenobii

1980 3407 2175 3463 schola
2204 3423 2338 3463 eum
2372 3408 2453 3463 ita
2483 3409 2797 3481 alloquitur
2832 3425 2847 3464 :

2524 3499 2642 3562 tibi,
2682 3496 2873 3553 Βηληο
2907 3500 3159 3571 magister
3206 3506 3378 3564 acute,

2058 3586 2228 3640 Viluit
2256 3587 2340 3641 hic
2366 3589 2498 3656 ﬂore
2523 3588 2774 3653 mundus,
2803 3590 3071 3660 sterilique
3100 3589 3283 3644 decore

2049 3673 2176 3730 Flos
2199 3677 2312 3746 fuit
2340 3678 2395 3731 in
2422 3678 2548 3747 feno
2572 3696 2589 3731 :
2623 3679 2794 3747 viguit
2819 3678 2915 3732 sub
2945 3678 3051 3733 sole
3078 3696 3277 3742 sereno,

2047 3760 2197 3817 Dum
2226 3771 2319 3818 tua
2348 3771 2606 3828 cantaret,
2633 3765 2807 3820 studio
2835 3765 2963 3820 dum
2988 3784 3139 3820 musa
3164 3771 3398 3827 vacaret,

2050 3851 2198 3905 Dum
2222 3852 2374 3906 modo
2402 3851 2620 3908 lactaret
2649 3852 2861 3920 Remos,
2885 3854 3037 3907 modo
3057 3871 3203 3924 pane
3231 3855 3449 3908 cibaret.

1977 3939 2091 3995 Nec
2116 3943 2344 3997 tantum
2377 3958 2445 3996 ex
2475 3941 2761 3998 inferioris
2793 3942 3009 3997 ordinis
3050 3941 3297 3997 scientiis
3327 3960 3427 3998 seu
3456 3942 3591 3997 arti-

1977 4027 2083 4083 bus
2114 4028 2357 4101 poesim,
2390 4029 2491 4084 sed
2520 4030 2703 4101 ipsam
2726 4030 2901 4085 etiam
2918 4031 3367 4103 grammaticam
3401 4031 3595 4085 Remis

1980 4116 2236 4173 docuisse
2266 4116 2506 4171 Sanctus
2538 4117 2777 4172 videtur.
2802 4117 3031 4173 Etenim
3062 4118 3121 4172 in
3155 4119 3406 4173 ecclesia
3443 4120 3591 4174 Con-

1979 4204 2307 4260 stantiensis
2323 4204 2379 4260 S.
2394 4203 2581 4259 Marim
2600 4205 2852 4281 versibus
2863 4206 3345 4277 scholaribus,qui
3359 4207 3591 4263 titulum

255 4295 460 4353 itidem
474 4268 573 4367 49:
584 4301 765 4357 altum
788 4301 1013 4370 silente,
1049 4299 1279 4355 aliunde
1308 4268 1451 4354 mihi
1482 4268 1618 4354 non.
1634 4299 1877 4367 constet,
1905 4268 1959 4328 D
1981 4295 2103 4367 ejus
2145 4295 2453 4351 funebrem
2493 4272 2649 4349 inter
2676 4293 3036 4349 recudendos
3075 4296 3173 4348 156
3215 4268 3591 4364 constituunt,

257 4384 604 4458 neutiquam
654 4388 831 4444 codex
881 4387 999 4455 ille,
1046 4390 1109 4441 ut
1150 4404 1184 4441 a
1213 4386 1464 4457 praefatis
1507 4384 1880 4456 scriptoribus

257 4472 530 4544 antiquus
548 4478 800 4543 vocetur,
831 4476 1093 4532 sufﬁcere
1127 4476 1270 4531 mihi
1286 4477 1494 4548 potest,
1520 4477 1583 4529 ut
1603 4472 1880 4529 Sanctum

255 4577 460 4618 revera
492 4579 527 4618 a
554 4564 819 4621 Gervasio
854 4565 1091 4624 Colonia
1127 4566 1360 4632 Remos,
1383 4567 1447 4620 ut
1484 4563 1607 4619 istic
1625 4564 1877 4633 doceret,

254 4648 430 4707 fuisse
447 4656 803 4721 revocatum,
825 4670 930 4727 pro
958 4653 1282 4711 indubitate
1310 4653 1577 4709 habeam.
1603 4654 1746 4708 Rern
1778 4653 1881 4708 ita-

257 4753 371 4811 que
425 4739 598 4807 hanc,
648 4740 730 4795 uti
787 4741 983 4810 etiam,
1040 4758 1113 4797 an
1175 4741 1388 4807 Bruno,
1437 4756 1568 4796 cum
1624 4741 1881 4796 Turonas

255 4826 455 4882 audita
480 4827 607 4898 jam
638 4830 1022 4902 philosophia,
1045 4830 1317 4897 deseruit,
1344 4829 1404 4885 in
1438 4829 1686 4903 patriam
1708 4830 1882 4888 fuerit

254 4927 541 4983 reversus,
556 4916 751 4990 ibique
766 4917 1120 4990 aliquandiu,
1133 4933 1309 4972 sacrse
1322 4916 1555 4973 interim
1573 4917 1879 4990 Scriptura

253 5002 544 5077 rebusque
560 5004 898 5077 theologicis
924 5006 1066 5062 dans
1087 5022 1350 5078 Operam,
1373 5007 1715 5061 canonicum
1744 5022 1877 5079 ege-

256 5088 353 5159 rit,
377 5091 438 5147 in
468 5093 661 5150 medio
686 5094 975 5167 relinquo,
998 5097 1058 5149 et
1086 5094 1159 5150 ad
1191 5095 1303 5150 alia
1326 5095 1600 5152 Sanctum
1623 5098 1882 5169 spectan-

254 5180 361 5248 tia,
395 5199 523 5255 qua
563 5183 903 5240 certioribus
956 5184 1433 5258 solidioribusque
1485 5185 1879 5243 fundamentis

256 5274 756 5344 superstruuntur,
788 5273 1093 5328 tractanda
1114 5274 1477 5347 progredior.

329 5361 421 5417 76.
460 5360 793 5417 Brunonem
809 5360 1097 5435 imprimis
1118 5363 1313 5419 Remis
1327 5380 1460 5420 cum
1478 5364 1881 5422 verosimiliter

258 5452 439 5509 etiam
493 5454 582 5509 vel
636 5452 699 5508 in
746 5454 854 5510 hac
910 5454 1035 5527 ipsa
1096 5454 1321 5511 civitate
1346 5499 1362 5526 ,
1421 5458 1511 5512 vel
1565 5457 1699 5514 alibi
1753 5459 1881 5512 tum

257 5556 488 5603 sacram
509 5540 892 5624 Scriptum,
936 5544 1062 5603 tum
1089 5543 1267 5605 etiam
1294 5546 1652 5625 theologiam
1681 5546 1879 5606 sedulo

1984 4405 2012 4433 «
2041 4384 2357 4438 multorum
2382 4384 2705 4454 praeceptor
2734 4381 3252 4453 grammaticorum
3271 4404 3299 4432 »
3320 4382 3593 4437 exstitisse

1982 4470 2334 4540 declaratur;
2359 4469 2462 4526 etsi
2482 4474 2698 4538 autem,
2723 4471 3014 4538 Remisne,
3034 4488 3107 4525 an
3124 4470 3278 4540 alibi,
3295 4487 3591 4544 gramma—

1979 4560 2123 4616 ticos
2145 4560 2445 4628 erudierit,
2464 4578 2580 4615 uon
2594 4561 2857 4629 addatur,
2882 4560 3078 4615 Remis
3098 4564 3296 4616 tamen
3318 4562 3377 4615 id
3396 4561 3594 4616 fecisse

1979 4650 2163 4717 illum,
2189 4648 2511 4704 verosimile
2531 4649 2741 4704 idcirco
2758 4653 3017 4722 apparet,
3059 4649 3214 4720 quod
3242 4649 3395 4717 alibi,
3417 4668 3593 4720 quam

1979 4738 2173 4794 Remis
2196 4754 2475 4810 umquam
2493 4737 2770 4805 docuisse,
2791 4739 2946 4792 nullo
2968 4740 3139 4808 plane
3159 4738 3417 4809 antiquo,
3438 4738 3593 4809 quod

1978 4826 2155 4881 ﬁdem
2188 4825 2573 4880 indubitatam
2618 4824 2807 4880 facere
2838 4829 3040 4879 uatum
3084 4826 3174 4894 sit,
3208 4829 3591 4881 monumento

1980 4904 2153 4989 queat
2181 4915 2425 4971 ostendi.
2462 4916 2586 4970 Alia
2615 4931 2734 4970 non
2767 4919 3093 4984 occurrunt,
3132 4932 3285 4986 quae,
3318 4917 3380 4968 ut
3416 4914 3595 4968 scien-

1980 5004 2088 5060 tias
2106 5004 2396 5060 inferioris
2418 5004 2636 5061 ordinis
2655 5022 2753 5059 seu
2774 5005 3147 5061 humaniores
3168 5003 3384 5057 litteras
3400 5002 3593 5058 Remis

1980 5094 2149 5152 fuisse
2167 5095 2422 5151 aSancto
2442 5093 2994 5162 traditas,evincam,
3016 5092 3234 5164 possint
3249 5091 3590 5147 conducere.

2050 5188 2139 5244 78.
2172 5187 2273 5241 Ast
2297 5185 2435 5259 quid
2466 5185 2536 5241 de
2552 5185 2979 5241 sublimioribus
2994 5182 3263 5250 scientiis,
3282 5183 3593 5255 Theologia

1979 5275 2242 5331 videlicet
2263 5290 2327 5329 ac
2355 5274 2719 5347 philosophia
2735 5272 3041 5328 dicendum
3059 5272 3087 5328 ?
3106 5271 3347 5327 Sanctus
3364 5288 3594 5344 quoque

1976 5369 2099 5420 tam
2129 5365 2300 5432 hanc,
2335 5379 2511 5435 quam
2543 5363 2702 5416 illam
2741 5360 2933 5415 Remis
2965 5361 3220 5419 docuisse
3250 5361 3491 5416 videtur.
3514 5366 3595 5418 Ac

1979 5454 2171 5528 primo
2221 5454 2491 5526 quidem,
2543 5467 2676 5505 cum
2753 5450 3005 5507 Brunoni
3063 5451 3261 5507 laudes
3290 5443 3593 5523 'diversaa,

1976 5545 2097 5605 viro
2127 5543 2249 5629 fere
2276 5542 2552 5600 duntaxat
2580 5540 3005 5621 philosophiam
3036 5542 3465 5623 aetheologiam
3497 5560 3598 5623 pu-
