4122 6058
454 280 518 340 si
1316 280 1741 341 sanumms
1781 274 2417 341 csnrnusmonum
2453 251 2923 345 msmuronis
3716 292 3791 349 δε».

445 399 594 459 blice
624 400 883 476 professo
899 406 1033 478 apte
1060 405 1491 475 convenientes,
1515 406 1576 463 in
1598 405 1872 463 nonnulis
1892 406 2069 465 titulis
2091 411 2147 472 Α
2178 424 2289 481 gen
2299 409 2436 465 dum
2455 426 2573 466 non
2595 412 2700 477 est,
2723 407 2862 481 quin
2887 408 2945 463 in
2963 425 3031 464 ea
3050 407 3271 464 clericis
3290 408 3651 483 theologiam
3678 415 3799 478 tra,

444 492 803 564 funebribus,
837 511 901 550 ac
928 496 1213 569 praecipue
1235 495 1472 568 quidem
1515 496 1629 551 titt.
1678 498 1767 563 31,
1814 498 1904 564 32,
1945 498 2065 563 107,

449 592 571 661 124,
610 595 730 661 126,
786 597 906 663 131,
956 596 1077 663 146,
1120 596 1240 664 166,
1284 596 1384 650 168
1433 597 1490 650 et
1545 596 1665 662 173,
1700 595 1857 650 nulla
1900 594 2100 666 plane-

446 680 581 750 loci,
627 698 741 754 quo
790 683 1055 739 scientias
1091 684 1261 739 hasce
1303 683 1398 739 ille
1449 683 1728 752 docuerit,
1771 683 2069 738 mentione

447 768 622 839 facta,
656 771 1064 842 attribuantur,
1107 789 1177 828 ex
1204 789 1272 829 eo
1314 773 1435 846 ipso
1472 789 1608 829 mox
1653 773 1922 840 adducto,
1957 787 2071 845 quo

452 859 647 915 Remis
676 861 1121 932 grammaticam
1153 863 1409 918 docuisse
1439 863 1683 932 videtur,
1720 865 2070 935 argumento

446 950 838 1023 consequitur,
873 953 936 1005 ut
965 954 1023 1006 et
1046 950 1124 1007 ibi
1159 951 1587 1025 philosophiam
1620 969 1684 1007 ac
1714 950 2073 1023 theologiam

451 1036 745 1107 docuerit;
806 1055 1007 1094 verum
1072 1056 1199 1095 rem
1257 1039 1368 1095 alio
1430 1040 1615 1097 adhuc
1679 1041 1855 1096 modo
1916 1040 2075 1094 lubet

448 1123 707 1181 firmare.
758 1126 1091 1199 Fragmenti
1141 1127 1431 1198 historici,
1492 1129 1651 1202 quod
1709 1146 1743 1184 a
1806 1132 2073 1199 tempore

452 1211 710 1283 Roberti,
745 1213 1097 1271 Francorum
1138 1217 1312 1289 regis,
1355 1217 1429 1271 ad
1459 1219 1712 1272 mortem
1767 1215 2016 1287 Philippi
2051 1217 2071 1268 l

450 1302 1047 1376 dcducitur,quodque
1063 1305 1340 1361 aMarloto
1365 1309 1600 1361 num.57
1626 1304 1912 1372 laudatur,
1934 1304 2070 1360 scri-

451 1385 585 1455 ptor
608 1399 952 1456 anonymus,
977 1384 1132 1456 quod
1160 1403 1279 1442 non
1312 1388 1432 1441 tam
1465 1402 1531 1440 ex
1562 1385 1770 1458 patria,
1797 1402 1974 1457 quam
2006 1403 2073 1441 cx

452 1472 671 1541 studiis,
705 1473 911 1545 quibus
941 1473 1135 1529 Remis
1162 1478 1289 1529 tum
1322 1473 1617 1541 discendo,
1652 1476 1776 1528 tum
1809 1474 2069 1530 docendo

451 1561 768 1617 diutissime
809 1565 1127 1630 vacaverat,
1187 1566 1245 1618 et
1283 1579 1350 1617 ex
1381 1561 1775 1634 dignitatibus,
1799 1580 1940 1634 quas
1971 1562 2072 1617 ibi-

455 1650 591 1707 dem
641 1651 1011 1721 obtinuerat,
1060 1653 1393 1708 Brunonem
1455 1651 1751 1724 cognitum
1807 1652 2067 1718 haberet,

457 1762 488 1793 «
517 1740 865 1795 Remensem
902 1761 928 1790 ››
974 1758 1130 1809 eum,
1162 1744 1227 1796 ut
1265 1757 1428 1796 num.
1466 1744 1531 1797 12
1562 1740 1749 1809 docui,
1786 1741 2066 1813 appellat;

452 1844 654 1902 quare,
714 1846 846 1884 cum
887 1833 1173 1902 praeterea
1217 1830 1325 1885 hac
1365 1829 1641 1885 Sanctum
1675 1846 1744 1886 eo
1778 1829 1901 1902 ipso
1948 1830 2073 1884 loco

453 1932 568 1990 quo
589 1933 723 1972 eum
739 1938 767 1968 «
787 1921 909 1972 tam
926 1917 1118 1973 divina
1128 1933 1303 1989 quam
1315 1918 1375 1973 in
1387 1917 1646 1972 humana
1656 1915 2072 1989 phiIOSOphia,»

453 2003 621 2058 binas
649 2003 861 2058 scilicet
898 2005 1068 2058 hasce
1113 2004 1378 2059 scientias
1408 2003 1668 2058 docendo
1713 2019 1811 2057 seu
1852 2002 2077 2075 publice

455 2091 804 2164 profitendo,
840 2091 1100 2147 ﬂoruisse
1134 2090 1331 2159 tradit,
1357 2091 1743 2163 appellatione
1771 2090 2001 2159 afﬁciet,
2020 2091 2079 2147 id

454 2177 778 2248 praesertim
807 2178 1040 2248 idcirco,
1087 2181 1243 2254 quod
1280 2181 1556 2236 eumdem
1584 2181 1836 2235 maxime
1877 2198 1944 2235 ex
1972 2181 2076 2235 hu-

454 2284 634 2323 mana
659 2286 725 2324 ac
755 2270 950 2326 divina
1004 2271 1389 2344 philosophia,
1447 2288 1548 2326 seu
1584 2287 1651 2326 ex
1690 2271 1982 2343 theologia
2015 2288 2079 2326 ac

454 2355 849 2429 philosophia,
917 2374 1094 2431 quam
1176 2362 1484 2432 utramque
1541 2357 1842 2414 scientiam
1889 2358 2081 2413 Remis

456 2446 595 2500 tunc
650 2445 914 2511 docebat,
971 2447 1273 2520 cognitum
1328 2449 1592 2518 haberet,
1646 2447 2079 2504 verosimillime

460 2533 684 2590 fecerit.

528 2628 618 2681 79.
650 2627 837 2699 Atque
890 2627 972 2683 ita
1017 2627 1146 2699 jam
1196 2625 1499 2693 habemus,
1562 2625 1898 2679 Brunonem
1957 2627 2080 2679 tam

457 2719 904 2794 philosophiam,
948 2740 1125 2796 quam
1155 2721 1512 2795 theologiam
1549 2719 1742 2776 Remis
1785 2719 2080 2790 docuisse;

461 2810 619 2882 quod
644 2815 838 2866 autem
863 2812 1213 2868 nominatim
1234 2813 1307 2868 ad
1327 2812 1709 2885 posteriorem
1728 2811 1879 2865 hanc
1899 2808 2080 2864 scien-

460 2895 605 2952 tiam
634 2898 907 2968 pertinet,
934 2898 995 2954 id
1018 2902 1302 2972 prmterea
1315 2899 1393 2954 sic
1422 2898 1699 2954 ostendo:
1723 2896 2082 2953 Scholarchae

463 3000 564 3040 seu
594 2986 914 3042 scholastici
963 3004 1195 3055 munus,
1243 2987 1399 3061 quod
1439 3002 1557 3042 non
1604 2985 1713 3042 nisi
1744 2984 2084 3041 doctissimis

462 3075 923 3150 gravissimisque
944 3076 1078 3132 viris
1103 3077 1315 3133 deferri
1327 3076 1568 3144 solebat,
1586 3075 1791 3131 obiisse
1809 3074 2084 3129 Sanctum

464 3167 751 3234 nostrum,
784 3167 1144 3238 exploratum
1161 3167 1443 3222 habemus
1463 3169 1588 3220 tum
1604 3182 1671 3220 ex
1701 3164 1930 3219 funebri
1964 3163 2086 3234 ejus

464 3254 632 3310 titulo
664 3258 789 3323 173,
822 3255 881 3310 in
914 3272 1028 3329 quo
1059 3274 1090 3311 a
1118 3256 1480 3330 regularibus
1513 3255 1764 3310 ecclesias
1801 3253 2085 3308 Vincentii

464 3341 823 3397 Noliensibus
854 3342 1145 3398 canonicis
1190 3366 1217 3394 ‹‹
1249 3344 1599 3398 Dudum.....
1644 3341 1895 3397 ecclesia:
1939 3342 2087 3396 sedis

465 3427 841 3484 Remensium
872 3447 1133 3486 summus
1168 3430 1488 3486 didascalus
1518 3451 1546 3481 »
1577 3429 1748 3485 fuisse
1793 3429 2085 3494 asseritur,

463 3520 591 3573 tum
623 3534 691 3573 ex
706 3518 975 3574 Guiberto
993 3519 1062 3574 de
1085 3519 1427 3591 Novigento,
1451 3518 1728 3590 scriptore
1751 3534 1964 3584 comvo,
1990 3516 2087 3587 qui

465 3605 564 3661 lib.
596 3623 614 3662 ι
633 3607 705 3662 de
726 3607 852 3662 Vita
873 3624 976 3662 sua
994 3624 1121 3680 cap.
1146 3611 1203 3663 11
1235 3607 1306 3662 de
1321 3608 1529 3662 Sancto
1549 3610 1745 3662 nostro
1763 3606 1839 3661 sic
1857 3605 2083 3660 scribit:

470 3716 499 3747 ‹‹
531 3695 658 3750 Fuit
687 3712 805 3752 non
843 3696 1017 3768 longe
1053 3697 1125 3752 ab
1155 3696 1243 3751 his
1289 3697 1489 3751 diebus
1533 3696 1724 3750 Bruno
1759 3694 1995 3767 quidam
2026 3694 2086 3748 in

463 3784 605 3839 urbe
638 3785 927 3854 Remensi,
955 3786 1041 3841 vir
1071 3789 1129 3841 et
1156 3786 1490 3842 liberalibus
1529 3785 1841 3840 instructus
1872 3784 2089 3838 artibus

462 3876 522 3929 et
534 3889 885 3946 magnorum
898 3874 1220 3930 studiorum
1233 3878 1423 3929 rector
1440 3891 1454 3942 ;
1477 3893 1506 3923 »
1526 3873 1665 3928 olim
1679 3876 1872 3927 autem
1885 3913 1898 3937 ,
1912 3871 2088 3926 etiam

465 3965 636 4017 astate
663 3962 721 4017 S.
759 3963 1044 4017 Brunonis
1093 3979 1191 4017 seu
1223 3964 1432 4017 saeculo
1463 3978 1516 4016 x1
1557 3961 1615 4014 in
1649 3959 1965 4030 majoribus
2003 3976 2090 4015 ec-

465 4049 649 4105 clesiis
660 4050 735 4104 ad
753 4050 1075 4105 scholastici
1092 4066 1193 4104 seu
1213 4049 1561 4105 scholarchae
1578 4064 1777 4103 curam
1798 4047 2087 4119 praecipue

462 4139 757 4211 spectabat
806 4139 1041 4194 clericos
1082 4138 1416 4194 liberalibus
1455 4137 1675 4193 artibus
1701 4154 1765 4192 ac
1806 4137 1997 4207 proin,
2031 4139 2088 4192 et

464 4228 701 4300 quidem
732 4228 1116 4300 potissimum,
1151 4231 1216 4282 ut
1245 4229 1506 4298 apparet,
1542 4225 1880 4297 theologicis
1914 4225 2088 4281 facul-

461 4317 676 4373 tatibus
704 4317 952 4386 erudire,
980 4317 1146 4373 bonis
1174 4316 1432 4372 moribus
1456 4315 1796 4381 informare,
1830 4314 2088 4370 ecclesia-

2179 498 2407 554 diderit.

2251 589 2337 642 80.
2370 589 2438 643 Et
2463 604 2597 643 eum
2619 586 2853 661 quidem
2880 585 3047 642 unice
3067 590 3207 642 tunc
3231 587 3595 644 sublimiores
3613 588 3798 643 scien-

2178 676 2287 731 tias
2308 677 2526 749 hasque
2560 677 2712 732 inter
2753 676 3110 749 theologiam
3139 676 3418 745 docuisse,
3447 675 3797 733 verosimili-

2179 781 2345 820 mum
2363 769 2522 836 puto.
2553 765 2779 821 Etenim
2806 765 3153 820 cathedralis
3168 765 3598 839 Andcgavensis
3619 767 3802 820 eccle-

2178 853 2280 923 sia,
2334 855 2392 909 in
2420 855 2588 910 titulo
2627 855 2857 911 funebri
2907 855 3060 910 inter
3099 853 3461 910 recudendos
3512 855 3632 922 166,
3675 870 3797 928 quo

2178 942 2457 999 Sanctum
2482 944 2722 999 mirifice
2749 943 3078 1013 celebravit,
3109 943 3189 998 ita
3220 942 3292 998 de
3328 959 3396 999 eo
3422 942 3578 999 canit
3609 959 3622 999 :

2245 1084 2355 1141 His
2372 1072 2710 1159 précellebat
2738 1085 3058 1152 doctoribus,
3094 1086 3179 1138 hic
3206 1085 3444 1155 faciebat

2244 1174 2494 1230 Summas
2517 1175 2770 1238 doctores,
2801 1191 2908 1229 non
2934 1172 3253 1228 instituendo
3280 1175 3543 1229 minores:

2245 1263 2446 1319 Doctor
2474 1263 2750 1318 doctorum
2771 1264 2882 1334 fuit
2911 1263 3016 1326 hic,
3044 1279 3152 1317 non
3176 1260 3544 1317 clericulorum
3567 1278 3584 1327 ;

2172 1422 2355 1477 Iribus
2383 1425 2578 1477 autem
2604 1420 2759 1475 hisce
2791 1418 3076 1475 versiculis
3110 1418 3377 1474 scientias
3421 1417 3725 1474 inferiores
3752 1433 3788 1473 a

2170 1511 2402 1578 Sancto,
2440 1514 2639 1582 utpote
2676 1525 2852 1582 quem
2899 1525 3018 1564 non
3052 1508 3370 1576 clericulos,
3411 1524 3509 1563 seu
3555 1506 3797 1562 clericos

2163 1599 2445 1672 juniores,
2486 1597 2776 1652 inferioris
2807 1598 3087 1652 duntaxat
3128 1596 3346 1652 ordinis
3388 1596 3640 1651 scientiis
3685 1594 3790 1650 ad-

2171 1687 2453 1744 discendis
2515 1690 2714 1760 aptos,
2766 1687 2865 1741 sed
2915 1685 3099 1741 aetatis
3149 1688 3378 1740 tantum
3422 1683 3797 1758 provectioris

2056 1783 2070 1857 ξ
2099 1795 2153 1857 Β
2174 1776 2344 1845 viros,
2363 1776 2642 1843 docuisse,
2667 1775 2946 1842 indicent,
2974 1773 3168 1829 Remis
3187 1773 3429 1828 traditas
3452 1790 3571 1828 non
3594 1771 3795 1839 fuisse,

2174 1864 2453 1932 innuitur,
2484 1864 2679 1936 idque,
2712 1880 2845 1919 cum
2889 1879 2956 1917 ex
2984 1879 3156 1934 supra
3201 1861 3364 1916 dictis
3392 1865 3517 1916 tum
3545 1860 3795 1933 poesim,

2176 1958 2302 2009 tum
2330 1952 2774 2025 grammaticam
2804 1952 2993 2006 Bruno
3017 1951 3209 2005 Remis
3248 1950 3530 2019 docuerit,
3565 1946 3795 2004 veritati

2178 2058 2297 2096 esse
2324 2057 2645 2096 consonum
2686 2039 2842 2095 haud
2882 2042 3090 2112 potest,
3143 2038 3251 2093 nisi
3292 2038 3363 2093 de
3412 2037 3644 2105 Sancto,
3668 2037 3799 2109 jam

2177 2130 2328 2185 facto
2352 2126 2601 2185 ecclesia:
2617 2128 2917 2184 Remensis
2937 2128 3279 2184 scholarcha
3304 2144 3401 2182 seu
3421 2141 3790 2182 summorum

2179 2218 2503 2274 studiorum
2533 2221 2758 2273 rectore
2791 2234 2855 2273 ac
2884 2216 3155 2290 praefecto
3186 2215 3572 2288 intelligatur;
3605 2229 3799 2286 neque

2181 2307 2339 2362 enim
2373 2305 2670 2374 Sanctum,
2720 2305 2949 2361 muneri
2990 2304 3122 2359 huic
3171 2303 3434 2359 nondum
3466 2303 3796 2369 admotum,

2181 2395 2446 2452 scientias
2494 2395 2897 2461 sublimiores,
2951 2393 3253 2449 admotum
3306 2408 3440 2447 vero
3496 2389 3800 2445 inferiores

2183 2484 2481 2539 dumtaxat
2508 2484 2784 2551 docuisse,
2813 2482 3135 2538 verosimile
3166 2483 3423 2554 apparet.
3456 2480 3645 2534 Bruno
3689 2478 3799 2533 ita-

2182 2590 2315 2646 que,
2342 2589 2474 2627 cum
2498 2573 2624 2644 jam
2645 2572 2973 2627 scholarum
2994 2568 3369 2625 Remensium
3390 2567 3801 2639 magistratum

2183 2660 2380 2716 fuisset
2410 2661 2670 2733 adeptus,
2702 2659 2968 2715 scientias
3002 2659 3280 2714 duntaxat
3320 2657 3552 2712 altiores
3594 2672 3660 2710 ac
3692 2670 3799 2727 po-

2184 2750 2473 2807 tissimum
2504 2748 2884 2821 theologiam,
2939 2751 3074 2803 ante
3104 2763 3236 2802 vero
3268 2762 3443 2819 quam
3474 2745 3583 2799 hoc
3605 2741 3799 2798 ofﬁcio

2185 2838 2487 2894 decoratus
2506 2837 2725 2905 fuisset,
2759 2835 3062 2891 inferiores
3087 2835 3265 2890 etiam
3297 2831 3576 2889 docuerit.
3608 2832 3801 2902 Atque

2183 2926 2308 2982 haec
2358 2926 2429 2981 de
2455 2924 2726 2993 scientiis,
2757 2942 2898 2998 quas
2947 2924 3188 2979 Sanctus
3231 2922 3425 2977 Remis
3471 2918 3801 2986 tradiderit,

2186 3015 2339 3070 dicta
2368 3015 2684 3083 sufficiant,
2718 3013 3047 3086 proximum
3079 3014 3184 3080 est,
3219 3014 3282 3065 ut
3312 3010 3369 3065 in
3394 3013 3638 3081 tempus,
3684 3022 3803 3079 quo

2111 3125 2160 3186 ο
2187 3103 2485 3158 circiterid
2507 3102 2770 3159 oncrisin
2794 3118 2852 3157 se
2868 3100 3199 3174 susceperit,
3221 3098 3397 3155 modo
3420 3096 3804 3169 inquiramus.

2260 3194 2349 3247 81.
2408 3190 2486 3260 Si,
2548 3191 2825 3247 Sanctum
2875 3188 3112 3245 Colonia
3155 3187 3453 3260 Agripina,
3510 3187 3572 3239 ut
3613 3182 3810 3238 Remis

2188 3279 2408 3336 litteras
2440 3280 2694 3346 doceret,
2734 3296 2768 3332 a
2796 3277 3079 3344 Gervasio,
3111 3274 3490 3331 Remensium
3523 3270 3810 3344 archiepi-

2189 3385 2383 3441 scopo,
2417 3368 2589 3422 fuisse
2620 3369 2942 3434 evocatum,
2976 3364 3329 3420 Morkensius
3365 3378 3528 3435 num.
3557 3363 3623 3416 75
3650 3361 3809 3414 recte

2191 3459 2374 3523 notet,
2409 3456 2599 3510 Bruno
2640 3471 2777 3509 sane
2816 3458 2950 3509 ante
3000 3469 3221 3508 annum
3272 3454 3432 3520 1055,
3466 3451 3665 3523 utpote
3692 3464 3810 3519 quo

2191 3544 2447 3616 primum
2476 3544 2549 3599 ad
2575 3544 2924 3598 Remensem
2955 3542 3292 3597 cathedram
3320 3535 3613 3594 Gervasius
3636 3535 3815 3592 fuerit

2192 3637 2436 3700 evectus,
2466 3632 2659 3687 Remis
2683 3632 2903 3687 litteras
2925 3630 3131 3685 docere
3155 3646 3273 3684 non
3295 3626 3629 3699 incozperit;
3654 3623 3815 3697 quod

2191 3722 2236 3777 si
2258 3725 2453 3776 autem
2483 3721 2744 3786 Marloto,
2772 3719 2868 3791 qui
2892 3720 3223 3773 Brunonem
3248 3732 3402 3771 anno
3438 3715 3572 3770 1056
3594 3713 3814 3768 schola-

2191 3826 2323 3865 rum
2370 3808 2745 3864 Remensium
2778 3809 2952 3879 caput
2992 3823 3092 3861 seu
3122 3808 3410 3860 rectorem
3460 3820 3494 3857 a
3541 3801 3809 3856 Gervasio

2192 3898 2567 3953 constitutum
2600 3896 2790 3963 fuisse,
2830 3893 3089 3950 Historias
3133 3892 3471 3966 metropolis
3508 3889 3810 3946 Remensis

2190 3989 2336 4041 tom.
2371 3986 2436 4053 ll,
2461 4001 2594 4057 pag.
2630 3987 2729 4038 115
2758 3982 2976 4051 scribit,
2998 3983 3069 4037 sit
3095 3981 3390 4048 standum,
3424 3981 3557 4034 ante
3582 3994 3807 4033 annum

2196 4077 2331 4130 1055
2353 4073 2630 4131 Sanctum
2674 4074 3113 4141 nostrum,cum
3143 4070 3471 4125 scholarum
3507 4065 3812 4141 praefectu-

2188 4179 2341 4231 ram,
2371 4162 2479 4217 nisi
2504 4177 2636 4216 cum
2671 4160 2798 4232 jam
2848 4158 3183 4232 aliquandiu
3226 4155 3528 4223 docuisset,
3565 4154 3811 4227 adeptus

2187 4250 2359 4306 fuisse
2401 4267 2517 4305 non
2550 4249 2831 4317 videatur,
2863 4249 3175 4303 Remenses
3209 4245 3431 4301 scholas
3475 4243 3681 4299 docere
3712 4241 3806 4297 in-

2187 4340 2441 4410 coepisse,
2475 4337 2787 4393 dicendum
2828 4340 3093 4410 apparet.
3120 4335 3333 4389 Verum
3359 4347 3491 4387 cum
3532 4347 3637 4385 nec
3665 4330 3812 4385 Mar-

464 4406 667 4498 s_t_ic_am
702 4406 1065 4498 disciplinam
1091 4422 1469 4498 Pr°m9ver°a
1491 4407 1550 4459 et
1586 4404 1983 4498 qepmnibust
2012 4403 2085 4458 ad
2106 4436 2161 4498 D
2186 4403 2357 4496 lotus,
2401 4403 2508 4483 nec
2550 4403 2923 4482 Morkensius-
2950 4429 3169 4481 certam
3224 4422 3336 4490 hic,
3388 4419 3469 4476 uti
3520 4437 3586 4475 ex
3630 4435 3808 4493 supra

466 4493 723 4549 divinum
755 4496 971 4549 cultum
997 4494 1406 4568 spectantibus,
1438 4493 1577 4549 dum
1603 4492 2082 4565 interrogaretur,

462 4582 837 4653 respondere.
868 4583 996 4638 Haec
1023 4587 1121 4639 aut
1144 4586 1298 4640 certe
1329 4600 1448 4639 non
1474 4583 1724 4637 multum
1752 4580 2085 4637 abludentia

466 4685 535 4724 ex
557 4669 932 4726 Thomassino
956 4673 1036 4727 De
1056 4673 1235 4727 veteri
1247 4674 1305 4726 et
1325 4688 1474 4727 nova
1493 4669 1755 4726 Ecclesia:
1785 4668 2084 4743 disciplina

465 4760 612 4813 tom.
634 4756 677 4826 Ι,
699 4758 798 4813 lib.
840 4775 922 4828 ιιι,
944 4776 1069 4831 cap.
1107 4764 1197 4829 70,
1241 4776 1404 4815 num.
1439 4762 1470 4815 8
1508 4762 1567 4815 et
1592 4775 1659 4813 ex
1688 4758 1914 4831 Papyrii
1941 4759 2081 4814 Mas-

466 4847 594 4903 soni
621 4847 936 4904 Annalibus
973 4848 1033 4905 in
1074 4849 1336 4922 Philippo
1380 4848 1467 4903 fas
1498 4850 1584 4902 est
1629 4846 1920 4920 colligere,
1952 4847 2085 4902 licet

465 4936 705 4994 interim
734 4937 1081 4993 scholarchaa
1123 4955 1222 4994 seu
1269 4935 1587 4993 scholastici
1631 4934 1907 5005 officium,
1950 4952 2081 4992 cum

468 5041 588 5082 non
614 5026 802 5083 desint
827 5025 1027 5095 modo,
1055 5026 1153 5100 qui
1183 5025 1318 5082 alibi
1347 5025 1611 5080 liberales
1632 5026 1784 5079 artes
1814 5024 2079 5093 doceant,

464 5113 527 5170 in
558 5115 806 5171 ecclesiis
822 5118 947 5172 tam
970 5114 1287 5186 majoribus
1314 5129 1415 5168 seu
1438 5111 1881 5182 cathedralibus,
1904 5130 2081 5186 quam

465 5202 610 5271 aliis,
645 5208 927 5276 quantum
970 5204 1045 5260 ad
1092 5201 1426 5260 exercitium
1463 5216 1682 5272 magna
1720 5216 1787 5256 ex
1815 5204 1979 5273 parte
2010 5202 2083 5259 sit

462 5292 745 5349 abolitum
766 5291 1048 5365 uniceque
1060 5292 1181 5348 fere
1197 5291 1389 5364 quoad
1409 5287 1755 5362 dignitatem
1771 5293 1829 5344 et
1846 5290 2078 5347 titulum

464 5381 831 5439 remanserit.
860 5381 989 5436 Iam
1007 5398 1162 5449 vero,
1187 5382 1330 5437 Cum
1362 5379 1625 5445 Sanctus,
1645 5377 1840 5448 utjam
1866 5382 2076 5452 proba-

460 5473 590 5528 tum
617 5474 722 5539 est,
750 5469 1070 5527 scholastici
1097 5488 1197 5527 seu
1239 5467 1587 5526 scholarchte
1622 5482 1865 5524 munere
1900 5469 1960 5523 in
1988 5487 2077 5526 ec-

452 5558 628 5620 clesia
649 5558 925 5621 Remensi
951 5558 1269 5619 certissime
1297 5559 1473 5619 fuerit
1496 5555 1855 5632 perfunctus,
1883 5558 2072 5618 ambi-

2187 4517 2350 4573 dictis
2378 4532 2630 4588 pronum
2661 4518 2746 4569 est
2775 4514 3071 4586 colligere,
3106 4511 3285 4566 ﬁdem
3332 4508 3437 4565 sibi
3469 4506 3799 4576 concilient,

2186 4607 2297 4662 alio
2327 4604 2744 4661 recurrendum
2771 4605 2875 4671 est,
2904 4607 2965 4657 ut
2994 4605 3245 4674 tempus,
3267 4616 3380 4672 quo
3408 4597 3633 4653 circiter
3653 4596 3802 4652 San-

2185 4700 2308 4752 ctus
2349 4694 2593 4751 docendi
2622 4692 2850 4748 muneri
2874 4692 3027 4764 apud
3062 4692 3377 4745 Remenses
3406 4705 3528 4743 sese
3561 4685 3801 4757 addixit,

2185 4799 2474 4866 utcunque
2496 4792 2902 4847 determinem.
2922 4788 3233 4857 Baldricus,
3254 4787 3432 4843 abbas
3458 4784 3801 4857 Burgulien-

2185 4883 2260 4938 sis
2274 4883 2333 4939 in
2352 4880 2603 4938 versibus
2630 4879 2703 4934 ad
2734 4875 3109 4933 Godefridum
3144 4876 3514 4941 Remensem,
3543 4873 3802 4929 Brunoni

2186 4974 2246 5029 in
2262 4972 2587 5027 scholarum
2599 4966 2971 5023 Remensium
2990 4964 3325 5037 magisterio
3349 4980 3382 5019 a
3398 4963 3673 5030 Manasse,
3694 4962 3801 5018 Re-

2185 5060 2473 5117 mensium
2505 5056 2778 5124 antistite,
2823 5071 2978 5110 anno
3025 5053 3251 5109 circiter
3304 5055 3436 5109 l077
3469 5050 3797 5120 suffectum,

2184 5166 2347 5205 num.
2371 5150 2440 5202 62
2472 5146 2581 5201 huc
2610 5142 2985 5215 transcriptis,
3014 5142 3168 5197 hunc
3199 5139 3573 5197 Godefridum
3602 5156 3793 5195 suum.

2184 5253 2359 5310 quem
2382 5235 2644 5307 impense
2666 5231 2881 5297 laudat,
2905 5247 3039 5287 cum
3061 5230 3414 5285 Herimanno
3437 5245 3502 5284 ac
3528 5228 3799 5285 Brunone

2181 5324 2377 5382 Remis
2404 5320 2704 5388 studuisse,
2738 5319 2928 5389 docet,
2956 5337 3021 5375 ac
3047 5319 3257 5375 deinde
3284 5317 3475 5374 subdit
3500 5335 3514 5375 :

2249 5470 2336 5526 Tu
2358 5468 2543 5540 fueras
2563 5463 2798 5536 juvenis,
2826 5463 3012 5534 fueras
3039 5468 3088 5517 et
3112 5462 3320 5516 acutior
3342 5460 3487 5527 ίαιζςς

2317 5556 2529 5615 Tertius
2551 5568 2678 5626 ergo
2702 5553 2873 5624 venit,
2896 5552 3020 5626 jam
3041 5564 3248 5627 quoque
3264 5550 3479 5624 prima:
3505 5565 3643 5608 cras.
