4122 6058
265 152 335 204 ‘53

333 271 593 328 Gervasio
625 270 894 340 princeps,
929 269 1178 338 princeps
1232 274 1353 324 tuus
1399 269 1486 326 ille
1529 270 1808 326 Manasses

479 359 760 420 Successit,
792 358 889 429 qui
913 363 963 411 te
981 363 1259 428 promovet
1282 357 1352 412 ad
1375 359 1611 415 studium
1634 378 1652 428 ;

266 448 646 510 Godefridum
674 450 868 502 autem
900 447 1072 502 tertio
1093 448 1238 516 loco,
1290 447 1348 503 id
1395 451 1500 517 est,
1550 451 1678 522 post
1725 447 1883 504 Heri-

269 554 560 596 mannum
581 541 638 592 et
663 536 1019 605 Brunonem,
1044 535 1250 609 quibus
1283 539 1478 593 tamen
1506 537 1724 610 ingenii
1750 555 1884 594 acu-

267 629 425 685 mine
455 625 730 699 presierit,
760 623 834 678 ad
863 625 1191 680 scholarum
1247 627 1619 682 Remensium
1651 626 1885 700 praefec-

269 723 487 785 turam,
544 717 924 799 promovente
956 731 1089 770 eum
1141 715 1214 772 ad
1262 715 1320 770 id
1359 733 1569 772 munus
1610 718 1885 786 Manasse,

267 806 621 883 pervenisse,
680 807 930 878 quatuor
980 805 1088 861 illis
1133 807 1422 862 versiculis
1470 808 1680 881 (neque
1728 807 1888 863 enim

270 895 410 970 quid
438 894 598 950 aliud
643 892 958 966 significari
987 894 1144 950 hisce
1191 912 1376 967 posse,
1421 897 1682 970 apparet)
1733 897 1889 953 haud

273 985 446 1042 dubie
481 983 793 1039 indicatur.

337 1077 426 1130 82.
463 1073 606 1128 Hine
639 1087 835 1144 porro,
867 1070 1022 1143 quod
1049 1071 1160 1127 huc
1184 1073 1347 1129 unice
1390 1074 1549 1130 facit.
1597 1076 1724 1148 jam
1750 1091 1890 1130 con-

267 1162 551 1249 sequitur,
607 1164 668 1216 ut
697 1161 1085 1216 Herimannus
1129 1162 1504 1219 Remensium
1552 1165 1883 1220 scholarum

265 1252 598 1326 praefectus,
643 1254 702 1305 et
733 1250 972 1322 quidem
1003 1255 1138 1306 ante
1162 1252 1564 1322 Godefridum,
1586 1253 1887 1309 exstiterit.

268 1340 463 1404 Quare
491 1356 626 1394 cum
659 1337 716 1392 id
743 1339 999 1393 muneris
1025 1343 1159 1395 ante
1190 1341 1542 1409 Brunonem,
1579 1346 1778 1415 utpote
1802 1341 1892 1396 cui

265 1431 611 1487 Godefridus
642 1429 901 1501 proxime
929 1429 986 1483 in
1012 1428 1120 1484 hoc
1147 1430 1322 1486 fuerit
1350 1430 1640 1498 suffectus,
1676 1431 1894 1504 pariter

267 1517 536 1589 gesserit,
569 1534 601 1571 e
619 1523 904 1588 tempore,
935 1534 1048 1590 quo
1072 1519 1179 1573 hoc
1197 1519 1582 1574 Herimannus
1606 1518 1892 1590 deposuit,

265 1611 504 1678 tempus
544 1622 747 1678 prope,
777 1623 891 1678 quo
938 1605 1095 1662 idem
1157 1608 1319 1662 obire
1352 1609 1542 1663 Bruno
1594 1607 1894 1681 inceperit,

267 1700 641 1768 perspectum
668 1695 1028 1750 habebimus.
1065 1697 1126 1750 In
1161 1697 1300 1751 illud
1329 1715 1468 1769 ergo
1510 1696 1893 1770 inquiramus.

267 1784 635 1842 Mabillonius
656 1788 800 1839 tom.
823 1784 887 1838 ιν
910 1785 1321 1841 Analectorum
1348 1786 1552 1841 recitat
1571 1787 1894 1858 epistolam,

271 1891 307 1929 a
330 1872 654 1930 Gozechino
681 1870 1009 1926 Leodiensis
1024 1871 1362 1927 scholastico
1413 1873 1725 1945 Moguntia,
1783 1889 1896 1944 quo

270 1980 397 2020 sese
461 1960 792 2016 Leodiensis
844 1961 1132 2016 cathedrae
1153 1962 1484 2034 magisterio
1501 1964 1897 2031 relicto,rece-

269 2056 462 2125 perat,
492 2051 908 2122 conscriptam,
938 2050 997 2105 in
1046 2068 1160 2123 qua
1188 2052 1300 2120 hic,
1323 2053 1604 2124 temporis
1654 2052 1740 2108 sui
1767 2052 1900 2107 vitia

276 2148 339 2198 et
369 2144 548 2209 mala,
581 2158 611 2196 e
635 2139 968 2212 Berengarii
990 2141 1192 2196 erratis
1221 2143 1477 2197 maxime
1510 2146 1666 2198 nata.
1699 2143 1896 2213 deplo-

276 2248 439 2297 rans,
470 2248 605 2304 pag.
637 2232 738 2285 385
767 2230 847 2284 ita
873 2227 1162 2301 loquitur:
1187 2252 1213 2280 «
1235 2231 1362 2286 Haec
1379 2231 1579 2287 omnia
1605 2230 1898 2304 sapienter

279 2321 545 2394 despexit
569 2319 955 2375 Herimannus
972 2320 1289 2388 Remensis,
1322 2323 1512 2392 Drogo
1540 2320 1896 2388 Parisiensis,

275 2409 568 2483 Spirensis
613 2409 1075 2477 Huoremannus;
1119 2409 1574 2480 Bavenbegensis
1615 2408 1898 2464 Meinhar-

280 2500 410 2568 dus,
438 2503 497 2555 et
521 2503 804 2571 praeterea
840 2497 1028 2563 multi,
1055 2499 1112 2550 et
1133 2501 1472 2568 praestantes
1511 2502 1568 2554 et
1596 2497 1900 2572 praecipuas

280 2588 662 2653 auctoritatis,
695 2585 819 2655 viri,
849 2586 968 2658 qui,
1003 2585 1251 2657 praacisis
1296 2587 1665 2657 speciebus,»
1713 2587 1772 2642 id
1795 2588 1899 2650 est,

281 2683 347 2734 ut
375 2678 737 2733 Mabillonius
783 2676 1125 2750 praefatione
1172 2676 1232 2732 in
1261 2679 1535 2733 saaculum
1581 2694 1634 2732 v1
1686 2677 1898 2732 Bened.

281 2783 451 2822 num.
477 2783 532 2822 xx
555 2766 989 2840 interpretatur,
1013 2787 1040 2816 «
1063 2766 1362 2838 stipendiis
1390 2771 1448 2822 et
1470 2765 1900 2833 emolumentis,

280 2859 344 2910 et
373 2855 653 2910 abdicatis
707 2855 1024 2922 laboribus,
1055 2853 1259 2910 studiis
1298 2855 1708 2923 valefeccrunt,
1739 2857 1796 2909 et
1822 2871 1906 2910 sa-

283 2943 470 3017 pienti
511 2941 745 2997 consilio
777 2941 882 3008 usi,
933 2939 992 2995 in
1045 2941 1353 3013 theologiae
1407 2943 1611 3010 otium,
1692 2941 1751 2996 id
1796 2943 1903 3010 est,

286 3033 372 3088 uti
398 3049 466 3086 ex
496 3031 967 3086 antecedentibus
1009 3033 1068 3085 et
1109 3033 1595 3104 consequentibus
1643 3033 1902 3103 apparet,

287 3121 665 3193 Historiteque
699 3119 992 3175 litterariae
1031 3119 1284 3175 Francia:
1320 3119 1625 3192 scriptores
1639 3123 1783 3175 tom.
1818 3120 1904 3187 IX,

285 3226 424 3282 pag.
448 3210 578 3277 L234
609 3208 1086 3279 interpretantur,
1144 3207 1203 3262 in
1260 3209 1655 3276 solitudinem,
1706 3223 1907 3263 rerum

288 3299 619 3354 dlvinarum
668 3296 1036 3352 meditationi
1088 3313 1354 3370 verasque
1402 3297 1698 3370 sapientiae
1739 3296 1907 3352 unice

291 3387 567 3454 vacaturi,
601 3408 630 3438 α
650 3387 1076 3466 concesserunt.
1108 3406 1136 3435 »

361 3476 854 3534 83.Herimannus
881 3491 1042 3547 ergo,
1063 3473 1162 3548 qui
1180 3473 1274 3529 hic
1298 3477 1681 3543 memoratur,
1697 3473 1911 3546 quique

292 3567 458 3632 alius,
493 3581 670 3639 quam
712 3563 1116 3631 Herimannus,
1165 3564 1540 3619 Remenslum
1574 3563 1912 3618 Scholarum

295 3660 433 3724 ante
479 3657 813 3710 Brunonem
852 3653 1154 3725 praefectus
1173 3669 1272 3707 seu
1297 3653 1632 3708 scholarcha
1650 3652 1912 3725 proxime

291 3744 653 3810 nominatus,
679 3758 800 3797 esse
813 3757 932 3796 non
949 3740 1191 3809 videtur,
1229 3740 1288 3795 in
1306 3741 1697 3808 solitudinem,
1721 3739 1918 3796 studiis

293 3834 512 3890 relictis
530 3832 906 3904 abdicatoque
918 3830 1159 3903 proinde
1176 3830 1524 3886 scholarcha}
1551 3815 1767 3900 efficio,
1796 3845 1916 3884 sese

288 3925 422 3996 jam
443 3926 570 3977 tum
597 3922 914 3993 receperat,
936 3937 1069 3976 cum
1093 3921 1398 3994 praefatam
1419 3920 1721 3994 epistolam
1752 3921 1919 3976 Goze-

299 4012 509 4068 chinus
523 4011 763 4082 scripsit.
783 4009 992 4078 Quare,
1013 4026 1145 4065 cum
1165 4010 1225 4066 id
1242 4013 1377 4066 ante
1400 4026 1620 4065 annum
1654 4011 1812 4077 l060,
1837 4007 1920 4063 uti

299 4119 374 4158 ex
401 4101 492 4168 iis,
525 4118 651 4174 quae
677 4097 1034 4155 Mabillonius
1059 4099 1184 4154 loco
1218 4098 1478 4171 proxime
1533 4098 1704 4154 citato
1753 4096 1922 4152 disse-

298 4193 400 4259 rit,
454 4191 620 4246 facile
673 4189 981 4261 intelliges,
1037 4189 1275 4246 indubie
1324 4189 1546 4258 fecerit,
1579 4191 1713 4245 ante
1768 4188 1922 4242 hunc

301 4280 499 4354 ipsum
531 4295 750 4334 annum
797 4276 1172 4332 Remensium
1220 4278 1546 4332 scholarum
1587 4274 1920 4347 magisterio

303 4387 428 4426 sese
481 4369 866 4424 Herimannus
888 4367 1018 4438 jam
1071 4365 1385 4421 abdicarat.
1421 4365 1549 4419 Jam
1597 4380 1752 4419 vero.
1788 4380 1922 4419 cum

306 4459 664 4513 Herimanno
697 4455 957 4529 proxime
991 4471 1059 4509 ex
1089 4453 1251 4510 dictis
1268 4453 1440 4508 fuerit
1467 4453 1708 4508 Sanctus
1729 4454 1925 4507 noster

305 4547 967 4617 suﬂ'ectus,consequens
989 4547 1093 4611 est,
1113 4547 1176 4598 ut
1201 4542 1295 4598 hic
1327 4541 1762 4599 verosimillime
1785 4543 1918 4602 ante

308 4635 586 4692 eumdem
619 4633 836 4689 dictum
863 4649 1084 4688 annum
1118 4633 1254 4687 1060
1286 4648 1320 4686 a
1357 4630 1641 4696 Gervasio,
1676 4630 1924 4684 Remen-

304 4727 458 4783 sium
515 4722 962 4796 archiepiscopo,
999 4721 1221 4776 scholas
1274 4721 1588 4775 Remenses
1634 4717 1920 4790 regendas

311 4814 618 4889 acceperit,
649 4829 713 4868 ac
743 4812 929 4884 proin.
988 4814 1051 4866 ut
1108 4810 1394 4865 Marlotus.
1450 4808 1546 4880 qui
1576 4806 1656 4873 id,
1691 4809 1755 4862 ut
1802 4807 1929 4877 jam

315 4921 490 4978 supra
509 4903 596 4960 bis
611 4899 834 4967 monui,
866 4915 1019 4974 anno
1055 4900 1192 4954 1056
1231 4896 1450 4952 factum
1496 4894 1712 4962 statuit,
1736 4911 1771 4950 a
1795 4910 1930 4949 vero

316 4995 512 5052 forsan
543 5008 664 5047 non
692 4989 942 5044 multum
983 4985 1285 5042 aberrarit.
1350 4983 1743 5048 Quamobrem
1798 4998 1933 5038 cum

1839 140 2020 199 ACTA
3523 147 3589 202 54

1904 273 1959 331 Α
1982 269 2147 326 titulo
2180 269 2454 337 scribunt,
2511 281 2825 322 «summus
2858 264 3174 321 didascalus
3213 285 3242 315 »
3277 271 3590 335 crearetur,

1984 359 2201 415 litteras
2222 378 2322 415 seu
2349 356 2638 412 inferioris
2689 357 2893 411 saltem
2937 355 3153 409 ordinis
3199 355 3458 410 scientias
3489 357 3591 411 ali-

1986 449 2242 522 quandiu
2275 448 2486 515 Remis,
2525 445 2881 501 Herimanno
2914 445 3245 499 scholarum
3293 445 3592 516 praefectu-

1985 556 2110 593 ram
2127 539 2310 593 adhuc
2324 535 2849 609 gerente,docuisse
2870 534 3151 601 videatur,
3175 537 3403 587 cousect
3413 533 3599 589 arium

1987 629 2076 695 sit,
2112 632 2173 682 ut
2203 628 2353 682 inter
2399 644 2620 683 annum
2677 628 2810 679 1050
2871 629 2927 678 et
2958 639 3179 677 annum
3218 624 3353 676 1060
3386 620 3600 687 Remis,

1989 718 2100 772 sive
2129 717 2365 772 interim
2391 717 2516 789 jam
2550 719 2678 769 tum
2705 714 2762 767 in
2793 712 3017 767 civitate
3051 710 3322 766 Remensi
3351 726 3604 777 versans,

1989 805 2325 878 theologicis
2353 805 2551 860 studiis
2601 819 2844 876 Operam
2878 802 2957 856 lbi
2991 801 3259 868 dedisset,
3295 800 3407 854 sive
3441 800 3604 854 Colo-

1991 894 2086 949 nia
2112 893 2450 967 Agrippina,
2489 893 2586 948 ubi
2617 893 2737 947 hac
2771 891 3122 957 excoluisset,
3161 907 3194 944 a
3225 888 3487 944 Gervasio
3516 904 3608 941 ar-
3696 916 3702 924 -

1991 984 2374 1056 chiepisc0po,
2424 987 2485 1037 ut
2541 999 2712 1054 supra
2742 979 3094 1035 Merkensius
3148 979 3286 1045 vult,
3346 979 3610 1032 evocatus

1993 1072 2232 1127 demum
2256 1076 2382 1126 tum
2413 1071 2605 1137 fuerit,
2636 1067 2890 1124 docuisse
2925 1067 3180 1140 primum
3209 1065 3528 1139 incaeperit.

2064 1163 2150 1217 Si.
2185 1162 2350 1217 Certe
2386 1178 2518 1216 eum
2551 1163 2684 1214 ante
2719 1174 2944 1212 annum
2982 1159 3118 1211 1050
3150 1174 3294 1211 onus
3320 1155 3460 1210 illud
3496 1171 3614 1211 non

1994 1251 2325 1323 suscepisse,
2357 1249 2748 1304 indubitatum
2776 1247 2834 1301 id
2851 1246 2999 1300 circo
3022 1242 3443 1317 apparet,quod
3462 1247 3611 1309 tum,

1996 1341 2076 1395 uti
2104 1358 2169 1394 cx
2198 1356 2370 1411 supra
2400 1338 2563 1392 dictis
2598 1352 2851 1408 pronum
2884 1339 2969 1390 est
2991 1334 3282 1405 colligere,
3308 1350 3422 1387 uno
3453 1333 3618 1387 dum-

1995 1433 2153 1485 taxat
2177 1433 2274 1483 aut
2325 1430 2503 1483 altero
2533 1443 2687 1481 anno
2720 1443 2749 1480 e
2803 1423 3180 1496 philosophize
3233 1421 3416 1476 stadio
3472 1423 3621 1475 esset

1998 1535 2277 1590 egressus,
2295 1517 2517 1588 hocque
2537 1517 2802 1580 decurso,
2823 1512 3177 1584 aliquamdiu
3211 1511 3415 1565 saltem
3458 1510 3620 1564 theo-

1998 1608 2202 1678 logicis
2233 1606 2453 1672 studiis,
2476 1607 2609 1659 ante
2639 1619 2814 1675 quam
2839 1602 3047 1656 docere
3079 1599 3378 1671 inceperit,
3413 1597 3621 1653 verosi-

1998 1696 2216 1751 militer
2245 1710 2482 1766 operam
2505 1691 2952 1761 dederit.Atque
2979 1691 3065 1744 ita
3104 1689 3278 1742 modo
3314 1687 3616 1753 habemus,

2000 1802 2115 1841 non
2137 1788 2365 1838 tantum
2385 1781 2759 1854 quandonam
2777 1779 3002 1832 circiter
3022 1777 3261 1831 Sanctus
3273 1775 3618 1846 magistrum

1998 1874 2057 1928 in
2077 1873 2298 1928 civitate
2319 1869 2587 1924 Remensi
2603 1868 2856 1940 primum
2878 1866 3081 1938 egerit,
3100 1880 3299 1920 verum
3317 1863 3491 1918 etiam
3506 1878 3618 1934 quo

2000 1962 2225 2017 circiter
2249 1964 2512 2030 tempore
2547 1958 2620 2011 ad
2644 1957 2974 2010 scholarum
3020 1952 3392 2008 Bemensium
3421 1951 3624 2022 przefc-

2001 2055 2226 2106 cturam
2249 2067 2347 2104 seu
2367 2065 2493 2101 sum
2505 2045 2583 2100 mi
2608 2044 2878 2100 didascali
2899 2059 3108 2098 munus
3125 2042 3296 2096 fuerit
3322 2043 3623 2113 promotus

2000 2143 2178 2196 Porro
2209 2138 2450 2194 Sanctus
2471 2151 2586 2190 non
2631 2137 2883 2199 tantum,
2909 2149 3024 2204 qua
3040 2131 3110 2185 de
3117 2131 3242 2202 jam
3258 2129 3391 2184 satis
3405 2133 3620 2195 actum,

1999 2229 2323 2285 scholarum
2341 2225 2742 2299 praefecturam
2760 2221 2952 2275 Remis
2967 2219 3362 2291 gessit,verum
3379 2217 3552 2272 etiam
3566 2219 3624 2272 et

2002 2315 2464 2388 metropolitana}
2493 2311 2744 2368 ecclesia:
2769 2309 3114 2364 canonicum
3133 2310 3192 2362 et
3215 2305 3622 2362 cancellarium

2001 2407 2136 2479 egit.
2156 2407 2232 2458 Ac
2253 2405 2508 2476 primum
2539 2400 2772 2472 quidem
2805 2399 3028 2452 constat
3059 2400 3183 2450 tum
3215 2411 3280 2449 ex
3297 2394 3622 2466 primorum

2001 2498 2247 2568 quatuor
2259 2492 2570 2547 Carthusiaa
2588 2489 2845 2562 priorum
2865 2485 3146 2540 Chronico
3161 2500 3261 2537 seu
3275 2483 3624 2554 deprompto

2003 2601 2070 2640 ex
2089 2585 2218 2650 hoc,
2249 2580 2406 2654 quod
2429 2596 2591 2634 num.
2617 2584 2648 2632 7
2670 2578 2781 2632 huc
2815 2572 3170 2645 transcripsi,
3195 2571 3388 2626 Sancti
3413 2569 3624 2641 elogio,

2003 2677 2129 2728 tum
2143 2689 2209 2727 ex
2225 2668 2509 2742 Sigeberti
2527 2665 2960 2722 Gemblacensis
2983 2661 3294 2728 Chronico;
3327 2660 3386 2714 in
3419 2658 3624 2730 quibus

2004 2753 3042 2831 ambobus,perantiquissane,habita
3053 2750 3276 2806 ratione
3289 2748 3360 2803 ad
3372 2751 3622 2818 tempus,

2005 2866 2117 2923 quo
2136 2851 2264 2920 post
2279 2845 2562 2901 Brunonis
2579 2845 2800 2900 obitum
2816 2841 3035 2913 scripta
3047 2835 3624 2906 sunt,monumentis,

2009 2963 2036 2990 «
2053 2937 2289 2995 ecclesia
2308 2933 2605 2990 Remensis
2617 2930 2879 2987 canonici
2897 2951 2924 2980 »
2946 2930 3111 2984 titulo
3126 2926 3451 2999 lnsignitur;
3471 2923 3626 2995 quod

2007 3032 2202 3084 autem
2232 3025 2304 3080 ad
2335 3022 2657 3079 cancellarii
2700 3036 2930 3086 munus,
2963 3014 3118 3090 quod
3151 3015 3366 3089 pariter
3397 3009 3623 3078 obierit,

2006 3117 2246 3189 spectat,
2281 3112 2658 3169 manifestum
2700 3107 2760 3163 id
2796 3107 2867 3162 sit
2892 3107 2979 3160 vel
3008 3121 3075 3160 ex
3104 3105 3245 3171 sola,
3291 3101 3382 3156 cui
3412 3102 3624 3166 Bruno,

2009 3188 2129 3260 ase
2160 3201 2332 3258 veluti
2376 3199 2715 3256 cancellario
2765 3196 3010 3268 scriptae,
3053 3193 3230 3248 etiam
3273 3188 3625 3260 subscripsit,

2010 3295 2238 3359 Charta,
2262 3307 2414 3345 anno
2449 3290 2584 3344 1076
2601 3287 2898 3342 aManasse
2918 3282 3347 3353 archiepiscopo
3366 3279 3424 3333 in
3448 3277 3625 3332 abba-

2009 3382 2103 3437 tim
2131 3380 2188 3435 S.
2212 3377 2395 3434 Basoli
2419 3378 2676 3432 favorem
2698 3389 2984 3430 concessa.
3013 3373 3168 3426 Hanc
3199 3370 3431 3434 ideirco,
3457 3367 3629 3437 prout

2012 3471 2072 3525 in
2103 3471 2308 3541 quarto
2340 3465 2655 3521 Annalium
2681 3461 3173 3519 Carthusiensium
3197 3459 3342 3514 libro
3366 3453 3628 3512 nondum

2014 3559 2243 3628 vulgato
2267 3555 2589 3621 exhibetur,
2614 3553 2725 3607 huc
2749 3550 3090 3607 transcribo.

2089 3648 2175 3700 85.
2199 3644 2288 3699 Sic
2306 3644 2510 3698 habet:
2531 3664 2558 3693 ‹‹
2574 3641 2632 3696 in
2653 3641 2892 3696 nomine
2908 3637 3090 3693 Patris
3103 3640 3160 3692 et
3177 3635 3298 3691 Filii
3316 3637 3373 3689 et
3389 3631 3628 3704 Spiritus

2017 3733 2216 3791 sancti.
2240 3733 2357 3803 Ego
2371 3731 2678 3796 Manasses,
2718 3726 2997 3784 ineffabili
3019 3725 3124 3781 Dei
3145 3721 3507 3795 providentia
3530 3721 3630 3774 Re-

2019 3822 2233 3879 mensis
2254 3819 2734 3891 archiepiscopus,
2753 3814 3182 3888 praeteritorum
3216 3814 3386 3882 atque
3406 3809 3626 3863 futuro-

2017 3929 2147 3968 rum
2166 3925 2414 3976 memor,
2437 3907 2682 3980 qualiter
2710 3904 2909 3960 omnia
2939 3903 3242 3958 ruinarum
3271 3902 3442 3971 atque
3471 3896 3626 3951 defe-

2020 4005 2140 4056 ctus
2153 4001 2502 4056 detrimenta
2517 3992 3040 4066 irrecuperabiliter
3057 3988 3349 4062 patiantur
3371 4004 3382 4041 :
3406 3985 3540 4059 quia
3558 3999 3634 4054 vg-

2018 4094 2093 4146 ttc
2111 4107 2256 4145 meae
2292 4091 2508 4143 statum
2536 4102 2654 4141 non
2689 4098 2920 4153 semper
2962 4080 3304 4134 duraturum
3365 4072 3628 4146 cognovi,

2019 4195 2262 4235 manum
2284 4174 2577 4231 charitatis
2602 4169 2966 4245 porrigenda
2989 4167 3200 4223 animae
3233 4179 3378 4220 meae
3399 4165 3632 4234 portum

2023 4264 2561 4340 tranquillissimum
2592 4260 2781 4316 studui
2811 4272 3159 4332 praeparare.
3191 4255 3304 4309 Hac
3334 4252 3508 4324 igitur
3540 4265 3636 4304 ne-

2023 4357 2281 4413 cessitate
2332 4357 2388 4408 et
2430 4369 2567 4407 cura
2609 4350 2752 4405 mihi
2795 4345 3238 4403 commissarum
3266 4340 3636 4396 ecclesiarum

2026 4445 2374 4517 compulsus,
2401 4445 2458 4496 et
2495 4440 2706 4495 abbate
2729 4437 3021 4509 Stephano
3044 4434 3102 4488 id
3119 4433 3488 4505 deposcente,
3507 4425 3639 4517 dedi

2027 4541 2085 4592 et
2113 4515 2328 4604 subjeci
2354 4530 2613 4587 cmnohio
2630 4526 2810 4583 sancti
2835 4524 3016 4580 Basoli
3047 4521 3252 4578 altaria
3290 4520 3423 4585 duo,
3441 4515 3638 4571 Alteite

2025 4603 2288 4680 videlicet
2318 4624 2375 4674 et
2407 4617 2687 4690 Caprillee,
2721 4619 2784 4670 ut
2827 4630 2894 4669 ea
2943 4613 3152 4667 fratres
3183 4612 3462 4682 perpetuo
3518 4603 3638 4658 sine

2029 4713 2341 4786 personatu
2368 4710 2626 4774 teneant,
2642 4707 2870 4760 tantum
2883 4699 3257 4757 summaticos
3284 4693 3632 4770 persolvant,

2032 4778 2088 4856 et
2105 4817 2207 4873 pro
2224 4796 2538 4870 me,quoad
2555 4794 2760 4860 vivam,
2785 4792 2924 4847 duas
2947 4789 3107 4847 omni
3126 4781 3494 4842 hebdomada
3515 4778 3646 4833 mis-

2033 4870 2145 4957 sas,
2170 4903 2349 4944 unam
2384 4884 2673 4958 privatim,
2705 4883 2948 4937 alteram
2981 4893 3117 4933 vero
3146 4870 3535 4929 communiter
3556 4880 3647 4920 ce-

2034 4979 2281 5035 lebrent:
2301 4979 2472 5047 atque
2486 4989 2588 5045 per
2605 4971 2860 5042 singulos
2876 4984 3056 5023 annos
3068 4965 3126 5018 in
3145 4956 3516 5016 anniversarii
3531 4955 3653 5010 mei

320 5082 563 5139 Sanctus
575 5078 1193 5153 equidem,antequam
1213 5075 1539 5130 scholarum
1558 5070 1933 5127 Remensium
2038 5067 2128 5122 die
2147 5064 2404 5139 ejusdem
2431 5061 2682 5117 ecclesiae
2702 5059 2908 5114 fratres
2931 5056 3000 5110 de
3021 5054 3252 5108 illorum
3271 5047 3539 5142 altarium
3557 5057 3654 5098 re-

323 5133 466 5139 s“-
480 5133 557 5137 ᾧ
585 5133 599 5136 -
618 5133 649 5153 1
859 5133 871 5144 ,
1034 5133 1055 5148 ι
2177 5133 2194 5139 -

323 5171 626 5246 praefectus
651 5183 752 5222 seu
778 5180 1130 5236 magnorum
1151 5163 1478 5218 studforum
1499 5166 1706 5217 rector.
1727 5163 1791 5214 ut
1811 5160 1937 5215 Gui-
2042 5156 2253 5211 ditibus
2272 5154 2329 5208 in
2348 5150 2654 5207 refectorio
2674 5144 3015 5220 regulariter
3033 5135 3424 5215 epulentur.Si
3445 5133 3568 5206 quis
3585 5146 3677 5189 ea.

2048 5245 2054 5246 ,
2127 5245 2134 5246 ,
2244 5245 2255 5246 γ
2376 5242 2389 5246 -
2468 5239 2512 5246 .-
2685 5237 2718 5246 ,ε
2954 5233 2985 5246 ι.
3051 5232 3063 5246 Α
3120 5233 3130 5246 ι
3187 5245 3229 5246 νη
3281 5223 3468 5246 Τὶ--.Σ-
3503 5235 3674 5246 ...ιι-ι-

646 5223 964 5327 Novigedto
1007 5269 1188 5325 supra
1232 5251 1500 5307 laudatus
1531 5251 1805 5324 loquitur,
1840 5253 1938 5304 aut
2043 5245 2178 5300 inde
2208 5239 2531 5307 abstulerif,
2568 5237 2880 5327 anathema
2900 5233 3013 5327 -sit_.
3035 5232 3243 5286 Actum
3281 5223 3471 5322 Remis
3501 5235 3693 5280 anno

327 5349 525 5416 etiam,
543 5350 606 5403 ut
625 5347 939 5420 Regulares
957 5340 1209 5397 ecclesiae
1243 5341 1300 5396 S.
1334 5338 1612 5394 Vincentii
1645 5336 1941 5395 Nolienses
2047 5311 3732 5420 Dominicseincarnationismillesimoseptuagesimoscx‘

329 5395 525 5416 ---...__,
549 5395 606 5403 _-
627 5395 702 5402 --ν
751 5395 865 5401 --ν
884 5395 934 5398 _-
967 5395 1012 5397 η
1061 5395 1100 5396 η
1193 5395 1198 5396 ,
1262 5395 1266 5396 ν

327 5435 594 5496 canonici
604 5395 774 5510 supifa
786 5432 1010 5514 pariter
1030 5431 1092 5488 in
1111 5426 1344 5488 funebri
1375 5444 1476 5484 suo
1499 5428 1568 5486 de
1587 5429 1644 5488 S.
1668 5428 1904 5484 Brunon

2049 5427 2113 5481 to
2125 5423 2294 5496 regni
2305 5419 2503 5477 autem
2519 5412 2767 5487 Philippi
2790 5411 2942 5486 regis
2961 5425 3074 5468 xvu
3099 5426 3115 5477 ;
3151 5395 3922 5494 archiepiscopatu\

3607 5743 3900 5835 Γ.-
