3996 6012
340 220 406 284 5'5
1189 212 1246 278 s.
1272 215 1618 280 BRUNONIS
1659 207 2292 279 CARTHUSIANORUM
2326 212 2799 277 INsmU'roms
3585 214 3652 273 ss

336 367 471 407 vero
505 348 970 407 domniManasse
987 348 1100 406 VII.
1130 348 1451 407 Indictione
1469 353 1675 424 quarta
1696 350 1942 407 decima.
1965 354 2019 414 Α
2045 350 2158 418 hic,
2194 352 2548 427 subscriptis,
2600 347 3086 410 monasteriorum
3115 363 3214 402 seu
3269 344 3654 413 abbatiarum,

337 439 581 513 Signum
601 438 878 496 Guidonis
898 438 1308 496 archidiaconi.
1340 438 1397 495 8.
1417 439 1651 496 Guarini
1669 440 1949 495 archidia-

338 529 490 606 coni.
515 528 759 601 Signum
776 530 1028 585 Manasse
1050 527 1365 600 praepositi.
1387 528 1444 584 S.
1469 528 1702 583 Leuvini
1720 528 1943 583 decani.

338 616 398 673 S.
435 617 651 673 Odonis
698 618 973 673 cantoris.
999 616 1056 672 S.
1087 616 1259 673 Renri
1312 616 1536 672 abbatis
1581 615 1638 671 S.
1685 617 1945 672 Jotzelini

335 704 582 761 abbatis.
617 705 674 761 8.
703 705 948 762 Gebuini
987 705 1232 761 abbatis.
1261 705 1318 761 S.
1344 705 1669 761 Raimbaldi
1700 705 1942 761 abbatis.

333 793 392 849 S.
422 794 678 850 Dudonis
730 794 953 849 decani.
988 793 1046 850 8.
1086 792 1370 850 Dominici
1406 793 1629 849 decani.
1669 793 1727 849 8.
1779 794 1945 849 Lam-

332 881 484 937 berti
516 882 741 937 decani.
772 882 828 938 8.
857 883 1096 938 Bavonis
1122 882 1346 938 decani.
1368 882 1425 938 S.
1450 882 1707 938 Widonis
1725 882 1942 938 militis.

334 969 392 1025 S.
421 970 657 1025 Abberti
706 971 924 1026 militis.
979 971 1035 1026 S.
1070 971 1377 1042 Rodulphi.
1433 971 1490 1026 8,
1526 971 1854 1043 Haymonis.
1886 971 1943 1026 S.

335 1058 644 1113 Lamberti.
662 1060 851 1115 Bruno
869 1060 1242 1115 cancellarius
1250 1059 1476 1132 scripsit
1489 1064 1544 1114 et
1558 1060 1943 1132 subscripsit.»

403 1149 490 1202 86.
522 1147 863 1202 Chartaliaec
878 1149 1341 1220 apudMarlotum
1364 1166 1614 1221 quoque,
1636 1148 1733 1221 qui
1748 1152 1945 1203 tamen

332 1235 486 1291 unde
514 1251 644 1290 eam
676 1237 984 1307 acceperit,
1020 1253 1140 1292 non
1173 1236 1365 1304 edicit,
1407 1239 1551 1291 tom.
1580 1239 1646 1291 ll.
1683 1237 1945 1292 Historiae

329 1324 669 1397 metrOpolis
712 1325 1011 1380 Remensis
1060 1342 1195 1397 pag.
1235 1328 1336 1382 170
1385 1328 1442 1379 et
1470 1342 1591 1397 seq.
1626 1329 1828 1391 exstat,
1864 1326 1944 1380 uti

329 1412 507 1467 etiam
537 1413 598 1466 in
630 1429 762 1481 ms.,
796 1414 866 1468 de
896 1430 1009 1486 quo
1038 1430 1199 1469 num.
1233 1414 1400 1480 28,de
1429 1413 1486 1469 8.
1507 1415 1775 1469 Brunone
1796 1416 1943 1469 trac-

328 1504 473 1569 tatu,
529 1519 563 1557 a
594 1502 700 1557 PP.
753 1502 1142 1558 Carthusianis
1184 1502 1475 1573 hujatibus
1500 1519 1728 1558 mecum
1784 1518 1942 1557 com-

2048 438 2257 511 quibus
2314 442 2373 497 hi
2402 444 2707 516 praafuere,
2750 438 2990 496 nomina
3044 436 3387 508 adjungens,
3420 452 3548 508 quae
3575 439 3659 492 ta-

2046 545 2183 586 men
2215 546 2286 586 an
2307 547 2374 586 ex
2404 532 2528 604 ipso
2548 530 2930 603 autographo,
2955 525 3109 599 quod
3137 526 3286 581 forte
3318 524 3391 579 ad
3419 540 3659 580 manum

2045 618 2334 687 habuerit,
2365 636 2440 674 an
2496 637 2630 676 vero
2683 636 2751 674 ex
2799 618 3059 682 Marloto,
3094 630 3269 687 quem
3300 612 3361 668 in
3391 612 3659 686 margine

2047 707 2205 774 citat,
2234 708 2509 776 hauserit,
2535 725 2654 765 non
2676 708 2862 764 habeo
2880 704 3199 773 edicere,ac
3214 701 3381 774 proin
3404 705 3658 768 rectene,

2044 813 2120 852 an
2154 814 2337 865 secus,
2372 797 2616 853 nomina
2668 797 2767 853 illa
2814 793 3117 851 abbatibus
3163 790 3315 863 apud
3358 789 3658 846 Marlotum

2047 890 2435 958 apponantur,
2469 886 2529 941 in
2563 885 2759 941 medio
2787 884 3076 955 relinquo,
3109 885 3167 936 et
3194 880 3255 934 in
3276 882 3525 953 tempus,
3546 894 3660 950 quo

2051 975 2293 1031 Sanctus
2340 975 2595 1048 primum
2652 972 2953 1029 Remensis
3013 967 3387 1026 cancellarius
3439 970 3662 1023 creatus

2048 1063 2242 1132 fuerit,
2276 1081 2429 1119 nunc
2459 1064 2710 1137 inquiro.

2118 1154 2206 1209 88.
2234 1153 2522 1218 Marlotus,
2554 1152 2761 1224 saepius
2783 1152 2906 1223 jam
2938 1149 3221 1215 laudatus,
3254 1144 3513 1202 Historiae
3533 1159 3656 1200 me-

2046 1240 2290 1312 tropolis
2340 1240 2639 1296 Remensis
2688 1244 2831 1295 tom.
2885 1242 2951 1306 Π,
2985 1255 3119 1311 pag,
3151 1237 3253 1292 134
3301 1235 3382 1290 sic
3412 1232 3609 1288 scribit
3643 1248 3658 1286 :

2050 1352 2078 1381 «
2109 1329 2594 1401 Fragmentum...
2630 1328 2893 1383 Historia:
2923 1325 3201 1391 Francia»,
3236 1339 3365 1397 qua:
3392 1319 3595 1392 incipit
3624 1336 3660 1373 a

2045 1417 2335 1489 Philippo,
2397 1417 2469 1472 de
2502 1417 2768 1472 Brunone
2799 1415 3074 1488 loquitur,
3125 1412 3237 1468 acsi
3271 1411 3464 1466 Remis
3490 1411 3659 1464 natus

2042 1504 2260 1560 fuisset.
2304 1508 2379 1560 At
2398 1505 2679 1561 Manasses
2708 1503 2962 1577 Epistola
2993 1501 3188 1557 statim
3246 1498 3479 1555 citanda
3507 1512 3660 1552 scru-

328 1589 647 1656 municato,
702 1593 766 1647 ut
809 1590 1055 1664 proinde
1112 1590 1225 1646 tria
1263 1591 1522 1662 ejusdem
1572 1590 1941 1645 instrumenti
1965 1640 2016 1700 B
2042 1594 2241 1665 pulum
2280 1597 2511 1650 amovet
2537 1593 2627 1648 his
2651 1592 2868 1647 verbis:
2918 1613 2947 1643 «
2966 1590 3066 1646 Hic
3102 1590 3292 1644 Bruno
3324 1602 3431 1642 nec
3460 1588 3658 1640 noster

332 1678 672 1700 -_-_._.1-_2-
739 1682 864 1700 ,μίΔ
905 1679 1088 1700 ----ιΑ-
1118 1679 1357 1700 ιμ-ι.--..,
1429 1680 1594 1700 At“---
1655 1679 1774 1700 1...-
1831 1678 1916 1700 ..με
2155 1685 2196 1700 ,1
2333 1684 2397 1700 ..ι
2480 1698 2577 1700 AA-
2617 1684 2774 1700 WAW,‘
2805 1698 2845 1700 ,_
2991 1677 3288 1700 n___-__:-
3344 1675 3521 1700 £41....
3587 1677 3646 1700 ..ι

328 1678 682 1750 exemplaria
735 1682 869 1734 ante
898 1679 1091 1735 oculos
1118 1679 1386 1734 habeam.
1414 1680 1601 1751 Atque
1655 1679 1778 1734 haec
1823 1678 1945 1752 qui-

330 1764 465 1820 dem
496 1766 696 1821 omnia
728 1771 850 1822 tum
877 1767 936 1823 in
965 1767 1118 1822 notis
1140 1768 1447 1834 chronicis,
1475 1767 1681 1839 quibus
1709 1767 1941 1839 signau-

326 1855 441 1920 tur,
472 1856 596 1911 tum
624 1854 684 1910 in
703 1854 910 1922 verbis,
941 1855 1147 1926 quibus
1169 1859 1449 1926 concepta
1473 1859 1626 1922 sunt,
1650 1855 1721 1909 ad
1750 1872 1940 1910 amus-

324 1941 435 1997 sim
458 1942 580 1997 fere
611 1942 764 1998 inter
795 1960 853 2000 se
897 1948 1247 2013 consonant;
1291 1948 1351 1999 at
1383 1961 1501 1999 non
1530 1944 1669 1998 item
1701 1943 1761 1998 in
1788 1943 1944 1998 testi-

326 2028 454 2097 bus,
481 2029 870 2086 instrumento
934 2031 1302 2103 subscriptis;
1354 2034 1744 2104 praeterquam
1784 2031 1941 2086 enim

326 2118 486 2190 quod
523 2119 743 2190 aliquot
768 2120 979 2175 horum
1020 2119 1262 2175 nomina
1313 2120 1716 2176 Marlotianum
1748 2136 1941 2176 exem-

324 2206 451 2278 plar
481 2206 591 2261 alio
622 2205 819 2273 modo,
854 2224 1029 2280 quam
1077 2225 1190 2281 quo
1251 2206 1310 2263 id
1339 2208 1452 2264 duo
1495 2208 1721 2279 reliqua
1749 2223 1941 2263 exem-

326 2294 512 2367 plaria
539 2293 780 2362 faciunt,
815 2295 1028 2367 scripta
1059 2296 1345 2364 exhibeat,
1377 2296 1702 2363 abbatibus,
1730 2296 1942 2351 chartae

325 2381 676 2454 subscriptis,
704 2383 1045 2438 monasterii
1068 2401 1166 2439 seu
1192 2384 1441 2439 abbatis:
1466 2383 1777 2455 cuisinguli
1794 2401 1941 2456 prae-

327 2468 510 2537 fuere,
531 2486 749 2525 nomen
768 2471 1053 2543 adjungit,
1086 2472 1241 2543 quod
1262 2472 1321 2526 in
1351 2472 1573 2527 duobus
1607 2472 1733 2526 aliis
1748 2489 1941 2527 exem-

325 2558 582 2629 plaribus
620 2575 736 2614 non
769 2560 853 2627 fit,
888 2560 1155 2633 quodque
1211 2578 1285 2615 an
1331 2560 1393 2615 in
1422 2560 1759 2616 Marlotiano
1788 2564 1942 2615 recte

325 2646 608 2712 fiat,haud
620 2647 756 2702 satis
767 2648 955 2704 habeo
971 2652 1331 2720 compertum
1341 2650 1695 2719 .Anonymus
1708 2647 1941 2702 interim

329 2733 1077 2804 Carthusianus,Annalium
1101 2736 1319 2791 ordinis
1341 2736 1425 2791 sui
1441 2736 1571 2791 libri
1598 2736 1785 2808 quarti
1809 2753 1940 2791 auc-

330 2824 440 2889 tor,
478 2823 691 2879 chartaa
714 2840 748 2879 a
763 2841 821 2879 se
840 2825 1095 2880 recitatae
1115 2828 1476 2897 sequentem,
1501 2825 1730 2897 quahac
1748 2841 1815 2879 ex
1849 2842 1945 2879 au-

335 2911 624 2983 tograpbo
639 2911 1030 2985 desumptam,
1063 2913 1341 2981 declarat,
1361 2912 1800 2970 adnotationem
1816 2913 1944 2969 sub-

332 2997 531 3069 jungit
550 3016 564 3054 :
586 3018 618 3052 α
635 3001 963 3057 Extractum
981 3000 1091 3057 fuit
1112 3001 1585 3072 (instrumentum
1603 3001 1818 3057 scilicet
1842 3018 1941 3056 seu

330 3087 530 3143 charta
537 3088 664 3159 jam
682 3088 941 3161 recitata)
960 3106 1027 3145 ex
1042 3089 1537 3163 Originali,sigillo
1554 3090 1776 3161 majore
1798 3106 1941 3144 cerae

330 3174 491 3232 ﬂava:
539 3177 809 3248 sigillata,
832 3178 893 3232 in
912 3178 1072 3249 cujus
1095 3180 1315 3234 concha
1335 3179 1612 3251 impressa
1637 3181 1724 3232 est
1744 3179 1940 3249 imago

330 3261 519 3319 beatae
544 3264 795 3336 Virginis
835 3267 1045 3334 Marizr,
1076 3267 1277 3321 dextra
1315 3269 1567 3338 laevaque
1596 3267 1786 3321 Jesum
1808 3282 1944 3336 pue-

331 3368 463 3407 rum
496 3353 767 3407 tenentis.
789 3354 904 3408 Hoc
926 3355 1374 3410 instrumentum
1396 3355 1695 3409 inventum
1730 3354 1839 3409 fuit
1881 3354 1941 3408 in

329 3438 572 3511 praefata
599 3440 833 3496 abbatia
862 3440 1056 3497 Sancti
1086 3442 1267 3498 Basoli
1295 3443 1369 3497 ad
1394 3444 1605 3498 Remos
1619 3459 1724 3515 per
1740 3459 1941 3515 quem-

331 3525 469 3581 dam
512 3526 574 3581 V.
610 3529 673 3581 Ρ.
721 3530 1074 3584 monachum
1121 3529 1559 3598 Benedictinum
1613 3530 1942 3586 reformatae

333 3615 825 3685 congregationis,
882 3616 1221 3688 Compendii
1265 3622 1752 3685 commorantem,
1787 3632 1942 3673 anno

334 3702 491 3768 1649,
523 3706 581 3757 et
630 3703 860 3760 cuidam
898 3704 1287 3760 Carthusiensi
1336 3706 1543 3761 domus
1582 3707 1788 3762 Montis
1841 3705 1942 3760 Dei

330 3790 788 3859 commodatum,
820 3809 887 3849 ex
913 3794 1073 3865 cujus
1098 3793 1322 3867 scriptis
1350 3795 1490 3849 illud
1521 3796 1793 3850 eruimus.
1824 3812 1855 3846 »

402 3879 851 3937 87.Mabillonius
866 3886 1081 3950 autem,
1110 3883 1204 3954 qui
1218 3884 1526 3939 Annalium
1544 3883 1942 3939 Benedictino-

331 3980 465 4023 rum
486 3968 588 4022 lib.
609 3974 1036 4036 uiv,num.l29
1051 3972 1404 4038 charta3,huc
1408 3973 1533 4042 jam
1548 3972 1773 4042 integre
1792 3975 1946 4025 tran-

331 4054 579 4125 scriptaa,
614 4059 842 4126 partem
873 4058 1096 4125 recitat,
1114 4058 1326 4130 quique
1361 4059 1549 4131 ipsum
1572 4058 1941 4114 instrumenti

330 4142 501 4213 hujus
525 4146 947 4215 autographum
967 4149 1066 4200 aut
1083 4149 1238 4201 certe
1265 4147 1659 4202 authenticum
1683 4147 1942 4219 ejusdem

327 4234 625 4304 exemplar
636 4232 743 4289 sibi
761 4234 1637 4305 prasluxissc,innuit,itaibidem
1652 4236 1938 4292 obserbat:

329 4339 363 4372 α
386 4321 519 4376 Post
540 4321 682 4377 duos
700 4322 968 4393 (Chartae,
994 4324 1064 4377 de
1104 4341 1217 4395 qua
1233 4323 1345 4379 hic.
1370 4323 1735 4396 subscriptos)
1755 4323 1941 4379 archi-

331 4406 625 4477 diaconos,
656 4412 1052 4483 praepositum,
1096 4412 1404 4479 decanum,
1439 4416 1497 4467 et
1538 4416 1836 4467 cantorem
1855 4429 1944 4469 ec-

329 4496 515 4552 clesiaz
544 4499 841 4553 Remensis
857 4500 1119 4570 apposita
1143 4504 1278 4555 sunt
1298 4501 1465 4573 signa
1498 4501 1743 4556 Heinrici
1770 4501 1944 4555 abba-

328 4584 401 4639 tis
433 4585 626 4640 Sancti
660 4586 927 4658 Remigii,
958 4587 1455 4644 Jotseliniabbatis
1483 4588 1937 4658 Altivillarensis,

328 4671 598 4729 Gibbuini
636 4674 860 4730 abbatis
906 4676 1300 4745 Mosomensis,
1362 4677 1685 4733 Raimbaldi
1716 4678 1941 4733 abbatis

327 4761 552 4817 abbatis
580 4760 773 4817 Sancti
813 4764 1171 4832 Theoderici,
1225 4769 1283 4819 et
1323 4766 1589 4821 aliorum.
1664 4788 1693 4817 «
1747 4767 1938 4822 Bruno

328 4870 359 4900 ‹‹
391 4850 763 4906 cancellarius
789 4852 1089 4923 scripsitet
1114 4853 1466 4926 subscripsit,
1498 4876 1525 4904 »
1558 4856 1736 4922 idem,
1770 4858 1832 4910 ut
1863 4855 1940 4910 vi-

325 4936 513 5007 detur,
543 4939 639 5011 qui
669 4956 788 4995 non
819 4942 1002 4997 multo
1049 4946 1178 5014 post
1209 4960 1241 4997 a
1265 4943 1519 5020 Manasse
1546 4944 1621 4997 ob
1651 4944 1772 5015 ejus
1797 4943 1935 4998 faci-

326 5042 474 5083 nora
512 5028 747 5085 recessit
762 5032 822 5086 et
870 5029 1333 5085 Carthusiensem
1370 5031 1636 5087 ordidem
1667 5031 1933 5086 instituit.

322 5116 668 5173 Authentico
690 5118 926 5174 afﬁxum
972 5121 1058 5173 est
1074 5118 1327 5191 sigillum
1368 5119 1620 5176 Manasse
1653 5120 1933 5193 archiepi-

319 5204 500 5279 scopi,
541 5205 817 5261 exhibens
857 5206 1112 5280 efﬁgiem
1166 5207 1349 5261 beatas
1406 5207 1616 5273 Mariae,
1648 5207 1934 5263 Christum

318 5308 566 5367 puerum
585 5293 645 5349 in
657 5293 888 5348 sinistro
901 5295 1138 5352 brachio
1152 5294 1430 5367 gestantis
1451 5310 1581 5348 cum
1605 5296 1711 5349 hac
1726 5295 1935 5367 incrip-

2045 1705 2072 1732 ‹‹
2102 1685 2270 1737 natus
2321 1684 2427 1749 est,
2478 1698 2584 1737 nec
2614 1684 2868 1737 renatus.
2930 1703 2958 1729 ‹‹
2991 1677 3290 1734 Remensis
3344 1675 3541 1747 igitur,
3587 1677 3651 1728 ut

2042 1787 2315 1842 auguror,
2369 1773 2605 1826 vocatur
2657 1770 2772 1836 hic,
2823 1768 2979 1840 quod
3031 1765 3225 1821 Remis
3255 1765 3474 1819 litteras
3518 1777 3649 1817 cum

2042 1858 2210 1915 laude
2232 1859 2518 1932 professus
2533 1858 2775 1924 dicatur,
2795 1855 3266 1926 cancellariaaque
3282 1851 3563 1924 dignitate
3577 1849 3651 1905 ob

2035 1947 2182 2018 juris
2226 1947 2495 2020 peritiam
2545 1946 2810 2013 donatus,
2853 1961 3026 2017 quam
3056 1943 3243 1998 adhuc
3271 1939 3523 1996 exercuit
3549 1938 3653 1993 sub

2041 2036 2387 2103 Manasse,ut
2420 2038 2646 2089 constat
2671 2051 2736 2088 ex
2771 2033 2941 2089 variis
2984 2031 3214 2097 chartis,
3242 2028 3493 2085 maxime
3518 2042 3652 2082 vero

2042 2140 2110 2178 ex
2138 2123 2524 2179 instrumento
2549 2121 2905 2177 fundationis
2930 2120 3109 2176 sancti
3126 2117 3348 2175 Martini
3369 2116 3652 2171 Gemello-

2042 2228 2174 2266 rum
2187 2211 2443 2267 dioecesis
2455 2210 2879 2277 Ambianensis,
2911 2208 3065 2281 quod
3097 2207 3321 2282 publice
3346 2204 3652 2261 recitatum

2043 2304 2131 2355 est
2148 2316 2343 2356 coram
2372 2299 2633 2371 Philippe
2654 2315 2814 2371 rege,
2854 2298 3106 2353 Manasse
3151 2295 3344 2351 Remis
3367 2290 3653 2365 synodum

2044 2391 2302 2454 tenente,
2363 2388 2453 2443 cui
2501 2387 2834 2459 subscripsit
2886 2387 3075 2441 Bruno
3134 2381 3507 2439 cancellarius
3555 2396 3649 2435 an.

2049 2479 2204 2532 1073.
2240 2497 2269 2525 ››
2303 2477 2380 2531 Ex
2406 2477 2516 2531 hoc
2540 2476 2759 2531 Marloti
2794 2478 2954 2530 textu
2986 2477 3045 2528 et
3062 2489 3128 2527 ex
3164 2472 3361 2527 charta
3392 2468 3653 2542 proxime

2043 2565 2284 2619 recitata
2300 2580 2570 2635 annoque
2617 2565 2751 2618 1076
2792 2565 3010 2629 notata,
3041 2562 3372 2616 Brunonem
3395 2558 3467 2613 ab
3497 2573 3651 2612 anno

2046 2656 2110 2707 ut
2136 2653 2449 2707 minimum
2468 2654 2602 2707 1073
2625 2651 2693 2706 ad
2729 2667 2947 2707 annum
2962 2665 3139 2722 usque
3167 2649 3301 2704 1076
3328 2644 3651 2702 cancellarii

2046 2741 2345 2797 Remensis
2369 2756 2610 2795 munere
2640 2740 2903 2795 functum
2925 2755 3046 2793 esse
3062 2738 3388 2792 asseverant
3404 2738 3549 2790 tom.
3565 2732 3650 2800 IX,

2042 2846 2175 2901 pag.
2207 2831 2331 2884 234.
2365 2828 2624 2884 Historias
2675 2827 2968 2884 litterariae
3020 2824 3273 2881 Franciae
3302 2822 3649 2895 scriptores:

2043 2920 2101 2973 et
2138 2920 2293 2974 recte
2314 2934 2473 2984 sane,
2515 2917 2559 2971 si
2601 2916 2776 2973 modo
2814 2916 2875 2971 in
2921 2931 3098 2983 anno,
3150 2929 3263 2987 quo
3322 2912 3651 2967 Brunonem

2052 3005 2296 3073 Chartae,
2330 3022 2429 3061 seu
2458 3005 2845 3059 instrumento
2882 3002 3241 3059 fundationis
3285 2997 3478 3056 Sancti
3508 2998 3650 3054 Mar-

2043 3093 2151 3148 tini
2180 3094 2568 3149 Gemellorum
2617 3091 3030 3164 subscripsisse,
3061 3090 3329 3146 Marlotus
3359 3087 3462 3153 ait,
3490 3101 3653 3141 error

2047 3199 2166 3237 non
2191 3182 2379 3237 cubet.
2417 3182 2531 3237 Hac
2556 3180 2791 3236 interim
2806 3180 2877 3234 de
2896 3196 2962 3234 re
2990 3179 3363 3234 vehementer
3388 3174 3652 3231 dubitare

2045 3286 2139 3326 me
2169 3270 2310 3324 facit
2339 3286 2471 3337 ms.,
2496 3284 2669 3342 quem
2685 3268 2814 3339 jam
2832 3266 3045 3340 pluries
3069 3264 3313 3333 laudavi,
3334 3264 3405 3320 de
3432 3262 3490 3319 S.
3513 3262 3652 3318 Bru-

2041 3374 2195 3413 none
2224 3358 2535 3425 Tractatus,
2570 3374 2605 3413 a
2643 3354 3028 3413 Carthusianis
3083 3353 3374 3427 hujatibus
3424 3365 3652 3409 mecum

2043 3463 2170 3502 com
2180 3446 2524 3501 municatus.

2113 3537 2201 3590 89.
2220 3535 2319 3590 Hic
2338 3534 2497 3590 enim
2516 3549 2677 3589 num.
2697 3535 2762 3588 l2
2786 3532 2866 3588 sic
2881 3532 3088 3587 habet:
3124 3552 3153 3582 ‹‹
3171 3527 3333 3586 Circa
3344 3527 3498 3585 idem
3510 3529 3654 3582 tem-

2042 3640 2290 3696 pus,quo
2329 3623 2463 3678 data
2502 3621 2613 3677 fuit
2649 3623 2772 3677 hac
2815 3620 3098 3693 (proxime
3137 3618 3232 3674 hic
3253 3614 3651 3690 jamrecitata)

2044 3713 2263 3777 charta,
2295 3709 2988 3767 Manassesfundationem
3009 3706 3255 3764 abbatiw
3287 3704 3479 3761 Sancti
3507 3703 3652 3760 Mar-

2044 3800 2152 3854 tini
2201 3799 2589 3854 Gemellorum
2627 3797 2884 3852 dioecesis
2913 3793 3338 3860 Ambianensis,
3370 3795 3503 3847 ante
3537 3794 3654 3847 tres

2043 3903 2227 3942 annos
2269 3887 2503 3953 factam,
2559 3883 2830 3951 firmavit,
2888 3884 3048 3955 cujus
3095 3881 3477 3939 instrumenlo
3528 3880 3655 3936 haec

2040 3975 2219 4031 verba
2230 3972 2664 4030 conﬁrmatoria
2675 3974 2864 4029 Bruno
2881 3971 3110 4044 adjecit.
3130 3994 3158 4022 «
3173 3972 3344 4025 Anno
3357 3968 3650 4040 episcopa-

2047 4084 2075 4115 «
2105 4066 2198 4120 tus
2218 4063 2302 4119 sui
2316 4080 2391 4118 vn
2410 4061 2659 4117 ﬁrmavit
2689 4077 2816 4116 eam
2837 4060 3119 4116 Manasses
3166 4056 3649 4130 archiepiscopus.

2047 4174 2074 4202 ‹‹
2106 4151 2351 4224 Signum
2381 4149 2636 4206 Widonis
2664 4147 3075 4216 archidiaconi,
3107 4150 3166 4202 et
3192 4144 3423 4202 Guarini
3446 4143 3654 4200 Warici

2046 4262 2074 4291 ‹‹
2107 4238 2519 4308 archidiaconi,
2564 4242 2622 4294 et
2652 4236 2980 4294 Manassetis
3005 4234 3320 4309 praepositi,
3344 4236 3403 4289 et
3417 4231 3651 4288 Leuvini

2041 4347 2075 4381 «ι
2106 4328 2332 4397 decani,
2368 4327 2585 4384 Odonis
2604 4326 2873 4382 cantoris.
2898 4325 3089 4380 Bruno
3130 4321 3504 4378 cancellarius
3518 4318 3654 4377 scri-

2045 4438 2073 4468 ‹‹
2102 4416 2246 4488 psit;
2302 4437 2330 4465 »
2355 4415 2511 4488 quod
2537 4415 2581 4470 si
2617 4417 2813 4470 autem
2835 4414 2959 4469 haec
2975 4427 3103 4485 qum
3122 4410 3276 4468 unde
3288 4411 3493 4466 hausta
3512 4408 3648 4475 sint,

2041 4520 2161 4561 non
2177 4503 2659 4572 additur,veritati
2670 4503 2991 4558 consonent
3003 4499 3213 4555 Charta
3222 4495 3578 4554 fundationis
3590 4495 3649 4550 S.

2040 4592 2265 4649 Martini
2305 4593 2716 4659 Gemellorum,
2736 4606 2834 4644 seu
2867 4588 3199 4662 potius,quo
3233 4586 3498 4645 fundatio
3527 4585 3654 4642 haec

2041 4679 2385 4737 confirmata
2439 4680 2566 4747 fuit,
2599 4678 3075 4744 instrumentum,
3107 4678 3309 4749 utpote
3356 4671 3649 4742 Manassis,

2039 4769 2373 4825 cathedram
2394 4768 2739 4823 Remensem
2755 4781 2911 4821 anno
2932 4764 3168 4819 demum
3191 4765 3326 4820 1069
3338 4760 3649 4830 consecuti,

2039 4874 2192 4913 anno
2213 4856 2460 4929 septimo
2475 4854 2787 4927 signatum,
2805 4869 2922 4908 non
2940 4868 3095 4908 anno
3118 4855 3274 4920 1073,
3302 4854 3366 4907 ut
3382 4849 3651 4907 Marlotus

2040 4944 2192 5016 (huic
2205 4944 2364 4999 enim
2382 4944 2453 4999 de
2467 4942 2672 4998 eadem
2687 4941 2985 5009 charta,de
2997 4956 3112 5014 qua
3122 4939 3183 4995 in
3199 4942 3444 4996 tractatu
3456 4936 3654 4994 lauda-

2037 5035 2118 5100 to,
2138 5048 2328 5087 sermo
2364 5048 2484 5086 esse
2501 5028 2746 5100 videtur)
2773 5028 2900 5085 loco
2942 5028 3117 5084 citato
3151 5029 3334 5095 notat,
3365 5026 3467 5083 sed
3492 5037 3648 5083 anno

2040 5124 2175 5176 1075
2207 5123 2306 5175 aut
2340 5121 2474 5176 1076
2502 5117 2677 5173 fuerit
2720 5116 3022 5172 donatum.
3058 5114 3332 5173 Fortassis
3376 5113 3649 5173 Marlotus

2035 5225 2276 5276 annum,
2307 5224 2421 5280 quo
2446 5204 2783 5262 monasterii
2801 5205 2857 5260 8.
2873 5205 3097 5261 Martini
3111 5204 3498 5261 Gemellorum
3514 5201 3646 5258 fun-

2034 5295 2214 5364 datio,
2232 5295 2402 5351 annis
2424 5294 2624 5363 tribus,
2649 5294 2712 5349 ut
2729 5294 2969 5350 recitata
2983 5297 3262 5351 tractatus
3277 5308 3410 5348 mox
3425 5290 3639 5348 iterum

316 5381 499 5438 tione.
551 5405 579 5433 ι‹
600 5384 882 5439 Manasses
940 5384 1257 5440 Remorum
1287 5383 1678 5455 archipreesul.
1743 5406 1771 5434 ‹‹
1802 5385 1932 5440 Haec
2029 5383 2246 5440 laudati
2275 5384 2451 5439 verba
2485 5383 2714 5452 docent,
2764 5382 3295 5450 conﬁrmationem,
3326 5396 3360 5435 a
3385 5380 3642 5436 Manasse

316 5468 435 5544 ille,
468 5469 793 5545 abbatibus,
836 5470 1058 5558 Chartae
1092 5489 1191 5531 seu
1236 5472 1645 5543 instrumento,
1692 5472 1763 5527 de
1813 5490 1927 5548 quo
2028 5472 2262 5543 factam,
2285 5488 2602 5545 praegressa
2633 5471 2840 5553 evenit,
2861 5487 2967 5546 pro
2990 5485 3166 5547 anno,
3196 5483 3309 5543 quo
3338 5468 3464 5525 haec
3500 5466 3644 5527 acci-
