4122 6058
176 180 250 235 57

1766 176 1946 242 ACTA

3445 199 3516 257 ‘58

175 304 285 398 dit,
318 321 429 379 per
453 286 713 364 errorem
733 307 1007 398 pesuerit.
1026 309 1306 398 Fortassis
1332 309 1510 365 etiam
1533 309 1813 367 mendosa
1832 316 1887 374 Α
1912 316 1971 368 et
1989 314 2137 370 binis
2156 334 2316 391 seqp.
2340 320 2547 377 recitat
2571 308 2851 393 chartam,
2877 340 2981 397 pro
3013 324 3353 398 percelebris
3369 325 3513 380 San-

176 394 493 452 dumtaxat
540 400 642 452 aut
685 400 855 453 mala
902 397 1039 453 fidei
1089 398 1439 453 documenta
1470 415 1537 454 ex
1583 398 1809 471 quibus,

175 498 311 553 qua
337 483 454 538 huc
484 486 809 556 spectantia
838 489 1148 553 memorat,
1198 486 1548 559 deprompta
1572 487 1706 554 sint,
1739 486 1812 541 ad

175 584 431 625 manum
463 571 751 627 habuerit.

248 662 345 715 90.
376 661 446 716 Et
482 660 591 716 hoc
635 666 994 734 postremum
1026 661 1264 735 quidem
1307 663 1518 720 idcirco
1561 662 1810 719 maxime

169 746 462 821 suspicor,
511 750 668 821 quod
708 749 1065 806 fundationis
1109 752 1336 823 (melius
1379 752 1529 808 forte
1568 753 1643 808 ob
1681 752 1809 822 jam

169 837 334 892 dicta
361 838 595 894 dixisset
637 840 1114 912 confirmationis)
1157 841 1213 896 S.
1255 842 1479 897 Mar.ini
1532 842 1811 896 Gemello-

168 942 337 994 rum,
370 928 531 999 quod
550 925 768 995 laudat,
798 928 1263 984 instrumentum
1291 948 1488 985 coram
1523 930 1805 1002 Philippo,

169 1015 540 1071 Francorum
557 1033 717 1088 rege,
738 1018 994 1074 Manasse
1013 1019 1209 1074 Remis
1231 1021 1518 1092 synodum
1548 1023 1805 1087 tenente,

170 1103 411 1174 publice
460 1104 575 1172 (adi
606 1122 778 1179 supra
805 1107 1046 1163 recitata
1090 1108 1383 1180 scriptoris
1413 1108 1585 1179 hujus
1614 1108 1806 1178 verba)

174 1192 493 1247 recitatum
524 1193 695 1249 fuisse
724 1195 957 1263 scribat,
1003 1214 1108 1252 nec
1136 1200 1334 1251 tamen
1360 1197 1586 1269 synodi,
1618 1196 1811 1251 Remis

172 1296 209 1333 a
235 1280 501 1334 Manassc
535 1282 967 1347 celebrata,cui
1001 1284 1294 1357 Philippus
1323 1284 1673 1338 Francorum
1709 1300 1808 1337 rex

170 1368 532 1436 interfuerit,
563 1370 783 1425 mentio
810 1372 928 1426 ulla
959 1377 1193 1427 accurat
1222 1373 1307 1427 vel
1339 1372 1491 1444 apud
1524 1371 1791 1426 concilio-

174 1473 311 1511 rum
328 1458 809 1530 synodorumque
827 1460 1180 1526 collectores,
1202 1460 1289 1513 vel
1308 1458 1483 1513 etiam
1518 1451 1670 1530 a'pud
1689 1458 1811 1512 Gal-
1828 1452 1878 1510 B

171 1552 264 1607 lia
278 1552 622 1609 Christiana
645 1559 824 1611 aucta
842 1554 1168 1627 scriptores,
1187 1555 1476 1627 pracipua
1487 1556 1688 1609 saltem
1703 1556 1811 1610 Ma-

175 1640 361 1695 nassis
386 1646 573 1712 gesta,
601 1642 852 1715 equibus
876 1643 1074 1716 utique
1100 1643 1303 1715 synodi
1325 1643 1471 1697 illius
1500 1643 1807 1697 celebratio

173 1729 401 1796 fuisset,
420 1733 569 1785 tom.
586 1732 669 1799 IX,
690 1732 748 1787 in
768 1732 1209 1805 archiepiscopis
1221 1731 1599 1787 Remensibus
1614 1748 1809 1787 recen-

177 1824 396 1874 sentes.
425 1819 604 1876 Aiunt
630 1822 867 1894 quidem
914 1821 1134 1877 ibidem
1165 1823 1275 1875 col.
1324 1824 1412 1875 72.
1447 1819 1620 1874 fuisse
1650 1835 1806 1873 anno

178 1910 319 1963 1074
348 1925 387 1962 a
412 1908 669 1965 Manasse
693 1910 1003 1965 concilium
1036 1910 1108 1964 ad
1134 1909 1357 1964 illlcitas
1383 1906 1629 1979 Philippi
1655 1906 1807 1978 regis

180 2000 238 2050 et
268 1996 568 2052 Bertrada
597 1999 827 2071 nuptias
880 1998 1198 2054 ﬁrmandas
1238 1998 1297 2052 in
1353 1997 1493 2051 urbe
1535 1997 1803 2051 Remensi

175 2083 539 2139 celebratum
558 2104 572 2154 ;
609 2103 808 2143 verum
825 2086 955 2142 huic
973 2086 1297 2141 interfuisse
1314 2086 1666 2159 Philippum,
1684 2101 1802 2140 non

174 2172 422 2241 addunt,
439 2173 618 2229 etiam
634 2175 789 2231 haud
816 2175 1007 2241 dubie,
1021 2174 1328 2231 concilium
1341 2191 1440 2229 seu
1465 2175 1802 2246 generalem

177 2260 603 2317 arehidiacesis
636 2262 936 2318 Remensis
950 2263 1455 2335 synodum,quam
1489 2279 1644 2318 anno
1667 2264 1802 2318 1074

174 2348 464 2403 Ιεηεεεεε
502 2365 635 2404 vere
688 2349 1016 2416 celebravit,
1064 2350 1135 2405 ad
1186 2350 1504 2405 firmandas
1555 2350 1800 2423 Philippi

174 2452 310 2490 cum
340 2436 624 2492 Bertrada
652 2437 884 2509 nuptias
926 2438 1278 2493 celebratam
1310 2439 1501 2504 fuisse,
1532 2454 1651 2493 non
1682 2438 1799 2493 die;

174 2524 310 2591 turi,
342 2524 393 2579 si
421 2525 526 2580 has
558 2528 693 2580 ante
718 2542 944 2581 annum
969 2528 1124 2580 certe
1160 2528 1298 2581 1092
1325 2542 1443 2580 non
1473 2524 1643 2579 fuisse
1669 2540 1802 2579 con-

178 2614 417 2678 tractas,
447 2611 925 2669 considerassent.

246 2705 340 2756 91.
381 2702 455 2756 Ut
478 2704 543 2757 ut
573 2702 665 2771 sit,
697 2702 937 2758 dubium
972 2701 1242 2775 equidem
1272 2718 1338 2757 ex
1370 2701 1641 2757 omnibus
1669 2699 1797 2771 jam

174 2789 341 2844 dlctis
368 2790 456 2858 ﬁt,
475 2807 551 2845 an
586 2791 1062 2859 instrumentum,
1088 2793 1159 2847 de
1185 2808 1299 2864 quo
1328 2792 1504 2846 modo
1532 2791 1624 2845 hic
1655 2790 1798 2846 fuise

174 2881 394 2944 actum,
421 2878 549 2948 jam
580 2878 716 2934 inde
745 2879 818 2934 ab
845 2896 1002 2935 anno
1036 2883 1196 2948 1073,
1228 2883 1292 2934 ut
1316 2880 1582 2935 Marlotus
1614 2881 1798 2946 notat,

176 2964 533 3020 monasterio
551 2966 610 3020 S.
630 2967 855 3022 Martini
871 2968 1262 3023 Gemellorum
1277 2967 1451 3023 fuerit
1464 2983 1799 3023 concessum

175 3069 239 3106 ac
268 3054 523 3124 proinde
541 3056 745 3123 etiam,
771 3074 845 3112 an
861 3057 1103 3113 Sanctus
1132 3062 1348 3126 noster,
1368 3057 1523 3129 quod
1551 3057 1605 3112 ei
1630 3056 1801 3113 veluti

174 3142 551 3198 cancellarius
571 3144 986 3218 subscripserit,
1006 3148 1381 3202 cancellarius
1406 3150 1469 3201 ut
1489 3147 1802 3202 minimum

175 3230 350 3301 quod,
379 3233 443 3284 ut
470 3247 645 3302 supra
672 3233 896 3300 monui,
928 3234 1189 3290 Historia
1222 3236 1517 3291 litteraria
1549 3235 1801 3291 Francia

174 3316 484 3390 scriptores
510 3319 775 3375 arbitrati
806 3324 961 3389 sunt,
989 3322 1116 3393 jam
1141 3322 1279 3378 inde
1308 3324 1382 3379 ab
1412 3324 1621 3379 eodem
1649 3324 1801 3379 dicto

176 3420 327 3461 anno
365 3408 504 3461 1073
535 3407 832 3464 exstiterit.
854 3410 1085 3478 Verum,
1108 3411 1211 3465 etsi
1228 3411 1286 3466 id
1306 3413 1386 3468 ita
1405 3412 1495 3480 sit,
1526 3412 1799 3467 Sanctum

177 3492 349 3547 etiam
374 3496 514 3550 ante
537 3496 728 3568 ipsum
762 3514 916 3553 anno
948 3500 1083 3554 1073
1110 3499 1474 3555 cancellariie
1503 3499 1801 3554 Remensis

178 3597 388 3636 munus
417 3582 647 3651 obiisse,
674 3584 1302 3642 nonnulliexistimant.
1333 3588 1400 3642 Et
1439 3586 1674 3659 quidem
1691 3587 1800 3642 hoc

176 3667 495 3726 diutissime
522 3676 657 3727 ante
684 3689 905 3728 annum
935 3674 1099 3729 illum
1130 3676 1321 3731 Bruno
1341 3675 1567 3742 obierit,
1591 3675 1637 3729 si
1662 3675 1801 3730 Mar-

173 3757 319 3814 lotus
351 3760 411 3814 in
443 3761 691 3817 Historia
720 3762 1046 3835 Metropolis
1075 3763 1373 3820 Remensis
1415 3768 1558 3820 tom.
1590 3759 1795 3837 ll,pag.

176 3850 271 3902 115
300 3853 463 3904 recte
491 3848 719 3905 scribat.
740 3850 821 3907 lbi
850 3851 1009 3906 enim
1032 3852 1103 3907 de
1134 3853 1395 3908 Gervasio
1424 3854 1799 3909 Remensium

171 3937 626 4012 archiepiscopo,
643 3955 799 3995 anno
822 3943 957 3997 1067
983 3941 1097 3998 vita
1120 3941 1343 4009 functo,
1370 3940 1452 3997 ita
1474 3945 1795 3999 memorat:

174 4047 201 4075 α
219 4025 292 4081 Ut
319 4027 597 4084 omnibus
614 4028 801 4084 modis
818 4029 1148 4103 reipublica
1168 4030 1491 4102 prasertim
1509 4030 1799 4086 litteraria

170 4116 473 4187 prodesset
502 4116 818 4186 Gervasius,
867 4119 1090 4174 scholas
1133 4120 1466 4187 Remenses,
1520 4121 1800 4174 vetustate

171 4205 474 4277 collapsas,
499 4205 836 4262 illustriores
870 4206 1117 4263 reddere
1136 4208 1334 4263 statuit
1362 4224 1541 4282 Opera
1575 4207 1632 4262 S.
1667 4207 1801 4261 Bru-

1828 3019 1875 3080 C

1912 404 2241 476 Dionysiani
2272 408 2466 465 Remis
2496 416 2831 470 monasterii
2872 412 3212 469 fundatione
3246 429 3281 468 a
3319 413 3519 469 Gerva-

1910 492 1992 547 sio
2025 494 2452 570 archiepiscopo
2493 516 2647 556 anno
2691 505 2845 571 1067,
2889 502 2971 558 uti
3006 503 3063 558 in
3105 502 3221 557 fine
3263 504 3515 569 notatur,

1911 582 2108 642 datam
2150 592 2321 660 atque
2363 590 2435 644 ab
2479 591 2718 647 Oderico
2774 590 3135 658 cancellario,
3186 588 3284 663 qui
3342 590 3518 644 etiam

1909 675 2164 731 nominis
2199 677 2391 749 aliqua
2426 679 2740 734 variatione
2770 680 3060 735 Oldaricus
3085 681 3185 733 aut
3227 676 3519 733 Oldaricus

1907 768 2137 819 vocatus
2188 766 2494 835 reperitur.
2542 767 2812 838 scriptam
2868 772 3040 840 atque
3098 766 3517 837 subscriptam;

1910 851 2041 906 dein
2071 868 2205 907 vero
2232 868 2365 925 pag.
2407 857 2504 909 166
2537 860 2595 909 et
2622 873 2722 927 seq
2753 855 2918 911 affert
2950 855 3513 921 chartam‘alteram,

1908 939 1965 994 in
1983 940 2239 995 favorem
2274 942 2330 997 S.
2366 943 2517 998 Petri
2553 943 3008 998 Ruminiacensis
3051 961 3084 997 a
3110 943 3356 997 Waltero
3394 941 3516 997 viro

1910 1029 2087 1083 nobili
2129 1046 2482 1097 concessam,
2520 1032 2712 1103 itaque
2755 1032 3132 1086 terminatam
3167 1048 3180 1085 :
3234 1053 3261 1081 «
3308 1032 3515 1085 Actum

1909 1117 2130 1189 publice
2178 1119 2514 1173 Ruminiaco
2538 1136 2692 1173 anno
2744 1120 3158 1175 Incarnationis
3203 1119 3517 1175 Dominica

1912 1209 2067 1271 1070,
2106 1206 2382 1261 existente
2412 1225 2562 1280 papa
2602 1210 2799 1263 Roma
2838 1208 3186 1275 Alexandro,
3232 1211 3518 1279 regnante

1908 1294 2257 1349 Francorum
2287 1313 2423 1365 rege
2454 1296 2735 1367 Philippo,
2760 1297 2952 1351 Remis
2965 1298 3217 1351 Manasse
3238 1296 3517 1368 archiepi-

1907 1399 2101 1456 scopo,
2123 1384 2527 1439 archidiacono
2559 1385 2778 1451 Odonc,
2819 1387 3160 1440 cancellario
3198 1385 3457 1441 Odalrico
3485 1405 3513 1433 »ι

1908 1474 2017 1526 etc.
2048 1472 2189 1527 Cum
2226 1490 2387 1543 ergo,
2430 1473 2509 1527 uti
2542 1490 2572 1527 e
2602 1472 2751 1527 binis
2792 1473 2943 1527 hisce
2986 1475 3058 1528 ab
3096 1473 3345 1545 ipsemet
3379 1474 3519 1528 Mar-

1908 1561 2026 1615 loto
2054 1561 2315 1615 adductis
2336 1561 2733 1616 instrumentis
2751 1561 2987 1633 publicis
3006 1564 3250 1628 constat,
3267 1560 3515 1616 ecclesia

1908 1648 2208 1704 Remensis
2243 1649 2615 1704 cancellarius
2654 1666 2807 1704 anno
2864 1652 2997 1704 1067
3060 1653 3117 1703 et
3167 1665 3322 1704 anno
3380 1651 3518 1705 1070

1908 1736 2202 1793 Odalricus
2227 1737 2412 1791 adhuc
2457 1737 2754 1805 exstiterit,
2786 1738 3027 1791 Sanetus
3055 1753 3194 1790 sane
3236 1753 3351 1791 non
3381 1740 3516 1791 ante

1905 1842 2127 1881 annum
2164 1827 2318 1892 1070,
2350 1824 2565 1880 nedum
2616 1828 2750 1880 ante
2784 1842 3004 1880 annum
3039 1826 3196 1892 1067,
3233 1824 3514 1896 dignitate

1903 1915 2000 1970 illa
2027 1913 2202 1969 fuerit
2219 1913 2540 1969 decoratus.

1974 2004 2061 2057 93.
2084 2003 2204 2056 lmo
2230 2018 2364 2056 vero
2384 2017 2456 2055 ne
2482 2005 2615 2056 ante
2642 2017 2863 2056 annum
2885 2000 3119 2073 quidem
3143 2002 3279 2056 1074
3294 1999 3353 2055 id
3367 2000 3516 2056 forte

1902 2089 2193 2145 acciderit.
2228 2088 2455 2145 Etenim
2488 2089 2642 2161 apud
2666 2090 2940 2144 eumdem
2979 2088 3190 2144 iterum
3214 2089 3517 2144 Marlotum

1904 2195 2077 2250 opere
2107 2182 2164 2233 et
2197 2182 2341 2233 tom.
2377 2178 2496 2244 cit.,
2533 2193 2665 2249 pag.
2701 2180 2800 2233 168
2827 2182 2886 2233 et
2912 2194 3032 2250 seq.
3075 2180 3256 2233 exstat
3293 2177 3513 2246 charta,

1900 2283 2007 2339 pro
2027 2265 2491 2322 Morimontensis
2522 2265 2581 2320 in
2610 2265 2838 2322 diacesi
2867 2265 3265 2321 Catalaunensi
3312 2281 3517 2321 mona-

1900 2354 2056 2409 sterii
2081 2353 2420 2409 fundatione
2448 2354 2853 2409 confirmanda
2873 2371 2907 2409 a
2938 2354 3212 2421 Manasse,
3246 2354 3516 2409 Remensi

1900 2441 2672 2514 archiepiscopo,impertita,
2692 2459 2872 2514 quam
2885 2444 3006 2497 hac
3022 2442 3294 2497 claudunt
3309 2443 3513 2497 verba:

1903 2554 1931 2581 «
1988 2533 2157 2586 Anno
2204 2531 2276 2585 ab
2328 2532 2635 2586 Incarnat.
2691 2530 2923 2585 Domini
2976 2533 3133 2598 1074,
3193 2529 3391 2586 indict.
3451 2546 3512 2599 η,

1899 2618 2141 2675 Kalend.
2174 2620 2477 2687 Novemb.,
2524 2622 2727 2690 epacta
2759 2619 2971 2690 prima,
3014 2620 3297 2690 regnante
3339 2635 3513 2674 vene-

1898 2707 2063 2763 rabili
2101 2724 2241 2779 rege
2288 2706 2573 2778 Philippo,
2618 2708 2765 2761 hanc
2813 2708 3096 2774 chartam,
3140 2708 3199 2762 in
3256 2706 3514 2778 generali

1898 2796 2118 2868 synodo
2132 2795 2400 2851 Remensi
2417 2795 2853 2851 eorroboratam
2873 2798 2930 2849 et
2953 2794 3381 2861 confirmatam,
3404 2810 3513 2867 ego

1900 2884 2192 2939 Odalricus
2233 2883 2430 2954 scripsi
2488 2886 2543 2938 et
2600 2882 2899 2953 subscripsi
2932 2900 2946 2950 ;
2974 2904 3003 2932 »
3033 2886 3091 2936 et
3108 2883 3365 2938 siautem
3399 2882 3513 2937 duo

1900 2976 2036 3028 tunc
2068 2971 2335 3038 Odalrici,
2355 2972 2501 3027 alter
2530 2971 2831 3026 Remensis
2849 2970 3098 3026 ecclesia
3117 2970 3509 3039 cancellarius,

1902 3061 2051 3115 alter
2092 3060 2367 3131 ejusdem
2394 3059 2508 3131 (adi
2556 3060 2860 3115 Marlotum
2894 3075 3068 3129 opere
3100 3062 3159 3114 et
3202 3062 3346 3114 tom.
3379 3074 3516 3114 mox

1901 3149 2109 3204 iterum
2139 3149 2257 3215 cit.,
2288 3166 2422 3220 pag.
2447 3148 2567 3219 151)
2592 3148 2935 3219 prapositus
2961 3163 3026 3202 ac
3054 3146 3264 3202 deinde
3289 3144 3512 3218 primus

1902 3237 2042 3292 San-
2067 3237 2399 3308 Dionysiani
2446 3236 2642 3292 Remis
2682 3235 3018 3291 monasterii
3068 3235 3264 3303 abbas,
3315 3234 3513 3289 Remis

1901 3325 2225 3392 ﬂoruerint,
2258 3325 2612 3398 recitataque
2640 3324 2873 3392 charta,
2917 3322 3255 3379 monasterii
3304 3321 3512 3378 Mauri-

1902 3413 2193 3469 montensi
2222 3414 2391 3480 datae,
2412 3412 2773 3486 subscriptio,
2795 3414 2995 3484 utpote
3012 3410 3257 3467 Odalrici
3280 3410 3516 3483 scripto-

1900 3502 1978 3558 ris
2002 3501 2227 3557 nomini
2253 3505 2457 3557 contra
2497 3518 2747 3569 morem,
2776 3501 2836 3555 in
2867 3500 3078 3556 chartis
3117 3516 3221 3572 per
3258 3499 3516 3555 ecclesia-

1900 3608 2031 3645 rum
2055 3590 2423 3646 cancellarios
2443 3589 2664 3660 scriptis
2682 3589 2894 3644 servari
2914 3590 3168 3655 solitum,
3186 3588 3494 3643 concellari

1898 3679 2129 3735 titulum
2160 3694 2278 3733 non
2303 3678 2523 3732 habens
2540 3677 2899 3748 adjunctum,
2927 3675 3190 3731 Odalrico
3206 3675 3515 3747 praposito

1899 3766 2201 3822 convenire
2244 3765 2522 3820 videatur.
2569 3764 2949 3819 verosimilius
3004 3766 3201 3818 tamen
3250 3761 3512 3819 Odalrico

1899 3853 2244 3911 cancellario
2289 3852 2599 3909 tribuenda
2650 3855 2755 3920 est,
2817 3851 2974 3924 quod
3035 3850 3512 3907 cancellariorum

1898 3943 2070 3998 fuerit
2084 3944 2311 3997 chartas
2325 3942 2601 4013 publicas,
2620 3957 2748 4014 qua
2764 3941 2837 3996 ab
2853 3940 3243 4010 ecclesiarum,
3265 3955 3513 4013 quarum

1898 4030 2223 4086 cancellarii
2254 4033 2440 4099 erant,
2467 4047 2568 4086 seu
2594 4028 2843 4103 capitulo
2869 4045 2970 4085 seu
3004 4028 3271 4101 episcopo
3298 4028 3514 4084 daban-

1898 4123 2014 4187 tur,
2037 4118 2397 4174 conscribere
2414 4118 2780 4191 nominisque
2795 4117 2882 4173 sui
2907 4116 3291 4190 adscriptione
3319 4115 3511 4172 muni-

1896 4224 1982 4276 re,
2010 4207 2289 4280 facileque
2321 4207 2442 4262 fieri
2474 4207 2676 4280 possit,
2712 4210 2778 4261 ut
2800 4205 2893 4261 hic
2915 4204 3239 4261 cancellarii
3255 4204 3509 4275 titulum,

172 4292 340 4348 nonis
372 4292 751 4362 Coloniensis,
785 4312 852 4350 ac
886 4294 944 4350 in
974 4296 1213 4351 ecclesia
1240 4296 1511 4351 Remensi
1542 4313 1576 4350 a
1607 4293 1798 4368 pueris
1820 4292 1869 4313 ν
1898 4299 2098 4368 utpote
2127 4296 2200 4350 ad
2226 4295 2473 4364 Charta,
2517 4295 2577 4350 in
2620 4293 2883 4368 generali
2929 4293 3168 4350 diocesis
3213 4293 3513 4349 Remensis

172 4379 623 4453 enutriti,quem
649 4383 977 4438 scholarum
1006 4387 1177 4456 caput
1194 4401 1294 4439 seu
1318 4385 1605 4439 rectorem
1635 4398 1799 4438 cons-
1895 4384 2114 4458 synodo
2167 4384 2506 4440 solemniter
2570 4384 2958 4440 corroborata
3012 4398 3077 4437 ac
3130 4381 3509 4438 conﬁrmata.

171 4466 344 4534 tituit,
366 4468 563 4524 addito
576 4470 1012 4526 concellariatus
1043 4472 1253 4539 officio,
1275 4488 1391 4545 quo
1411 4470 1645 4543 egregie
1662 4487 1793 4542 per-

170 4556 404 4621 functus
443 4560 530 4614 est
562 4575 743 4631 usque
780 4559 855 4615 ad
891 4560 1209 4616 Manassem
1235 4564 1277 4628 l,
1310 4561 1493 4616 donec
1518 4560 1661 4634 ipse,
1686 4560 1796 4616 cal-

168 4645 306 4700 catis
361 4645 714 4718 dignitatum
748 4646 980 4721 pompis
1024 4647 1082 4704 in
1145 4665 1410 4705 eremum
1462 4648 1691 4705 secessit
1730 4651 1794 4703 ut

169 4732 320 4788 infra
344 4732 586 4790 dicetur.
618 4756 649 4786 κ

234 4823 325 4877 92.
355 4820 643 4878 Hactenus
684 4822 799 4893 ille,
835 4823 1111 4882 Sanctum
1140 4830 1403 4882 nostrum
1440 4843 1477 4882 a
1501 4826 1785 4897 Grevasio,

171 4910 543 4968 Remensium
571 4912 849 4983 antistite,
880 4931 946 4970 ac
982 4917 1152 4989 proin
1179 4919 1314 4972 ante
1357 4932 1580 4973 annum
1628 4917 1785 4986 1068,

1894 4474 2151 4529 valerem
2187 4472 2589 4529 verosimiliter
2614 4488 2732 4528 non
2760 4471 3101 4544 requisitum
3146 4470 3373 4527 nomini
3403 4486 3506 4526 suo

1893 4561 2142 4634 adjicere
2172 4560 2507 4633 neglexerit.
2844 4616 2860 4628 ,

1963 4652 2053 4706 94.
2097 4650 2332 4718 Verum,
2375 4652 2439 4705 ut
2478 4650 2890 4723 hacquantum
2911 4648 2987 4706 ad
3004 4649 3219 4705 charta
3257 4648 3351 4704 hic
3393 4664 3514 4704 me-

1890 4742 2155 4807 morata,
2183 4738 2243 4793 in
2275 4738 2436 4810 cujus
2461 4741 2745 4810 praterea
2769 4739 3041 4795 clausula.
3060 4754 3224 4794 num.
3253 4735 3502 4809 praced.

1890 4829 2045 4897 data,
2069 4829 2291 4901 epacta,
2310 4826 2561 4900 antiquis
2575 4827 2934 4900 computistis
2948 4826 3176 4895 usitata,
3194 4841 3327 4881 cum
3348 4840 3504 4880 anno

1889 4933 2006 4973 non
2040 4914 2328 4985 convenit,
2358 4914 2841 4987 subscriptionem
2868 4932 2990 4972 sese
3018 4914 3292 4979 habeant,
3311 4912 3504 4968 Bruno

168 5015 276 5073 quo
296 5000 390 5056 hic
406 4999 537 5072 jam
564 5001 810 5071 obierat,
844 5002 962 5060 imo
1010 5021 1145 5061 vero
1179 5005 1309 5077 jam
1355 5004 1491 5061 inde
1517 5005 1590 5060 ab
1629 5022 1785 5063 anno
1887 5005 2178 5079 equidem,
2209 5004 2292 5059 uti
2337 5003 2537 5060 omnia
2567 5003 2643 5061 ad
2680 5004 3005 5060 institutum
3029 5016 3284 5075 prasens
3327 5000 3508 5057 modo

174 5090 324 5156 1056,
353 5089 429 5143 ad
456 5106 632 5163 quem
663 5091 787 5147 hac
806 5092 1006 5161 refert,
1035 5093 1333 5150 Remensis
1360 5094 1613 5151 ecclesia
1648 5112 1784 5151 can-

170 5176 465 5232 cellarium
515 5181 777 5235 creatum
827 5179 1018 5248 fuisse,
1073 5198 1192 5238 non
1243 5181 1483 5238 obscure
1549 5181 1781 5240 docens.

171 5264 373 5321 Verum
400 5270 604 5340 postea
629 5267 873 5341 ipsemet
893 5269 1180 5339 Marlotus,
1211 5286 1339 5343 qua
1362 5272 1486 5325 tam
1509 5269 1620 5326 cito
1644 5271 1783 5327 Bru-

172 5369 382 5411 nonern
427 5355 657 5411 muneri
674 5356 807 5412 huic
834 5373 955 5413 non
982 5357 1152 5414 fuisse
1178 5357 1484 5414 admotum
1513 5358 1783 5423 suadent,

1887 5094 2135 5149 adducta
2175 5093 2570 5149 consideranti
2622 5092 2865 5166 patebit,
2911 5106 3065 5146 anno
3109 5090 3247 5146 1076
3295 5089 3510 5146 exstitit

1886 5181 2136 5239 ecclesia
2152 5181 2450 5239 Remensis
2470 5181 2865 5247 cancellarius,
2883 5194 3154 5251 annoque
3177 5180 3311 5234 1069
3324 5176 3511 5250 digni-

1884 5274 2066 5326 tatem
2115 5272 2266 5327 hanc
2326 5276 2664 5328 consecutus
2717 5268 2980 5325 nondum
3024 5265 3234 5336 fuerat,
3296 5268 3361 5321 ut
3412 5264 3513 5322 illa

1885 5358 2130 5432 proinde
2155 5359 2390 5419 indubia
2404 5359 2615 5417 saltem
2626 5357 2715 5413 vel
2730 5374 2909 5429 anno,
2942 5356 3040 5432 qui
3064 5372 3218 5412 nunc
3244 5353 3509 5429 proxime

172 5440 227 5498 in
263 5442 527 5503 medium
560 5443 809 5505 adducit.
839 5448 922 5504 Ac
954 5445 1147 5520 primo
1209 5445 1446 5515 quidem
1494 5464 1628 5522 pag.
1685 5448 1787 5505 139
1887 5447 2130 5522 excepit,
2165 5450 2254 5507 vel
2285 5450 2466 5505 altero
2502 5465 2534 5505 e
2564 5465 2661 5505 sex
2698 5447 3070 5531 sequentibus
3098 5442 3511 5506 condecorata:

870 5634 925 5647 δι-

968 5650 969 5653 ‘
994 5647 1025 5659 .-

646 5662 765 5711 1,“

462 5688 483 5701 ο

382 5744 597 5813 κέαεῷ
678 5744 705 5813 li

540 5810 551 5829 η

398 5780 405 5783 ⁴
478 5766 569 5801 ...ἶ

540 5810 551 5829 η

81 5736 633 5956 ἃ

630 5942 655 5955 ‘L

788 5690 877 5711 ‘nn.

2200 5596 2247 5617 ’⁷⁷
2300 5618 2402 5639 ’,δην
2424 5612 2461 5627 υ-
2513 5621 2529 5629 ν

3779 5991 3920 6020 ἡ
