4122 6058
556 231 623 282 59
1413 219 1471 283 8.
1500 225 1846 284 BRUNONIS
1890 222 2530 284 CARTHUSIANORUM
2567 229 3037 288 INSTITUTORIS
3827 240 3899 292 60

550 352 810 425 primum
827 351 1018 421 fuerit,
1042 352 1388 411 Remensem
1414 354 1649 413 interim
1662 353 2018 421 cathedram,
2042 369 2158 409 non
2182 361 2239 426 Α
2263 364 2359 433 §v,
2376 359 2568 428 Quales
2591 367 2840 417 ,ςααηειιιε
2877 360 3157 434 discipulos
3180 359 3446 425 habuerit,
3479 363 3578 435 qui
3616 362 3710 418 hos
3726 361 3903 419 ebonis

476 448 481 455 '
547 441 829 509 Gervasio,
873 443 973 498 sed
998 443 1248 499 Manasse
1283 445 1409 515 jam
1450 447 1783 516 occupante.
1832 445 2010 499 Porro
2059 441 2162 498 etsi

550 531 739 586 Bruno
781 531 1135 604 aliquandiu,
1179 533 1260 587 uti
1289 550 1355 588 ex
1386 534 1510 605 jam
1556 533 1718 587 dictis
1773 549 2023 604 pronum
2078 534 2166 585 est

551 619 841 691 colligere,
872 620 1108 693 ejusque
1132 638 1421 677 successor
1450 622 1791 677 Godet‘ridus
1817 621 2165 677 scholarcha

552 707 721 763 simul
747 712 804 763 et
829 709 1153 765 cancellarii
1183 710 1383 765 munia
1416 710 1608 765 Remis
1637 710 2016 777 obtinuerint,
2049 726 2166 765 non

551 813 781 870 semper
806 800 1026 866 tamen,
1056 798 1150 872 qui
1179 800 1474 854 Remensis
1502 799 1751 855 ecclesia
1774 800 2168 854 scholarcham

554 887 781 959 agebat,
812 886 1072 957 ejusdem
1099 888 1275 943 etiam
1315 889 1685 944 cancellarius
1733 891 1876 956 erat,
1909 887 2169 959 quando-

554 974 789 1047 quidem
819 993 973 1031 anno
1008 979 1163 1045 H92,
1191 980 1428 1034 vacante
1455 976 1814 1045 cancellaria,
1844 976 2169 1044 Garnerius,

556 1067 618 1118 ut
638 1064 906 1119 Marlotus
932 1065 1189 1121 Historia
1230 1068 1567 1140 metropolis
1603 1067 1901 1122 Remensis
1927 1069 2073 1121 tom.
2104 1067 2170 1133 ll,

552 1168 685 1224 pag.
742 1154 843 1208 427
898 1156 956 1236 et
999 1170 1118 1227 seq.
1171 1155 1357 1223 docet,
1410 1158 1734 1211 scholarum
1775 1154 2173 1228 magisterium

556 1240 888 1309 obtinuerit,
918 1244 981 1296 ut
1006 1258 1074 1297 ex
1113 1260 1203 1309 eo,
1238 1245 1395 1316 quod
1431 1245 1673 1300 Sanctus
1703 1262 1769 1300 ex
1800 1260 1975 1314 supra
2012 1242 2174 1298 dictis

556 1326 653 1383 diu
686 1331 820 1384 ante
846 1347 1066 1385 annum
1103 1334 1237 1386 1070
1269 1332 1595 1387 scholarum
1628 1331 1999 1387 Remensium
2032 1348 2175 1404 pra-

555 1415 772 1473 fectum
786 1419 988 1491 egerit,
1013 1420 1420 1475 cancellarium
1434 1422 1670 1491 pariter,
1692 1424 1895 1486 contra
1914 1438 1979 1476 ac
1996 1420 2172 1475 modo

553 1506 875 1574 statuimus,
911 1508 1036 1579 jam
1064 1512 1189 1563 tum
1216 1509 1417 1581 egisse,
1450 1510 1615 1581 argui
1647 1526 1764 1564 non
1804 1509 1999 1581 possit,
2043 1525 2175 1579 con-

556 1594 798 1650 trarium
825 1596 957 1651 licet
982 1597 1221 1651 sensisse
1262 1598 1521 1653 videatur
1564 1598 1940 1665 Mabillonius,
1976 1600 2173 1669 utpote

556 1682 994 1739 Marlotiverbis.
1014 1703 1176 1740 num.
1198 1688 1286 1753 91,
1315 1687 1424 1740 huc
1436 1687 1813 1757 transcriptis,
1832 1703 1958 1758 qua
1976 1690 2173 1740 tamen

553 1787 673 1826 non
701 1772 856 1839 citat,
888 1789 1236 1841 consonons,
1260 1775 1452 1846 sicque
1471 1776 1813 1830 Prafatione
1845 1775 1902 1829 in
1929 1776 2172 1829 alteram

554 1857 755 1915 Saculi
783 1876 838 1915 v1
857 1861 1210 1917 Benedictini
1236 1866 1485 1936 partem,
1505 1881 1667 1919 num.
1690 1866 1777 1931 85,
1805 1864 1875 1919 de
1904 1865 2171 1919 Brunone

551 1948 836 2003 scribens:
870 1972 897 1999 «
926 1951 988 2004 lu
1035 1951 1242 2005 eadem
1275 1952 1583 2024 (Remensi)
1631 1951 1869 2007 ecclesia
1906 1951 2170 2007 Gervasio

549 2039 688 2091 tunc
712 2036 1003 2107 pontiﬁce,
1026 2040 1335 2094 canonicus
1362 2044 1420 2095 et
1446 2041 1773 2096 scholarum
1793 2041 2165 2112 magister....

550 2125 723 2196 atque
767 2127 1143 2181 cancellarius
1183 2127 1367 2182 factus
1406 2132 1510 2183 est.
1568 2151 1595 2177 ››
1622 2130 1809 2200 Atque
1853 2129 1975 2183 hac
2015 2133 2167 2197 sunt,

552 2228 678 2284 qua
720 2216 845 2267 tum
895 2214 966 2269 de
1012 2215 1135 2285 ipso
1165 2216 1490 2271 cancellarii
1534 2234 1797 2285 munere,
1843 2235 1876 2273 a
1904 2218 2170 2273 Brunone

550 2300 744 2356 Remis
768 2305 949 2373 gesto,
978 2306 1104 2358 tum
1136 2304 1207 2359 de
1250 2308 1535 2376 tempore,
1564 2323 1700 2378 quo,
1746 2306 1878 2362 huic
1906 2307 2170 2379 primum

550 2389 598 2445 is
621 2389 796 2445 fuerit
819 2390 1106 2459 admotus,
1139 2392 1383 2449 dicenda
1414 2398 1740 2450 occurrunt.

624 2472 712 2525 95.
744 2470 909 2535 Quod
938 2472 1112 2527 modo
1140 2473 1213 2527 ad
1230 2475 1476 2545 tempus,
1496 2491 1609 2546 quo
1637 2475 1892 2546 primum
1921 2474 2169 2531 ecclesia

549 2558 848 2615 Remensis
873 2560 1164 2616 canonicis
1191 2562 1365 2617 fuerit
1381 2562 1717 2634 adscriptus,
1744 2564 2015 2634 pertinet,
2053 2565 2170 2619 fac-

546 2649 672 2702 tum
698 2646 756 2703 id
781 2665 901 2704 esse
928 2654 1244 2723 antequam
1277 2652 1587 2707 Remenses
1610 2654 1832 2709 scholas
1867 2654 2175 2710 moderan-

545 2735 645 2792 das
673 2738 977 2808 acceperit,
1005 2756 1070 2794 ac
1102 2739 1269 2811 proin
1305 2740 1401 2795 diu
1439 2741 1636 2809 etiam,
1671 2745 1986 2815 antequam
2035 2760 2171 2799 can-

539 2825 755 2881 cellarii
803 2844 1044 2883 munere
1085 2828 1314 2884 functus
1376 2828 1568 2897 fuerit,
1630 2832 1889 2904 plerique
1935 2835 2173 2888 censent

540 2913 843 2985 scriptores
884 2916 1268 2972 recentiores:
1298 2917 1402 2972 etsi
1443 2921 1641 2974 autem
1682 2920 1840 2975 nullo
1900 2919 1957 2975 id
1997 2922 2172 2993 queat

543 3178 834 3236 honorem
859 3181 1022 3237 illum
1048 3188 1385 3239 consecutus
1410 3186 1598 3240 Bruno
1629 3185 1719 3252 sit,
1750 3185 2029 3257 assignari
2049 3203 2166 3242 non

542 3283 708 3339 posse
735 3268 1013 3325 videatur.
1045 3272 1329 3327 Caterum
1342 3275 1477 3327 sunt
1497 3272 1695 3342 etiam,
1716 3274 1834 3346 qui,
1866 3273 2162 3342 Sanctum,

542 3355 735 3412 Remis
755 3357 941 3413 adhuc
958 3362 1252 3430 agentem,
1273 3360 1447 3416 divini
1463 3360 1619 3416 verbi
1646 3361 1922 3417 exstitisse
1948 3379 2164 3435 praco-

538 3460 699 3512 nem,
728 3448 1108 3515 contendunt,
1134 3448 1333 3517 innixi,
1355 3452 1417 3504 ut
1449 3448 1676 3520 opinor,
1699 3450 1913 3521 partim
1930 3467 2169 3522 sequen-

538 3531 603 3600 ti,
638 3528 814 3605 quem
860 3535 1118 3592 funebris
1168 3538 1421 3592 ecclesia
1463 3537 1893 3610 Andegavensis
1933 3539 2152 3608 titulus,

542 3618 695 3678 inter
715 3625 1075 3682 recudendos
1118 3628 1237 3695 166,
1270 3626 1531 3695 includit,
1567 3626 1883 3684 versiculo:

716 3755 921 3814 Multos
946 3776 1205 3815 sermones
1224 3760 1461 3830 faciebat
1481 3777 1583 3832 per
1604 3762 1861 3831 regiones.

981 3852 1000 3875 δ

544 3888 756 3945 Verum
781 3907 934 3946 anne
945 3891 1037 3946 hic
1065 3892 1136 3947 de
1151 3893 1440 3957 Brunone,
1456 3890 1650 3946 Remis
1666 3892 1852 3946 adhuc
1880 3896 2164 3962 versante,

542 3980 772 4049 agatur,
801 3994 907 4049 pro
938 3983 1095 4034 certo
1117 3980 1246 4051 quis
1271 3979 1531 4035 asserat?
1579 3978 1835 4034 Recitato
1874 3979 2033 4036 enim
2050 3998 2171 4037 ver-

537 4063 713 4121 siculo
744 4066 1011 4139 proxime
1027 4068 1173 4122 alter
1199 4067 1290 4122 hic
1319 4067 1537 4122 ibidem
1559 4067 1858 4124 subditur:

657 4181 854 4239 Urbem
877 4185 1125 4240 transivit
1146 4182 1397 4246 Romam,
1429 4180 1793 4255 Calabrasque
1808 4185 2004 4255 petivit
2030 4202 2046 4251 ;

2334 453 2567 507 moribus
2592 469 2699 507 non
2740 454 2917 507 minus
2945 469 3109 523 quam
3139 451 3326 506 litteris
3347 451 3678 522 informarit,
3706 459 3757 507 et
3780 469 3901 527 qua

2336 550 2464 597 tunc
2491 546 2545 597 in
2571 560 2627 597 eo
2657 543 2831 596 animi
2850 540 2992 597 dotes
3013 558 3077 597 ac
3095 543 3318 597 virtutes
3351 543 3658 597 enituerint.

2339 633 2426 686 96.
2450 633 2754 704 Ingentem
2782 648 2919 686 sane
2950 648 3173 699 eorum,
3194 647 3337 702 quos
3352 632 3582 686 sanctus
3594 633 3793 687 noster
3808 630 3899 687 di-

2270 720 2512 793 scipulos
2528 720 2815 789 habuerit,
2838 720 3172 793 litterasque
3197 720 3371 793 (unde
3384 721 3432 792 ej
3442 737 3507 775 us
3527 719 3586 775 in
3608 720 3762 777 hisce
3776 723 3901 777 tra-

2270 810 2471 865 dendis
2492 809 2776 865 industria
2807 810 3048 869 mirifice
3098 809 3291 881 eluxit)
3340 812 3541 883 optato
3574 811 3745 882 plane
3773 826 3900 866 suc-

2272 916 2431 954 cessu
2445 898 2723 966 docuerit,
2741 899 3175 955 multitudinem
3193 897 3493 968 exstitisse,
3513 917 3632 956 non
3655 900 3899 956 obscure

2272 987 2488 1043 indicat
2514 988 2771 1043 funebris
2800 988 2947 1043 illius
2971 989 3191 1043 Titulus
3228 991 3319 1043 131
3376 989 3749 1062 sequentibus
3785 988 3901 1044 his-

2274 1093 2358 1145 ce,
2389 1077 2593 1150 quibus
2615 1077 2827 1148 partim
2853 1080 3099 1146 constat,
3127 1077 3415 1133 versiculis
3438 1094 3453 1134 :

2339 1166 2601 1238 Splendor
2628 1169 2880 1221 sermonis
2910 1167 3023 1236 fuit
3055 1173 3105 1221 et
3138 1166 3232 1220 lux
3262 1167 3574 1238 relligionis.

2413 1255 2557 1325 Ejus
2583 1256 2789 1327 relligio
2814 1258 2984 1311 scitur
3012 1255 3209 1327 ubique
3230 1258 3379 1310 satis.

2340 1343 2482 1416 Ejus
2512 1345 2755 1399 doctrina
2781 1351 2908 1398 sunt
2937 1344 3080 1414 [acti
3100 1351 3177 1399 tot
3202 1347 3482 1416 sapientes,

2418 1432 2558 1500 Quos
2608 1451 2726 1489 mea
2752 1450 2896 1487 mens
2927 1435 3111 1497 nescit,
3142 1440 3194 1488 et
3215 1451 3331 1489 mea
3348 1451 3530 1505 penna
3560 1438 3717 1491 tacet.

2273 1523 2384 1577 Nec
2432 1539 2677 1577 numero
2722 1525 2950 1577 tantum
2992 1522 3157 1576 multi
3201 1522 3259 1577 S.
3309 1523 3594 1578 Brunonis
3642 1522 3899 1596 dicipuli,

2271 1628 2473 1666 verum
2502 1612 2678 1665 etiam
2705 1611 2922 1683 aliquot
2944 1628 3010 1665 ex
3030 1611 3184 1667 hisce
3211 1615 3331 1667 tam
3350 1613 3555 1668 virtute
3582 1628 3647 1668 ac
3664 1629 3900 1668 morum

2273 1699 2579 1773 probitate,
2596 1718 2771 1772 quam
2788 1699 2998 1756 muniis
3018 1717 3083 1756 ac
3100 1700 3494 1772 dignitatibus,
3512 1701 3717 1773 quibus
3745 1704 3906 1773 post-

2273 1790 2514 1845 modum
2541 1788 2795 1844 decorati
2807 1789 3060 1858 fuerunt,
3085 1789 3423 1862 spectabiles
3437 1790 3727 1846 exstitere.
3746 1791 3904 1846 Non-

2273 1880 2459 1934 nullos
2485 1896 2553 1935 ex
2579 1878 2731 1933 hisce
2760 1878 3113 1946 illustriores,
3155 1895 3287 1933 cum
3319 1878 3729 1952 discipulorum
3759 1895 3899 1950 pro-

2272 1969 2417 2023 bitas
2443 1968 2784 2039 claritasque
2809 1966 2867 2021 in
2887 1968 3299 2038 magistrorum
3315 1968 3585 2039 gloriam,
3610 1968 3899 2041 quodam-

2272 2057 2447 2112 modo
2469 2056 2645 2112 etiam
2668 2056 2852 2122 cedat,
2876 2055 3125 2126 exempli
3144 2056 3269 2111 loco
3291 2073 3590 2112 recensere
3606 2056 3697 2111 hic
3712 2057 3897 2112 lubet.

2272 2146 2547 2202 Omnium
2592 2145 2756 2200 facile
2786 2144 3054 2216 princeps
3102 2148 3188 2199 est
3218 2144 3351 2200 Otto
3399 2161 3502 2201 seu
3528 2145 3674 2213 Odo,
3710 2145 3897 2201 nobili

2270 2235 2472 2290 locoin
2486 2234 2669 2289 Gallia
2695 2237 2883 2301 natus,
2929 2250 2959 2288 e
2986 2233 3179 2306 priore
3208 2233 3566 2289 Cluniacensi
3599 2234 3904 2307 episcopus

2272 2323 2549 2379 Ostiensis
2581 2339 2645 2378 ac
2684 2322 2925 2377 tandem
2964 2338 3227 2377 summus
3271 2322 3550 2395 pontifex,
3600 2326 3902 2395 assumpto

2272 2411 2489 2468 Urbani
2519 2413 2564 2466 II
2586 2412 2845 2478 nomine,
2872 2427 3026 2465 anno
3054 2413 3190 2467 1088
3220 2415 3464 2479 creatus,
3493 2415 3621 2467 tum
3644 2409 3902 2485 Philippi

2273 2502 2627 2556 Francorum
2643 2500 2796 2571 regis
2808 2503 2864 2554 et
2881 2500 3172 2555 Bertrada
3196 2500 3413 2572 pellicis
3433 2499 3905 2555 excommunica-

2272 2590 2452 2657 tione,
2486 2592 2612 2643 tum
2658 2588 2791 2644 belli
2835 2589 2979 2644 sacri
3032 2589 3089 2644 in
3147 2589 3389 2645 concilio
3442 2589 3899 2645 Claromontano

2272 2678 2642 2749 promotione
2674 2678 3108 2746 celeberrimus,
3140 2678 3300 2749 cuius
3333 2682 3754 2752 praceptorem
3790 2678 3899 2733 ali-

2274 2766 2506 2839 quando
2530 2766 2804 2821 exstitisse
2832 2768 3185 2835 Brunonem,
3212 2766 3382 2822 docet
3403 2770 3653 2839 quatuor
3675 2765 3902 2839 primo-

2270 2872 2403 2910 rum
2459 2854 2729 2910 Cartusia
2773 2855 3036 2927 priorum
3079 2855 3429 2923 Chronicon,
3488 2871 3588 2911 seu
3628 2855 3901 2911 transcri-

2272 2948 2437 3017 ptum
2453 2960 2522 2998 ex
2537 2944 2647 3000 hoc
2664 2944 2875 3012 Sancti,
2898 2962 3061 2999 num.
3081 2944 3631 3018 7,elogium,resque
3650 2943 3898 3017 proinde

544 3002 899 3101 anfiq‘ﬁtaﬁs
917 3005 1251 3101 ίῗδίίῖηοηίο
1276 3006 1630 3101 θοηῆηἶλδνίν
1656 3011 1743 3064 sat
1760 3012 1958 3064 tamen
1982 3008 2173 3064 veriSi‘
2188 3014 2236 3075 C
2271 3002 2432 3089 extra
2452 3049 2692 3088 omnem
2715 3002 3172 3089 controversiam
3196 3002 3319 3089 esse
3346 3002 3627 3101 debet,‘ut
3644 3002 3893 3088 lluinar-

2266 3211 2437 3282 hujus
2477 3210 2604 3265 Vita
2634 3210 2842 3267 merito
2885 3211 3203 3267 contendit.
3245 3211 3479 3266 Accedit
3522 3210 3814 3264 Robertus
3860 3227 3897 3265 a

2264 3299 2622 3372 Burgundia,
2651 3300 2815 3371 regia
2849 3300 3196 3372 Burgundia
3224 3300 3439 3355 ducum
3481 3298 3661 3373 stirpe
3700 3301 3879 3367 satus,

2266 3388 2415 3443 filius
2433 3405 2645 3460 nempe
2679 3388 2909 3443 Henrici
2935 3406 2970 3443 a
2992 3388 3354 3460 aurgundia,
3388 3388 3615 3461 nepotis
3653 3386 3895 3443 Roberti

2266 3476 2422 3548 regis
2474 3477 2749 3544 Francia,
2796 3476 2870 3532 ad
2920 3477 3350 3548 Lingonensem
3402 3476 3777 3544 cathedram,
3828 3479 3897 3532 ut

2265 3565 2456 3621 Gallia
2480 3565 2815 3621 Christiana
2833 3569 3015 3622 aucta
3033 3566 3343 3638 scriptores
3356 3568 3484 3620 tom
3505 3565 3573 3619 IV
3592 3564 3652 3619 in
3670 3565 3889 3638 episco-

2267 3654 2353 3727 pis
2371 3654 2832 3727 Lingonensibus
2848 3654 3243 3721 docent,anno
3263 3653 3488 3709 circiter
3503 3655 3638 3710 1085
3652 3669 3891 3726 promo-

2190 3783 2201 3791 .
2267 3746 2379 3811 tus,
2410 3742 2507 3815 qui
2533 3743 2779 3815 ipsemet
2793 3742 2849 3797 in
2872 3743 3059 3799 Titulo
3082 3741 3503 3810 funebri,inter
3526 3742 3895 3798 recudendos

2269 3834 2357 3898 39,
2383 3847 2559 3902 quem
2579 3831 2789 3886 Sancto
2813 3835 3012 3887 nostro
3033 3831 3339 3905 inscripsit,
3373 3830 3544 3904 hujus
3573 3848 3696 3887 sese
3723 3830 3895 3887 disci-

2267 3920 2470 3992 pulum
2501 3919 2693 3988 fuisse,
2730 3920 3057 3991 proﬁtetur.

2342 4011 2431 4063 97.
2461 4008 2621 4063 Hisce
2654 4008 2849 4075 adhuc,
2893 4009 3044 4065 addo
3083 4010 3482 4077 Lambertum,
3517 4005 3896 4065 Pultariensis

2268 4095 2341 4152 ad
2356 4094 2689 4169 Sequanam
2704 4096 2933 4153 Ordinis
2949 4097 3008 4152 S.
3036 4098 3329 4154 Benedicti
3355 4096 3695 4153 monasterii
3710 4096 3895 4152 abba-

2267 4188 2414 4253 tem,
2438 4187 2673 4241 Petrum
2713 4186 3129 4241 canonicorum
3170 4185 3543 4257 Regularium
3572 4185 3629 4240 8.
3652 4184 3895 4241 Joannis

542 4295 737 4354 Surius
749 4303 946 4355 autem
973 4299 1139 4355 binos
1167 4298 1293 4355 illos
1306 4297 1633 4366 versiculos,
1663 4297 1843 4370 priori
1876 4316 1993 4355 non
2023 4300 2167 4358 nihil
2195 4271 2249 4331 D
2267 4274 2327 4330 in
2352 4275 2746 4370 νξηθίδξπθρθ
2771 4273 3108 4370 δυθδδίίξηδδ
3130 4273 3336 4370 iugem
3361 4273 3893 4370 abPa‘e‘Paeﬂmi'

546 4385 881 4459 immutato,
912 4389 1125 4462 absque
1140 4387 1605 4462 interpunctione
1634 4387 1715 4443 ita
1739 4388 2076 4463 conjungit:

613 4502 820 4559 Multos
849 4522 1109 4561 sermones
1131 4506 1380 4578 faciendo
1400 4526 1502 4580 per
1528 4513 1767 4583 regiones

622 4589 817 4647 Urbem
841 4596 1088 4649 transivit
1118 4595 1368 4662 Romam,
1400 4597 1765 4675 Calabrasque
1783 4602 1999 4673 petivit.

547 4714 617 4769 Ut
642 4717 705 4769 ut
726 4715 818 4783 sit,
847 4716 1178 4775 Brunonem
1197 4721 1471 4794 equidem
1498 4724 1691 4781 Remis
1724 4725 1901 4781 etiam
1926 4722 2169 4778 subinde

546 4802 620 4858 ad
648 4805 930 4876 populum
956 4808 1131 4863 verba
1155 4809 1375 4880 fecisse,
1403 4830 1436 4868 a
1452 4830 1587 4869 vero
1614 4814 1764 4870 forte
1788 4813 2042 4869 alienum
2062 4816 2167 4880 est,

546 4892 629 4947 uti
656 4896 714 4948 et
747 4911 882 4950 eum
910 4897 1103 4968 plures
1134 4897 1377 4968 ibidem,
1406 4919 1583 4974 quam
1613 4918 1787 4974 supra
1813 4903 2170 4957 enumerata

548 4981 688 5050 sint,
718 4983 985 5040 scientias
1012 4985 1289 5043 docuisse.
1306 4988 1419 5044 Nec
1435 4990 1675 5046 dubium
1691 5007 1845 5058 reor,
1863 4989 2001 5061 quin
2024 5005 2171 5061 pra-

549 5071 713 5125 terea
737 5072 817 5128 ibi
863 5074 1152 5147 discipulis
1190 5076 1304 5131 suis
1330 5094 1520 5133 sacras
1559 5078 1803 5152 paginas
1828 5077 2169 5150 explanarit,

550 5175 693 5234 quas
704 5176 862 5229 sane,
888 5163 1177 5238 simulque
1201 5165 1429 5239 linguas
1441 5168 1699 5223 Gracam
1717 5184 1781 5223 ac
1810 5166 2171 5235 Hebraicam,

550 5247 624 5303 ad
665 5265 868 5304 earum
914 5250 1366 5326 intelligentiam
1408 5256 1734 5328 plurimum
1765 5256 2172 5323 conducentes,

548 5337 770 5408 optime
800 5338 1019 5407 caltuit,
1049 5343 1129 5397 uti
1162 5343 1440 5416 liquidem
1472 5345 1574 5401 flet
1602 5363 1670 5400 ex
1695 5344 1782 5412 iis,
1812 5360 1940 5417 qua
1966 5344 2037 5398 de
2057 5343 2179 5415 eius

549 5422 612 5479 in
637 5426 892 5496 psalmos
918 5445 983 5484 ac
1010 5428 1067 5485 S.
1094 5431 1256 5490 Pauli
1286 5434 1557 5507 epistolas
1592 5432 2037 5492 Commentariis
2064 5432 2178 5489 dis-

578 5514 799 5573 erenda
828 5523 1154 5578 occurrent.

2271 4364 2522 4420 nardum
2546 4362 3031 4419 Cormeriacensis
3060 4380 3161 4418 seu
3190 4359 3899 4418 CormaricensisinTuro-

2270 4452 2540 4508 nensium
2571 4451 2865 4507 territorio
2901 4451 3169 4519 canobii,
3213 4451 3353 4507 dum
3378 4450 3453 4505 ad
3484 4466 3618 4505 eum
3650 4449 3898 4523 epistola

2270 4541 2577 4614 encyclica,
2621 4542 2824 4596 mortis
2862 4540 2919 4595 S.
2955 4538 3239 4596 Brunonis
3279 4540 3511 4607 nuncia,
3542 4538 3651 4594 fuit
3694 4539 3893 4607 allata,

2271 4630 2529 4705 priorem
2557 4645 2623 4684 ac
2665 4628 2874 4684 deinde
2906 4629 3199 4691 abbatem,
3230 4629 3327 4701 qui
3372 4643 3580 4684 omnes
3607 4628 3667 4683 in
3695 4626 3897 4682 Titulis

2268 4718 2630 4785 funebribus,
2678 4720 2751 4772 45
2804 4716 3107 4784 nimirum,
3137 4721 3207 4771 79
3252 4719 3310 4771 et
3358 4719 3478 4777 176,
3506 4732 3650 4789 quos
3681 4714 3896 4771 Sancto

2271 4809 2701 4873 consecrarunt,
2738 4805 2860 4877 ejus
2890 4821 2949 4861 se
2978 4804 3283 4877 discipulos
3311 4804 3485 4860 fuisse
3516 4804 3734 4877 pariter
3756 4819 3897 4876 pro-

2271 4897 2529 4951 fitentur.
2573 4896 2639 4950 Et
2676 4895 2782 4949 hos
2816 4892 3051 4965 quidem
3096 4896 3213 4948 tres
3269 4894 3527 4960 abbates,
3579 4892 3662 4947 uti
3716 4892 3898 4948 etiam

2274 4986 2615 5052 Robertum,
2644 4983 3073 5054 Lingonensem
3090 4981 3450 5053 episcopum,
3480 4985 3539 5037 et
3568 4981 3896 5051 Urbanum,

2274 5084 2571 5131 summum
2590 5071 2947 5147 pontificem,
2973 5070 3242 5127 Brunone
3273 5087 3393 5127 non
3419 5070 3555 5126 alibi
3585 5087 3763 5143 quam
3792 5070 3902 5126 Re-

2276 5164 2387 5219 mis
2399 5162 2677 5234 magistro
2690 5177 2822 5216 usos
2841 5176 2983 5226 esse,
3004 5158 3157 5216 infra
3172 5160 3415 5227 docebo,
3433 5175 3569 5214 cum
3600 5158 3898 5231 inquiram

2277 5270 2350 5307 an
2381 5254 2609 5307 sanctus
2632 5253 2762 5322 post
2800 5248 3128 5305 abdicatam
3170 5265 3325 5304 anno
3362 5247 3591 5303 circiter
3633 5248 3767 5302 1076
3797 5250 3902 5302 aut

2278 5340 2539 5414 sequenti
2552 5341 2881 5395 scholarum
2899 5338 3275 5395 Remensium
3293 5337 3722 5411 prafecturam,
3738 5339 3900 5392 ante-

2280 5446 2456 5503 quam
2477 5429 2536 5484 in
2552 5428 2825 5485 Cartusia
2856 5444 3123 5485 eremum
3144 5427 3462 5496 secederet,
3495 5427 3722 5482 litteras
3736 5425 3902 5482 Pari-

2281 5518 2379 5576 siis
2409 5518 2673 5577 docuerit
2703 5534 2908 5576 omnes
2945 5522 3143 5574 autem
3182 5516 3414 5587 virtute,
3445 5514 3603 5591 quod
3646 5530 3747 5573 eos
3773 5529 3898 5576 non
