4122 6058
309 278 381 331 61

1912 278 2093 341 ACTA
3597 292 3667 345 62

310 404 562 456 tantum
592 400 817 470 litteris,
850 403 951 458 sed
980 407 1039 459 et
1086 403 1255 460 bonis
1302 405 1559 461 moribus
1601 424 1635 462 a
1683 408 1951 463 Brunone
1977 410 2126 473 Ade
2156 409 2453 482 inopinato
2503 411 2749 467 transitu
2779 412 2917 484 ejus
2941 412 3315 467 conturbatus
3359 428 3507 481 sum,
3558 430 3665 470 nec

310 490 501 544 fuisse
523 490 892 559 informatas,
918 500 1264 565 argumento
1286 498 1389 564 est,
1415 495 1658 551 illustres
1681 497 1948 567 extitisse,
2051 498 2302 555 retinere
2327 500 2487 571 potui
2515 501 2772 556 habenas
2794 502 2941 556 ultro
2963 500 3666 575 proﬂuentiumlacryma—

310 578 411 632 hic
432 579 621 641 modo
643 581 908 637 ostendo.
927 583 1005 636 Ac
1024 583 1216 655 primo
1242 585 1476 656 quidem
1498 603 1673 658 quam
1694 587 1753 642 id
1774 605 1953 659 quan-
2049 604 2201 643 rum.
2221 589 2813 663 Mainardus,inquam
2833 607 2941 662 ego
2969 590 3028 645 in
3053 590 3443 646 Cormariensi
3466 608 3666 647 mone.

310 669 450 721 tum
476 667 552 721 ad
583 669 879 724 Urbanum
905 671 1133 726 veritati
1155 676 1455 742 consonet,
1489 675 1631 730 satis
1662 692 1948 748 superque
2047 677 2298 733 nasterio
2353 679 2774 735 monachorum
2806 679 3194 751 plurimorum
3239 679 3499 747 nomine,
3544 697 3663 735 non

310 759 619 810 monstrat
646 758 1009 814 celeberrimi
1037 760 1209 832 hujus
1242 762 1532 818 Pontiﬁcis
1560 764 1706 828 Vita,
1740 781 1775 819 a
1814 764 1945 819 Rui-
2048 784 2222 839 opere
2244 810 2256 834 ,
2316 767 2475 838 prior
2503 811 2517 835 ,
2564 768 2881 823 Remorum
2935 769 3175 823 civitatis
3234 769 3512 824 oriundus
3559 768 3687 837 fui,‘

311 844 519 899 nartio
558 847 901 918 conscripta,
937 848 1310 923 Operumque
1348 852 1638 925 scriptoris
1685 853 1854 924 hujus
1882 871 1945 908 ac
2050 855 2272 911 domini
2322 856 2496 927 hujus
2541 858 2826 912 Brunonis
2870 857 3090 929 aliquot
3143 857 3311 912 annis
3340 857 3665 912 doctrinam

306 931 641 989 Mabillonii
672 936 1120 1007 posthumorum
1149 942 1310 996 tomo
1331 941 1498 996 tertio
1520 941 1767 1011 inserta;
1793 942 1947 1015 quod
2048 944 2256 1012 audivi,
2291 947 2524 1017 Deoque
2557 947 2807 1013 volente,
2859 946 3177 1001 admodum
3218 946 3458 1017 profeci.
3493 967 3522 996 ››
3552 949 3661 1001 etc.

310 1024 523 1076 autem
539 1023 613 1078 ad
629 1024 1418 1099 Robertum,Lingonensem
1438 1030 1943 1101 episcopum,tres-
2122 1036 2241 1089 100.
2278 1032 2495 1098 Quibus
2535 1036 2720 1091 verbis
2763 1035 3021 1108 profecto
3069 1035 3663 1104 vehementissimam,

309 1128 435 1183 que
464 1112 782 1169 recensitos
809 1114 1068 1183 abbates,
1105 1116 1481 1173 Lambertum
1529 1119 1810 1186 videlicet,
1841 1123 1945 1175 Pe-
2049 1137 2162 1193 qua
2192 1124 2518 1189 tenebatur,
2553 1124 2610 1178 8.
2631 1125 2984 1190 Brunonem,
3010 1123 3054 1177 si
3074 1123 3286 1178 diutius
3319 1123 3413 1177 hic
3438 1124 3497 1178 in
3528 1123 3668 1178 vivis

309 1202 480 1253 trum
496 1204 558 1255 et
573 1201 953 1271 Mainardum,
974 1205 1245 1276 pertinet,
1262 1206 1569 1276 Robertus,
1587 1225 1717 1262 cum
1739 1226 1944 1264 omnes
2045 1210 2244 1265 fuisset
2275 1215 2581 1283 superstes,
2602 1212 2851 1267 adeundi
2872 1214 3108 1284 ejusque
3126 1212 3364 1283 vestigia
3385 1212 3664 1283 sequendi

308 1287 533 1360 optimi
564 1290 811 1346 Pastoris
824 1291 883 1346 in
908 1291 1134 1348 dioecesi
1147 1311 1251 1348 sua
1277 1294 1740 1351 administranda
1755 1301 1948 1369 partes
2047 1299 2227 1354 animi
2243 1300 2692 1371 propensionem
2710 1305 3265 1367 commonstrat;nec
3279 1301 3661 1356 dubitandum

308 1374 645 1447 implesset,
694 1380 939 1452 longum
972 1380 1143 1452 hujus
1188 1382 1387 1454 viginti
1415 1384 1669 1456 quinque
1720 1386 1948 1441 circiter
2049 1383 2308 1452 apparet,
2330 1381 2467 1452 quin
2492 1382 2576 1436 vir
2598 1381 2714 1450 ille,
2740 1382 2836 1454 qui
2876 1383 3236 1437 voluntatem
3261 1382 3335 1436 ad
3367 1384 3662 1436 austerum

307 1480 621 1521 annorum
655 1468 916 1540 regimen
968 1470 1226 1540 piissimo
1279 1472 1440 1527 obitu
1470 1474 1832 1543 terminavit,
1884 1480 1947 1531 ut
2049 1473 2427 1540 sanctumque
2460 1486 2494 1524 a
2525 1471 2814 1537 Brunone,
2848 1470 3126 1543 magistro
3175 1470 3313 1525 olim
3348 1486 3471 1537 suo,
3504 1469 3665 1526 insti-

306 1553 506 1625 liquet
538 1572 606 1610 ex
630 1556 717 1625 iis,
741 1574 868 1630 quae
901 1558 972 1613 de
1002 1559 1275 1614 laudabili
1309 1562 1418 1616 hoc
1457 1563 1714 1617 antistite
1746 1564 1945 1621 Gallia;
2044 1560 2236 1612 tutum
2265 1558 2491 1613 vivendi
2518 1575 2699 1631 genus
2724 1559 3057 1614 inclinatam
3079 1560 3223 1614 adeo
3246 1560 3467 1628 habuit,
3493 1559 3664 1614 virtu-

310 1642 533 1699 Christ.
568 1650 750 1701 auctas
805 1646 1111 1719 scriptores
1142 1651 1267 1705 tom
1297 1650 1385 1718 IV,
1421 1652 1527 1706 col.
1559 1655 1683 1722 566,
1719 1670 1943 1710 memo-

308 1730 423 1786 riae
458 1734 739 1804 produnt.

2044 1650 2170 1701 tum
2192 1648 2457 1702 exercitio
2480 1647 2740 1702 animum
2761 1649 2959 1703 sedulo
2977 1648 3309 1704 excoluerit.
3326 1649 3488 1703 Tales
3498 1648 3661 1704 fuere

2047 1733 2102 1789 S.
2137 1735 2420 1791 Brunonis
2450 1736 2731 1808 discipuli,
2773 1754 2916 1808 quos
2947 1736 3193 1807 proinde
3234 1737 3325 1791 hic
3355 1736 3565 1792 virtute
3595 1753 3661 1792 ac

391 1800 483 1876 98-.
521 1822 880 1893 Lambertus,
924 1825 1056 1882 licet
1089 1827 1460 1884 Pultariensis
1490 1830 1577 1885 sui
1607 1833 1945 1889 monasterii
1968 1800 2023 1862 B
2043 1841 2274 1879 morum
2296 1800 2733 1894 PPObitateVlOIi
2757 1800 3147 1897 nimus-(Illam
3164 1825 3433 1896 Perituris
3457 1824 3661 1882 mundi

309 1909 500 1965 abbas
512 1915 682 1980 esset,
700 1930 757 1968 se
773 1917 970 1969 tamen
984 1916 1156 1987 hujus
1183 1933 1411 1973 servum
1427 1921 1484 1972 et
1505 1926 1943 1991 procuratorem

308 1998 595 2071 exiguum
627 2000 687 2056 in
716 2002 903 2058 Titulo
935 2003 1185 2075 funebri,
1233 2006 1386 2061 inter
1434 2009 1795 2066 recudendos
1849 2014 1939 2080 45,

310 2104 434 2160 quo
456 2087 672 2146 Sancto
704 2094 903 2148 nostro
926 2094 1272 2165 parentavit,
1302 2097 1586 2168 appellat;
1618 2099 1770 2154 unde
1801 2117 1938 2155 sane

320 2193 545 2249 magna
581 2179 704 2251 ejus
731 2180 1028 2236 humilitas
1059 2184 1264 2238 elucet.
1301 2186 1506 2240 Petrus
1526 2187 1939 2245 canonicorum

311 2263 699 2338 Regularium
731 2268 788 2324 S.
822 2270 1059 2325 Joannis
1088 2271 1148 2326 in
1179 2272 1370 2327 Vineis
1392 2289 1574 2346 prope
1606 2275 1938 2333 Suessionas

317 2355 526 2423 abbas,
557 2356 646 2410 his
669 2356 822 2412 inter
851 2358 962 2414 alia
990 2359 1050 2414 in
1075 2361 1260 2417 Titulo
1290 2360 1483 2416 Sancti
1503 2363 1838 2434 funebri79,
1863 2367 1937 2422 ad

312 2442 639 2499 Carthusiaa
654 2444 974 2502 Calabrina:
991 2449 1263 2505 eremitas
1277 2451 1493 2506 directo
1504 2494 1517 2517 ,
1532 2453 1717 2509 verbis
1734 2454 1931 2510 utitur:

313 2554 343 2580 α
375 2531 609 2587 Dilectis
638 2533 697 2588 in
732 2534 955 2591 Christo
988 2539 1046 2592 et
1076 2539 1195 2593 Deo
1231 2538 1419 2610 dignis
1450 2541 1740 2597 Fratribus
1773 2532 1931 2599 Cala-

308 2619 480 2688 briae,
511 2623 842 2678 reverendis
866 2624 1191 2681 eremitisin
1217 2629 1570 2684 monasterio
1594 2634 1804 2687 sancta:
1833 2631 1933 2687 Dei

307 2708 876 2783 Genitricis,semper
888 2712 1135 2786 Virginis
1150 2715 1483 2779 Mariaa,Deo
1498 2718 1931 2789 famulantibus,

307 2798 522 2853 Petrus
553 2796 747 2855 Sancti
785 2801 1023 2857 Joannis
1055 2803 1479 2861 Suessionensis
1519 2809 1932 2865 canonicorum

305 2885 673 2958 regularium
703 2888 938 2944 humilis
989 2891 1185 2959 abbas,
1234 2894 1473 2965 totaque
1519 2894 1769 2952 fratrum
1801 2914 1933 2952 cum

309 2990 381 3028 eo
414 2974 637 3047 degens
668 2979 725 3031 et
774 2978 889 3033 Deo
922 2979 1172 3034 serviens
1203 2983 1574 3055 congregatio
1608 2986 1754 3041 bene
1784 2986 1935 3042 ince-

308 3064 486 3134 pisse,
546 3066 755 3121 melius
784 3083 1171 3138 perseverare,
1215 3069 1460 3126 feliciter
1502 3090 1928 3131 consummare.

307 3152 526 3208 Audito
558 3153 729 3209 beato
768 3155 884 3211 ﬁne
914 3156 1095 3211 sancti
1128 3157 1312 3213 Patris
1352 3160 1525 3215 vestri
1557 3165 1614 3217 et
1672 3164 1932 3235 magistri

313 3241 433 3297 mei
477 3243 782 3311 Brunonis,
816 3261 851 3298 a
881 3245 1043 3315 cujus
1075 3260 1176 3299 ore
1208 3262 1363 3301 sanae
1395 3248 1671 3305 doctrinae
1712 3251 1931 3308 ﬂuenta

309 3333 657 3404 plerumque
681 3331 916 3388 haurire
947 3333 1210 3405 contigit,
1261 3334 1366 3389 etsi
1416 3351 1590 3408 opere
1622 3355 1739 3393 non
1771 3356 1930 3395 com-

308 3421 483 3493 plevi,
516 3422 587 3476 de
619 3422 880 3477 absentia
910 3422 1291 3478 vehementer
1322 3424 1641 3494 tristamur;
1670 3431 1932 3486 carnales

312 3509 556 3565 evasisse
576 3512 868 3582 angustias
890 3514 948 3566 et
964 3513 1228 3586 requiem
1249 3516 1527 3587 adeptum
1551 3534 1692 3586 esse,
1723 3522 1930 3576 etcum

312 3597 431 3651 Deo
460 3597 671 3667 vivere,
696 3604 869 3673 prout
885 3602 1279 3673 conjecturam
1304 3605 1376 3660 de
1408 3607 1695 3664 munditia
1726 3614 1785 3664 et
1797 3627 1928 3682 per-

305 3683 558 3740 fectione
588 3688 894 3743 transacta:
928 3689 1077 3759 vita),
1114 3693 1281 3746 nobis
1311 3694 1446 3748 satis
1501 3699 1674 3765 notae,
1737 3697 1929 3754 facere

306 3787 612 3844 possumus
665 3776 1063 3834 vehementius
1114 3782 1565 3853 congaudemus.
1624 3786 1757 3857 Ejus
1789 3804 1928 3859 ergo

310 3863 661 3918 memoriam
680 3867 808 3920 tum
833 3867 969 3938 quia
993 3868 1236 3941 mgister
1267 3875 1465 3927 nuster
1486 3874 1614 3942 fuit,
1646 3879 1771 3930 tum
1795 3878 1929 3948 quia

310 3950 575 4021 precibus
591 3952 713 4024 ejus
732 3956 789 4008 et
812 3955 1014 4011 vestris
1025 3956 1559 4027 conﬁdimus,tanto
1576 3963 1730 4034 apud
1743 3965 1927 4019 Deum

312 4036 747 4108 efﬁcacioribus,
764 4044 980 4113 quanto
1006 4044 1384 4101 sanctioribus
1412 4048 1521 4103 hoc
1550 4051 1726 4105 modo
1762 4052 1924 4108 habi-

311 4126 472 4181 turos
486 4128 885 4199 promittimus
915 4131 1154 4204 triginta
1178 4133 1380 4190 diebus
1407 4137 1615 4207 Missas,
1640 4143 1748 4194 etc.
1786 4163 1815 4191 »

381 4218 470 4271 99.
506 4215 631 4281 Qua
646 4236 783 4275 sane
810 4219 1096 4277 scribendi
1128 4224 1406 4280 methodo
1429 4244 1722 4284 summam
1745 4229 1925 4287 animi

312 4305 661 4363 modestiam
684 4308 1189 4384 humilitatemque
1212 4315 1519 4372 manifesta
1535 4318 1619 4372 vir
1639 4319 1752 4385 hic,
1783 4323 1925 4377 mul-

311 4393 486 4465 tiplici
518 4395 686 4451 laut‘e
732 4379 1120 4470 dignissimus,
1153 4401 1235 4455 uti
1283 4402 1369 4458 fas
1417 4408 1503 4459 est
1546 4379 1815 4480 colligere
1854 4379 2002 4466 exD

312 4480 366 4537 S.
395 4482 645 4539 Gervasii
666 4485 1027 4556 Calendario,
1053 4489 1207 4561 quod
1238 4490 1309 4545 de
1340 4508 1407 4547 eo
1438 4495 1592 4564 apud
1620 4496 1920 4554 Claudium

313 4570 583 4644 d’Ormay
644 4573 902 4630 Historia:
963 4576 1387 4635 Suessionensis
1426 4584 1570 4638 tom.
1617 4587 1685 4656 ll.
1728 4586 1825 4643 lib.
1863 4605 1916 4657 v,

309 4674 429 4730 cap.
469 4664 534 4715 l3
566 4661 641 4716 ad
656 4665 714 4718 2t
739 4662 920 4718 Martii
947 4664 1027 4719 sic
1043 4666 1220 4721 habet
1253 4684 1267 4723 :
1305 4692 1332 4718 «
1366 4669 1919 4732 ObiitPetrusabbas

310 4745 501 4802 Sancti
528 4748 783 4817 Joannis,
807 4752 893 4806 vir
920 4752 1093 4809 totius
1118 4754 1453 4826 honestatis,
1478 4760 1595 4816 Deo
1618 4765 1677 4818 et
1697 4765 1916 4821 mundo

306 4852 407 4907 per
434 4838 634 4894 omnia
661 4839 961 4896 laudalibis
985 4845 1046 4897 et
1076 4845 1376 4902 memoriae
1416 4849 1678 4906 celebris.
1725 4874 1753 4903 ››
1781 4854 1914 4911 Mai-

307 4925 540 4994 nardus,
605 4926 1051 4986 Cormaricensis
1080 4932 1243 5005 prior
1301 4951 1364 4991 ac
1416 4936 1551 4993 dein
1606 4940 1801 5011 abbas,
1855 4943 1915 5000 in

304 5012 482 5069 Titulo
510 5013 764 5084 funebri,
799 5034 972 5089 quem
997 5018 1207 5078 Sancto
1225 5022 1530 5096 inscripsit,
1567 5028 1912 5089 Cartusianis

306 5100 977 5194 loquitur
1007 5125 1022 5164 :
1053 5130 1082 5159 »
1116 5111 1347 5168 Gavisus
1367 5131 1494 5170 sum
1525 5116 1722 5190 utique
1741 5139 1913 5194 super

301 5190 441 5246 tanti
463 5190 570 5247 viri
603 5194 926 5267 (Brunonis)
959 5197 1207 5268 glorioso
1229 5200 1367 5272 ﬁne,
1390 5204 1492 5260 sed
1509 5206 1643 5278 quia
1661 5190 1906 5269 intentio

299 5278 580 5336 indefessa
624 5282 767 5338 mihi
809 5283 999 5340 inerat
1040 5287 1115 5343 ad
1153 5304 1288 5344 eum
1332 5291 1391 5346 in
1429 5292 1588 5349 brevi
1637 5314 1903 5371 pergere,

298 5385 542 5442 eumque
586 5370 778 5428 videre
825 5376 883 5429 et
924 5375 1145 5443 audire,
1181 5394 1499 5453 omnesque
1557 5370 1905 5449 animiimei

297 5460 458 5513 aestus
474 5458 532 5514 in
554 5457 717 5517 illum
728 5461 822 5518 ref
821 5480 896 5519 un
904 5462 1042 5519 dere
1060 5467 1118 5520 et
1132 5467 1426 5524 vobiscum
1438 5471 1543 5527 sub
1558 5474 1681 5546 ejus
1693 5476 1905 5539 ducatu

298 5548 499 5604 sancte
519 5547 780 5611 Trinitati
799 5552 1227 5623 ebediremltm
1250 5570 1430 5631 quam
1451 5560 1640 5625 dicere
1655 5566 1901 5643 possim,

2041 1911 2290 1966 scientiis
2306 1912 2735 1967 verosimillime
2756 1912 3108 1967 informarit.
3156 1914 3297 1968 Etad
3328 1915 3481 1968 hunc
3513 1915 3661 1970 forte

2042 2000 2235 2056 Sancti
2277 2001 2815 2057 commendandum
2856 2001 3106 2056 maxime
3158 2001 3491 2057 indocendo
3536 2019 3662 2058 mo-

2044 2088 2185 2144 dum
2201 2090 2499 2145 alluserint
2511 2091 2569 2145 in
2588 2106 2688 2145 suo
2703 2089 2822 2162 qui,
2839 2090 2991 2145 inter
3010 2091 3369 2146 recudendos
3382 2093 3574 2147 locum
3591 2093 3651 2147 61

2041 2179 2283 2246 obtinet,
2316 2179 2547 2234 funebri
2598 2179 2780 2234 Tilulo
2813 2180 3129 2234 Remenses
3161 2179 3218 2235 S.
3254 2179 3509 2253 Dionysii
3537 2196 3659 2236 mo-

2038 2267 2206 2322 nachi
2237 2267 2317 2322 ita
2349 2268 2419 2323 de
2451 2284 2725 2323 aerunone
2758 2272 3032 2323 canentes
3058 2285 3072 2323 :

2109 2355 2384 2423 Quattuor
2410 2364 2472 2411 ut
2500 2356 2701 2430 fontes,
2732 2373 2797 2413 ex
2820 2374 2931 2412 una
2948 2362 3115 2428 parte
3140 2364 3400 2422 meantes,

2107 2443 2250 2511 Quos
2276 2446 2580 2516 paradisus
2620 2446 2796 2510 liabet,
2838 2446 3033 2502 mundi
3055 2463 3159 2519 per
3208 2463 3377 2518 regna
3416 2448 3658 2516 ﬂuentes,

2105 2533 2414 2590 Exundant
2444 2541 2631 2605 terras,
2659 2537 2739 2592 sic
2764 2536 2875 2599 hic,
2909 2552 3038 2607 quos
3058 2536 3279 2600 imbuit,
3308 2543 3488 2601 ornat,

2104 2621 2304 2695 Implet
2332 2630 2383 2679 et
2407 2624 2695 2694 informat,
2726 2625 3055 2693 inﬂammat,
3084 2624 3291 2695 dirigit,
3323 2631 3526 2689 armat,

2108 2708 2280 2767 Cudit
2322 2718 2371 2766 et
2403 2713 2663 2781 illustrat,
2711 2720 2761 2767 et
2792 2713 2966 2768 adit-uc
3011 2715 3178 2783 regit,
3218 2713 3433 2778 excolit,
3479 2720 3653 2786 aptat.

2107 2799 2325 2871 Syderis
2348 2802 2527 2856 instar
2549 2808 2665 2856 erat
2687 2804 2911 2865 cunctis,
2944 2819 3072 2873 quos
3105 2804 3214 2873 ipse
3245 2802 3483 2858 docebat.

2108 2891 2228 2943 101.
2249 2889 2361 2943 Nec
2379 2889 2511 2945 solis
2535 2890 2742 2957 verbis,
2760 2890 3085 2945 doctrinam
3103 2889 3274 2944 simul
3303 2893 3361 2945 et
3377 2891 3648 2946 virtutem

2033 2976 2400 3048 spirantibus,
2433 2978 2719 3033 efﬁciebat
2752 2977 3014 3045 Sanctus,
3048 2981 3108 3032 ut
3138 2981 3266 3033 tum
3311 2979 3482 3046 hanc,
3521 2981 3650 3033 tum

2032 3065 2190 3120 illam
2223 3065 2382 3121 avide
2408 3066 2709 3121 haurirent
2732 3066 3026 3138 discipuli;
3059 3083 3259 3121 verum
3288 3066 3468 3121 etiam
3501 3065 3653 3122 adid

2031 3153 2240 3209 eximia
2272 3171 2504 3210 morum
2534 3155 2857 3222 honestate,
2891 3154 3151 3226 rarisque
3169 3154 3491 3223 virtutibus,
3516 3171 3645 3227 quae

2032 3245 2156 3297 tum
2188 3243 2246 3297 in
2281 3260 2349 3298 eo
2382 3245 2629 3311 eluxere,
2659 3260 2778 3298 non
2798 3260 3006 3316 parum
3031 3243 3385 3298 conferebat.
3422 3245 3489 3298 Et
3520 3260 3646 3299 mo-

2029 3347 2161 3386 rum
2190 3331 2429 3404 quidem
2446 3333 2738 3400 honestas,
2762 3348 2876 3403 qua
2900 3334 3026 3385 tum
3039 3333 3228 3387 Bruno
3256 3348 3377 3387 sese
3395 3331 3648 3388 reddidit

2030 3420 2428 3491 conspicuum,
2492 3421 2551 3476 in
2576 3422 2761 3475 Titulo
2793 3420 3025 3475 funebri
3077 3423 3165 3489 66,
3229 3420 3326 3493 qui
3385 3419 3647 3476 Ecclesia).

2031 3509 2379 3564 cathedralis
2411 3509 2467 3565 S.
2493 3509 2682 3565 Mariae
2716 3508 3131 3578 Laudunensis,
3165 3509 3225 3564 in
3256 3507 3646 3565 archidimcesi

2031 3597 2305 3652 Remensi
2331 3598 2473 3666 sitae,
2510 3600 2614 3665 est,
2644 3597 2722 3653 ita
2746 3598 3070 3653 celebratur
3103 3614 3116 3653 :

2100 3685 2314 3753 Bruno,
2341 3686 2504 3742 decus
2535 3686 2683 3751 cieri,
2718 3687 2879 3743 decus
2906 3693 2954 3740 et
2968 3685 3261 3757 prudentia
3291 3685 3505 3756 mundi,

2099 3773 2247 3827 Dum
2277 3774 2391 3845 fuit
2420 3775 2482 3829 in
2514 3776 2688 3838 terris,
2716 3776 2940 3843 ﬂorebat
2969 3777 3212 3830 acumine
3242 3777 3453 3840 mentis,

2096 3861 2245 3917 Dum
2272 3863 2382 3933 fuit
2410 3865 2547 3917 inter
2571 3880 2684 3930 nos,
2714 3863 2939 3932 ﬂorebat
2968 3870 3016 3917 et
3046 3863 3394 3919 documentis.

2098 3950 2388 4022 Integritas
2412 3968 2621 4007 morum
2646 3952 2918 4007 cumulum
2950 3952 3209 4023 supplevit
3235 3952 3514 4005 honorum.

2028 4040 2151 4095 Huc
2169 4042 2345 4095 etiam
2360 4040 2584 4100 faciunt
2613 4040 2780 4095 Tituli
2810 4040 3082 4096 funebres
3111 4043 3178 4095 29
3207 4043 3266 4094 et
3297 4042 3384 4108 31,
3413 4039 3475 4095 in
3503 4055 3642 4112 quo-

2026 4145 2161 4184 rum
2191 4128 2391 4200 priori,
2441 4129 2537 4202 qui
2569 4130 2791 4185 Sanctae
2826 4129 3017 4184 Crucis
3049 4128 3364 4201 Sanctique
3404 4124 3641 4183 Faronis

2025 4217 2327 4273 Meldensis
2354 4220 2458 4286 est,
2487 4218 2858 4291 sequentibus
2888 4218 3043 4274 hisce
3075 4216 3364 4273 versiculis
3396 4216 3638 4273 Sanctus

2027 4309 2269 4361 ornatur
2304 4323 2317 4361 :

2099 4394 2360 4466 Cognitus
2386 4398 2480 4451 iste
2507 4397 2641 4452 satis
2666 4396 2914 4452 doctrina
2940 4402 3055 4467 erat
3087 4401 3245 4468 atque
3279 4395 3440 4451 beatis

2090 4482 2338 4539 Moribus
2365 4492 2414 4540 et
2442 4488 2554 4539 vita
2583 4484 2774 4539 Bruno
2794 4487 3004 4558 sapiens
3035 4487 3287 4550 eremita;

2089 4572 2387 4646 Principiis
2405 4577 2621 4647 primis,
2645 4577 2863 4630 summis
2890 4574 3134 4647 fulgebat
3159 4581 3215 4629 et
3243 4575 3384 4638 imis,

2088 4661 2221 4717 Post
2249 4664 2539 4719 monachus
2563 4665 2764 4735 factus.

2018 4752 2079 4807 In
2110 4752 2443 4823 posteriori,
2462 4753 2533 4808 ab
2552 4752 2801 4809 Ecclesia
2832 4751 2889 4808 S.
2911 4751 3099 4808 Mariae
3123 4748 3468 4809 Carnotensi
3491 4746 3627 4805 scri-

2014 4843 2138 4913 pto,
2170 4840 2290 4896 istis
2314 4842 2753 4898 condecoratur'
2768 4840 3039 4914 epithetis
3060 4860 3077 4896 :

2083 4930 2293 4996 Justus,
2323 4935 2580 4996 sincerus,
2605 4948 2816 4987 morum
2837 4933 3047 5001 gravite
3078 4946 3306 4988 severus.

2090 5040 2210 5095 l02.
2246 5038 2412 5104 Quod
2427 5042 2625 5096 autem
2647 5039 2721 5095 ad
2746 5039 3003 5108 virtutes,
3028 5055 3155 5112 quae
3176 5038 3232 5091 in
3248 5052 3316 5091 eo
3344 5037 3470 5091 tum
3490 5028 3634 5091 emi-

2011 5145 2202 5197 cuere,
2235 5128 2505 5202 pertinet,
2538 5129 2905 5186 Cartusianus
2925 5140 3270 5197 anonymus,
3297 5123 3396 5196 qui
3414 5122 3627 5179 librum

2011 5219 2282 5289 quartum
2302 5216 2621 5275 Annalium
2656 5217 2883 5273 Ordinis
2914 5214 3020 5281 sui,
3047 5214 3327 5269 hactenus
3360 5229 3479 5269 non
3511 5211 3630 5266 vul-

2011 5308 2212 5378 gatum
2269 5322 2562 5378 penesque
2622 5323 2717 5363 me
2756 5305 3099 5371 exstantem,
3154 5301 3395 5376 scripsit,
3454 5300 3629 5356 hasce

2011 5393 2297 5468 simulque
2350 5394 2630 5464 insignes,
2678 5393 2883 5465 quibus
2921 5390 3163 5447 Sanctus
3204 5393 3331 5445 tum
3389 5386 3623 5455 eﬂ'ulsit,

2009 5482 2191 5540 animi
2245 5484 2406 5542 dotes
2454 5498 2486 5536 θ
2535 5482 2706 5541 variis
2744 5480 3085 5538 funebribus
3129 5480 3251 5551 ejus
3300 5477 3501 5534 Titulis
3550 5473 3629 5529 ob

2010 5574 2208 5633 oculos
2251 5573 2569 5650 positurus,
2604 5574 2686 5632 ita
2725 5569 2987 5647 loquitur
3015 5586 3031 5628 :
3067 5588 3097 5623 α
3129 5566 3328 5628 Notati
3369 5563 3631 5626 maxime
