3996 6012
378 334 446 387 63
1231 328 1287 384 S.
1317 327 1662 384 BRUNONIS
1703 324 2335 383 CARTHUSIANORUM
2374 329 2842 386 INSTITUTORIS
3630 332 3697 386 64

376 472 472 513 me
488 458 912 527 possunt,»quaz
944 454 999 508 in
1018 455 1284 509 Brunone
1300 454 1618 521 eluxerunt,
1642 451 1986 525 «sapientia,
2008 455 2063 513 Α
2089 457 2399 507 conventus
2431 454 2801 509 Nioliensium
2828 458 3061 509 vocatur
3084 454 3551 526 incomparabilis
3569 454 3697 526 phi-

374 544 665 609 facundia,
698 543 947 617 gravitas
969 560 1002 597 a
1019 544 1168 598 fastu
1193 543 1400 610 aliena,
1421 558 1650 597 morum
1669 541 1913 596 suavitas
1935 543 1991 593 et

380 631 701 702 integritas,
736 632 999 687 doctrina
1024 630 1563 703 irreprehensibilis,
1597 631 1712 684 vita
1744 629 1991 701 denique

379 720 742 791 exemplaris,
773 720 846 775 ad
873 720 1033 791 cujus
1059 720 1249 775 ideam
1276 719 1439 790 probi
1466 719 1677 790 quique
1699 716 1990 773 efformari

382 811 440 862 et
469 824 599 863 suos
628 824 977 879 componere
1010 825 1202 863 mores
1232 824 1347 863 non
1393 808 1747 877 refugerent.
1778 807 1991 860 Harum

380 896 655 951 virtutum
711 897 1077 952 corollarium
1133 897 1225 951 hic
1270 896 1552 950 succincte
1602 894 1992 965 perstringere

379 984 523 1039 tibet
552 1002 619 1039 ex
665 985 921 1056 ejusdem
976 985 1170 1039 Titulis
1207 984 1562 1051 funebribus,
1612 1000 1729 1037 non
1760 982 1993 1054 quidem

382 1088 604 1138 earum,
642 1090 768 1145 quea
801 1074 859 1127 in
893 1089 960 1128 eo
988 1077 1115 1143 post
1145 1073 1577 1129 conversionem
1611 1071 1995 1127 abundantius

382 1164 440 1214 et
471 1161 777 1231 perfectius
818 1162 1097 1227 enituere,
1135 1162 1235 1215 sed
1258 1161 1531 1215 virtutum
1566 1159 1993 1225 tantummodo,

382 1248 587 1319 quibus
606 1249 662 1303 in
685 1251 890 1303 saeculo
913 1250 1099 1304 adhuc
1121 1252 1335 1321 positus
1353 1250 1477 1304 orbi
1497 1248 1850 1303 irradiavit.»
1869 1247 1995 1301 Haec

381 1336 651 1405 prtefatus
678 1354 802 1392 rem
849 1338 1033 1409 ipsam
1068 1354 1199 1393 mox
1251 1337 1605 1409 aggreditur.
1636 1337 1821 1391 Verba
1853 1337 1994 1407 ejus,

379 1423 578 1478 Titulis
604 1426 961 1492 funebribus,
987 1444 1129 1499 quos
1152 1426 1311 1490 citat,
1346 1441 1619 1480 numeros
1649 1425 1839 1492 simul,
1868 1424 1996 1496 qui-

380 1512 486 1566 bus
517 1513 724 1584 singuli
751 1514 904 1568 inter
932 1516 1187 1570 edendos
1200 1515 1651 1586 distinguuntur,
1676 1528 1994 1585 apponens,

382 1600 494 1655 huc
508 1602 851 1657 transcribo.
867 1602 962 1657 Sic
980 1604 1226 1658 habent:
1248 1603 1422 1674 «Ejus
1441 1602 1744 1672 (Brunouis
1764 1601 1995 1671 nempe)

382 1689 749 1761 sapientiam,
783 1691 1105 1746 doctrinam
1124 1695 1183 1745 et
1214 1691 1389 1746 vitam
1424 1690 1813 1761 cxemplarem
1846 1705 1999 1744 com-

384 1777 629 1832 mendat
649 1779 865 1833 Titulus
922 1782 1023 1834 H2
1052 1780 1232 1834 sancti
1266 1779 1418 1834 Petri
1460 1777 1883 1834 Neocastrensis
1911 1776 1999 1832 his

382 1865 597 1937 paucis,
630 1866 731 1920 sed
760 1867 1019 1934 succidis,
1047 1867 1304 1922 versibus
1336 1884 1349 1922 ε
1387 1888 1415 1916 ››

560 1954 677 2021 Quo
698 1955 831 2008 vixit
850 1971 1017 2026 pago,
1048 1958 1227 2008 vivens
1244 1957 1544 2026 permansit
1576 1957 1754 2025 imago

564 2043 715 2097 Verar
732 2043 983 2113 justitia’,
1012 2043 1292 2111 doctrinae,
1320 2043 1702 2115 Philosophia).

457 2152 485 2180 ‹‹
522 2133 642 2186 103.
678 2132 745 2184 Et
775 2131 834 2185 in
880 2131 1066 2186 Titulo
1114 2134 1171 2186 31
1232 2133 1483 2187 ecclesias
1532 2132 1757 2186 Sancta:
1813 2130 1998 2187 Marias

384 2218 752 2273 Carnotensis
774 2235 789 2275 :

453 2306 705 2362 Ecclesiae
737 2326 924 2363 murus
959 2308 1143 2364 Bruno
1167 2310 1279 2379 fuit
1304 2308 1451 2363 haud
1477 2312 1738 2370 ruiturus,

456 2395 608 2450 Nam
642 2397 803 2451 bonus
825 2404 983 2470 atque
999 2400 1109 2469 pia:
1138 2400 1348 2460 mentis,
1376 2398 1510 2467 ﬁu’t,
1544 2405 1703 2469 atque
1731 2397 1925 2468 sophiae

453 2482 656 2540 Doctor
681 2492 796 2539 erat
825 2504 996 2553 verus,
1031 2489 1139 2541 etc.

457 2612 485 2640 α
514 2591 581 2644 Et
613 2595 742 2662 post
785 2592 842 2647 in
883 2592 1173 2647 versicutis
1203 2591 1553 2647 scholaribus
1596 2590 1780 2645 Titulo
1815 2592 1882 2645 32
1914 2606 2005 2643 ea-

382 2676 517 2734 dem
551 2680 670 2735 non
695 2681 879 2735 solum
911 2680 1318 2751 prtedicantur,
1368 2680 1467 2735 sed
1510 2683 1567 2734 et
1587 2672 2004 2751 magnitudinis

385 2767 566 2822 animi
589 2768 711 2839 ejus
732 2769 1127 2825 testimonium
1160 2769 1515 2841 perhibetur,
1540 2784 1670 2823 cum
1694 2766 1907 2821 ibidem
1925 2764 2006 2820 di-

381 2853 531 2910 citur
563 2873 577 2911 :

454 2943 581 2999 Flos
605 2953 719 3000 erat
738 2948 823 3001 hic
848 2946 1105 3012 Patrum,
1135 2947 1405 3010 solamem,
1427 2946 1600 3017 gloria
1627 2946 1887 3016 fratrum,

465 3033 597 3089 Veri
618 3042 863 3101 sectator,
889 3037 1085 3092 divina-
1112 3037 1237 3108 legis
1271 3043 1502 3098 amator,

453 3120 659 3178 Semita
672 3125 925 3195 justitiae,
953 3126 1076 3196 fons
1104 3126 1187 3179 hic
1213 3132 1261 3179 et
1291 3127 1438 3195 origo
1465 3124 1681 3194 sophiae,

456 3209 581 3266 Lux
603 3213 877 3284 speculum
908 3213 1116 3277 mundi,
1146 3231 1324 3267 rerum
1346 3212 1574 3267 sublime
1599 3228 1871 3273 cacumen,

455 3298 755 3355 Labentum
779 3302 1017 3365 baculus,
1045 3304 1362 3356 miserorum
1389 3300 1546 3356 dulce
1574 3299 1838 3355 levamen.

455 3386 573 3442 Nec
594 3406 738 3444 mens
751 3390 931 3461 fracta
959 3390 1136 3453 malis,
1156 3406 1248 3443 nec
1271 3396 1387 3443 erat
1406 3390 1565 3442 nimis
1600 3387 1710 3441 alta
1741 3386 2001 3441 secundis.

464 3498 493 3526 «
524 3477 619 3532 His
670 3478 1053 3551 adstipulatur
1104 3478 1320 3533 Titulus
1375 3480 1471 3532 150
1535 3475 1759 3530 Sancta:
1818 3474 2005 3531 Mariae

392 3562 720 3636 Bajocensis
749 3567 999 3622 ecclesiae
1032 3583 1047 3622 :

459 3652 714 3708 Solamen
736 3655 997 3726 fratrum,
1028 3662 1227 3710 sancte
1259 3656 1471 3710 virtutis
1493 3661 1721 3716 amator,

460 3739 684 3797 Marum
709 3751 972 3799 corrector
988 3745 1193 3815 justus,
1221 3747 1319 3815 pia
1341 3760 1455 3815 spes
1485 3746 1817 3805 miserorum,

471 3830 709 3887 Justitise
741 3839 930 3901 rector,
962 3840 1133 3888 custos
1164 3839 1224 3886 ut
1254 3833 1448 3905 ubique
1477 3832 1761 3895 bonorum;

461 3918 710 3977 Moribus
735 3928 991 3989 ornatus;
1024 3940 1114 3976 vas
1144 3927 1193 3975 et
1208 3921 1433 3991 plenum
1461 3922 1702 3991 pictatis,

461 4005 703 4065 Fortiter
728 4018 975 4066 armatus
1004 4010 1185 4079 clypeo
1211 4024 1348 4063 verae
1368 4008 1688 4079 probitatis.

464 4115 494 4144 »
515 4098 635 4150 104.
656 4095 768 4150 Sed
782 4097 972 4151 nullus
998 4094 1342 4168 sapientiam
1358 4096 1480 4166 ejus
1494 4095 1571 4149 ita
1584 4082 2013 4149 commendavit

392 4198 459 4239 ac
485 4182 825 4239 Lambertus
858 4184 1035 4239 abbas
1080 4183 1273 4239 Sancti
1319 4184 1533 4238 Nicolai
1563 4180 2008 4255 Andegavensis,

394 4272 491 4346 qui
520 4272 579 4327 in
612 4290 714 4330 suo
734 4273 918 4329 Titulo
954 4275 1045 4328 l3l
1075 4272 1152 4328 sic
1179 4271 1433 4345 loquitur
1461 4288 1475 4327 :

612 4362 899 4418 Brunonis
924 4363 1197 4434 sapientia
1230 4368 1380 4415 tanta
1410 4359 1641 4431 refulsit,

536 4449 690 4506 Inter
713 4448 1054 4506 Francorum
1076 4448 1267 4521 sydera
1298 4449 1439 4504 solus
1464 4454 1524 4503 ut
1557 4448 1642 4502 hic

463 4537 618 4594 Esset
642 4544 954 4621 cunctorum
989 4540 1109 4607 llos,
1138 4544 1188 4592 et
1212 4539 1335 4609 fons
1355 4536 1802 4609 philosophorum
1836 4553 1853 4589 :

466 4625 599 4683 Flos
625 4629 883 4698 speciosus
909 4634 1044 4691 erat,
1075 4627 1301 4699 fonsque
1315 4624 1625 4697 profundus
1651 4631 1784 4679 erat.

469 4714 562 4771 Ex
583 4715 679 4770 hoc
707 4717 951 4770 manavit
979 4716 1244 4787 sapientia
1275 4720 1426 4768 tanta
1449 4730 1549 4785 per
1579 4712 1777 4779 orbem,

545 4804 619 4861 Ut
648 4821 777 4878 quos
807 4805 1081 4867 imbueret,
1109 4803 1451 4875 philosophos
1483 4802 1703 4873 faceret.

469 4916 499 4946 «
531 4894 757 4960 Quanta
787 4892 963 4949 fuerit
998 4893 1120 4965 ejus
1156 4891 1372 4963 ingenii
1402 4890 1743 4953 sublimitas,
1782 4888 1915 4945 licet
1945 4904 2013 4943 ex

395 4982 623 5054 scriptis
647 4982 719 5039 ab
745 4998 814 5037 eo
835 4981 993 5037 libris
1027 4985 1162 5037 ante
1188 4979 1625 5036 conversionem
1655 4977 1834 5050 possit
1852 4977 2015 5033 inno-

395 5075 638 5134 tescere,
655 5073 1000 5127 attestantur
1020 5069 1196 5125 etiam
1221 5068 1508 5123 variarum
1539 5066 1908 5122 ecclesiarum
1928 5066 2014 5121 Ti-

395 5158 547 5214 tituli
594 5161 748 5215 inter
794 5175 938 5233 quos
969 5158 1321 5215 sic"habetur
1349 5156 1409 5211 in
1452 5155 1638 5211 Titulo
1672 5157 1739 5210 66
1791 5154 2013 5211 Sancte

396 5247 585 5305 Mariae
617 5247 1009 5304 Laudunensis
1040 5264 1055 5303 :

474 5334 688 5401 Bruno,
717 5334 878 5393 decus
903 5336 1049 5401 cleri,
1083 5334 1239 5391 decus
1267 5342 1320 5392 et
1339 5333 1635 5407 prudentia
1660 5331 1868 5397 mundi,

467 5423 619 5479 Dum
644 5425 757 5496 fuit
784 5426 842 5479 in
868 5428 1040 5489 terris,
1066 5424 1291 5495 ﬂorebat
1328 5426 1574 5480 acumine
1602 5424 1811 5486 mentis,

466 5511 619 5568 Dum
636 5515 748 5585 fuit
776 5515 917 5571 inter
944 5532 1059 5580 nos,
1086 5514 1330 5584 ﬂorebat,
1360 5520 1410 5570 et
1439 5513 1785 5568 documentis.

472 5625 503 5683 φ(
538 5603 658 5663 105.
686 5604 755 5659 Et
800 5602 860 5664 in
897 5604 1083 5663 Titulo
1131 5608 1232 5669 173
1268 5602 1521 5662 ecclesiae
1551 5600 1704 5683 beati
1734 5596 2016 5683 Vincentii

440 5879 531 5894 ο...
810 5881 841 5891 ο.

2090 541 2380 613 losophus,
2411 542 2506 597 ubi
2534 544 2605 597 ed
2636 543 2899 599 subditur
2932 559 2946 599 :
2984 566 3011 593 ‹‹
3045 542 3179 609 Quis
3199 542 3357 598 enim
3378 559 3496 598 non
3513 543 3701 598 obstu-

2090 634 2368 702 pesceret,
2401 630 2518 687 imo
2553 632 2625 686 ab
2656 631 2874 687 intimis
2899 632 3087 688 cordis
3113 648 3231 687 non
3272 631 3698 704 ingemisceret,

2091 733 2223 772 cum
2254 722 2481 774 tantum
2496 720 2701 787 virum,
2728 720 2902 776 totius
2923 720 3172 776 scientia:
3196 724 3255 775 et
3272 736 3421 792 pene
3438 720 3700 775 omnium

2092 807 2432 863 clericorum
2460 810 2657 864 lumen
2688 812 2746 864 et
2776 809 3222 865 fundamentum
3245 851 3260 878 ,
3292 812 3514 864 natura:
3563 825 3700 863 con-

2093 896 2323 951 cessisse
2350 897 2655 952 audiret?»
2682 898 2895 963 Quibus
2915 898 3222 953 Nauclerus
3243 898 3324 969 (in
3346 898 3706 968 Chronogra-

2093 984 2231 1055 phia
2260 986 2369 1039 vol.
2408 986 2472 1039 Η.
2506 986 2769 1041 Generat.
2802 987 2889 1058 37)
2912 986 3237 1042 conformia
3266 985 3540 1054 scribens,
3576 984 3705 1039 bea-

2094 1076 2216 1127 tum
2251 1074 2583 1128 Brunonem
2630 1075 3008 1147 philosophice
3040 1079 3212 1147 atque
3249 1074 3435 1129 Sacrae
3472 1071 3703 1145 Pagina:

2096 1162 2392 1217 doctorem
2424 1163 2824 1231 clarissimum,
2857 1163 3441 1235 scholasticorumquc
3481 1160 3706 1217 Parisiis

2101 1252 2288 1322 (hicne
2331 1268 2610 1323 umquam
2652 1253 2843 1307 Bruno
2879 1251 3156 1319 docuerit,
3192 1251 3345 1306 infra
3392 1249 3704 1323 inquiram)

2098 1339 2393 1394 doctorem
2429 1340 2892 1394 dissertissimum
2927 1340 3251 1412 appellavit.
3282 1340 3363 1393 Ne
3402 1342 3595 1393 autem
3622 1354 3710 1393 ar-

2095 1426 2341 1482 bitretur
2367 1429 2492 1500 quis
2517 1429 2649 1483 huic
2671 1432 2867 1483 sancto
2890 1428 3111 1484 doctori
3134 1428 3395 1500 linguam
3418 1426 3704 1482 eruditam

2100 1516 2367 1584 defuisse,
2403 1533 2515 1588 qua
2543 1517 2713 1572 sciret
2743 1520 3064 1572 sustentare
3097 1533 3250 1584 eum,
3284 1515 3381 1588 qui
3410 1516 3706 1582 lassusest,

2096 1605 2301 1673 verbo;
2331 1605 2571 1676 accipiat
2601 1622 2665 1659 ex
2694 1606 2878 1661 Titulo
2923 1607 2992 1660 64
3020 1608 3350 1661 sanctorum
3388 1600 3710 1674 martyrum

2096 1691 2381 1748 Timothei
2413 1698 2470 1748 et
2502 1693 2861 1767 Appolinari,
2887 1693 2944 1749 in
2975 1711 3088 1767 quo
3119 1693 3197 1749 sic
3227 1692 3439 1765 legitur
3470 1708 3485 1747 :

2167 1798 2353 1870 Hujus
2381 1798 2627 1853 Doctoris
2658 1800 2770 1870 fuit
2788 1800 2899 1854 haec
2931 1802 3013 1856 vis
3041 1800 3213 1854 cordis
3239 1806 3288 1853 et
3318 1800 3454 1861 oris,

2175 1888 2248 1942 Ut
2279 1894 2383 1943 toto
2415 1895 2628 1942 cunctos
2653 1896 2929 1959 superaret
2958 1890 3014 1943 in
3044 1889 3168 1943 orbe
3196 1889 3493 1957 magistros.

2173 1975 2322 2030 Huic
2353 1992 2410 2032 se
2437 1984 2546 2031 tota
2572 1976 2715 2031 dedit
2739 1979 3003 2049 sapientia
3033 1983 3247 2048 totaque
3271 1975 3406 2031 sedtt

2174 2064 2357 2135 Hujus
2388 2067 2443 2118 in
2474 2068 2689 2119 arcanis
2714 2066 2857 2120 dives
2876 2065 3246 2137 penetralibus
3271 2065 3469 2134 hospes.

2173 2151 2328 2219 Quod
2355 2152 2494 2216 dico,
2520 2156 2664 2221 novi,
2691 2171 2894 2207 mecum
2919 2171 3125 2226 quoque
3150 2152 3388 2207 Francia
3414 2152 3581 2210 novit.

2171 2238 2247 2293 Et
2274 2247 2413 2294 totus
2436 2244 2583 2295 novit
2601 2260 2703 2312 per
2727 2242 2942 2296 climata
2964 2249 3194 2314 quatuor
3218 2240 3376 2295 orbis.

2175 2373 2203 2402 ››
2246 2355 2366 2408 106.
2411 2351 2523 2404 Nec
2561 2349 2746 2403 solum
2789 2347 2987 2415 verbo,
3031 2346 3186 2419 quod
3226 2362 3466 2420 parvum
3496 2343 3714 2411 fuisset,

2103 2442 2202 2496 sed
2233 2441 2496 2512 exemplo
2530 2438 2671 2493 alios
2693 2437 2957 2504 docebat,
2975 2438 3038 2490 ut
3069 2453 3137 2490 ex
3165 2433 3507 2507 quibusdam
3520 2432 3720 2486 Titulis

2103 2529 2370 2585 discimus
2403 2545 2417 2583 :
2444 2528 2520 2582 sic
2563 2525 2719 2581 enim
2751 2525 2997 2597 legimus
3029 2525 3087 2580 in
3118 2523 3304 2579 Titulo
3337 2525 3437 2578 120
3468 2519 3719 2576 ecclesiae

2104 2618 2296 2674 Sancti
2325 2617 2640 2673 Audomari
2673 2633 2686 2670 :

2172 2724 2492 2796 Exemplum
2524 2724 2725 2777 miseris
2747 2720 3061 2776 mortalibus
3092 2736 3196 2774 esse
3223 2717 3441 2781 solebas,

2182 2813 2253 2869 Ut
2279 2814 2505 2868 colerent
2517 2810 2812 2874 Christum,
2839 2827 2993 2882 quem
3012 2824 3235 2880 semper,
3260 2806 3471 2872 Bruno,
3491 2803 3718 2859 colebas.

2175 2903 2243 2957 Et
2272 2902 2332 2956 in
2359 2902 2545 2956 Titulo
2580 2902 2679 2955 124
2708 2899 2931 2954 Sancta:
2948 2897 3141 2957 Marias
3172 2892 3563 2950 Atrebatensis
3595 2908 3611 2949 :

2172 2990 2349 3045 Recta?
2374 2989 2565 3044 Bruno
2590 2991 2688 3044 via?
2713 2988 2825 3042 dux
2848 2994 2897 3042 et
2925 2987 3071 3057 origo
3102 2984 3297 3056 sophiae

2246 3079 2374 3134 Non
2406 3079 2566 3135 aliter
2592 3077 2792 3140 docuit,
2826 3078 2998 3131 vivere
3026 3091 3189 3146 quam
3215 3071 3437 3127 studuit.
3474 3091 3502 3121 »

2025 3155 2074 3217 α
2176 3188 2460 3242 Hactenus
2478 3184 2742 3240 laudatus
2764 3180 3171 3238 Carthusianus
3207 3193 3557 3249 anonymus;
3586 3174 3719 3230 licet

2106 3278 2301 3331 autem
2338 3275 2397 3329 in
2428 3272 2717 3339 omnibus,
2752 3286 2895 3343 quos
2920 3269 3137 3335 laudat,
3158 3267 3360 3322 Titulis
3381 3264 3720 3320 funebribus

2107 3365 2181 3419 ad
2212 3364 2450 3418 virtutes
2481 3376 2755 3432 rarasque
2785 3358 2965 3414 animi
2988 3358 3173 3425 dotes,
3207 3371 3453 3428 quarum
3479 3352 3720 3407 Sanctus

2105 3456 2263 3519 tunc,
2292 3467 2424 3506 cum
2453 3450 2637 3505 adhuc
2671 3447 2916 3503 docendi
2948 3463 3158 3501 munus
3179 3444 3366 3500 obiret
3388 3442 3719 3513 nedumque

2107 3542 2315 3598 saeculo
2345 3538 2615 3594 nuntium
2646 3536 2912 3600 misisset,
2960 3532 3278 3606 specimina
3331 3530 3576 3596 dederit,
3608 3528 3723 3583 for-

2107 3630 2272 3686 tassis
2300 3645 2419 3685 non
2449 3628 2758 3692 alludatur,
2816 3624 2875 3678 in
2916 3622 3203 3694 plerisque
3235 3623 3430 3675 tamen
3474 3618 3533 3672 id
3572 3616 3719 3684 fieri,

2110 3719 2349 3775 dubium
2386 3733 2503 3773 non
2534 3718 2640 3782 est,
2674 3710 3169 3785 quemadmadum
3200 3706 3590 3764 consideranti
3618 3721 3722 3777 pa-

2107 3808 2273 3862 tebit.
2307 3807 2377 3861 Ut
2402 3807 2465 3858 ut
2496 3804 2588 3870 sit,
2618 3802 2891 3857 Sanctum
2924 3799 3195 3871 equidem
3224 3801 3370 3864 tum,
3405 3811 3536 3850 cum
3564 3794 3725 3848 scho-

2107 3894 2366 3951 larcham
2401 3892 2587 3947 adhuc
2615 3906 2715 3945 seu
2734 3889 3059 3945 scholarum
3079 3886 3417 3958 prtefectum
3450 3899 3515 3938 ac
3542 3884 3727 3937 recto-

2109 4000 2235 4038 rem
2296 3980 2490 4036 Remis
2563 3981 2793 4051 ageret',
2845 3976 3017 4033 variis
3081 3975 3357 4030 virtutum
3409 3970 3721 4043 exemplis,

2112 4071 2337 4144 quibus,
2374 4073 2437 4124 ut
2473 4069 2641 4123 hasce
2674 4067 2892 4140 pariter
2922 4064 3408 4137 amplecterentur
3437 4059 3722 4132 discipuli,

2112 4159 2325 4234 partim
2344 4156 2619 4224 effecerit,
2633 4154 2926 4222 effulsisse,
2946 4150 3443 4209 verosimillimum
3461 4149 3722 4219 apparet.

2188 4268 2307 4322 107.
2344 4267 2428 4319 Ita
2458 4263 2660 4319 suadet
2700 4264 2825 4316 tum
2859 4258 3071 4315 eximia
3101 4255 3403 4322 fortitudo,
3451 4269 3565 4326 qua
3587 4255 3726 4307 tunc

2112 4353 2393 4426 improbis
2418 4351 2686 4409 Manassis
2702 4346 3116 4421 archiepisc0pi
3141 4343 3399 4399 moribus
3424 4357 3565 4408 sese,
3585 4356 3724 4394 con-

2031 4473 2087 4535 D
2113 4446 2336 4514 tempta
2366 4441 2542 4496 etiam
2574 4438 2925 4511 dignitatum
2956 4435 3440 4531 fortunarumque
3470 4428 3724 4501 jactura,

2114 4532 2195 4588 uti
2228 4532 2380 4587 infra
2399 4528 2570 4585 visuri
2610 4544 2827 4594 sumus,
2851 4523 3138 4599 Opposuit,
3188 4525 3313 4575 tum
3336 4518 3548 4592 scripta
3569 4532 3726 4571 anno

2117 4623 2251 4676 1067
2290 4621 2388 4674 aut
2436 4634 2556 4689 seq.
2594 4616 2667 4671 ad
2708 4613 3049 4686 Gregorium
3087 4611 3181 4665 VII
3215 4623 3508 4664 summum
3538 4604 3729 4679 ponti-

2113 4708 2280 4764 ﬁcem
2312 4708 2383 4762 ab
2414 4706 2675 4778 Hugone,
2709 4702 2901 4759 Diensi
2942 4700 3212 4774 episcopo
3262 4696 3525 4768 sedisque
3556 4708 3727 4765 apos-

2111 4798 2299 4855 tolica:
2329 4798 2518 4868 legato
2557 4793 2819 4865 epistola,
2853 4790 2914 4845 in
2946 4806 3080 4861 qua,
3113 4786 3331 4861 pluries
3358 4784 3511 4839 infra
3540 4781 3730 4837 adhuc

2112 4884 2515 4950 memoranda,
2550 4883 2621 4937 de
2643 4883 2825 4936 altero
2857 4880 3132 4944 Manasse,
3154 4873 3452 4930 Remensis
3474 4869 3728 4927 ecclesiae

2113 4973 2445 5051 praeposito,
2496 4970 2782 5043 simulque
2823 4967 2894 5022 de
2940 4964 3151 5021 Sancto
3193 4966 3411 5030 nostro,
3463 4959 3567 5051 qui
3601 4961 3728 5051 tum

2113 5046 2439 5120 scholarum
2461 5057 2834 5116 Remensium
2856 5054 3199 5128 praefectura
3230 5067 3352 5107 sese
3374 5066 3490 5105 non
3515 5046 3614 5104 diu
3634 5046 3731 5102 ab-

2115 5153 2354 5219 dicaret,
2398 5149 2776 5218 nondumque
2808 5144 2869 5199 in
2917 5159 3181 5198 eremum
3211 5139 3542 5205 secesserat,
3572 5135 3731 5192 hunc

2115 5242 2276 5313 Hugo
2298 5238 2552 5312 loquitur
2569 5237 2630 5291 in
2651 5234 2890 5289 modum
2923 5248 2939 5288 :
2964 5254 2993 5284 ‹‹
3022 5232 3453 5289 Manassem.....
3476 5222 3729 5281 amicum

2116 5311 2391 5385 nostrum
2416 5327 2477 5382 in
2510 5324 2755 5390 Christo,
2788 5322 2884 5395 qui
2917 5321 2977 5377 in
3006 5319 3455 5377 Claromontano
3486 5311 3729 5369 concilio

2116 5416 2415 5475 Remensis
2426 5412 2678 5470 ecclesiae
2691 5413 2844 5468 male
2858 5410 3197 5484 acquisitam
3209 5403 3654 5480 preposituram
3669 5399 3730 5455 in

2117 5524 2297 5564 manu
2308 5507 2507 5561 nostra
2526 5500 2766 5567 dimisit,
2786 5497 3266 5557 commendamus
3279 5493 3480 5567 gratiae
3507 5488 3731 5547 Sancti-

2117 5595 2253 5654 tatis
2282 5596 2506 5671 vestras,
2548 5591 2693 5650 sicut
2718 5588 3017 5649 catholica:
3048 5584 3182 5671 fidei
3215 5583 3503 5667 sincerum
3529 5578 3731 5665 defen-
