4122 6058
197 127 271 195 08

1787 135 1968 195 ACTA

3468 146 3537 215 06

202 266 497 335 sorem,et
509 261 818 323 dominum
830 258 1749 335 Brunonemﬁemensisecclesim
1768 263 1827 322 in
1847 266 1905 329 Δ
1934 282 2065 324 rum
2087 266 2483 339 consiliorum,
2503 287 2629 345 quae
2652 269 2779 344 jam
2811 274 2935 329 tum
2966 268 3116 334 forte
3148 275 3343 338 animo
3360 282 3541 357 agita-

207 357 374 412 omni
399 356 709 412 honestate
742 356 1105 428 magistrum.
1129 356 1299 429 Digni
1323 356 1479 410 enim
1513 355 1829 410 suntambo

210 463 244 500 a
276 445 447 501 vobis
479 448 539 499 et
569 444 630 499 in
658 444 766 512 his,
802 461 929 516 quin
956 446 1056 500 Dei
1086 449 1238 512 sunt,
1271 449 1457 499 vestra
1488 444 1829 498 auctoritate

211 533 580 599 conﬁrmari,
604 532 882 605 quoniam
910 533 1068 604 digni
1100 533 1281 588 habiti
1306 537 1438 587 sunt
1454 549 1557 604 pro
1590 532 1830 587 nomine

203 624 337 678 Iesu
376 622 798 677 contumeliam
831 622 970 694 pati.
1005 623 1069 677 Et
1089 621 1217 677 ideo
1250 622 1603 676 consultores
1631 620 1827 692 profu-

206 716 370 766 turos
418 728 606 766 causa:
628 710 731 765 Dei
762 714 821 765 et
850 714 1254 783 coeperatores
1289 710 1346 764 in
1364 709 1623 781 partibus
1652 709 1828 763 Fran-

203 802 307 857 ciaa
334 800 683 855 adhibentis.
708 820 736 850 ι»
772 800 1054 855 Οωίθινιιιη
1087 800 1243 854 idem
1267 798 1672 854 Carthusianus
1688 813 1829 852 ano-

213 907 429 961 nymus
454 889 720 962 proxime
753 889 1035 953 laudatus,
1050 889 1271 944 fuissea
1301 889 1511 944 Sancta
1536 889 1669 941 ante
1700 902 1832 941 con-

207 977 564 1044 versionem,
598 992 697 1032 seu
738 980 1052 1049 antequam
1093 976 1207 1043 hic,
1263 975 1530 1049 perituris
1561 973 1831 1028 omnibus

208 1066 417 1120 mundi
452 1066 625 1120 rebus
655 1062 887 1130 relictis,
930 1064 987 1119 in
1015 1082 1276 1119 eremum
1308 1064 1619 1130 secederet,
1654 1063 1830 1117 libros

209 1154 594 1225 conscriptos,
627 1171 791 1208 num.
818 1154 1175 1222 lOi-indicat;
1221 1169 1441 1219 verum,
1478 1169 1609 1207 cum
1632 1151 1691 1205 id
1711 1167 1827 1205 non

210 1242 347 1298 satis
377 1245 629 1309 constet,
655 1259 746 1297 res
779 1258 851 1298 ne
882 1242 981 1309 ita,
1016 1259 1089 1297 an
1121 1259 1281 1296 secus
1305 1242 1535 1305 habeat,
1559 1244 1696 1294 tunc
1722 1238 1833 1310 pri-

214 1348 381 1386 mum
403 1331 842 1386 examinaturus
860 1348 1007 1397 sum,
1051 1348 1181 1385 cum
1215 1330 1287 1384 de
1316 1330 1450 1395 vita,
1476 1347 1509 1383 a
1539 1328 1747 1383 Sancto
1770 1327 1830 1382 in

216 1420 503 1475 Calabriae
527 1436 728 1475 eremo
768 1423 913 1484 acta,
948 1420 1211 1491 binisque
1241 1418 1515 1491 epistolis,
1553 1420 1709 1471 certo
1730 1416 1832 1470 ibi-

211 1508 348 1564 dem
396 1508 472 1563 ab
506 1524 578 1563 eo
607 1509 853 1581 scriptis,
910 1510 1171 1563 tractabo
1231 1508 1311 1561 ita
1360 1523 1474 1560 uno
1509 1506 1830 1577 eodemque

210 1600 338 1653 loco
370 1598 445 1652 de
476 1597 754 1653 omnibus
795 1598 1084 1671 operibus,
1142 1613 1269 1669 qum
1315 1596 1403 1649 vel
1438 1593 1631 1649 Sancti
1675 1597 1826 1661 sunt,

209 1688 295 1741 vel
329 1686 382 1740 ei
416 1685 836 1754 attribuuntur,
866 1702 1197 1742 sermonem
1220 1684 1601 1739 instituturus.

210 1822 349 1891 §VI.
398 1821 687 1894 Ner/Indis
716 1822 986 1879 Μαγιαδδὼ
1016 1825 1396 1898 archiepiscopi
1439 1829 1533 1883 sui
1558 1826 1831 1881 conatibus

278 1928 388 1966 sese
429 1914 656 1984 opponit
699 1928 717 1965 :
758 1915 855 1985 qui
880 1913 981 1968 hac
1032 1917 1302 1970 occasione
1332 1916 1501 1969 multa
1520 1932 1711 1987 passus
1738 1917 1829 1978 sil,

280 2001 714 2074 monac/tumque
742 2001 964 2057 induere
980 2004 1341 2075 proposuerit.

284 2128 406 2182 108.
438 2125 587 2190 Cum
617 2124 1236 2193 Gervasius,Remensis
1250 2128 1728 2199 archiepiscopus,
1750 2128 1833 2182 vir

210 2216 283 2270 de
304 2213 548 2270 ecclesia
558 2230 661 2268 sua
677 2214 872 2268 multis
884 2215 1233 2283 nominibus,
1249 2233 1314 2271 ac
1330 2215 1834 2290 praesertim,quod

211 2305 532 2359 Remenses
588 2302 829 2370 scholas,
865 2307 999 2358 ante
1027 2304 1261 2377 quidem
1308 2306 1561 2359 celebres
1604 2321 1668 2360 ac
1713 2304 1835 2358 illu-

210 2392 733 2459 stres,celebriores
743 2394 941 2447 tamen
957 2392 1692 2464 illustrioresqueBrunonis
1704 2408 1838 2465 ope-

221 2499 290 2537 ra
324 2480 669 2547 reddiderit,
709 2480 927 2551 optime
973 2482 1232 2547 meritus,
1267 2499 1420 2537 anno
1456 2485 1588 2537 l067
1623 2498 1654 2535 e
1700 2481 1837 2535 vivis

221 2570 429 2626 fuisset
471 2569 746 2636 sublatus,
770 2573 1070 2625 vacantem
1086 2571 1255 2641 huius
1273 2571 1433 2625 obitu
1464 2569 1838 2642 archiepisco-

212 2660 411 2731 palem
441 2658 778 2713 cathedram
800 2657 1125 2713 Simoniace
1156 2659 1406 2714 obtinuit
1427 2676 1526 2714 seu
1547 2660 1734 2731 potius
1755 2658 1839 2712 in-

216 2747 363 2802 vasit
412 2747 716 2814 Manasses,
767 2747 997 2819 generis
1048 2747 1371 2814 nobilitate,
1417 2765 1533 2803 non
1563 2748 1837 2802 virtutum

218 2838 436 2892 ornatu
469 2836 674 2902 clarus,
716 2834 814 2908 qui
844 2835 902 2889 in
932 2836 1110 2890 veteri
1157 2835 1351 2890 codice
1407 2836 1674 2890 Remensi
1720 2852 1840 2890 ma-

1932 357 2050 425 bat,
2103 359 2499 414 adversarium
2532 362 2907 432 experiretur.
2944 365 3009 420 Et
3039 366 3276 423 Sanctus
3303 373 3538 443 quidem

1929 446 2205 513 Manasse,
2240 449 2515 519 quamdiu
2539 450 2594 503 id
2616 453 2923 523 utcumque
2942 470 3046 524 per
3060 459 3219 527 gesta
3235 474 3540 533 moresque

1932 534 2101 606 hujus
2117 535 2603 603 licuit,adhtesisse
2620 540 2816 594 animo
2840 558 2958 596 non
2982 544 3223 599 omnino
3246 563 3442 603 averso
3457 549 3538 604 vi-

1931 622 2491 696 detur,consiliisque
2511 626 2715 693 suis,ut
2731 632 2816 682 sat
2848 631 3170 686 verosimile
3184 637 3538 707 apparet,in-

1932 711 2106 766 terim
2128 713 2399 781 effecerit,
2431 717 2493 768 ut
2512 715 2832 787 proﬂigata:
2851 719 3214 775 conscientia:
3246 723 3424 779 homo
3445 726 3544 782 bo-

1934 817 2009 855 na
2028 803 2307 856 nonnulla
2316 803 2735 873 praestiterit,et
2752 823 2784 859 a
2803 806 2967 861 malis
2984 825 3111 879 quae
3129 811 3538 882 meditabatur,

1931 888 2293 944 abstinuerit.
2326 891 2535 946 Verum
2568 908 2699 947 cum
2733 894 2985 950 deterior
3019 896 3075 950 in
3108 897 3229 952 dies
3261 900 3542 957 Manasses

1933 979 2222 1045 evaderet,
2261 978 2542 1034 beneficia
2572 982 2953 1037 ecclesiastica
2987 986 3283 1053 venderet,
3318 1004 3541 1046 sacram

1934 1067 2358 1139 supellectilem
2410 1067 2704 1140 diriperet,
2740 1071 2949 1125 multos
2984 1072 3192 1143 injuste
3217 1091 3547 1134 excommu-

1932 1155 2169 1221 nicaret,
2191 1156 2554 1223 clericorum,
2574 1158 2940 1214 ecclesiarum
2959 1177 3023 1214 ac
3046 1162 3406 1219 abbatiarum
3436 1166 3540 1221 bo-

1930 1261 2005 1298 na
2049 1260 2328 1317 occupare
2372 1248 2625 1300 tentaret
2672 1248 2769 1301 aut
2796 1247 2968 1302 etiam
2993 1249 3182 1320 reipsa
3213 1259 3540 1326 occuparet,

1929 1332 2269 1405 lupumque,
2300 1337 2362 1387 ut
2391 1333 2564 1388 verbo
2591 1334 2801 1401 dicam,
2836 1352 2951 1391 non
2980 1340 3271 1408 pastorem
3319 1346 3541 1414 ageret,

1929 1421 2321 1475 adversarium
2338 1422 2388 1475 ei
2405 1422 2645 1476 omnino
2670 1440 2789 1477 sese
2807 1424 3046 1479 Sanctus
3066 1431 3260 1482 noster
3272 1431 3539 1501 praebuit,

1930 1509 2183 1563 maxime
2236 1510 2406 1577 forte,
2441 1512 2596 1582 quod
2627 1511 2956 1566 Simoniace
2982 1514 3235 1570 hominis
3256 1517 3540 1576 adsedem

1932 1598 2275 1652 Remensem
2320 1600 2631 1669 promotio,
2661 1617 2835 1671 quam
2883 1602 3158 1659 hactenus
3199 1604 3538 1676 ignorasset,

1921 1688 2048 1757 jam
2082 1687 2315 1740 tandem
2352 1689 2543 1757 palam
2597 1688 2648 1741 ei
2680 1688 2833 1742 facta
2869 1693 3034 1743 esset.
3068 1693 3168 1745 Ast
3208 1708 3337 1748 cum
3364 1711 3399 1748 a
3427 1696 3539 1751 Ma-

1934 1791 2121 1841 nasse,
2158 1774 2201 1828 si
2236 1774 2450 1828 diutius
2482 1775 2693 1842 Remis,
2732 1776 2783 1830 ei
2823 1777 3148 1846 adversans,
3179 1781 3539 1852 substitisset,

1931 1863 2245 1918 certissime
2282 1879 2398 1917 non
2428 1880 2631 1935 parum
2663 1864 3086 1934 periclitaturus
3128 1872 3296 1935 esset,
3330 1872 3541 1926 verosi-

1931 1951 2173 2006 millime
2219 1954 2342 2005 tum
2369 1951 2620 2022 periculo
2668 1968 2788 2007 sese
2834 1953 3185 2010 subducendi
3216 1961 3542 2025 causa,tum

1933 2056 2005 2094 ne
2038 2038 2353 2110 impiorum
2375 2039 2629 2094 hominis
2650 2042 3103 2113 gestorum,quaz
3118 2043 3401 2116 impedire
3422 2064 3543 2104 non

1933 2131 2179 2201 poterat,
2208 2128 2367 2183 testis
2385 2145 2504 2183 esse
2536 2131 2861 2198 cogeretur,
2882 2130 3092 2185 Remos
3108 2131 3389 2203 dignitate
3408 2152 3540 2207 que,

1934 2234 2077 2289 quas
2109 2215 2327 2272 ibidem
2352 2216 2671 2283 obtinebat,
2722 2234 2978 2272 unacum
3001 2218 3219 2290 aliquot
3252 2220 3546 2279 illustriori

1935 2305 2039 2360 bus
2072 2303 2323 2359 ecclesia:
2354 2304 2653 2359 Remensis
2669 2305 2887 2360 clericis
2900 2306 3151 2378 reliquit.

2010 2396 2131 2448 110.
2168 2394 2296 2447 Haec
2329 2393 2530 2448 omnia
2552 2394 2671 2447 fere
2688 2393 2988 2450 Guibertus
3009 2397 3079 2451 de
3102 2397 3420 2469 Novigento
3486 2399 3547 2457 in

1948 2481 2073 2535 Vita
2096 2499 2197 2536 sua
2241 2482 2337 2536 lib.
2374 2499 2411 2548 ι,
2443 2498 2566 2553 cap.
2618 2486 2673 2538 ll
2709 2484 2793 2536 vel
2828 2500 3089 2555 expresse
3113 2486 3300 2549 docet,
3326 2489 3412 2543 vel
3444 2491 3550 2545 sal-

1937 2572 2055 2624 tem
2072 2586 2136 2625 ex
2156 2586 2223 2624 eo
2242 2571 2480 2640 possunt
2505 2569 2892 2642 colligi.Audi,
2911 2572 3007 2644 qui
3038 2572 3253 2629 ibidem
3271 2574 3545 2633 disserat:

1941 2679 1968 2707 ‹‹
2000 2658 2281 2712 Manasses
2302 2657 2560 2729 quidam,
2589 2658 2798 2731 inquit,
2825 2662 2953 2731 post
3000 2660 3244 2715 Gervasii
3284 2662 3549 2719 famosis-

1939 2745 2073 2800 simi
2108 2745 2522 2818 archiepiscopi
2556 2746 2850 2801 decessum
2896 2747 3183 2818 praedicta:
3215 2749 3371 2805 urbis
3419 2751 3548 2821 (Re-

1937 2833 2152 2889 mensis
2169 2833 2775 2904 nimirum).regimini
2815 2833 3137 2890 Simoniace
3184 2855 3243 2891 se
3294 2837 3547 2903 intrusit,

214 2923 516 2994 nuscripto
543 2902 825 2979 Manasses
856 2924 926 2978 de
938 2924 1278 2990 Gournai,ut
1293 2924 1485 2979 Galliae
1502 2923 1837 2980 Christiana:
1858 2902 1906 2962 (ἶ
1937 2922 2021 2976 vir
2043 2921 2277 2994 quidem
2312 2921 2520 2976 nobilis
2534 2902 2634 2976 sed
2655 2922 2799 2976 nihil
2817 2938 3050 2995 prorsus
3069 2925 3551 2999 serenitatis,qua3

221 3015 420 3067 aucta:
446 3012 754 3084 scriptores
785 3016 929 3067 tom.
961 3013 1043 3080 1X,
1076 3014 1184 3068 col.
1221 3017 1309 3080 71,
1338 3016 1641 3079 testantur,
1671 3028 1836 3069 voca-

220 3104 313 3156 tus
343 3100 660 3156 invenitur.
710 3100 827 3166 Hic,
865 3102 969 3155 etsi
1008 3118 1111 3173 per
1127 3101 1336 3157 ostium
1381 3102 1439 3156 in
1473 3101 1614 3157 ovile
1645 3101 1838 3156 ovium

222 3205 344 3245 non
377 3193 531 3244 esset
555 3188 864 3261 ingressus,
896 3189 978 3244 ita
998 3193 1192 3245 tamen
1231 3190 1613 3263 promotionis
1638 3205 1837 3245 conse-

222 3276 615 3348 crationisque
645 3294 783 3344 suae,
818 3294 948 3349 quae
975 3293 1130 3333 anno
1174 3280 1310 3333 1069
1339 3278 1549 3345 evenit,
1583 3278 1749 3333 initio
1780 3295 1840 3333 se

220 3365 416 3437 gessit,
449 3368 535 3428 ut,
563 3366 608 3420 si
643 3382 761 3420 non
787 3365 846 3420 in
874 3366 1163 3433 omnibus,
1195 3366 1252 3421 in
1277 3367 1472 3421 multis
1500 3368 1702 3421 saltem
1722 3365 1840 3420 veri

220 3453 475 3526 pastoris
509 3470 720 3509 munus
745 3454 1033 3527 impleret.
1063 3456 1220 3509 Tunc
1254 3456 1411 3510 enim
1440 3454 1699 3510 Ecclesia:
1710 3455 1845 3524 jura

226 3559 448 3614 magna
497 3542 676 3597 animi
725 3543 1114 3615 propensione
1140 3543 1379 3598 subinde
1428 3558 1839 3616 propugnasse,

230 3630 644 3703 beneﬁcusque
702 3630 760 3685 in
794 3632 1146 3687 monasteria
1179 3632 1451 3687 exstitisse
1481 3631 1843 3703 cognoscitur

235 3735 305 3774 ex
336 3719 426 3785 iis,
454 3736 586 3791 qua":
618 3719 688 3774 de
715 3735 785 3774 eo
818 3724 941 3774 tum
980 3720 1247 3775 Marlotus
1289 3724 1433 3776 tom.
1493 3723 1537 3774 ll
1583 3718 1841 3775 Historia

227 3806 571 3880 letropolis
601 3807 898 3863 Remensis
920 3824 1051 3880 pag.
1084 3810 1183 3865 165
1215 3812 1274 3865 et
1303 3813 1431 3866 octo
1451 3808 1840 3881 sequentibus,

227 3898 354 3949 tum
387 3896 581 3951 Gallia:
603 3894 939 3951 Christiana:
960 3900 1139 3952 aucta:
1171 3896 1477 3970 scriptores
1506 3899 1630 3953 loco
1662 3897 1847 3970 proxi-

234 4000 331 4039 me
360 3983 460 4037 cit.
497 3984 795 4039 memoriaa
819 3985 1090 4055 produnt.
1113 3986 1225 4040 Nec
1256 3989 1380 4040 tum
1405 3985 1581 4041 etiam
1608 3986 1846 4041 commi-

227 4072 301 4127 sit
335 4071 814 4129 Simoniacusille
831 4074 1087 4141 antistes,
1114 4078 1176 4129 ut
1198 4076 1515 4146 proborum
1557 4075 1842 4142 omnium,

229 4163 287 4214 et
311 4160 360 4214 si
384 4159 622 4215 interim
650 4160 708 4215 in
722 4163 1032 4218 nonnullos
1050 4180 1114 4217 ex
1137 4163 1224 4219 his
1242 4163 1416 4218 fuerit
1436 4162 1848 4234 iniquior,odia

1939 3010 2127 3085 prima
2173 3010 2595 3081 ingenuitatem
2639 3010 2821 3078 decet,
2854 3011 3092 3066 habens.
3137 3013 3349 3068 Tantos
3389 3015 3549 3071 enim

1939 3101 2115 3155 fastus
2137 3116 2203 3153 ex
2231 3098 2331 3153 illa
2356 3098 2609 3153 novitate
2640 3103 3003 3171 conceperat,
3050 3103 3112 3154 ut
3157 3101 3348 3173 regias
3391 3120 3554 3175 pere-

1941 3188 2244 3261 grinarum
2272 3187 2535 3258 gentium
2567 3187 2917 3258 majestates,
2937 3187 3055 3242 imo
3079 3189 3447 3259 majestatum
3466 3191 3550 3247 fe-

1939 3276 2207 3331 rocitates
2228 3275 2440 3331 imitari
2473 3275 2783 3330 videretur.
2810 3297 2837 3323 n
2855 3278 2933 3330 Ac
2957 3277 3151 3348 paucis
3171 3277 3400 3347 deinde,
3424 3296 3553 3355 quas

1939 3366 2055 3421 huc
2091 3382 2209 3419 non
2244 3364 2483 3426 faciunt,
2512 3363 2888 3435 interpositis,
2920 3364 3002 3419 ita
3033 3366 3429 3438 prosequitur:
3458 3371 3553 3425 «Is

1941 3453 2118 3525 igitur
2149 3454 2467 3523 (Manasses)
2509 3469 2639 3506 cum
2682 3452 2895 3507 milites
2927 3470 3296 3525 summopere
3322 3456 3552 3512 affecta-

1941 3546 2050 3600 ret.
2075 3542 2292 3595 clerum
2314 3540 2661 3612 negligeret,
2690 3540 2895 3595 dixisse
2926 3541 3237 3613 aliquando
3266 3544 3551 3601 refertur:

1948 3632 2208 3689 «Bonus,
2251 3628 2352 3689 ait,
2399 3631 2545 3682 esset
2588 3627 2885 3682 Remensis
2926 3629 3467 3701 archiepiscopatus,
3508 3633 3554 3688 si

1946 3741 1974 3770 ‹‹
2009 3736 2127 3773 non
2152 3715 2504 3771 missasinde
2541 3715 2760 3769 cantari
2792 3719 3105 3785 oporteret.
3142 3738 3169 3765 »
3206 3719 3379 3789 Hujus
3412 3737 3552 3791 ergo

1944 3827 1976 3860 α
2009 3822 2199 3861 mores
2228 3803 2789 3875 prorsusimprobos,
2813 3804 3304 3876 etstupidissimos
3329 3809 3556 3864 habitus

1945 3912 2075 3952 cum
2106 3893 2295 3949 omnis
2339 3894 2614 3947 honestus
2646 3892 2933 3953 horreret,
2996 3892 3182 3948 Bruno
3217 3894 3275 3948 in
3307 3897 3558 3951 ecclesiis

1944 3983 2137 4039 Gallice
2188 3986 2325 4035 tunc
2380 3980 2810 4053 Opinatissimus
2869 3998 3000 4035 cum
3059 3982 3183 4036 aliis
3214 3982 3557 4054 quibusdam

1947 4070 2317 4127 Remensium
2345 4069 2684 4124 clericorum
2713 4068 3558 4128 nobilibusinfamisilliusodio

1947 4159 2183 4215 excessit
2213 4159 2283 4212 ab
2323 4158 2484 4223 urbe,
2519 4179 2546 4206 »
2582 4156 2850 4211 Rcmensi
2885 4174 3115 4229 nempe.
3147 4159 3229 4212 lta
3260 4158 3561 4215 Guibertus

233 4248 292 4302 in
327 4265 453 4303 sese
474 4249 809 4338 concitaret.
836 4252 956 4305 lmo
988 4256 1190 4307 contra
1216 4252 1413 4306 sedulo
1441 4267 1664 4306 curasse
1691 4251 1846 4305 vide-
1870 4280 1921 4338 Β
1949 4250 2016 4303 Et
2029 4248 2269 4338 Sanctus
2300 4246 2534 4338 quidem
2550 4261 2617 4299 eo
2650 4244 2774 4338 ipso
2804 4248 3088 4338 tempore,
3107 4263 3242 4338 quo,
3262 4248 3427 4338 uthic
3456 4249 3558 4312 ait,

234 4340 349 4403 tur,
412 4340 477 4390 ut
506 4337 686 4393 etiam
716 4338 788 4393 de
819 4338 971 4407 viris,
1006 4340 1102 4412 qui
1137 4343 1194 4395 et
1222 4357 1453 4395 morum
1483 4340 1763 4411 gravitate
1792 4342 1851 4393 et

233 4424 444 4479 virtute
470 4429 661 4480 essent
682 4428 1039 4499 spectabiles,
1074 4429 1222 4484 bene
1250 4431 1591 4483 mereretur.

310 4515 435 4568 109.
477 4513 662 4578 Quam
688 4532 884 4571 verum
916 4517 976 4572 id
1002 4517 1094 4584 sit,
1127 4520 1472 4588 argumento
1506 4519 1592 4571 est
1614 4516 1853 4571 Sanctus

238 4604 455 4669 noster,
483 4619 681 4674 quem,
716 4604 795 4659 uti
813 4622 879 4659 ex
914 4622 1087 4678 supra
1111 4605 1275 4661 dictis
1302 4605 1466 4659 facile
1508 4604 1758 4675 colliges,
1781 4604 1854 4659 ad

234 4691 562 4745 cancellarii
580 4692 830 4749 ecclesiae
843 4694 1141 4749 Remensis
1176 4711 1407 4761 munus,
1440 4693 1594 4765 quod
1607 4692 1853 4748 Odalrici

237 4778 401 4834 obitu
424 4780 684 4848 vacabat,
701 4782 786 4836 vel
810 4782 1054 4854 ipsemet
1070 4783 1377 4855 promovit,
1398 4783 1484 4837 vel
1508 4783 1580 4838 ab
1602 4782 1853 4837 ecclesia:

240 4883 358 4922 suae
374 4868 669 4923 canonicis
684 4872 1143 4941 promovendum
1160 4871 1388 4943 sategit,
1406 4871 1522 4926 sive
1538 4870 1772 4926 interim
1798 4869 1856 4924 id

243 4956 472 5023 fecerit,
498 4958 656 5029 quod
673 4959 1053 5033 multiplicem
1074 4960 1133 5016 in
1169 4959 1378 5015 Sancto
1395 4959 1695 5015 scientiam
1729 4975 1854 5014 mo-

242 5061 493 5117 rumque
521 5046 895 5118 probitatem,
935 5049 1221 5122 praecipue
1253 5049 1326 5103 ad
1353 5065 1564 5102 munus
1598 5046 1740 5102 illud
1771 5047 1857 5102 di-

242 5151 359 5206 gne
392 5134 728 5191 obeundum
764 5137 1125 5209 requisitam,
1159 5138 1532 5202 observasset,
1564 5136 1678 5191 sive
1705 5135 1859 5207 quod

242 5222 356 5278 hoc
380 5222 558 5278 modo
588 5224 890 5293 Brunonis,
914 5226 1019 5280 viri
1049 5224 1782 5297 celeberrimi,magn:eque
1800 5223 1860 5279 in

248 5312 393 5367 urbe
429 5310 697 5367 Remensi
720 5314 1099 5382 auctoritatis,
1150 5313 1466 5368 amicitiam
1524 5313 1629 5368 sibi
1679 5312 1866 5366 conci-

249 5400 396 5460 liare
460 5400 626 5457 unice
675 5402 1050 5473 desideraret,
1086 5421 1157 5460 ne
1186 5401 1419 5477 quando
1470 5402 1627 5459 illum
1660 5417 1864 5477 pravo-

1950 4355 2017 4393 ex
2038 4336 2195 4399 odio,
2223 4335 2337 4389 sive
2367 4351 2480 4406 quo
2520 4334 2786 4406 ipsemet,
2828 4349 2943 4387 non
2978 4337 3096 4387 tam
3130 4332 3189 4388 in
3226 4335 3561 4409 episcopum

1950 4442 2139 4486 suum,
2168 4440 2341 4496 quam
2373 4422 2433 4476 in
2464 4418 2738 4494 pessimos
2768 4421 2889 4492 ejus
2922 4438 3114 4476 mores
3130 4422 3562 4486 ferebatur,sive

1953 4531 2067 4587 quo
2103 4514 2173 4568 ab
2206 4513 2313 4567 hoc
2358 4511 2480 4583 ipso
2511 4526 2615 4582 pro
2660 4509 2823 4563 hoste
2855 4509 3194 4578 habebatur,
3229 4512 3431 4567 urbem
3461 4513 3565 4569 Re-

1954 4619 2217 4658 mensem
2257 4599 2529 4661 deseruit,
2558 4613 2909 4669 magnorum
2943 4598 3266 4654 studiorum
3294 4600 3561 4672 regimen

1953 4710 2052 4748 seu
2085 4690 2411 4745 scholarum
2442 4686 2869 4759 praefecturam.
2890 4687 3332 4760 cancellariique
3346 4674 3563 4744 munus

1953 4777 2404 4841 verosimillime,
2452 4792 2525 4829 ne
2577 4774 2765 4829 dicam
2809 4774 3067 4842 indubie,
3116 4775 3419 4838 abdicavit,
3464 4780 3566 4831 aut

1956 4872 2131 4935 certe,
2171 4866 2216 4921 si
2246 4864 2447 4926 mavis,
2506 4862 2883 4935 dignitatibus
2940 4863 3207 4919 omnibus
3254 4863 3564 4921 aManasse

1955 4956 2249 5030 spoliatus,
2275 4952 2484 5009 amisit.

2032 5049 2087 5101 11
2106 5048 2150 5100 1.
2167 5046 2282 5125 (Ast
2302 5060 2415 5115 quo
2444 5042 2670 5098 circiter
2685 5057 2839 5097 anno
2861 5044 2918 5095 et
2934 5040 3137 5113 quibus
3157 5040 3567 5098 comitantibus

1960 5133 2362 5190 illustrioribus
2395 5131 2649 5186 ecclesiae
2680 5128 2977 5183 Remensis
3005 5126 3354 5188 clericis.ille
3371 5128 3568 5185 Sancti

1963 5239 2029 5278 ex
2061 5222 2203 5277 urbe
2256 5219 2526 5276 Remensi
2569 5219 2843 5273 discessus
2874 5216 3107 5272 evenit?
3132 5216 3253 5281 Quo
3282 5220 3418 5272 tunc
3445 5235 3569 5272 sese

1964 5309 2219 5384 primum
2251 5306 2539 5366 contulit?
2582 5307 2654 5361 Ut
2684 5305 2756 5359 ad
2802 5303 3030 5379 singula
3077 5306 3197 5359 hinc
3236 5306 3474 5377 qumsita
3498 5322 3571 5359 ex

1969 5397 2173 5456 ordine
2201 5394 2605 5471 respondeam,
2638 5395 2824 5449 Bruno
2856 5400 3010 5452 certe
3046 5411 3149 5451 nec
3190 5396 3322 5449 ante
3350 5410 3573 5448 annum
