3996 6012
356 238 422 290 67
1211 225 1267 281 S.
1300 222 1646 281 BRUNONIS
1687 216 2321 279 CARTHUSIANORUM
2357 218 2826 277 INSTITUTORIS
3611 220 3679 277 ἥδ

365 360 524 421 1076,
555 372 663 413 nec
675 357 805 429 post
821 370 1062 421 annum,
1097 318 1194 425 qui
1223 354 1376 408 hunc
1407 350 1671 424 peoxime
1720 346 1962 420 excepit,
1989 349 2041 422 Α
2063 366 2122 403 se
2140 349 2473 404 Brunonem
2498 348 2886 419 Radulphum,
2903 343 3226 402 etFulcium
3245 344 3627 403 Monoculum.
3645 367 3676 397 »

357 447 550 503 Remis
584 446 695 500 alio
746 442 1174 513 commigravit,
1224 446 1283 495 ut
1334 440 1576 512 proinde
1610 439 1669 493 id
1698 439 1784 492 vel
1811 451 1963 491 anno

361 539 495 592 1076
530 536 615 588 vel
649 531 910 604 sequenti
942 530 1177 584 indubie
1211 529 1432 584 fecerit.
1466 532 1544 582 Ac
1580 544 1711 581 eum
1730 525 1966 597 quidem

354 623 548 680 Remis
579 616 713 677 ante
748 637 969 674 annum
1000 622 1128 673 1076
1167 635 1283 672 non
1314 616 1636 683 excessisse,
1688 615 1867 685 liquet
1899 630 1966 667 ex

356 714 575 773 charta,
608 711 716 765 hoc
748 709 870 781 ipso
898 724 1053 762 anno
1082 724 1116 760 a
1142 707 1395 760 Manasse
1412 705 1605 759 Remis
1636 704 1696 757 in
1721 702 1967 757 abbatis;

357 801 414 857 S.
478 800 661 855 Basoli
719 799 977 853 favorem
1029 812 1296 850 concessa
1346 809 1629 866 supraque
1662 794 1771 847 huc
1820 796 1971 846 tran-

354 890 584 961 scripta,
621 905 747 959 qua:
776 888 853 940 ita
886 886 1231 939 terminatur
1261 901 1274 937 :
1309 906 1335 932 ‹‹
1366 883 1557 937 Bruno
1592 880 1971 935 cancellarius

353 977 578 1049 scripsit
615 980 673 1030 et
705 974 1034 1046 subscripsit
1062 991 1076 1040 ;
1120 993 1146 1021 ››
1190 975 1319 1044 post
1351 987 1571 1025 annum
1603 974 1797 1024 autem
1836 971 1969 1023 1077

355 1070 547 1122 actum
574 1064 632 1118 id
653 1080 770 1118 non
798 1080 939 1127 esse,
976 1061 1214 1132 patescit
1260 1077 1327 1115 ex
1371 1076 1438 1113 eo
1491 1059 1647 1130 quod
1680 1074 1833 1111 anno
1872 1057 1969 1112 illo

356 1154 417 1209 in
432 1152 671 1208 concilio
685 1148 1335 1221 Augustodunensi,imo
1349 1147 1780 1202 verosimillime
1794 1145 1971 1200 etiam

356 1243 418 1299 in
452 1241 926 1301 Claromontano,
964 1237 1118 1309 quod
1164 1236 1296 1291 huic
1340 1235 1581 1309 praeivit,
1631 1235 1969 1295 Manassem,

360 1329 857 1401 archiepiscopum
878 1328 1245 1385 Remensem,
1266 1324 1345 1379 uti
1367 1341 1498 1378 mox
1518 1324 1861 1384 videbimus,
1891 1321 1973 1375 Si-

360 1417 574 1474 monise
593 1417 951 1487 aliorumque
980 1413 1290 1468 criminum
1309 1411 1677 1473 insimularit,
1692 1411 1864 1482 idque
1875 1427 1969 1464 ve-

355 1505 741 1571 rosimillime,
768 1506 1080 1574 antequam
1102 1503 1370 1558 Manassae
1402 1501 1708 1555 adversans
1736 1516 1802 1554 ex
1830 1499 1969 1553 urbe

358 1593 628 1650 Remensi
652 1591 998 1652 excessisset,
1033 1608 1149 1646 non
1168 1590 1391 1653 fecerit,
1419 1589 1719 1644 utisuadet
1734 1585 1871 1642 "tum
1887 1587 1971 1641 in-

360 1700 502 1755 gens
535 1680 865 1745 discrimen,
901 1678 988 1733 cui
1016 1679 1272 1750 alioquin
1288 1677 1440 1749 apud
1456 1677 1968 1732 excandescentem

357 1770 733 1841 hinc,ira3que
747 1769 1129 1838 impotentem
1146 1768 1448 1838 praesulem
1463 1783 1582 1819 sese
1598 1765 1967 1836 exposuisset,

357 1864 483 1917 tum
525 1874 721 1913 rerum
752 1857 1182 1911 subsecutarum
1216 1854 1411 1920 series,
1446 1870 1512 1907 ex
1540 1870 1653 1925 qua
1694 1852 1967 1908 Sanctum

360 1950 647 2008 nostrum,
673 1948 977 2017 postquam
996 1943 1055 1997 in
1074 1942 1314 1998 concilio
1333 1941 1833 2013 Augustodunensi
1856 1943 1967 1997 Ma—

358 2052 584 2092 nassem
606 2035 941 2094 accusasset,
966 2048 1083 2085 non
1117 2030 1271 2102 prius
1301 2030 1375 2084 ad
1404 2029 1691 2084 civitatem
1724 2030 1968 2085 Remen-

360 2140 504 2191 sem,
580 2138 758 2195 quam
834 2119 925 2173 hic
980 2134 1132 2173 anno
1199 2120 1333 2173 1080
1391 2117 1451 2171 in
1500 2117 1742 2171 concilio
1820 2118 1967 2189 Lug-

361 2212 604 2267 dunensi
631 2212 1028 2264 exauctoratus
1058 2206 1276 2273 fuisset,
1316 2222 1609 2260 reversum
1638 2221 1778 2271 esse,
1804 2222 1967 2260 vero-

361 2300 741 2363 simillimum,
772 2297 889 2351 imo
918 2294 1240 2361 indubium,
1267 2294 1472 2361 evadit,
1507 2293 1588 2347 uti
1619 2311 1688 2348 ex
1716 2292 1870 2348 infra
1885 2293 1969 2349 di-

364 2388 560 2445 cendis
586 2387 825 2459 quisque
846 2385 1011 2439 facile
1043 2384 1294 2454 colliget.

435 2476 646 2533 112.Ad
659 2474 993 2529 illustriores
1006 2473 1181 2527 modo
1194 2473 1238 2526 cl
1248 2470 1549 2542 ericos,qui
1563 2486 1678 2525 una
1691 2487 1820 2526 cum
1837 2470 1976 2525 San-

364 2566 806 2633 cto,Manassem
838 2564 1183 2626 aversantes,
1210 2561 1349 2615 urbe
1381 2560 1648 2614 Remensi
1661 2576 1970 2626 excessere,

361 2669 691 2710 sermonem
736 2654 1025 2706 converto.
1057 2651 1234 2705 Hosce
1253 2649 1485 2720 quidem
1520 2649 1670 2704 inter
1685 2649 1855 2704 fuisse
1871 2649 1976 2704 Ra-

365 2740 1014 2815 dulphumViridem,ad
1033 2756 1205 2811 quem
1233 2738 1473 2793 Sanctus
1489 2738 1789 2809 epistolam
1823 2738 1975 2792 infra

362 2832 572 2902 pluries
584 2828 1027 2885 memorandam
1050 2844 1080 2882 e
1107 2826 1381 2882 Calabria:
1414 2843 1611 2881 eremo
1644 2826 1886 2899 scripsit,
1915 2829 1973 2881 et

365 2920 618 2975 Fulcium
633 2919 1016 2983 Monoculum,
1031 2916 1188 2987 cujus
1202 2916 1261 2970 in
1278 2916 1483 2970 eadem
1501 2914 1742 2987 epistola
1754 2916 1971 2971 mentio

364 3010 449 3076 ﬁt,
489 3025 623 3063 vero
655 3010 896 3079 apparet
936 3004 1178 3059 minime
1197 3003 1456 3058 absimile
1496 3004 1567 3058 ob
1599 3003 1969 3076 colloquium,

364 3097 520 3170 quod
547 3112 678 3151 cum
704 3096 875 3160 hisce,
895 3093 1097 3148 eadem
1119 3091 1334 3165 pariter
1350 3093 1591 3147 docente
1606 3092 1864 3162 epistola,
1900 3092 1972 3147 de

361 3184 631 3257 perituris
656 3182 859 3237 mundi
875 3182 1042 3251 hujus
1059 3181 1294 3247 deliciis,
1316 3184 1719 3251 aeternumque
1741 3180 1974 3236 duratu-

363 3274 441 3329 ris
462 3272 585 3327 coeli
604 3270 830 3342 gaudiis
852 3270 1053 3325 habuit
1070 3268 1390 3334 occasione,
1413 3267 1657 3338 utiapud
1676 3284 1876 3323 omnes
1888 3269 1971 3323 fe-

362 3378 425 3417 re
459 3361 519 3415 in
550 3359 808 3414 confesso
845 3361 948 3423 est,
984 3356 1368 3410 maximarum
1391 3372 1805 3423 aerumnarum,
1832 3373 1973 3428 quas

362 3467 397 3504 a
422 3449 674 3503 Manasse
724 3444 1149 3517 archiepiscopo
1203 3444 1499 3497 Remensis
1526 3443 1767 3498 ecclesia
1799 3445 1975 3517 patie-

362 3537 562 3603 batur;
594 3536 911 3590 Manassem
938 3548 1072 3587 vero
1107 3534 1241 3586 tunc
1256 3532 1555 3586 Remensis
1572 3532 1820 3587 ecclesiis
1832 3549 1975 3604 prte-

362 3623 634 3698 positum,
693 3623 751 3677 et
798 3621 1068 3676 Pontium
1099 3620 1413 3692 quemdam
1445 3621 1653 3677 Sancto
1699 3622 1972 3677 exstitisse

360 3712 420 3767 in
450 3730 550 3767 suo
585 3729 651 3766 ex
683 3711 821 3765 urbe
854 3708 1119 3764 Remensi
1150 3726 1377 3764 excessu
1409 3709 1971 3777 comites,indubita-

360 3803 485 3855 tum
505 3804 609 3865 est,
643 3816 772 3854 cum
797 3798 855 3853 hi
897 3799 1070 3853 ambo
1100 3815 1214 3852 una
1235 3815 1364 3852 cum
1392 3799 1657 3854 Brunone
1683 3798 1970 3854 Simonia-

358 3889 407 3944 ci
439 3889 693 3961 praesulis
729 3891 1084 3941 accusatores
1114 3886 1172 3939 in
1204 3886 1445 3941 concilio
1468 3887 1971 3958 Augustodunensi

359 3977 609 4048 alibique
656 3975 970 4039 existerint,
1005 3974 1086 4027 uti
1122 3973 1212 4026 hic
1244 3974 1489 4045 ipsemet
1541 3974 1692 4045 apud
1718 3974 1968 4028 Mabillo-

358 4066 519 4120 nium
544 4062 713 4117 Musei
737 4061 910 4115 Italici
944 4064 1083 4115 tom.
1119 4062 1160 4125 l,
1197 4063 1342 4131 part.
1364 4062 1428 4124 ΙΙ,
1449 4078 1581 4132 pag.
1620 4065 1711 4115 121
1750 4062 1807 4115 in
1824 4063 1971 4133 Apo-

354 4152 510 4224 logia
540 4168 640 4205 sua
671 4166 841 4221 supra
870 4149 995 4220 plus
1024 4148 1202 4202 semel
1226 4148 1350 4217 jam
1383 4147 1615 4201 laudata
1645 4148 1968 4220 pluriesque

354 4240 507 4296 infra
546 4239 731 4293 adhuc
762 4236 1070 4302 laudanda,
1101 4252 1169 4291 ex
1218 4238 1383 4307 parte
1416 4236 1669 4291 declarat
1700 4240 1871 4309 atque
1898 4255 1963 4293 ex

358 4327 613 4383 dicendis
644 4328 916 4397 patescet.
950 4323 1114 4389 Quod
1149 4324 1321 4378 modo
1355 4323 1427 4377 ad
1456 4324 1667 4390 locum,
1699 4342 1812 4397 quo
1830 4312 1969 4381 San-

357 4420 498 4483 ctus,
532 4413 723 4468 Remis
750 4413 1049 4479 excedens,
1083 4428 1205 4466 sese
1236 4412 1537 4483 receperit,
1563 4413 1833 4483 pertinet,
1868 4416 1969 4469 Pa-

355 4504 518 4559 risios
539 4519 671 4556 eum
702 4500 1067 4567 concessisse,
1101 4499 1416 4570 conjiciunt
1446 4501 1967 4574 nonnulli,hosque

356 4592 509 4646 inter
530 4606 651 4644 sese
681 4588 967 4661 imprimis
995 4588 1163 4644 offert
1184 4589 1422 4654 Bulaeus,
1454 4589 1570 4659 qui,
1601 4593 1880 4660 praeterea
1906 4591 1966 4645 in

357 4695 508 4745 eam,
543 4694 669 4749 quae
699 4677 973 4731 Sanctum
1014 4678 1153 4731 tnnc
1181 4676 1407 4730 Parisiis
1463 4676 1707 4732 docendi
1736 4680 1964 4734 muneri

352 4783 472 4822 sese
520 4764 821 4830 addixisse,
856 4763 1077 4830 statuit,
1112 4763 1452 4834 opinionem
1482 4766 1870 4837 propendens,
1906 4768 1965 4823 in

352 4854 611 4911 Historiae
664 4851 997 4908 Parisiensis
1039 4854 1178 4906 tom.
1216 4854 1257 4919 Ι,
1294 4869 1423 4924 pag.
1455 4854 1558 4907 468
1592 4853 1672 4907 ita
1722 4855 1916 4910 scribit
1949 4872 1962 4911 :

358 4967 385 4996 α
419 4945 495 4997 Ex
515 4944 623 4999 hoc
654 4944 777 4997 loco
816 4940 1087 5012 (Guiberti
1122 4957 1294 5012 supra
1315 4940 1565 5011 hucjam
1598 4943 1962 5017 transcriptp)

352 5034 596 5097 constat,
628 5032 979 5093 Brunonem,
1009 5028 1222 5082 relictis
1246 5028 1456 5095 Remis,
1505 5045 1633 5083 cum
1679 5031 1966 5086 nobilibus

352 5119 695 5193 quibusdam
760 5118 883 5172 aliis
939 5115 1157 5171 clericis
1214 5116 1462 5170 ecclesia:
1514 5118 1808 5173 Remensis
1853 5119 1963 5174 alio

354 5207 764 5278 commigrasse
802 5223 815 5271 ;
875 5220 1017 5276 quos
1052 5204 1285 5275 quidem
1318 5205 1498 5259 socios
1529 5206 1660 5259 licet
1698 5222 1814 5261 non
1860 5224 1962 5262 no-

354 5295 537 5352 minet
589 5294 912 5358 Guibertus,
944 5309 1011 5346 ex
1042 5292 1282 5362 epistola
1308 5296 1503 5348 tamen
1533 5294 1705 5365 ipsius
1740 5295 1954 5351 Bruno-

353 5382 440 5438 nis
468 5382 541 5437 ad
590 5381 955 5453 Radulphum
986 5381 1260 5449 Viridem,
1306 5382 1677 5455 praepositum
1714 5383 1959 5438 Remen-

356 5486 502 5538 sem,
533 5468 927 5541 intelligimus,
960 5470 1064 5525 hos
1080 5472 1194 5525 tres
1224 5470 1440 5526 amicos
1459 5470 1624 5525 simul
1643 5470 1960 5540 demigras-

1986 4284 2041 4345 D

2140 460 2167 486 ‹‹
2201 440 2315 491 H3.
2351 437 2441 491 Sic
2479 437 2632 492 enim
2666 438 2758 491 ille
2791 453 2805 492 :
2843 460 2870 487 «
2906 436 3312 491 Reminiscitur
3355 435 3565 507 quippe
3600 435 3682 491 di-

2068 547 2094 575 ››
2111 527 2278 581 lectio
2314 531 2430 592 tua,
2454 527 2628 597 quod,
2661 543 2791 579 cum
2829 542 2938 595 ego
2982 527 3041 578 et
3070 527 3130 578 tu
3159 526 3218 577 et
3237 524 3455 578 Fulcius
3485 524 3679 579 Mono-

2068 638 2094 664 ››
2116 617 2273 670 culus
2297 616 2548 687 quadam
2590 615 2680 669 die
2719 614 2887 669 simul
2908 614 3211 668 fuissemus
3234 613 3291 666 in
3325 613 3553 668 hortulo
3586 613 3683 667 ad-

2067 704 2340 775 »jacente
2371 702 2568 759 domui
2583 704 2740 768 Adae,
2760 692 3010 757 ubitunc
3046 701 3400 773 hospitabar,
3431 700 3500 755 de
3528 700 3681 755 falsis

2069 812 2094 838 η
2119 791 2599 846 oblectationibus
2642 794 3043 846 tractaremus.
3088 812 3114 839 ››
3150 790 3298 860 Ergo
3328 794 3461 844 tunc
3489 790 3679 843 Bruno

2068 881 2465 952 hospitabatur
2485 880 2638 952 apud
2680 878 2887 946 Adam,
2915 895 3033 933 non
3066 878 3262 950 utique
3302 877 3523 943 Remis;
3548 894 3679 932 cum

2071 969 2229 1023 enim
2261 969 2577 1023 canonicus
2624 971 2771 1022 esset
2804 966 3055 1022 ecclesiae
3096 965 3393 1020 Remensis
3430 968 3488 1020 et
3515 966 3679 1021 scho-

2071 1058 2318 1125 lasticus,
2351 1057 2659 1112 verisimile
2694 1073 2811 1111 non
2842 1059 2947 1123 est,
2989 1072 3122 1111 eum
3153 1054 3363 1122 alieno,
3396 1054 3456 1109 in
3486 1055 3679 1126 hospi-

2073 1146 2150 1201 tio
2196 1162 2533 1201 mansurum
2572 1145 2763 1200 fuisse.
2825 1144 2987 1201 Unde
3044 1143 3312 1215 conjicio,
3349 1145 3678 1200 Brunonem

2073 1252 2203 1290 cum
2232 1235 2431 1290 amicis
2445 1235 2565 1289 istis
2579 1235 2799 1290 duobus
2818 1233 3102 1288 Lutetiam
3126 1233 3363 1299 venisse,
3378 1233 3680 1306 ipsumque

2072 1325 2225 1395 apud
2274 1324 2461 1378 Adam
2505 1324 2793 1394 hospitem
2850 1323 3089 1378 domum
3144 1321 3401 1393 elegisse,
3442 1323 3680 1393 tumque

2071 1412 2315 1468 docendi
2374 1412 2794 1486 professionem
2842 1411 3236 1482 resumpsisse.
3288 1411 3385 1465 llle
3436 1410 3678 1465 forsitan

2070 1504 2155 1555 est
2182 1502 2366 1555 Adam
2399 1500 2707 1557 canonicus
2736 1499 3087 1566 Parisiensis,
3128 1498 3226 1572 qui
3258 1500 3386 1571 post
3419 1499 3683 1553 Gualera-

2069 1607 2232 1645 mum
2271 1595 2472 1645 cantor
2515 1589 2774 1660 ejusdem
2824 1588 3075 1643 ecclesiae
3122 1588 3229 1643 fuit
3271 1588 3422 1643 circa
3460 1604 3679 1643 annum

1998 1706 2051 1767 Β
2076 1682 2208 1734 1100
2234 1683 2291 1733 et
2320 1679 2379 1733 id
2424 1679 2678 1732 muneris
2709 1677 2851 1767 obiit
2882 1679 3045 1767 ultra
3075 1693 3297 1767 annum
3323 1674 3505 1767 112.15.
3540 1678 3683 1767 nglta

2070 1769 2163 1822 ille
2196 1786 2209 1823 :
2247 1768 2453 1822 Verum
2481 1767 2585 1822 etsi
2626 1766 3080 1831 verosimillime,
3114 1765 3197 1819 uti
3250 1764 3402 1819 infra
3440 1763 3679 1832 docebo,

2068 1856 2320 1912 Brunoni
2344 1856 2402 1910 in
2434 1873 2537 1910 sua
2568 1855 2641 1909 ad
2674 1855 3038 1924 Radulphum
3070 1853 3323 1907 Viridem
3352 1844 3595 1924 epistola
3611 1852 3682 1908 de

2069 1945 2229 2017 hospi
2239 1945 2366 2011 tios,
2391 1961 2501 2016 quo
2518 1942 2711 1997 Remis
2729 1943 2880 2015 apud
2901 1942 3186 1997 Adamum
3208 1942 3379 1997 fuerit
3394 1944 3681 2013 exceptus,

2069 2049 2257 2087 sermo
2290 2049 2406 2087 non
2426 2032 2517 2097 sit,
2548 2035 2857 2104 propterea
2878 2035 3074 2086 tamen
3100 2032 3257 2086 nullo
3280 2031 3454 2086 modo
3481 2047 3681 2085 conse-

2072 2138 2254 2193 quens
2271 2124 2374 2187 est,
2407 2125 2469 2175 ut
2501 2120 2761 2187 Sanctus,
2782 2120 2921 2175 dum
2945 2123 3281 2187 tractatum,
3312 2120 3470 2191 cujus
3501 2118 3686 2174 verbis

2075 2226 2108 2263 a
2136 2211 2327 2265 Bulseo
2350 2208 2601 2264 recitatis
2631 2209 2992 2265 mentionem
3023 2208 3179 2275 facit,
3214 2209 3285 2264 de
3311 2208 3467 2264 falsis
3481 2207 3685 2263 mundi

2074 2297 2548 2353 delectationibus
2572 2314 2703 2352 cum
2745 2298 3043 2368 Radulpho
3073 2297 3249 2352 Viridi
3281 2299 3341 2352 et
3365 2296 3555 2351 Fulcio
3569 2296 3685 2352 Mo-

2074 2388 2281 2442 noculo
2324 2387 2667 2453 institueret,
2719 2386 2945 2441 Parisiis
2993 2386 3147 2458 apud
3197 2385 3486 2440 Adamum
3512 2383 3687 2439 fuerit

2072 2475 2411 2545 hospitatus.
2456 2475 2666 2540 Quidni
2698 2474 2857 2529 enim
2903 2478 3065 2529 extra
3092 2474 3296 2529 urbem
3338 2474 3685 2528 Remensem

2075 2562 2210 2618 alibi
2231 2580 2414 2636 aeque,
2449 2581 2624 2635 quam
2648 2564 2894 2631 Parisiis,
2928 2563 3207 2636 hospitari
3234 2566 3371 2618 tunc
3395 2561 3686 2633 potuerit?

2073 2654 2186 2707 Nec
2218 2652 2533 2723 quidquam
2577 2653 2689 2707 huc
2723 2652 2881 2719 facit,
2934 2652 3090 2723 quod
3128 2651 3289 2706 addit
3322 2651 3392 2705 de
3436 2651 3682 2716 Adamo,

2074 2741 2375 2797 Parisiensi
2393 2740 2694 2807 canonico,
2715 2757 2847 2795 cum
2862 2740 2995 2794 alibi
3019 2739 3196 2794 etiam
3217 2739 3341 2807 viri,
3364 2741 3462 2794 aut
3483 2738 3682 2805 etiam,

2073 2830 2116 2884 si
2167 2830 2324 2896 velis,
2363 2829 2626 2884 canonici
2676 2830 2865 2901 plures
2914 2830 3123 2883 florere
3178 2830 3317 2883 tunc
3364 2827 3680 2901 potuerint,

2072 2918 2277 2991 quibus
2305 2917 2520 2989 pariter
2541 2920 2688 2971 esset
2714 2916 2920 2971 Adami
2952 2932 3189 2971 nomen.

2148 3008 2263 3062 114.
2298 3008 2519 3060 Bulaeus
2561 3004 2820 3076 quidem,
2879 3008 2943 3059 ut
2970 3004 3266 3072 Sanctum,
3308 3006 3447 3060 dum
3490 3004 3683 3060 Remis

2072 3094 2231 3161 abiit,
2283 3093 2524 3149 Parisios
2570 3093 2764 3147 statim
2806 3110 2865 3147 se
2896 3093 3201 3149 contulisse
3243 3096 3529 3166 utcunque
3554 3110 3685 3166 pro-

2073 3184 2188 3249 bet,
2222 3181 2406 3236 verbis
2433 3181 2696 3253 proxime
2715 3180 2971 3236 recitatis
3004 3180 3180 3235 etiam
3201 3181 3520 3253 subjungit,
3547 3182 3686 3237 «ad-

2071 3271 2374 3343 stipulatur
2419 3286 2591 3341 supra
2622 3269 2885 3323 laudatus
2933 3269 3252 3335 Guibcrtus,
3293 3270 3412 3341 qui,
3459 3269 3530 3324 de
3563 3269 3686 3340 ejus

2074 3360 2152 3430 (S.
2204 3358 2487 3413 Brunonis
2535 3357 2817 3430 videlicet)
2869 3356 3242 3412 conversione
3283 3358 3558 3424 scribens,
3604 3358 3686 3412 sic

2073 3448 2153 3502 ait
2181 3465 2194 3502 :
2235 3469 2263 3498 ‹‹
2296 3446 2422 3501 Fuit
2450 3462 2566 3501 non
2599 3446 2772 3517 longe
2791 3446 2863 3500 ab
2894 3446 2982 3500 his
3005 3445 3204 3500 diebus
3234 3447 3423 3507 Bruno
3445 3445 3685 3518 quidam

2074 3558 2100 3585 »
2135 3536 2193 3590 in
2216 3536 2355 3590 urbe
2378 3533 2665 3601 Remensi,
2692 3532 2778 3587 vir
2797 3537 2854 3588 et
2874 3533 3203 3588 liberalibus
3225 3533 3532 3589 instructus
3551 3535 3687 3590 arti-

2073 3646 2100 3674 »
2136 3625 2261 3690 bus,
2280 3626 2338 3678 et
2358 3638 2706 3694 magnorum
2731 3621 3051 3676 studiorum
3084 3624 3293 3687 rector,
3327 3621 3422 3693 qui
3446 3638 3682 3677 conver-

2072 3735 2100 3762 ››
2134 3712 2311 3767 sionis
2342 3711 2508 3765 initia
2535 3710 2792 3780 subjecta
2828 3710 3128 3765 occasione
3160 3712 3359 3764 nactus
3396 3709 3684 3781 dignosci-

2071 3821 2099 3850 ››
2128 3804 2240 3855 tur.
2267 3822 2294 3847 »
2332 3799 2546 3863 Quibus
2566 3798 2747 3853 verbis
2770 3799 3047 3853 denotare
3077 3797 3318 3863 videtur,
3348 3799 3681 3853 Brunonem

2071 3888 2403 3942 Parisiensis
2425 3890 2482 3940 et
2508 3885 2804 3940 Remensis
2825 3886 2997 3940 studii
3022 3886 3193 3940 fuisse
3214 3890 3521 3953 rectorem,
3551 3903 3679 3957 quas

2070 3977 2141 4030 ab
2172 3974 2440 4029 Aimoino
2482 3973 2823 4028 Floriacensi
2858 3974 3144 4029 monacho
3178 3974 3239 4029 in
3263 3975 3390 4028 Vita
3424 3974 3680 4030 Abbonis

2070 4063 2336 4117 dicuntur
2349 4062 2460 4132 maj
2470 4078 2597 4117 ores
2607 4062 2901 4134 sapientiae
2922 4080 3020 4117 seu
3039 4062 3358 4117 studiorum
3371 4063 3674 4131 officinaep»

2068 4167 2265 4205 verum
2318 4150 2516 4223 quidni
2556 4150 2815 4218 Sanctus,
2848 4151 3004 4222 quod
3049 4150 3240 4205 Remis
3268 4154 3392 4207 tum
3430 4151 3679 4222 philoso‘

2070 4239 2238 4310 phiae,
2284 4242 2409 4294 tum
2448 4238 2776 4309 theologize,
2831 4256 2958 4310 qua
2998 4239 3247 4310 majores
3290 4257 3390 4295 seu
3443 4240 3678 4295 altiores

2068 4327 2318 4382 scientiae
2362 4330 2514 4394 sunt,
2545 4326 2746 4381 studiis
2776 4330 3063 4396 preaesset,
3090 4344 3439 4398 magnorum
3466 4327 3679 4385 studio-

2066 4432 2195 4470 rum
2237 4419 2447 4479 rector,
2482 4432 2516 4469 a
2557 4415 2826 4469 Guiberto
2873 4415 2983 4470 dici
3016 4415 3311 4486 potuerit?
3360 4415 3509 4471 Sane
3541 4432 3677 4472 eum

2067 4519 2134 4557 eo
2154 4521 2342 4569 sensu,
2374 4519 2488 4576 quo
2521 4504 2738 4558 Bulaaus
2759 4502 2966 4569 innuit,
2984 4519 3333 4573 magnorum
3354 4504 3675 4559 studiorum

2067 4594 2352 4646 rectorem
2382 4596 2645 4646 vocatum
2675 4607 2709 4645 a
2734 4590 3000 4645 Guiberto
3029 4607 3145 4645 non
3172 4591 3363 4658 fuisse,
3396 4593 3481 4647 vel
3511 4609 3580 4646 ex
3605 4609 3674 4648 eo

2066 4680 2266 4751 liquet,
2290 4680 2445 4752 quod
2482 4680 2553 4733 ab
2586 4680 2706 4750 ipso
2746 4680 2857 4733 hoc
2900 4677 3178 4751 scriptore
3206 4680 3393 4734 verbis
3421 4698 3456 4734 a
3486 4681 3675 4736 Bulazo

2067 4768 2358 4838 productis
2415 4784 2656 4822 munere
2704 4767 2822 4831 illo,
2882 4783 3000 4821 non
3034 4766 3282 4833 Parisiis,
3337 4768 3435 4823 sed
3483 4769 3676 4823 Remis

2066 4858 2294 4910 functus
2326 4855 2495 4910 fuisse
2542 4855 2845 4921 indicetur,
2897 4858 2977 4921 ut,
3011 4855 3399 4910 consideranti
3433 4857 3672 4929 patebit.

2064 4944 2150 4997 Ad
2180 4945 2322 5011 haec,
2355 4943 2458 4997 etsi
2509 4942 2730 5007 darem,
2783 4941 3059 4997 Sanctum
3096 4960 3164 4997 eo
3196 4960 3384 5010 sensu,
3417 4961 3529 5016 quo
3560 4947 3678 5001 vult

2065 5033 2305 5097 Bulaeus,
2330 5047 2678 5101 magnorum
2704 5030 3024 5085 studiorum
3047 5035 3331 5086 rectorem
3355 5033 3675 5089 aGuiberto

2066 5120 2360 5191 appellari,
2383 5119 2593 5173 hincne
2620 5120 3158 5197 consequensforet,
3182 5124 3263 5187 ut,
3292 5137 3419 5176 cum
3436 5121 3677 5177 Sanctus

2066 5207 2257 5261 Remis
2289 5206 2543 5271 excessit,
2579 5221 2928 5276 magnorum
2976 5208 3169 5263 statim
3200 5208 3518 5264 studiorum
3550 5227 3675 5264 rec-

2063 5298 2251 5349 torem
2280 5294 2506 5348 Parisiis
2527 5292 2710 5363 egerit
2741 5294 2963 5366 hucque
2994 5296 3236 5368 proinde
3257 5314 3392 5352 mox
3421 5315 3456 5352 a
3483 5313 3584 5352 suo
3607 5314 3674 5353 ex

2064 5383 2202 5437 urbe
2223 5380 2490 5436 Remensi
2518 5380 2763 5438 discessu
2785 5400 2905 5438 sese
2933 5384 3279 5441 contulerit?
3304 5386 3483 5442 Nemo
3508 5403 3668 5455 sane,

2061 5473 2344 5542 quantum
2375 5469 2602 5542 opinor,
2628 5469 2687 5526 id
2715 5471 3039 5528 asseruerit.
