4122 6058
189 57 264 111 69
1786 47 1838 103 Απ

1939 48 1968 104 λ
3475 65 3546 121 7o

267 182 401 236 H5.
433 179 505 235 Et
536 193 672 235 vero
722 176 995 235 Sanctum
1037 179 1196 247 tunc,
1229 193 1360 234 cum
1386 176 1601 245 Remis,
1633 174 1826 231 utMa-
1848 176 1905 236 Α
1928 175 2188 246 proxime
2238 178 2633 235 antecedentis
2698 180 3050 238 celebratum
3110 184 3544 249 verosimillime

190 286 433 326 nassem
483 268 710 334 vitaret,
753 268 1010 333 excessit,
1061 284 1204 333 sese,
1257 284 1375 322 non
1419 266 1684 331 Parisios,
1727 263 1828 318 sed

192 358 518 414 Beciacum
575 373 673 411 seu
734 356 1035 423 Roceium,
1090 358 1329 426 Bocum,
1396 355 1663 409 Roscium
1730 354 1830 406 aut

191 447 378 502 etiam
412 445 592 518 (varie
634 444 793 500 enim
839 463 873 500 a
902 445 1072 500 variis
1104 444 1443 516 appellatur)
1479 442 1827 497 Rauciacum

191 535 499 591 munitum
529 536 697 589 aetate
742 533 838 588 illa
864 533 978 605 (adi
1005 534 1307 588 Marlotum
1331 533 1592 587 Historia:
1610 533 1825 584 metro-

191 624 346 698 polis
378 622 680 678 Remensis
706 625 850 677 tom.
894 623 960 687 Il,
996 637 1129 692 pag.
1170 624 1289 685 195,
1351 624 1408 675 et
1450 619 1734 673 Valcsium
1767 617 1825 672 in

190 711 416 767 Notitia
446 710 759 766 Galliarum
776 710 851 765 ad
873 710 1220 764 vocabulum
1244 707 1600 779 Raucz‘acum)
1637 723 1701 761 ac
1733 722 1823 761 cc-

188 801 359 856 lebre
390 799 727 870 Campaniae
761 798 987 853 Gallicae
1007 797 1080 852 ad
1105 798 1369 852 Axonam
1402 799 1673 861 castrum,
1706 811 1826 849 sese

191 888 510 961 recepisse,
542 886 1041 942 verosimillimum
1085 888 1187 939 est.
1224 886 1308 939 Ita
1361 884 1502 939 mihi
1563 884 1825 954 apparet,

195 981 327 1032 tum
351 976 513 1049 quod
538 976 820 1031 Manasses
852 974 1103 1029 ecclesiae
1136 973 1433 1028 Rcmensis
1466 971 1825 1044 prmpositus,

197 1065 443 1138 aliique,
476 1064 575 1137 qui
600 1063 732 1118 huic
762 1062 1157 1130 adhaerebant,
1189 1078 1253 1116 ac
1275 1061 1444 1133 proin
1476 1060 1653 1115 etiam
1684 1059 1827 1114 San-

200 1158 328 1210 ctus
358 1157 562 1209 noster
591 1153 651 1208 in
678 1152 919 1224 praefato
952 1153 1135 1205 castro
1178 1150 1259 1205 uti
1303 1167 1369 1204 ex
1398 1149 1696 1222 ipsiusmet
1723 1148 1831 1202 Ma-

201 1242 390 1299 nassis
422 1240 839 1314 archiepiscopi
869 1239 942 1294 ad
962 1238 1302 1311 Gregorium
1333 1238 1428 1291 VII
1458 1240 1675 1308 Papam
1708 1236 1827 1308 epi-

202 1332 376 1397 stola,
418 1346 577 1385 anno
612 1331 748 1385 1078
781 1346 849 1383 ex
895 1327 1049 1382 infra
1086 1326 1345 1381 dicendis
1378 1326 1593 1396 scripta
1620 1325 1830 1396 hicque

204 1435 375 1474 num.
402 1420 505 1473 123
535 1434 601 1473 ex
618 1420 783 1489 parte
818 1417 1021 1470 saltem
1043 1414 1361 1481 recitanda,
1397 1413 1705 1485 colligitur,
1726 1413 1828 1468 sub

205 1507 372 1563 Ehali
404 1506 635 1561 comitis
666 1503 1042 1577 (Reciacensis
1074 1502 1381 1569 nimirum;
1418 1518 1606 1573 neque
1649 1501 1830 1562 enim,

207 1597 301 1652 cui
313 1596 427 1652 hoc
440 1594 727 1667 quadrare
741 1592 1214 1666 queat,comitem
1228 1589 1673 1653 alium,nomine
1695 1589 1835 1643 Eba-

206 1686 356 1753 lum,
383 1683 638 1756 invenio)
656 1682 923 1737 clientela
956 1698 1109 1735 anno
1154 1681 1288 1735 1078
1323 1678 1667 1745 exstiterint,
1709 1681 1833 1731 tum

210 1773 371 1847 quod
400 1773 629 1840 Ebalus,
663 1770 831 1826 castri
865 1770 1144 1841 ejusdem,
1178 1768 1237 1822 in
1263 1784 1376 1840 quo
1409 1767 1609 1833 etiam,
1644 1768 1707 1820 ut
1733 1783 1832 1837 ap-

211 1865 401 1935 paret,
449 1860 809 1916 domicilium
854 1859 1056 1914 ﬂxerat
1087 1856 1359 1912 dominus
1405 1873 1504 1910 seu
1534 1854 1832 1928 teparcha,

213 1968 248 2005 a
266 1953 435 2023 parte
456 1949 801 2005 clericorum
821 1946 1193 2002 Remensium
1222 1961 1286 1999 ac
1315 1944 1482 2016 proin
1503 1943 1698 1998 Sancti
1732 1959 1836 1997 no-

209 2039 314 2094 stri
342 2040 551 2094 contra
573 2037 911 2104 Manassem,
944 2034 1341 2090 Simoniacum
1373 2033 1719 2087 Remensem
1744 2047 1835 2085 ar-

211 2127 671 2200 chiepiscopum,
697 2124 896 2180 omino
923 2122 1165 2189 steterit,
1186 2125 1248 2176 ut
1264 2123 1397 2192 pote
1414 2120 1533 2192 qui,
1551 2123 1612 2175 ut
1625 2119 1840 2193 pariter

211 2232 282 2271 ex
325 2215 537 2270 eadem
587 2212 828 2287 epistola
872 2210 1229 2283 inlelligitur,
1267 2225 1398 2264 cum
1433 2210 1715 2264 Manasses
1746 2224 1837 2262 ar-

213 2304 615 2376 chiepiscopus
678 2318 712 2355 a
742 2299 1049 2365 sententia,
1085 2303 1288 2353 contra
1322 2314 1381 2353 se
1412 2314 1567 2353 anno
1604 2300 1735 2352 1077
1768 2297 1839 2351 ab

213 2391 484 2465 Hugone,
500 2389 691 2445 Diensi
712 2388 978 2461 episcopo
1006 2387 1267 2459 sedisque
1285 2386 1610 2458 apostolicae
1624 2387 1837 2457 legato,

212 2480 277 2536 in
306 2478 557 2536 concilio
585 2476 1096 2550 Augustodunensi
1121 2475 1257 2541 lata,
1287 2474 1359 2529 ad
1383 2491 1675 2529 summum
1701 2491 1842 2546 pon-

213 2568 437 2624 tiﬁcem
492 2567 853 2639 appellasset,
898 2580 1074 2636 reque
1116 2563 1240 2635 ipsa
1278 2562 1351 2617 ad
1405 2563 1559 2616 hunc
1608 2577 1841 2616 causam

213 2673 382 2713 suam
412 2657 884 2728 propugnaturus
917 2653 1161 2706 Romam
1185 2668 1306 2706 sese
1339 2650 1692 2717 contulisset,
1730 2650 1841 2705 Ro-

216 2762 382 2801 mam
396 2744 595 2809 etiam,
615 2758 728 2814 quo
762 2741 1136 2812 cont.ahujus
1166 2739 1497 2794 molitiones
1527 2739 1842 2793 Manassem

216 2832 597 2908 praepositum
650 2830 907 2902 aliosque
954 2829 1219 2897 clericos,
1253 2845 1320 2883 ex
1380 2827 1518 2881 urbe
1575 2827 1843 2883 Remensi

216 2923 519 2995 profugos,
539 2922 816 2986 tueretur,
846 2934 966 2973 sese
1010 2916 1336 2972 contulerit.
1362 2916 1547 2988 Atque
1574 2916 1655 2970 ita
1669 2916 1841 2971 modo

219 3015 277 3067 et
295 3009 511 3083 quibus
523 3006 933 3063 comitantibus
960 3008 1017 3061 et
1044 3022 1155 3078 quo
1179 3021 1333 3060 anno
1352 3004 1579 3060 circiter
1604 3004 1844 3059 Sanctus

218 3102 423 3155 noster
450 3114 519 3152 ex
543 3097 685 3151 urbe
734 3094 1004 3150 Remensi
1038 3092 1379 3161 discesserit,
1413 3093 1492 3147 uti
1520 3092 1696 3147 etiam
1728 3110 1841 3164 quo

219 3190 495 3242 tuncsese
523 3184 828 3256 receperit,
870 3182 1322 3238 determinatum
1377 3185 1684 3253 utcumque
1718 3184 1838 3237 est:

217 3292 420 3332 rerum
432 3273 526 3329 hic
548 3272 983 3327 tractandarum
1002 3270 1209 3325 seriem
1226 3286 1378 3324 nunc
1395 3286 1836 3342 prosequamur.

295 3365 419 3419 116.
468 3364 627 3416 Inter
658 3360 899 3427 diversa,
960 3376 1087 3430 quas
1141 3358 1408 3413 adversus
1461 3357 1839 3425 Simoniacos,

219 3455 599 3523 acceptasque
624 3448 825 3502 alaicis
857 3447 1222 3501 investituras
1245 3445 1439 3501 Sancti
1470 3445 1650 3500 nostri
1671 3448 1841 3500 astate

218 3541 456 3597 cebrata
480 3538 643 3592 fuere
673 3535 938 3601 concilia,
958 3533 1542 3589 commemorandum
1554 3534 1646 3588 hic
1662 3533 1839 3601 venit,

221 3627 381 3702 quod
410 3628 575 3697 Hugo
620 3624 862 3690 Diensis,
906 3622 1055 3678 sedis
1085 3622 1410 3693 apostolica:
1444 3621 1502 3675 in
1542 3620 1732 3676 Galliis
1763 3622 1841 3675 le-

218 3720 411 3790 gatus,
441 3714 813 3769 Claromonte
846 3710 1172 3765 celebravit.
1210 3710 1309 3763 Hic
1340 3709 1401 3763 iu
1433 3709 1552 3777 illo,
1588 3712 1651 3763 ut
1681 3709 1842 3780 Hugo

220 3801 667 3861 Flaviniacensis
696 3800 757 3854 in
789 3798 1072 3854 Chronico
1108 3797 1451 3852 Virdunensi
1507 3798 1661 3868 apud
1702 3796 1843 3851 Lab-

219 3896 397 3951 boum
424 3894 571 3946 tom.
590 3888 994 3943 [Bibliothecaz
1018 3902 1180 3941 novae
1196 3886 1319 3941 Mss.
1348 3902 1480 3957 pag.
1516 3888 1612 3941 201
1656 3885 1842 3953 docet,

222 3983 281 4038 in
312 3978 701 4052 Stephanum,
724 3974 1043 4031 Aniciensis
1070 3974 1323 4029 ecclesiae
1365 3973 1714 4041 invasorem,
1750 3990 1845 4028 ex-

222 4065 769 4126 communicationis
824 4062 1175 4118 sententiam
1229 4062 1393 4129 tulit;
1445 4062 1594 4117 hanc
1653 4065 1847 4117 autem

226 4156 437 4213 deinde
463 4153 790 4224 Gregorius,
818 4168 972 4207 anno
1013 4154 1168 4218 1073,
1203 4167 1315 4222 quo
1343 4149 1583 4204 Indictio
1617 4149 1850 4205 Pontifi-

227 4246 314 4301 cia
339 4261 441 4300 xta
473 4241 743 4298 Januario
776 4241 849 4295 ad
891 4239 1221 4295 Decembris
1254 4238 1431 4293 finem
1467 4239 1741 4307 cucurrit,
1776 4239 1849 4294 ad

227 4348 567 4406 supremam
582 4328 840 4385 Ecclesiae
855 4344 921 4383 ca
936 4328 1292 4394 cathedram,
1312 4326 1391 4381 uti
1405 4327 1558 4397 apud
1575 4344 1776 4381 omnes
1788 4326 1847 4382 in

226 4420 489 4478 confesso
538 4422 662 4486 est,
710 4421 933 4471 evectus
961 4459 974 4485 ,
1026 4415 1245 4470 duabus
1307 4414 1541 4470 diversis
1574 4415 1846 4487 epistolis,

228 4512 412 4566 altera
444 4508 517 4564 ad
564 4505 874 4562 canonicos
902 4503 1259 4570 Aniciences,
1306 4503 1487 4558 altera
1530 4503 1605 4557 ad
1652 4504 1854 4558 Gallia-

227 4615 360 4654 rum
405 4597 705 4667 episcopos
752 4592 832 4647 uti
885 4593 1036 4666 apud
1090 4592 1379 4646 Labbeum
1428 4594 1571 4646 tom.
1618 4592 1660 4646 X
1701 4592 1849 4647 Con-

230 4687 520 4753 ciliorum,
551 4684 642 4739 col
690 4683 790 4737 164
815 4679 1009 4735 videre
1056 4684 1161 4748 est,
1208 4696 1322 4735 uno
1368 4680 1691 4751 eodemque
1734 4680 1848 4748 die,

229 4776 458 4832 decimo
486 4771 754 4827 videlicet
784 4769 1069 4824 Kalendas
1085 4768 1314 4841 Aprilis,
1352 4767 1668 4823 indictione
1696 4768 1849 4824 deci-

227 4881 329 4921 ma
369 4860 594 4935 quinta,
631 4844 989 4930 conscriptis,
1042 4856 1444 4925 confirmavit;
1480 4874 1679 4928 quare,
1719 4874 1850 4914 cum

1928 266 2127 326 fuerit.
2147 268 2284 322 Huic
2307 272 2501 322 autem
2538 286 2567 323 e
2594 273 2778 324 castro
2808 270 3158 339 Rcciacensi,
3180 273 3379 348 inquo
3411 297 3543 338 cum

1927 360 2199 413 Brunone
2228 356 2466 428 aliisque
2501 358 2906 412 verosimiliter
2934 376 2999 413 ex
3027 360 3191 416 dictis
3209 363 3334 433 jam
3362 384 3548 425 versa-

1926 447 2117 512 batur,
2153 448 2498 518 przesentem
2530 463 2589 501 se
2618 447 2774 500 stetit
2804 448 3106 513 Manasses,
3137 453 3389 508 ecclesiae
3434 457 3547 513 Re-

1928 534 2142 590 mensis
2170 534 2532 605 praepositus,
2563 538 2733 606 atque
2761 534 2914 589 inter
2947 537 3200 608 Hugonis
3232 541 3404 612 legati
3430 561 3550 601 ma-

1928 642 2033 678 nus
2060 623 2139 677 uti
2175 623 2341 693 hujus
2374 622 2526 677 infra
2569 623 2679 676 huc
2725 624 3163 680 transcribenda
3194 629 3435 699 epistola
3479 634 3547 688 fi-

1929 713 2062 766 dem
2116 711 2252 765 facit
2294 713 2444 764 male
2501 711 2779 782 acquisita
2812 713 3089 782 primaria
3139 718 3390 773 ecclesiae
3438 722 3547 778 Re-

1929 799 2142 855 mensis
2165 798 2650 870 dignitate,quam
2668 816 2821 854 anno
2842 800 3067 855 circiter
3082 802 3217 858 1076
3236 807 3309 860 ob
3330 807 3451 878 ipso
3467 809 3550 866 Si-

1928 888 2195 943 moniaco
2216 889 2459 959 prresule
2474 888 2725 943 Manasse
2748 889 3224 957 obtinuerat,sese
3241 895 3545 955 abdicavit.

2004 980 2122 1031 H7.
2150 975 2292 1029 Hinc
2315 991 2510 1047 porro,
2534 975 2723 1029 eidem
2740 977 2982 1031 concilio
3000 978 3175 1034 etiam
3192 982 3545 1055 Brunonem,

1930 1064 2205 1149 aliosque,
2258 1062 2354 1134 qui
2408 1080 2539 1117 cum
2586 1080 2652 1118 eo
2698 1065 3003 1120 Reciacum
3068 1070 3545 1144 commigrarent,

1929 1153 2183 1207 ecclesiae
2220 1152 2519 1206 Remensis
2572 1151 2777 1207 clerico
2815 1153 3141 1211 interfuisse
3191 1157 3545 1234 ibidemque,

1929 1258 2056 1314 quas
2105 1243 2310 1293 contra
2340 1240 2657 1294 Manassem
2691 1241 3036 1297 Remensem
3085 1245 3403 1303 antistitem
3446 1250 3550 1307 ha-

1933 1329 2149 1384 bebant
2202 1328 2632 1383 accusationum
2686 1330 2875 1399 capita
2925 1332 3168 1387 concilio
3200 1338 3547 1409 exposuisse,

1928 1416 2256 1473 verosimile
2310 1420 2588 1488 apparet,
2648 1416 2729 1470 uti
2778 1418 2953 1473 etiam
3004 1419 3063 1473 in
3113 1422 3260 1489 hoc,
3327 1429 3390 1480 ut
3435 1428 3549 1484 Ma-

1933 1523 2143 1571 nasscs,
2174 1505 2243 1558 de
2278 1504 2517 1575 objectis
2542 1504 2881 1561 criminibus
2925 1524 3046 1562 sese
3098 1515 3446 1583 purgaturus
3475 1517 3549 1573 ad

1932 1593 2087 1648 aliud
2108 1592 2368 1665 proxime
2396 1592 2654 1646 futurum
2684 1593 2991 1649 concilium
3030 1596 3323 1668 citaretur,
3358 1602 3552 1660 decre-

1933 1685 2057 1736 tum
2083 1680 2275 1735 fuisse.
2310 1681 2377 1733 Et
2408 1696 2544 1735 vero
2592 1680 2749 1734 brevi
2780 1681 2951 1752 hujus
2980 1700 3101 1739 sese
3150 1687 3358 1743 obtulit
3392 1708 3552 1748 occa-

1934 1770 2016 1824 sio
2040 1787 2053 1824 :
2081 1768 2387 1841 Gregorius
2407 1768 2586 1835 enim,
2611 1786 2871 1823 summus
2891 1771 3169 1843 pontifex,
3190 1774 3324 1830 data
3343 1783 3548 1849 quarto

1934 1858 2065 1912 ldus
2100 1856 2250 1924 Maii,
2282 1856 2603 1912 lndictione
2635 1856 2862 1913 decima
2893 1858 3115 1930 quinta,
3148 1878 3295 1933 quas,
3334 1868 3396 1920 ut
3423 1867 3550 1938 jam

1937 1946 2071 2013 dixi,
2103 1961 2322 2001 annum
2361 1947 2492 2001 1077
2518 1944 2805 2016 designat,
2837 1947 2911 2001 ad
2938 1948 3260 2018 Hugonem,
3291 1970 3457 2011 suum
3490 1957 3552 2014 in

1937 2034 2420 2105 Galliislegatum,
2441 2033 2683 2106 epistola
2708 2034 2769 2088 in
2794 2035 3086 2091 mandatis
3107 2037 3284 2116 dedit,
3310 2045 3390 2110 ut,
3421 2060 3555 2102 con-

1938 2125 2179 2195 gregata
2214 2122 2616 2194 episcoporum
2652 2122 2905 2178 Franciae
2938 2125 3157 2197 synodo
3189 2144 3419 2186 causam
3447 2133 3553 2190 Ge-

1938 2211 2116 2278 rardi,
2152 2210 2581 2265 Cameracensis
2612 2211 2797 2278 electi,
2828 2211 2924 2282 qui
2964 2216 3090 2284 post
3119 2215 3205 2269 sui
3228 2217 3554 2289 legitimam

1941 2298 2283 2354 electionem
2315 2298 2386 2352 ab
2413 2298 2657 2353 Henrico
2687 2315 2846 2369 rege,
2896 2298 3174 2372 ignorans
3199 2308 3257 2359 et
3286 2308 3438 2364 hunc
3464 2326 3557 2366 ex-

1942 2387 2455 2454 communicatum,
2473 2389 2530 2441 et
2559 2387 2956 2443 investituram
2975 2407 3007 2444 a
3022 2390 3378 2464 principibus
3396 2398 3556 2456 laicis

1942 2475 2218 2548 accipere,
2249 2491 2352 2546 per
2385 2475 2720 2547 pontificem
2747 2492 2868 2530 esse
2899 2478 3277 2550 prohibitum,
3330 2484 3557 2543 investi-

1941 2568 2133 2619 turam
2166 2567 2483 2636 acceperat,
2518 2563 2715 2620 sedulo
2744 2564 3073 2634 discuteret,
3108 2572 3279 2642 atque
3308 2573 3553 2631 aliarum

1943 2653 2354 2707 nonnullarum
2376 2652 2568 2707 Gallia:
2591 2653 2962 2709 ecclesiarum
2984 2662 3555 2735 causas,negotiaque

1943 2759 2070 2814 quas
2097 2742 2169 2796 ad
2186 2742 2414 2807 harum,
2444 2741 2773 2796 Ecclesimve
2796 2743 3071 2799 universa:
3095 2747 3403 2805 utilitatem
3422 2768 3556 2808 con-

1943 2831 2150 2886 ducere
2192 2830 2307 2885 visa
2335 2829 2386 2885 oi
2430 2829 2690 2896 fuissent,
2739 2830 3027 2900 deﬁniret,
3060 2833 3335 2892 advocato
3377 2840 3553 2897 etiam

1944 2919 2017 2975 ad
2059 2918 2342 2990 synodum
2392 2934 2495 2991 pro
2529 2919 2905 2974 Arvernensis
2944 2921 3194 2977 ecclesiae
3234 2940 3404 2981 causa
3447 2929 3556 2984 Hu-

1944 3024 2096 3079 gone
2125 3005 2484 3062 Cluniacensi
2532 3006 2763 3062 abbate.
2799 3008 2995 3063 Paruit
3035 3011 3321 3082 pontificis
3352 3016 3553 3073 volun-

1942 3096 2045 3150 tati
2071 3097 2253 3168 Hugo,
2278 3094 2703 3167 conciliumque
2720 3097 3358 3170 Augustoduniindixit,
3381 3103 3557 3177 idque

1943 3183 2021 3238 ibi
2045 3200 2117 3239 eo
2134 3183 2255 3255 ipso
2272 3184 2458 3238 adhuc
2475 3200 2629 3238 anno
2649 3187 2805 3251 1077,
2828 3202 2942 3257 quo
2976 3187 3239 3259 proxime
3262 3207 3560 3249 memora-

1941 3275 2062 3326 tam
2084 3272 2387 3342 epistolam
2415 3272 2487 3325 ad
2517 3288 2651 3326 eum
2682 3289 2833 3345 papa
2872 3274 3195 3346 scripserat,
3226 3280 3554 3338 celebravit.

2019 3362 2136 3414 118.
2167 3361 2269 3426 Ita,
2303 3359 2399 3431 qui
2426 3360 2518 3413 hic
2548 3361 2760 3415 erroris
2788 3362 3049 3418 convinci
3082 3382 3199 3420 non
3233 3370 3441 3437 potest,
3468 3369 3556 3424 di-

1941 3450 2089 3502 serte
2122 3447 2298 3501 tradit
2330 3448 2490 3520 Hugo
2542 3448 3001 3518 Flaviniacensis,
3049 3456 3247 3508 auctor
3289 3456 3560 3526 synchro-

1944 3553 2069 3601 nus,
2101 3535 2160 3589 in
2194 3535 2476 3590 Chronico
2502 3536 2841 3591 Virdunensi
2871 3539 3024 3610 apud
3057 3540 3347 3597 Labbeum
3367 3548 3510 3600 tom.
3535 3548 3559 3603 Ι

1942 3623 2306 3677 Bibliotheca:
2357 3639 2517 3677 novas
2573 3640 2707 3678 mss.
2768 3641 2904 3696 pag.
2974 3629 3072 3681 199
3126 3628 3205 3683 sic
3256 3631 3555 3690 scribens:

1948 3733 1976 3761 ‹‹
2000 3712 2166 3765 Juxta
2188 3712 2310 3764 haec
2338 3711 2529 3783 itaque
2564 3713 2840 3767 mandata
2870 3714 3182 3785 apostolica
3205 3717 3259 3787 (a
3280 3719 3556 3791 Gregorio

1946 3801 2099 3873 Papa
2128 3799 2354 3871 Hugoni
2379 3800 2573 3855 Diensi
2598 3817 2700 3872 per
2711 3801 3014 3873 epistolam
3031 3820 3161 3859 mox
3176 3806 3388 3862 dictam
3402 3808 3556 3883 data)

1945 3891 2299 3959 congregata
2325 3891 2410 3942 est
2435 3888 2686 3959 synodus
2699 3891 3113 3947 venerabilium
3140 3895 3374 3950 Patrum
3406 3898 3560 3969 apud
3608 3932 3609 3935 η

1946 3977 2165 4032 Eduam
2181 3976 2285 4030 sub
2315 3977 2493 4030 tutela
2517 3980 2574 4031 et
2594 3978 2954 4048 protectione
2978 3980 3182 4036 Christi
3204 3984 3557 4041 Domini.....

1948 4082 2100 4120 anno
2133 4065 2203 4119 ab
2237 4065 2639 4119 Iucarnatione
2666 4066 2897 4121 Domini
2947 4071 3101 4137 1077,
3138 4070 3234 4125 ubi
3284 4088 3565 4131 convene-

1947 4156 2084 4207 runt
2110 4170 2177 4207 ex
2204 4152 2444 4207 Francia
2466 4155 2523 4207 et
2550 4154 2883 4224 Burgundia
2903 4156 3070 4212 multi
3099 4158 3346 4215 illustres
3375 4162 3501 4217 viri.
3529 4182 3563 4217 δ

1949 4242 2125 4297 Porro
2171 4241 2303 4296 huic
2335 4240 2578 4297 concilio
2623 4243 2923 4311 Manasses,
2972 4246 3224 4301 ecclesiae
3268 4238 3599 4309 Remensis~
3654 4264 3657 4265 '

1950 4329 2308 4404 prtcpositus,
2344 4328 2600 4401 itemque
2630 4329 2871 4385 Sanctus
2902 4336 3098 4388 noster
3135 4336 3229 4391 alii
3256 4338 3566 4398 Remenses

1951 4417 2161 4483 clerici,
2196 4416 2293 4488 qui
2334 4434 2450 4471 una
2493 4434 2625 4471 cum
2670 4418 2823 4474 hisce
2860 4421 3053 4477 Remis
3076 4424 3395 4495 .Reciacum
3441 4447 3565 4487 sese

1948 4509 2311 4580 receperant,
2362 4505 2789 4575 interfuerunt,
2849 4508 3239 4585 Simoniceque
3304 4533 3370 4571 ac
3419 4518 3561 4573 alio-

1948 4612 2079 4652 rum
2123 4593 2433 4649 criminum
2462 4599 2871 4651 accusaverunt
2906 4599 3219 4655 Manassen]
3252 4604 3561 4676 archiepis-

1950 4701 2158 4757 copum
2190 4700 2357 4737 suum
2388 4682 2507 4755 qui,
2537 4700 2667 4738 cum
2687 4684 2893 4740 citatus
2908 4688 3107 4743 fuisset
3129 4689 3202 4743 ad
3229 4691 3562 4759 concilium,

1950 4772 2137 4843 eique,
2186 4770 2393 4843 spretis
2440 4771 2617 4843 legati
2664 4774 2902 4829 monitis
2953 4792 3017 4830 ac
3069 4779 3389 4848 praeceptis,
3440 4795 3569 4837 sese

1951 4860 2149 4914 sistere
2184 4858 2544 4931 neglexisset,
2580 4859 2640 4915 in
2664 4878 2818 4930 eum,
2848 4863 3019 4917 veluti
3051 4864 3110 4917 in
3137 4868 3584 4935 contumacem,

228 4950 516 5027 posterior
555 4949 681 5004 haec
712 4949 851 5001 nota
880 4944 1170 5011 chronica,
1208 4944 1289 4998 uti
1330 4961 1398 4999 ex
1427 4944 1552 5015 jam
1583 4944 1749 5000 dictis
1780 4946 1850 5002 de

230 5039 457 5099 obtenti
484 5056 519 5093 a
537 5034 813 5109 Gregorio
839 5032 1207 5090 Pontificatus
1231 5049 1385 5087 anno
1404 5032 1603 5105 liquet,
1629 5051 1849 5091 annum

237 5134 371 5188 1077
402 5127 687 5197 designet,
723 5138 1081 5195 consequens
1119 5123 1223 5187 est,
1251 5124 1314 5176 ut
1340 5127 1850 5193 praememoratum

231 5215 566 5281 concilium,
604 5211 760 5287 quod
788 5211 949 5283 [iugo
973 5208 1193 5265 Diensis
1214 5208 1582 5264 Claromonte
1604 5210 1852 5267 celebra-

232 5307 332 5373 vit,
373 5305 465 5361 vel
496 5302 664 5359 initio
699 5300 1003 5374 ipsiusmot
1048 5297 1186 5354 anni
1234 5297 1369 5352 1077
1414 5298 1498 5353 vel
1529 5300 1633 5356 sub
1670 5298 1847 5357 ﬁnem

1951 4948 2340 5020 suspensionis
2386 4949 2674 5004 sententia
2699 4950 2805 5005 fuit
2837 4952 3080 5022 prolata.
3120 4951 3329 5007 Verum
3362 4953 3438 5006 ab
3462 4952 3603 5009 hac

1952 5052 2086 5091 mox
2106 5036 2177 5090 ad
2198 5035 2554 5109 pontiﬁcem,
2584 5040 2645 5092 ut
2664 5042 2923 5108 apparet,
2944 5040 3574 5110 appellavitManasses
3588 5078 3626 5105 ,

1951 5124 2333 5199 vindictaeque
2364 5123 2625 5193 interim,
2678 5124 2817 5179 dum
2860 5126 3107 5183 Romam
3146 5127 3304 5182 adire
3356 5122 3639 5197 posset,

1953 5213 2316 5286 percupidus,
2360 5212 2611 5269 ecclesiae
2656 5212 2955 5272 Remensis
3005 5214 3319 5281 canonicis,
3352 5220 3693 5267 accusa——

1956 5301 2175 5360 toribus
2198 5304 2332 5372 suis,
2358 5315 2392 5355 a
2411 5301 2655 5360 concilio
2672 5300 2745 5356 ad
2766 5303 3129 5371 Reciacense,
3155 5302 3237 5359 uti
3258 5318 3333 5357 ex
3344 5300 3499 5371 jam
3517 5305 3711 5352 su—
