3996 6012
361 286 426 348 7t
1226 276 1285 344 S.
1317 280 1666 344 BRUNONIS
1693 278 2325 341 CARTHUSIANORUM
2361 272 2828 341 INSTITUTORIS
3609 279 3679 341 72

367 429 475 488 pra
500 409 665 471 dictis
707 410 972 486 infraque
1002 404 1259 468 dicendis
1289 414 1548 486 apparet,
1589 412 1839 466 castrum
1881 425 1973 463 re-
1996 411 2049 471 Α
2078 424 2434 481 quamquam
2456 425 2559 481 per
2581 408 2892 466 familiares
2909 408 3062 483 regis
3076 407 3323 484 gratiam
3338 406 3387 481 ej
3398 425 3460 464 us
3479 403 3679 465 Conse-

369 504 696 569 deuntibus,
743 501 1020 574 plurimas
1048 501 1107 556 in
1138 502 1226 556 via
1251 501 1454 555 struxit
1484 499 1737 564 insidias,
1771 498 1975 552 domos

352 606 570 647 eorum
618 591 812 646 Remis
840 591 1033 661 fregit,
1062 590 1399 661 przebendas
1428 588 1706 654 vendidit,
1734 589 1793 640 et
1820 587 1976 640 bona

366 679 621 753 diripuit.
677 680 824 735 Audi
850 680 972 734 haec
1000 679 1237 733 suismet
1267 678 1454 732 verbis
1503 678 1807 746 Hugonem
1848 674 1972 728 Fla-

365 768 755 823 viniacensem
779 768 903 822 loco
923 767 1181 840 proxime
1214 767 1308 821 cit.
1342 764 1976 837 exponentem.«Accu—

370 860 524 912 satus
564 859 648 910 est
676 856 735 910 in
769 855 975 911 eodem
1020 855 1261 911 concilio
1298 850 1819 925 (Augustodunensi
1867 849 1973 904 sci-

368 944 518 1015 licet)
549 944 846 998 Remensis
858 944 1109 998 ecclesias
1134 944 1364 998 invasor
1383 940 1743 996 Simoniacus
1756 939 1973 993 Manas-

369 1049 457 1088 ses
487 1050 520 1088 a
547 1032 764 1088 clericis
807 1032 1204 1096 Remensibus,
1238 1034 1295 1086 et
1330 1047 1633 1103 suspensus
1662 1028 1733 1082 ab
1763 1026 1974 1092 officio,

367 1121 503 1192 quia
533 1124 762 1177 vocatus
788 1121 861 1175 ad
919 1120 1226 1176 concilium
1279 1123 1341 1174 ut
1393 1136 1451 1173 se
1506 1119 1800 1192 purgaret,
1857 1133 1975 1173 non

365 1209 542 1265 venit.
574 1209 680 1273 Qui
708 1225 838 1264 cum
870 1209 1160 1264 canonicis
1192 1209 1489 1263 Remensis
1532 1208 1783 1262 ecclesia:
1812 1223 1976 1260 accu-

367 1299 653 1357 satoribus
702 1297 815 1354 suis
841 1339 854 1364 ,
908 1315 943 1352 a
991 1297 1233 1352 concilio
1274 1297 1667 1362 redeuntibus,
1700 1295 1977 1368 plurimas

368 1390 624 1461 parasset
663 1386 900 1441 insidias
927 1386 1163 1440 demum
1178 1386 1380 1439 domos
1405 1401 1604 1439 eorum
1618 1384 1813 1455 fregit,
1837 1399 1978 1455 pra:-

368 1476 587 1532 hendas
613 1491 815 1530 eorum
846 1473 1127 1539 vendidit,
1163 1475 1220 1527 et
1249 1474 1403 1527 bona
1432 1489 1631 1527 eorum
1662 1471 1916 1543 diripuit.
1946 1491 1973 1519 »

448 1568 568 1620 119.
598 1564 729 1618 Haec
760 1563 941 1634 Hugo.
989 1562 1057 1616 Et
1098 1578 1235 1615 sane
1278 1561 1502 1615 veritati
1548 1577 1668 1614 esse
1714 1558 1976 1631 apprime

371 1669 645 1719 consona,
664 1651 840 1705 etiam
867 1650 1046 1721 liquet
1071 1666 1137 1704 ex
1154 1649 1412 1720 epistola,
1438 1650 1509 1703 ab
1524 1649 1763 1719 Hugone
1785 1648 1976 1718 legato

369 1745 500 1813 post
529 1739 754 1795 concilii
788 1737 1256 1803 celebrationem,
1288 1737 1516 1804 auditis,
1536 1753 1678 1808 quas
1697 1737 1981 1790 Manasses

367 1829 622 1887 Brunoni
671 1827 908 1897 aliisque
947 1842 1013 1879 ex
1056 1826 1152 1892 illo
1183 1825 1558 1880 redeuntibus
1588 1824 1838 1879 ecclesiae
1870 1824 1977 1877 Re-

369 1918 585 1975 mensis
615 1914 907 1971 canonicis
938 1913 1231 1979 intulerat,
1264 1912 1434 1967 variis
1477 1912 1721 1984 injuriis,
1753 1911 1825 1965 ad
1851 1911 1981 1965 Gre-

366 2006 595 2079 gorium
621 2003 956 2076 pontificem
983 2001 1136 2067 data,
1164 2002 1221 2055 in
1250 2018 1383 2072 qua,
1410 2000 1685 2055 Sanctum
1718 2002 1979 2053 nostrum

362 2094 793 2163 Manassemque
811 2088 1429 2162 praepositumudignos
1448 2087 1675 2142 habitos
1692 2087 1862 2141 fuisse
1875 2102 1977 2157 pro

367 2180 607 2237 nomine
625 2179 755 2232 Jesu
777 2177 1191 2240 contumeliam
1214 2177 1402 2249 pati,»
1433 2176 1703 2241 declarat,
1719 2174 1979 2229 alludens

366 2267 821 2331 verosimillime,
855 2282 928 2320 ne
952 2265 1138 2319 dicam
1168 2263 1427 2331 indubie,
1448 2263 1521 2318 ad
1556 2262 1815 2334 injurias,
1838 2277 1978 2333 quas

367 2357 562 2423 ambo,
584 2372 614 2411 e
629 2355 870 2410 concilio
887 2353 1389 2424 Augustodunensi
1412 2351 1713 2407 Reciacum
1736 2350 1980 2404 redeun-

366 2447 472 2512 tes,
504 2447 627 2499 tum
654 2443 714 2498 in
745 2443 854 2508 via,
889 2444 1011 2496 tum
1040 2441 1233 2495 Remis
1266 2441 1325 2495 in
1349 2439 1515 2495 bonis
1546 2440 1660 2494 suis
1690 2437 1838 2511 passi
1860 2437 1979 2491 fue-

365 2536 501 2589 rant
554 2532 867 2604 Epistolam
912 2529 1093 2595 illam,
1157 2529 1311 2600 quod
1364 2531 1666 2600 praeterea,
1724 2544 1851 2599 quae
1905 2525 1977 2579 de

363 2619 653 2687 Monassis,
688 2618 987 2674 Remensis
1028 2617 1281 2672 ecclesia)
1321 2616 1635 2690 praepositi,
1664 2616 1737 2670 ad
1791 2614 1979 2669 Claro-

362 2711 711 2765 montanum
731 2724 831 2762 seu
856 2708 1214 2760 Arvernense
1239 2705 1547 2760 concilium
1561 2719 1787 2761 accessu
1807 2719 1978 2774 supra

363 2797 598 2863 asserui,
632 2795 840 2851 invicte
868 2796 1097 2867 probet,
1128 2794 1373 2865 aliaque,
1399 2812 1525 2866 qum
1553 2796 1665 2850 huc
1694 2797 1752 2849 et
1784 2792 1980 2866 praeci-

364 2902 477 2958 pue
506 2886 824 2941 Manassem
856 2882 1351 2954 archiepiscopum
1402 2886 1681 2953 spectant,
1722 2883 1975 2953 comple-

2072 501 2234 552 cutus
2256 497 2346 550 sit.
2380 499 2461 552 De
2489 497 2806 554 Senonensi
2831 504 3024 554 autem
3050 499 3475 572 archiepiscopo
3504 515 3681 570 quan-

2073 588 2190 638 tam
2216 586 2648 655 contumeliam,
2670 591 3019 659 quantamve
3046 588 3317 660 injuriam
3355 586 3680 642 auctoritati

2073 678 2273 729 vestrae
2296 674 2353 729 in
2375 678 2573 730 nostra
2594 677 2881 748 legatione
2898 677 3174 743 intulerit,
3190 694 3223 731 a
3240 675 3512 749 praedicto
3526 676 3590 729 R.
3618 677 3681 729 ut

2074 763 2628 836 spero,sufﬁcienter
2654 765 2905 819 audistis.
2936 767 3130 837 Neque
3159 766 3267 820 hoc
3290 764 3503 830 dicens,
3529 764 3678 817 Deus

2073 851 2232 905 testis
2276 854 2380 918 est,
2431 852 2680 923 gloriam
2737 870 2929 909 meam
2976 871 3193 926 qumro.
3246 850 3682 923 Burdegalensis

2075 955 2323 1011 quoque,
2340 940 2616 1012 quoniam
2629 946 2858 997 vocatus
2880 943 3171 1015 praeterito
3199 957 3353 996 anno
3386 940 3459 995 ad
3477 942 3681 994 Arver-

2076 1044 2254 1082 nense
2301 1029 2606 1084 concilium
2639 1047 2826 1102 neque
2868 1030 3043 1097 venit,
3094 1046 3281 1103 neque
3319 1029 3594 1083 canonice
3622 1044 3682 1081 se

2076 1116 2380 1183 excusavit,
2416 1116 2476 1171 in
2505 1117 2710 1171 eodem
2745 1118 2988 1173 concilio
3033 1118 3107 1173 ab
3154 1116 3461 1190 episcopali
3489 1114 3680 1170 officio

2075 1219 2382 1276 suspensus
2413 1208 2517 1259 est.
2553 1205 2719 1269 Quod
2755 1206 2850 1260 ille
2889 1206 3266 1279 vilipendens,
3308 1204 3681 1259 interdictum

2075 1291 2181 1346 sibi
2212 1294 2500 1366 usurpavit
2530 1294 2808 1349 ofﬁcium.
2833 1296 3043 1350 Rursus
3064 1299 3295 1350 vocatus
3313 1294 3387 1349 ad
3402 1295 3682 1365 Augusto-

2080 1379 2339 1435 dunense
2372 1382 2701 1451 concilium,
2734 1384 3011 1455 quoniam
3042 1384 3261 1439 nullam
3291 1382 3683 1437 causationem

2077 1467 2242 1522 nobis
2270 1469 2447 1535 misit,
2481 1472 2655 1526 etiam
2688 1489 2722 1525 a
2741 1472 3060 1528 sacerdotio
3099 1471 3500 1543 suspendimus
3528 1486 3682 1525 eum.

2156 1582 2183 1609 ››
2214 1564 2332 1615 121.
2353 1561 2432 1615 De
2449 1560 2535 1615 his
2557 1577 2696 1632 ergo
2718 1560 2984 1616 omnibus
3002 1561 3139 1634 quid
3154 1560 3482 1632 Magnitudo
3501 1561 3689 1614 vestra

2071 1648 2433 1724 judicaverit,
2484 1649 2624 1721 quid
2671 1649 2809 1703 inde
2852 1666 3026 1719 agere
3074 1649 3370 1721 placuerit,
3422 1646 3686 1721 parvitati

2078 1742 2288 1795 nostra;
2324 1754 2621 1809 rogamus,
2652 1737 2967 1792 rescribite.
2999 1739 3284 1792 Praeterea
3319 1753 3688 1808 summopere

2080 1826 2384 1899 possimus,
2415 1829 2477 1880 ut
2504 1842 2608 1897 per
2629 1825 2933 1880 dominum
2967 1825 3334 1881 Valentinum
3357 1824 3688 1896 episcopum

2079 1915 2316 1989 pallium
2353 1914 2515 1969 nobis
2540 1914 2778 1969 mittatis
2799 1914 2872 1969 ad
2891 1914 3352 1969 conﬁrmandam
3373 1911 3687 1968 ordinatio-

2082 2020 2216 2058 nem
2248 2002 2660 2073 religiosissimi
2691 2003 3087 2074 Lugdunensis
3118 2002 3376 2057 Ecclesiae
3406 2000 3689 2073 archiepi-

2080 2100 2259 2171 scopi,
2280 2098 2484 2151 contra
2502 2093 2852 2147 oblatrantes
2872 2090 3170 2146 haereticos
3194 2094 3251 2145 et
3280 2090 3350 2145 de
3371 2089 3523 2160 regis
3538 2088 3687 2143 indi-

2079 2186 2358 2259 gnatione
2381 2183 2648 2238 adversus
2669 2180 3101 2235 ordinationem
3119 2179 3220 2234 Dei
3247 2178 3553 2233 carnaliter
3562 2178 3687 2257 glo-

2077 2276 2313 2330 riantes.
2339 2274 2462 2343 Ipse
2485 2268 3009 2341 enim,postpositis
3023 2264 3690 2323 omnibusincommodis

2079 2367 2137 2418 et
2150 2361 2415 2436 periculis
2430 2358 2685 2431 penuriae
2701 2360 2873 2430 atque
2888 2356 3129 2421 itineris,
3147 2355 3476 2411 Sanctitatis
3488 2356 3689 2409 vestrae

2078 2447 2407 2522 conspectui
2445 2446 2807 2502 devotissime
2833 2461 2892 2499 se
2920 2447 3314 2518 przesentaret,
3358 2444 3401 2499 si
3443 2442 3692 2499 Ecclesia

2076 2539 2159 2594 illi
2187 2537 2512 2601 commissa,
2560 2534 2781 2589 tamdiu
2822 2533 3098 2606 languida
3128 2535 3187 2587 et
3215 2532 3457 2605 pastoris
3485 2530 3688 2587 solatio

2079 2627 2368 2696 destituta,
2397 2640 2628 2697 quoquo
2657 2622 2832 2678 modo
2865 2622 3184 2677 absentiam
3200 2621 3320 2693 ejus
3336 2620 3460 2675 sine
3473 2635 3687 2692 magno

2078 2714 2429 2771 detrimento
2460 2712 2578 2786 pati
2601 2711 2893 2784 potuisset.
2911 2710 3215 2765 Valentino
3258 2709 3522 2782 episcopo
3548 2724 3691 2778 prae-

2077 2803 2247 2876 cipite
2267 2805 2324 2857 et
2350 2800 2717 2856 securitatem
2748 2798 2805 2853 in
2836 2816 3013 2854 manu
3046 2800 3234 2853 vestra
3269 2797 3528 2869 accipite,
3554 2812 3690 2869 qua-

2077 2891 2233 2946 tinus
2250 2890 2399 2945 circa
2441 2889 2651 2943 festum
2699 2887 2756 2941 S.
2798 2886 3036 2941 Joannis
3064 2885 3350 2957 Baptistae,
3380 2886 3553 2956 prout
3582 2898 3688 2938 nos

362 2976 569 3039 ctatur,
596 2973 656 3028 in
670 2972 784 3027 ﬁne
813 2972 1287 3042 mutilammwut
1308 2971 1751 3044 apUlLabbellm
1776 2971 1976 3026 tom-X
2005 2961 2051 3019 C
2075 2996 2205 3034 cum
2238 2994 2305 3033 eo
2335 2975 2563 3032 condixi
2592 2993 2740 3041 mus,
2773 2973 3017 3029 Ecclesia
3045 2991 3147 3029 sua
3172 2973 3246 3029 ad
3277 2971 3686 3028 celebrandum

363 3061 752 3118 Conciliorum
774 3062 881 3115 col.
914 3062 1015 3115 365
1045 3063 1101 3114 et
1124 3076 1243 3131 seq.
1275 3062 1474 3126 exstat,
1494 3061 1604 3114 huc
1627 3059 1970 3114 transcribo.

360 3151 454 3208 Sic
478 3151 655 3205 habet
680 3166 693 3204 :
717 3171 746 3200 «
771 3146 1265 3203 Reverendissimo
1290 3148 1443 3201 Patri
1469 3150 1526 3201 et
1543 3148 1782 3203 domino
1811 3162 1973 3218 papae

358 3238 633 3311 Gregorio
679 3254 795 3292 sua:
822 3235 1112 3291 sanctitati
1144 3235 1542 3289 inutilissimus
1569 3251 1762 3289 servus
1810 3234 1971 3305 Hugo

357 3325 591 3382 humilis
612 3325 912 3397 presbyter
923 3323 1166 3389 Diensis,
1188 3323 1452 3376 salutem.
1473 3322 1759 3387 Quoniam
1776 3321 1975 3376 didici-

358 3428 487 3470 mus
500 3415 564 3469 R.
585 3414 839 3467 vestrum
867 3411 1248 3466 Parisiensem
1270 3410 1623 3476 rediisse,cui
1646 3410 1973 3481 injunxera-

356 3504 573 3569 mus,ut
585 3500 1001 3567 ﬁdeliter,sicut
1022 3499 1171 3553 filius
1195 3499 1564 3563 vester,vobis
1584 3499 1827 3552 referret
1842 3514 1969 3569 ges-

354 3595 417 3647 ta
436 3588 967 3662 Augustodunensis
981 3587 1336 3653 concilii,cui
1369 3586 1751 3658 interfuit,qui
1785 3601 1973 3658 neque

357 3694 463 3753 per
483 3695 588 3734 nos
616 3676 806 3744 rediit,
830 3692 1018 3747 neque
1036 3675 1353 3747 quidquam
1380 3675 1451 3729 de
1482 3678 1633 3729 statu
1662 3677 1849 3729 vestro
1870 3691 1971 3729 no-

357 3767 447 3823 bis
469 3765 714 3838 scripsit,
734 3781 1006 3835 rogamus
1024 3764 1436 3836 paternitatem
1460 3766 1730 3829 vestram,
1756 3766 1818 3815 ut
1842 3779 1971 3817 sen-

355 3855 602 3912 tentiam
627 3870 787 3908 suam
817 3852 981 3907 nobis
995 3853 1266 3923 dignetur
1288 3851 1534 3905 scribere
1548 3868 1719 3924 super
1737 3850 1973 3905 ordina-

356 3945 517 3999 tione
536 3941 851 4007 Remensis,
868 3940 1229 3994 Bituricensis
1244 3943 1302 3994 et
1315 3940 1499 3993 Carno
1521 3939 1695 3993 tensis
1714 3937 1971 3993 esclesia-

356 4048 511 4088 rum.
538 4052 566 4079 δ)

433 4141 461 4170 ‹‹
504 4119 625 4173 120.
661 4116 816 4171 Sciat
864 4131 1094 4187 quoque
1126 4114 1443 4186 paternitas
1475 4117 1681 4181 vestra,
1718 4113 1853 4186 quia
1878 4114 1973 4169 ille

359 4204 756 4263 Noviomensis
787 4202 970 4258 dictus
1013 4202 1330 4274 episcopus,
1379 4202 1481 4256 sub
1518 4202 1973 4257 comminatione

359 4294 601 4370 publica:
623 4290 1065 4348 examinationis
1092 4308 1126 4344 a
1148 4290 1312 4344 nobis
1334 4288 1698 4344 familiariter
1724 4294 1970 4356 exactus,

358 4383 650 4439 confessus
679 4383 764 4435 est
795 4379 961 4434 nobis
995 4378 1317 4433 Simoniam
1367 4394 1551 4444 suam,
1599 4378 1974 4450 praesentibus

358 4468 722 4525 Laudunensi
759 4470 818 4521 et
849 4465 1197 4538 Lingonensi
1230 4465 1511 4539 episcOpis
1540 4482 1670 4520 cum
1702 4466 1826 4521 aliis
1848 4466 1973 4538 qui-

357 4558 621 4614 husdam.
650 4556 809 4611 Unde
826 4555 1003 4610 etiam
1030 4556 1392 4609 sacramento
1425 4571 1597 4626 supra
1618 4571 1778 4609 sacra
1799 4554 1977 4608 Evan-

360 4645 512 4719 gelia
544 4644 709 4700 nobis
745 4643 1015 4709 firmavit,
1049 4642 1225 4715 quod,
1266 4642 1397 4696 visis
1428 4642 1632 4697 litteris
1662 4641 1860 4697 vestris
1888 4643 1974 4698 vel

356 4732 647 4806 legatione
661 4735 866 4798 vestra,
881 4730 1202 4797 ecclesiam,
1224 4746 1397 4804 quam
1415 4732 1564 4785 male
1578 4733 1972 4802 occupaverat,

358 4820 509 4878 bene
568 4819 907 4886 dimitteret,
949 4823 1008 4875 et
1037 4834 1142 4890 pro
1201 4836 1366 4892 posse
1422 4822 1480 4873 et
1544 4819 1688 4873 scire
1741 4835 1865 4885 suo,
1913 4823 1977 4873 ut

348 4909 522 4982 juxta
572 4910 755 4964 Deum
791 4907 1178 4974 ordinaretur,
1232 4907 1529 4978 adiuvaret
1582 4907 1971 4963 Silvanecten-

360 4997 437 5054 sis
465 5013 601 5053 vero
653 4995 970 5069 episcopus,
1023 4998 1259 5069 accepta
1310 4995 1646 5050 investitura
1692 4995 1763 5050 de
1794 5012 1972 5052 manu

358 5085 532 5157 regis,
568 5084 866 5140 ordinatus
916 5087 1002 5140 est
1056 5083 1258 5139 abillo
1308 5083 1642 5156 (Manassem
1692 5083 1975 5140 Simonia-

360 5188 493 5229 cum
513 5173 813 5229 Remensis
832 5173 1094 5228 Ecclesiae
1112 5172 1445 5244 episcopum
1467 5189 1567 5227 seu
1598 5172 1791 5245 potius
1821 5172 1975 5228 inva-

361 5278 552 5318 sorem
571 5260 856 5332 designat)
903 5260 1172 5316 Remensi
1211 5258 1613 5326 haeresiarcha,
1647 5260 1735 5315 cui
1772 5261 1975 5317 litteris

363 5349 563 5404 vestris
608 5347 1017 5415 interdixistis,
1062 5366 1135 5404 ne
1194 5347 1525 5419 hujusmodi
1573 5348 1633 5404 in
1678 5350 1975 5427 episcopos

365 5436 666 5509 acciperet.
718 5436 1222 5505 Antisiodorensis,
1268 5437 1421 5492 infra
1446 5454 1630 5493 annos
1655 5438 1972 5507 ordinatus,

366 5524 763 5585 investituram
803 5524 1038 5601 quidem
1077 5527 1149 5583 de
1180 5542 1356 5582 manu
1385 5526 1540 5600 regis
1587 5542 1702 5583 non
1736 5529 1973 5599 accepit,

2076 3067 2331 3122 officium
2354 3066 2517 3119 illum
2536 3062 2795 3135 accipiat,
2813 3062 2947 3134 quia
2963 3062 3126 3116 valde
3157 3064 3515 3134 opportunus
3537 3059 3689 3114 vide-

2074 3158 2167 3209 tur
2199 3155 2271 3209 ad
2305 3151 2760 3225 oppugnandam
2795 3150 3232 3233 provincialium
3268 3148 3686 3220 arrogantiam.

2072 3242 2386 3297 Manassem
2410 3242 2605 3294 autem
2624 3238 2876 3293 amicum
2895 3240 3159 3292 nostrum
3174 3236 3233 3291 in
3255 3236 3497 3304 Christo,
3517 3236 3613 3309 qui
3627 3236 3686 3292 in

2074 3331 2525 3385 Claromontano
2547 3326 2788 3381 concilio
2812 3325 3112 3380 Remensis
3132 3324 3391 3381 Ecclesiae.
3424 3325 3575 3380 male
3594 3341 3687 3380 ac-

2073 3417 2341 3490 quisitam
2354 3415 2793 3488 prmposituram
2811 3414 2869 3469 in
2893 3430 3070 3468 manu
3084 3416 3282 3469 nostra
3292 3412 3693 3480 dimisit,com-

2072 3505 2418 3560 mendamus
2430 3503 2631 3576 gratia;
2652 3501 2981 3558 Sanctitatis
3002 3504 3224 3569 vestrae,
3237 3502 3381 3556 sicut
3393 3501 3688 3556 catholicae

2073 3593 2206 3648 fidei
2224 3593 2512 3648 sincerum
2529 3592 2919 3656 defensorem,
2934 3592 2990 3644 et
3005 3589 3309 3644 dominum
3332 3590 3685 3655 Brunonem,

2074 3681 2372 3737 Remensis
2398 3679 2659 3734 Ecclesiae
2691 3679 2750 3733 in
2785 3677 2946 3733 omni
2980 3678 3281 3733 honestate
3316 3677 3681 3749 magistrum.

2075 3770 2241 3841 Digni
2272 3771 2404 3822 sunt
2429 3768 2585 3821 enim
2635 3767 2806 3821 ambo
2839 3783 2874 3821 α
2900 3765 3082 3831 vobis,
3107 3767 3164 3820 et
3202 3765 3259 3820 in
3288 3765 3394 3830 his,
3428 3781 3554 3837 quae
3582 3764 3685 3819 Dei

2076 3860 2209 3911 sunt
2232 3859 2418 3910 vestra
2443 3855 2783 3910 auctoritate
2824 3853 3179 3921 confirmari,
3222 3853 3497 3926 quoniam
3526 3852 3685 3925 digni

2074 3944 2251 3999 habiti
2280 3946 2411 3997 sunt
2436 3958 2539 4013 pro
2592 3942 2830 3997 nomine
2850 3942 2980 3996 Jesu
3011 3941 3423 3997 contumeliam
3445 3940 3583 4014 pati.
3622 3942 3687 3996 Et

2074 4032 2202 4087 ideo
2234 4031 2589 4085 consultores
2623 4030 2953 4106 profuturos
2983 4046 3166 4085 causa:
3193 4027 3293 4085 Dei
3324 4032 3382 4083 et
3411 4045 3684 4102 coopera-

2072 4123 2227 4174 tores
2256 4119 2313 4173 in
2341 4118 2597 4190 partibus
2626 4118 2877 4173 Francius
2910 4117 3249 4173 adhibeatis.
3285 4138 3311 4165 ››

2150 4231 2177 4258 ‹‹
2209 4205 2327 4265 122.
2360 4206 2657 4261 Remensis
2693 4206 2947 4261 haeretici
2987 4205 3409 4279 depositionem
3455 4222 3683 4262 con.....

2045 4297 2383 4367 irevelatam
2417 4295 2782 4367 iniquitatem
2824 4294 3056 4367 sanguis
3085 4294 3209 4351 coeli
3242 4297 3413 4349 ct.....
3450 4296 3682 4362 clamat,

1999 4343 2051 4400 D

2075 4383 2430 4439 auctoritatis
2460 4387 2661 4437 vestrae
2687 4382 2899 4454 scripto
2932 4383 3260 4438 robora.....
3289 4383 3394 4439 hos
3411 4400 3686 4456 rogamus

2074 4471 2341 4527 Remensi
2355 4472 2613 4526 Ecclesiae
2628 4470 2929 4525 destinate.
2940 4510 2977 4524 ..
2989 4486 3195 4525 ..suam
3212 4471 3682 4539 satisfactionem,

2076 4564 2173 4615 aut
2207 4561 2348 4632 ipse,
2389 4559 2435 4614 si
2469 4559 2759 4631 placit.....
2793 4561 2891 4613 aut
2917 4559 3081 4614 nobis
3106 4558 3526 4632 suscipiendam
3544 4577 3687 4632 prte-

2074 4648 2264 4720 cipite.
2288 4647 2549 4712 Quia.....
2569 4646 3231 4702 excommunicationem
3246 4648 3686 4713 vestram,nobis

2074 4735 2431 4802 inconsultis,
2481 4735 2732 4807 episcopi
2786 4734 3132 4790 electionem
3181 4736 3462 4804 fecerunt,
3520 4736 3684 4792 Tiezo

2073 4823 2224 4878 filius
2242 4828 2428 4879 vester
2452 4824 2578 4895 jam
2602 4822 2841 4878 redisset
2870 4822 2945 4877 ad
2973 4839 3091 4890 vos,
3125 4823 3236 4879 nisi
3267 4824 3339 4879 ad
3371 4840 3689 4880 convocan-

2075 4912 2214 4967 dum
2246 4911 2554 4967 concilium
2611 4911 2671 4966 18
2722 4909 3008 4965 Kalendas
3059 4911 3371 4979 Februarii,
3426 4911 3684 4979 Pictavis,

2075 5001 2192 5055 Deo
2240 5002 2556 5066 annuente,
2606 4998 3017 5053 celebrandum
3041 4999 3519 5067 detineretur;in
3570 5017 3684 5073 quo

2073 5087 2315 5143 concilio
2350 5087 2692 5142 meritorum
2712 5089 3034 5141 vestrorum
3058 5087 3442 5158 patrocinium
3487 5088 3686 5144 adesse

2075 5176 2240 5231 nobis
2258 5174 2589 5255 suppliciter
2608 5190 2930 5229 exoramus.
2949 5174 3121 5231 Orate
3148 5193 3251 5249 pro
3275 5176 3460 5243 nobis,
3482 5176 3687 5232 sancti-

2074 5264 2217 5319 sime
2257 5265 2495 5318 Pater.»
2521 5262 2669 5316 Talis
2698 5265 2784 5316 est
2808 5261 2941 5327 data
2971 5264 3043 5318 ab
3075 5264 3312 5336 llugone
3343 5265 3533 5321 Diensi
3558 5283 3681 5337 pos.

2072 5351 2587 5424 Augustoduneuse
2619 5349 2926 5406 cou0ilium
2951 5369 3128 5420 anno,
3162 5356 3223 5407 ut
3249 5356 3509 5426 apparet,
3549 5358 3682 5411 1077

2075 5444 2173 5495 aut
2190 5437 2480 5511 sequentis
2499 5437 2665 5492 initio
2682 5437 2757 5493 ad
2771 5457 3061 5495 summum
3076 5441 3407 5512 pontificem
3423 5442 3683 5513 epistola;

2075 5547 2106 5585 e
2129 5546 2241 5601 qua
2266 5545 2425 5594 sane,
2450 5544 2577 5602 qum
2599 5545 2773 5600 supra
2796 5530 2918 5584 tum
2949 5528 3018 5584 de
3055 5527 3223 5583 illatis
3244 5546 3347 5602 per
3369 5529 3683 5586 Manassem
