4122 6058
167 232 238 289 73
1746 221 1931 284 ACTA
3427 218 3497 285 75

170 352 671 432 archiepiscopum
705 353 916 413 Sancto
948 352 1194 430 injuriis,
1224 357 1348 412 tum
1382 353 1453 411 de
1480 350 1652 427 hujus
1674 353 1787 409 Ma-
1812 357 1868 415 Α
1894 350 2078 409 censis
2111 350 2236 409 loco
2269 350 2532 426 proxime
2557 347 2652 409 cit.
2686 351 2949 422 testatur,
2972 348 3178 410 litteras
3195 346 3268 421 ei,
3298 373 3325 406 α
3355 352 3497 413 utin

171 447 469 519 uassisque
502 446 796 519 praepositi
816 447 876 501 in
898 447 1140 502 concilio
1173 446 1624 501 Claromontano
1648 459 1791 515 pra:-

170 535 356 589 sentia
407 535 579 601 edixi,
628 535 851 605 optime
881 536 1165 589 firmatur.
1215 534 1315 588 Rei
1364 533 1539 588 modo
1579 531 1789 587 seriem

170 639 614 695 prosequamur.
628 625 825 678 Aruno
840 624 1143 695 clericique
1160 621 1617 692 Remenses,ejus
1628 618 1787 686 socii,

168 712 397 767 evitatis
427 728 567 784 quas
582 712 685 778 eis,
711 712 1000 767 aconcilio
1024 710 1520 785 Bugustodunensi
1542 709 1788 764 redeun-

169 801 345 868 tibus,
380 801 669 856 Mauasses
718 801 1183 873 archiepiscopus
1226 803 1510 855 struxerat
1546 796 1787 864 insidiis,

169 891 241 945 ad
278 890 524 944 Ebalum
554 890 829 945 comitem
856 890 917 944 in
949 890 1291 945 Reciacense
1318 888 1487 959 hujus
1517 889 1788 951 castrum,

169 995 198 1032 e
231 994 350 1050 quo
390 978 533 1033 illud
580 978 866 1043 adierant,
901 995 1023 1033 sese
1073 978 1284 1033 iterum
1326 992 1617 1049 recepere,
1665 989 1794 1044 gra-

168 1065 420 1120 vissima:
454 1065 590 1132 litis,
651 1083 774 1121 sese
806 1067 958 1121 inter
997 1070 1054 1121 et
1096 1065 1591 1137 archiepiscopum
1625 1077 1792 1118 suum

167 1154 503 1225 pendentis,
537 1154 753 1209 exitum
775 1155 991 1210 ibidem
1024 1154 1398 1226 prastolaturi.

243 1245 369 1297 123.
420 1244 505 1323 Ita
531 1245 771 1297 autumo
821 1243 976 1314 quod
1006 1243 1286 1298 Manasses
1330 1242 1790 1315 archiepiscopus

165 1330 322 1403 apud
354 1330 652 1385 Labbeum
702 1334 845 1385 tom.
889 1332 932 1385 X
959 1331 1368 1398 Conciliorum,
1420 1332 1527 1386 col.
1571 1332 1695 1399 363,
1728 1332 1788 1386 in

168 1418 421 1489 epistola
451 1434 626 1490 supra
655 1417 851 1485 citata,
895 1436 1070 1490 quam
1101 1419 1175 1474 ad
1201 1420 1543 1491 Gregorium
1566 1421 1658 1474 VII
1688 1436 1788 1492 pa-

168 1523 305 1576 pam
326 1506 512 1573 dedit,
532 1507 611 1561 ita
628 1507 897 1578 loquatur
926 1523 940 1562 :
963 1509 1083 1562 «De
1100 1508 1310 1563 comite
1328 1507 1560 1575 ()Ebalo,
1584 1509 1681 1580 qui
1698 1525 1792 1563 me

164 1595 224 1649 iu
251 1594 568 1666 prasentia
598 1599 784 1650 vestra
808 1613 1073 1651 accusare
1092 1597 1503 1663 tentabat,etse
1515 1614 1793 1670 suamque

172 1683 328 1737 ﬁdeli
338 1686 521 1737 tatem
536 1682 694 1738 vobis
705 1684 891 1739 verbis
904 1685 1307 1740 simulantibus
1322 1687 1790 1755 commendabat,

171 1771 308 1825 satis
350 1771 415 1824 in
453 1774 726 1844 promptu
776 1773 1001 1827 habetis
1021 1790 1388 1845 cognoscere,
1422 1775 1580 1845 cujus
1605 1775 1794 1847 potius

176 1859 483 1913 sinceritas
528 1859 823 1915 ﬁdelitatis
874 1877 1015 1933 erga
1066 1879 1165 1916 vos
1220 1862 1484 1918 videatur
1527 1863 1790 1918 existere.

179 1949 383 2002 Utrum
399 1964 553 2015 mea,
569 1948 666 2019 qui
690 1950 807 2003 Deo
822 1953 881 2003 et
903 1949 1063 2004 vobis
1074 1954 1305 2021 paratus
1325 1968 1451 2006 sum
1477 1968 1582 2023 per
1596 1953 1795 2006 omnia

179 2036 444 2103 obedire,
470 2053 545 2090 an
568 2037 743 2104 illius,
772 2037 869 2109 qui
893 2041 952 2092 et
981 2039 1135 2109 apud
1148 2055 1245 2093 vos
1276 2056 1380 2110 per
1402 2040 1715 2095 Manassem
1736 2045 1795 2095 et

179 2141 307 2178 suos
342 2141 620 2196 sequaces
658 2125 716 2178 iu
747 2142 848 2179 suo
880 2130 1064 2181 castro
1115 2132 1379 2199 receptos
1433 2130 1795 2201 persequitur

178 2213 418 2267 beatam
444 2212 702 2267 Mariam.
745 2214 1026 2270 Manasses
1057 2215 1235 2283 enim,
1274 2216 1343 2271 de
1374 2233 1489 2288 quo
1524 2218 1790 2285 diximus,

178 2301 267 2355 cui
301 2318 411 2356 nos
440 2302 607 2372 jussu
636 2305 844 2364 vestro,
879 2303 1035 2374 quod
1063 2303 1123 2357 in
1155 2321 1259 2358 nos
1290 2305 1623 2374 admiserat,
1650 2307 1695 2361 si
1722 2307 1795 2362 ad

174 2389 491 2444 Ecclesiam
524 2393 774 2444 matrem
805 2406 968 2445 suam
998 2391 1234 2459 rediret,
1269 2393 1629 2462 indulsimus,
1664 2412 1797 2467 conj-

172 2476 420 2531 scientia
462 2478 696 2532 sceleris
750 2478 836 2532 sui
893 2479 1191 2550 depressus
1254 2498 1361 2535 nec
1406 2483 1479 2536 ad
1531 2499 1632 2537 vos
1678 2486 1798 2540 vult

174 2565 389 2630 redire,
428 2582 533 2619 nec
557 2565 685 2635 paci
718 2567 977 2621 Ecclesiae
1029 2569 1404 2635 concordare,
1436 2570 1575 2641 quin
1608 2571 1797 2643 potius

176 2670 306 2707 cum
365 2653 480 2707 illis
526 2653 640 2708 suis
670 2655 1026 2725 sequacibus,
1060 2656 1197 2727 quia
1242 2657 1405 2712 factis
1435 2675 1552 2713 non
1586 2664 1794 2730 potest,

177 2741 365 2795 verbis
398 2745 457 2795 et
488 2741 809 2797 maledictis
842 2743 1147 2798 Ecclesiam
1171 2762 1380 2817 meque
1402 2747 1656 2802 lacerare
1678 2766 1797 2804 non

175 2828 415 2883 desinit.
452 2829 635 2895 Unde,
671 2832 736 2884 ut
765 2830 835 2884 de
865 2830 989 2901 ipso
1019 2832 1232 2887 (Ebalo
1265 2837 1510 2901 taceam,
1538 2835 1598 2889 in
1625 2854 1798 2908 quem

175 2933 294 2983 vos,
328 2917 532 2983 credo,
556 2918 773 2988 justam
801 2921 857 2972 et
871 2920 1258 2990 Apostolicam
1280 2938 1544 2977 exercere
1565 2928 1798 2979 senten-

178 3005 340 3071 tiam,
371 3021 548 3075 super
569 3006 822 3061 Manasse
845 3006 1130 3063 instanter
1144 3009 1424 3081 deprecor
1434 3012 1799 3068 sanctitatem

176 3098 453 3160 vestram,
509 3098 570 3147 ut
619 3098 719 3148 aut
742 3094 994 3165 jubeatis
1033 3114 1164 3151 eum
1207 3097 1280 3152 ad
1313 3115 1415 3153 sua
1446 3100 1696 3170 regredi,
1743 3104 1800 3156 et

185 3182 432 3236 ulterius
476 3198 594 3236 non
644 3181 989 3254 impugnare
1054 3185 1385 3253 Ecclesiam,
1436 3191 1535 3242 aut
1570 3188 1632 3242 in
1665 3206 1798 3244 eum

178 3271 423 3342 ejusque
455 3270 709 3325 fautores
736 3273 794 3325 et
820 3276 1223 3345 coeperatores
1250 3275 1563 3346 Apostolici
1587 3277 1799 3349 vigoris

182 3357 450 3429 dirigatis
481 3357 1067 3415 animadversionem.
1115 3362 1447 3433 Dignamini
1501 3365 1678 3419 etiam
1726 3367 1799 3421 ad

173 3464 375 3501 eorum
404 3450 737 3518 receptores
761 3448 1010 3504 scribere
1028 3454 1221 3522 aptam
1257 3452 1582 3522 epistolam,
1608 3458 1671 3509 ut
1704 3459 1801 3510 aut

175 3551 270 3589 eos
301 3539 514 3589 contra
562 3535 824 3591 Ecclesiae
848 3538 981 3607 jura
1013 3554 1130 3592 non
1180 3540 1492 3606 retineant,
1540 3545 1638 3596 aut
1676 3543 1799 3614 pari

170 3623 464 3678 sententia
481 3623 787 3678 mulctatos
817 3642 877 3679 se
899 3631 1249 3696 agnoscant:
1273 3628 1520 3699 «quibus
1547 3646 1577 3683 e
1614 3631 1801 3686 verbis

169 3711 569 3766 consideranti
589 3716 863 3782 patescet,
878 3715 1194 3769 Manassen]
1214 3717 1585 3788 przepositum
1607 3719 1799 3773 adhte-

175 3803 495 3871 rentesque
536 3799 610 3866 ei,
663 3816 909 3871 quorum
946 3820 1089 3857 unus
1116 3807 1240 3858 erat
1292 3804 1533 3861 Sanctus
1584 3810 1797 3875 noster,

176 3887 456 3941 Ecclesia:
470 3888 769 3943 Remensis
785 3891 1021 3946 clericos
1042 3895 1165 3946 tum
1184 3896 1360 3960 certe,
1384 3912 1515 3949 cum
1538 3895 1797 3966 epistola,

168 3974 293 4029 haec
336 3977 756 4047 complectens,
792 3996 826 4033 a
855 3979 1107 4034 Manasse
1142 3981 1594 4055 archiepiscopo,
1646 3986 1802 4056 quod

166 4080 350 4129 anno,
386 4063 469 4118 uti
502 4063 653 4119 infra
687 4065 926 4133 docebo,
956 4069 1430 4137 1078factum,ad
1462 4072 1801 4128 Pontiﬁcem

165 4150 273 4205 fuit
305 4150 632 4223 concripta,
666 4154 819 4225 apud
869 4154 1147 4211 OEbalum
1200 4158 1474 4213 comitem
1504 4159 1564 4213 in
1617 4165 1799 4217 castro

166 4240 507 4294 Reciacensi
567 4258 666 4296 seu
724 4243 1093 4299 Rauciacensi
1153 4251 1543 4303 commoratos
1586 4248 1797 4325 fuisse;

170 4328 329 4400 quod
363 4345 500 4383 cum
528 4329 609 4384 ita
632 4330 725 4397 sit,
758 4348 879 4385 sese
914 4332 973 4386 in
1012 4332 1091 4399 id,
1136 4352 1291 4390 anno
1328 4338 1460 4391 1077
1494 4353 1525 4389 e
1554 4338 1797 4392 concilio

166 4416 644 4488 Augustodunesi
695 4424 1067 4488 revertentes,
1118 4439 1231 4494 quo
1282 4424 1578 4479 Manasssis
1608 4427 1793 4481 archi-

166 4504 425 4576 episc0pi
481 4505 721 4560 insidias
773 4508 1153 4577 dcctinarent,
1188 4512 1589 4567 verosimiliter
1640 4530 1794 4569 rece-

162 4596 401 4664 perant,

241 4683 367 4735 124.
394 4681 508 4736 Nec
535 4681 594 4736 id
624 4686 871 4750 tantum,
895 4686 1051 4758 quod
1090 4688 1264 4743 modo
1286 4690 1580 4759 proposui,
1599 4707 1629 4745 e
1651 4691 1791 4746 reci-

164 4768 298 4823 tatis
316 4770 584 4840 epistolae
606 4771 872 4827 Manassis
882 4774 1070 4829 verbis
1084 4776 1373 4843 discimus,
1393 4794 1591 4833 verum
1610 4780 1786 4835 etiam

167 4857 409 4912 Ebalum
430 4876 531 4912 seu
550 4856 825 4915 (Iibalum
840 4862 1133 4931 comitem,
1153 4864 1247 4936 qui
1263 4864 1536 4920 Sanctum
1551 4868 1785 4939 ejusque

175 4949 387 4999 contra
398 4947 716 5003 Manassem
748 4950 1240 5024 archiepiscopum
1257 4953 1495 5008 comites
1526 4954 1584 5008 in
1600 4959 1784 5011 castro

168 5050 271 5087 suo
308 5034 604 5101 tuebatur,
640 5035 837 5092 Romae
864 5038 1032 5107 hujus
1054 5045 1443 5096 accusatorem
1484 5044 1637 5113 apud
1656 5045 1787 5100 Gre-

164 5121 400 5189 gorium
444 5122 662 5192 Papam
689 5124 895 5195 egisse.
931 5126 1035 5190 Qui
1068 5128 1129 5182 id
1154 5129 1369 5184 factum
1409 5130 1500 5197 sit,
1534 5148 1781 5203 expono.

163 5208 453 5263 lanasses
503 5211 989 5284 archiepisc0pus,
1035 5217 1154 5287 qui,
1201 5220 1263 5270 ut
1309 5234 1481 5289 supra
1523 5219 1710 5289 docui,
1752 5240 1787 5276 a

165 5298 483 5363 sententia,
504 5297 560 5353 in
577 5301 819 5356 concilio
831 5304 1333 5373 Augustodunensi
1352 5312 1552 5361 contra
1563 5326 1620 5363 se
1648 5310 1783 5376 lata,

168 5386 233 5438 ad
265 5403 574 5441 summum
615 5389 953 5445 Pontiﬁcem
1002 5394 1406 5448 verosimiliter
1445 5399 1784 5469 appellarat,

171 5472 416 5531 Romam
452 5493 607 5532 anno
646 5481 795 5546 1078,
816 5497 947 5535 cum
974 5480 1130 5547 inde,
1159 5483 1789 5554 proutllugoFlavinia-

603 5575 833 5634 Paraon.
871 5577 1029 5634 CLII.

1890 442 2156 511 concilio,
2181 465 2208 491 »
2244 443 2356 499 alio
2387 443 2623 512 scilicet,
2655 443 2715 498 in
2732 444 2906 500 Galiis
2921 443 3112 499 denuo
3127 443 3498 511 celebrando,

1894 547 2056 585 «cum
2068 548 2162 586 sex
2176 549 2234 587 se
2250 533 2875 604 purgaretepiscopis,»
2898 532 3127 587 traditae
3144 532 3406 597 fuissent,
3436 547 3497 585 se

1890 620 2152 675 contulit.
2190 622 2647 693 Ebalusgcomes,
2681 622 2876 677 audito
2900 620 3157 693 przesulis
3187 618 3503 675 Simoniaci

1892 709 2137 765 discessu
2167 727 2231 765 ac
2280 710 2539 777 consilio,
2588 711 2698 765 iter
2737 710 2954 782 pariter
2984 711 3232 764 Romam
3286 725 3500 777 versus,

1891 815 2005 871 quo
2040 799 2117 854 ibi
2133 803 2336 854 contra
2358 816 2490 854 enm
2512 799 2852 855 clericorum
2866 799 3259 865 Remensium,
3279 813 3423 870 quos
3438 797 3499 851 iu

1892 890 2143 942 castrum
2170 905 2334 943 suum
2357 905 2422 943 ac
2454 888 2783 943 clientelam
2799 891 3116 960 receperat,
3157 903 3388 942 causam
3411 889 3500 940 tu-

1892 979 2130 1043 taretur,
2165 977 2426 1048 arripuit,
2445 977 2653 1032 horum
2683 976 2861 1031 etiam
2885 976 3104 1048 aliquot
3129 974 3236 1030 sibi
3262 974 3503 1045 adjunc-

1890 1065 1982 1119 tis.
2026 1066 2093 1120 Et
2136 1082 2201 1120 ex
2231 1066 2319 1120 his
2355 1066 2591 1138 quidem
2638 1065 2916 1120 exstitisse
2968 1064 3259 1131 Pontium,
3293 1063 3504 1136 saepius

1884 1155 2007 1225 jam
2038 1155 2271 1210 laudata
2297 1154 2564 1209 Manassis
2594 1153 3007 1226 archiepiscopi
3029 1152 3313 1225 Apologia
3346 1151 3503 1222 apud

1889 1243 2283 1299 Mabillonium
2312 1246 2458 1298 tom.
2488 1246 2528 1311 Ι,
2555 1247 2702 1314 part.
2737 1259 2776 1297 ιι
2798 1242 2968 1298 Musei
2993 1241 3195 1308 Italici,
3226 1256 3361 1311 pag.
3400 1242 3493 1295 121

1891 1331 2282 1386 indubitatum
2310 1331 2447 1386 facit
2473 1350 2489 1400 ;
2517 1331 2770 1387 Fulcium
2802 1335 2996 1385 autem
3024 1330 3406 1393 Monoculum,
3430 1328 3503 1383 de
3562 1402 3567 1408 ‘

1891 1436 2005 1492 quo
2038 1421 2277 1475 Sanctus
2307 1420 2367 1474 in
2393 1421 2689 1475 recitenda
2716 1420 2868 1474 infra
2888 1419 2960 1474 ad
2980 1416 3502 1489 RadulphumViri-

1894 1509 2025 1563 dem
2078 1509 2340 1580 epistola,
2371 1526 2438 1564 ex
2474 1509 2541 1563 iis
2569 1509 2786 1580 pariter
2820 1508 3117 1573 exstitisse,
3175 1504 3502 1560 verosimile

1894 1602 2151 1668 apparet,
2188 1598 2377 1668 primo
2409 1598 2645 1670 quidem
2674 1597 2827 1669 quod
2851 1596 3072 1651 Fulcius
3101 1595 3219 1661 ille,
3243 1593 3503 1648 aSancto

1894 1690 2271 1754 memoratus,
2298 1688 2543 1741 Romam
2558 1703 2699 1753 sese,
2724 1686 2805 1740 uti
2840 1685 3086 1755 ipsamet
3109 1684 3232 1738 haec
3261 1682 3506 1754 epistola

1892 1773 2071 1828 fidem
2101 1775 2258 1841 facit,
2290 1775 2551 1846 proxime
2582 1777 2713 1845 post
2736 1773 3000 1827 habitum
3049 1788 3181 1826 cum
3234 1772 3503 1825 Brunone

1894 1865 1952 1915 et
1983 1863 2280 1934 Radulpho
2307 1863 2485 1917 Viridi
2512 1864 2582 1918 de
2605 1848 2759 1917 Falsis
2779 1861 2984 1915 mundi
3007 1858 3502 1925 delectationibus,

1892 1952 2156 2024 verisque
2189 1952 2313 2007 coeli
2342 1951 2566 2023 gaudiis
2591 1950 2962 2023 colloquium,
2991 1948 3053 2003 in
3085 1964 3198 2020 quo
3212 1945 3513 2002 monachi-

1894 2056 2025 2094 cum
2050 2040 2314 2095 habitum
2328 2056 2618 2094 assumere
2650 2042 2992 2104 statuerunt,
3023 2035 3368 2103 contulerit;
3404 2034 3503 2088 de-

1894 2129 2031 2183 inde
2056 2145 2191 2184 vero
2223 2129 2379 2201 quod
2409 2129 2467 2184 id
2488 2131 2617 2200 post
2648 2127 2955 2182 concilium
2989 2124 3507 2197 Augustodunense

1896 2234 2051 2273 anno
2092 2220 2224 2273 1077
2281 2220 2382 2271 aut
2410 2215 2696 2289 sequenti,
2748 2232 2856 2270 nec
2895 2214 3052 2283 alibi,
3084 2230 3260 2285 quam
3292 2212 3352 2266 in
3391 2228 3510 2267 cas-

1896 2310 1985 2360 tro
2018 2306 2367 2373 Reciacensi,
2395 2306 2660 2359 habitum
2692 2305 2864 2359 fuisse
2894 2303 3177 2358 videatur.

1974 2398 2090 2449 125.
2123 2394 2288 2459 Quod
2307 2411 2420 2465 quo
2437 2397 2748 2465 utcumque
2776 2393 3085 2464 probatum
3119 2391 3275 2457 dem,
3299 2390 3509 2461 praevia

1896 2483 2088 2549 verba,
2130 2483 2336 2555 quibus
2362 2483 2632 2554 colloquii
2658 2482 2807 2536 illius
2830 2480 3071 2536 Sanctus
3100 2478 3372 2534 meminit
3400 2495 3513 2534 nuc

1897 2572 2243 2628 transcribo.
2282 2571 2373 2625 Sic
2411 2572 2661 2625 habent:
2695 2569 3255 2624 «Reminiscitur.....
3278 2568 3509 2623 dilectio

1898 2664 2016 2723 tua,
2033 2661 2209 2732 quod,
2242 2676 2374 2713 cum
2396 2675 2504 2730 ego
2538 2661 2596 2713 et
2620 2662 2681 2713 tu
2697 2661 2755 2712 et
2775 2658 2997 2713 Fulcius
3020 2656 3350 2712 Monoculus
3369 2672 3512 2727 qua-

1900 2751 2034 2804 dam
2056 2749 2147 2803 die
2169 2748 2339 2803 simul
2358 2748 2664 2802 fuissemus
2681 2746 2738 2801 in
2759 2746 2989 2801 hortulo
3007 2745 3294 2816 adjacenti
3311 2743 3510 2799 domui

1899 2839 2057 2903 Adze,
2092 2837 2189 2891 ubi
2220 2836 2721 2907 tunchospitabar,
2755 2834 2825 2889 de
2845 2834 3004 2889 falsis
3032 2832 3513 2888 oblectationibus

1902 2930 1960 2981 et
1972 2926 2242 2997 perituris
2254 2924 2454 2978 mundi
2469 2924 2636 2993 hujus
2651 2922 2880 2986 divitiis,
2900 2938 3129 2976 necnon
3149 2922 3220 2976 de
3240 2920 3512 2994 perennis

1901 3014 2101 3084 glorise
2115 3012 2339 3084 gaudiis
2365 3012 2743 3083 aliquamdiu,
2774 3014 2837 3064 ut
2856 3011 3085 3080 opinor,
3103 3013 3506 3075 tractaremus,

1900 3101 2053 3155 unde
2067 3102 2259 3155 divino
2278 3117 2476 3155 amore
2490 3101 2775 3155 ferventes
2790 3098 3161 3171 promisimus
3177 3115 3243 3153 ac
3257 3098 3514 3153 vovimus

1901 3190 2138 3260 Spiritui
2180 3192 2379 3244 sancto
2421 3189 2480 3243 in
2512 3188 2775 3259 proximo
2825 3187 3066 3259 fugitiva
3110 3186 3299 3241 saeculi
3344 3187 3515 3241 relin-

1900 3296 2074 3350 quere
2097 3284 2154 3333 et
2182 3282 2402 3333 (eterna
2415 3280 2665 3349 captare,
2697 3294 2922 3331 necnon
2955 3275 3359 3330 monachicum
3373 3275 3516 3329 hibi-

1898 3371 2023 3421 tum
2059 3367 2345 3438 recipere;
2391 3366 2547 3437 quod
2577 3369 2635 3419 et
2676 3365 2735 3419 in
2782 3364 2971 3420 vicino
3018 3367 3317 3436 paractum
3342 3366 3510 3428 esset,

1901 3456 2008 3510 nisi
2036 3460 2173 3510 tunc
2190 3454 2409 3509 Fulcius
2434 3455 2678 3508 Romam
2705 3453 2966 3508 adiisset:
2987 3453 3060 3507 ad
3078 3452 3248 3523 hujus
3261 3451 3514 3505 reditum

1901 3543 2236 3614 peragenda
2253 3542 2596 3610 distulimus;
2611 3559 2725 3613 quo
2740 3558 2965 3595 moram
2982 3540 3250 3606 faciente,
3276 3539 3516 3611 aliisque

1901 3630 2418 3686 intervenientibus
2447 3630 2647 3697 causis,
2680 3630 2903 3684 divinus
2933 3644 3097 3683 amor
3128 3627 3405 3698 elanguit,
3426 3643 3515 3680 re-

1900 3719 2103 3790 friguit
2133 3719 2379 3783 animus,
2408 3719 2709 3790 fervorque
2727 3716 3021 3772 evanuit.»
3049 3715 3288 3780 Quando
3321 3716 3513 3786 itaque

1903 3808 2145 3864 Sanctus
2157 3806 2549 3871 collationem,
2563 3805 2656 3859 hic
2678 3806 3084 3870 memoratam,
3104 3803 3161 3856 in
3179 3820 3293 3874 qua
3307 3818 3512 3856 mona-

1903 3897 2073 3950 chum
2102 3895 2272 3962 vovit,
2297 3911 2429 3949 cum
2457 3894 2756 3966 Radulpho
2778 3892 2956 3946 Viridi
2989 3892 3255 3947 acFulcio
3287 3891 3510 3957 habuit,

1903 4001 2020 4039 non
2055 3983 2236 4050 domi,
2269 3984 2369 4038 sed
2397 3982 2585 4037 alieno
2615 3983 2675 4037 in
2707 3981 2957 4054 hospitio
2990 3981 3341 4035 versabatur.
3373 3980 3515 4034 Hinc

1903 4089 2075 4143 porro
2119 4071 2487 4143 consequitur
2507 4074 2570 4126 ut
2598 4072 2747 4126 hanc
2778 4069 2993 4133 Remis,
3028 4074 3338 4141 antequam
3356 4085 3510 4122 anno

1903 4160 2130 4214 circiter
2182 4162 2317 4215 1076
2345 4178 2375 4214 e
2407 4160 2634 4214 civitate
2668 4161 2775 4214 hac
2816 4176 2946 4214 cum
2982 4158 3234 4214 Manasse
3273 4157 3512 4228 aliisque

1904 4248 2282 4303 Remensibus
2301 4248 2521 4303 clericis
2541 4248 2887 4315 excessisset,
2902 4246 3138 4301 indubie
3156 4262 3273 4301 non
3300 4246 3513 4299 habue-

1898 4338 1994 4392 rit.
2031 4339 2361 4393 Brunonem
2393 4338 2549 4391 enim
2582 4340 2717 4392 tunc
2760 4336 2972 4400 Remis,
3005 4335 3101 4390 ubi
3132 4351 3249 4390 non
3279 4337 3509 4389 tantum

1898 4426 2227 4491 canonicus,
2254 4425 2353 4480 sed
2370 4428 2428 4479 et
2444 4426 2811 4480 scholasticus
2835 4428 3115 4496 praeterea
3147 4425 3204 4477 et
3233 4423 3511 4478 cancella-

1892 4514 2010 4569 rius
2026 4519 2168 4581 erat,
2194 4515 2250 4569 in
2271 4514 2472 4569 alienis
2485 4514 2704 4569 aedibus
2715 4514 3021 4577 habitasse,
3043 4512 3365 4567 verosimile
3386 4528 3504 4567 non

1892 4607 2150 4673 apparet,
2178 4607 2239 4657 ut
2272 4604 2490 4657 Bulaeus
2511 4601 2696 4656 verbis
2734 4619 2896 4655 num.
2937 4604 3036 4655 113
3069 4600 3321 4656 recitatis
3345 4604 3500 4655 recte

1888 4691 2097 4761 arguit.
2134 4693 2252 4745 lmo
2282 4708 2435 4757 vero,
2498 4694 2560 4745 ut
2587 4692 2882 4745 Tractatus
2921 4690 2991 4744 de
3023 4689 3081 4744 S.
3136 4690 3424 4753 Brunone,
3467 4705 3502 4742 a

1890 4780 2236 4835 Cartusianis
2279 4779 2568 4851 hujatibus
2596 4796 2823 4834 mecum
2853 4777 3498 4843 eommunicati,auctor

1889 4872 2128 4924 num.’20
2151 4869 2352 4940 Operis
2368 4869 2451 4923 sui
2471 4872 2627 4923 recte
2644 4870 2828 4935 notat,
2857 4865 3241 4922 dubitandum
3264 4880 3379 4917 non
3410 4865 3498 4916 est

1886 4958 2025 5030 quin
2079 4960 2213 5011 tunc
2276 4957 2354 5012 ibi
2396 4957 2636 5012 Sanctus
2667 4959 2938 5011 sumtum
2983 4949 3326 5015 cancellarii,
3369 4952 3491 5003 tum

1886 5045 2145 5101 canonici
2164 5050 2221 5100 et
2236 5050 2285 5100 st
2301 5035 2620 5101 scholastici
2635 5044 2902 5115 dignitati
2919 5056 3236 5111 congruum
3250 5038 3491 5091 domici-

1885 5136 2025 5190 lium
2050 5135 2334 5200 habuerit,
2351 5134 2664 5205 etquidem
2684 5134 2743 5187 in
2768 5132 2889 5204 ipso
2908 5132 3151 5184 claustro
3168 5125 3487 5190 communi,

1886 5240 1998 5295 quo
2017 5224 2114 5277 diu
2137 5227 2272 5279 ante
2304 5227 2361 5277 et
2402 5227 2531 5292 post
2554 5224 2609 5279 S.
2642 5219 2922 5276 Brunonis
2962 5220 3193 5272 mtatem
3227 5212 3492 5269 canonici

1886 5312 2199 5367 Remenses
2250 5313 2331 5368 usi
2363 5312 2546 5378 fuere,
2590 5311 2668 5366 uti
2721 5308 2804 5361 fas
2835 5310 2919 5362 est
2949 5305 3218 5378 colligere
3252 5319 3319 5356 ex
3363 5301 3488 5353 Flo-

1888 5399 2105 5455 doardo
2138 5402 2275 5459 Hist.
2323 5401 2623 5455 Rcmensis
2668 5397 2767 5453 lib.
2806 5413 2866 5464 ιι,
2917 5413 3041 5469 cap.
3082 5399 3168 5462 11,
3211 5389 3494 5448 Chronico

1887 5489 2234 5547 Mosomensi
2262 5486 2414 5565 apud
2445 5487 2792 5547 Dacherium
2822 5489 2966 5545 tom.
3000 5485 3094 5539 Vll
3117 5475 3500 5554 Spicilegii,et

3120 5586 3152 5640 3

3616 5754 4122 5947 Γ
