3996 6012
391 282 461 349 ‘73

1246 276 1305 335 S.
1338 274 1683 335 BRUNONIS
1723 267 2355 333 CARTHUSIANORUM
2390 273 2858 335 INSTITUTORIS

3636 279 3712 342 ‘76

400 408 679 487 Stephani
708 405 1085 467 Tornacensis
1117 405 1369 479 Epistola
1393 407 1511 472 160,
1546 404 1619 460 ad
1640 402 2008 476 Rudulphum
2030 404 2082 465 Α
2109 402 2281 471 plane
2312 404 2544 460 aliunde
2576 404 2881 472 haberi,ex
2904 420 3017 479 quo
3047 404 3241 461 Sancti
3258 422 3390 461 cum
3412 405 3713 482 Radulpho

296 500 311 511 ’
398 505 745 561 Remensem
778 500 1084 563 decanum,
1103 513 1137 550 a
1162 494 1464 566 Radulpho
1493 493 1673 548 Viridi
1695 492 2005 556 diversum,

397 594 548 649 circa
564 592 811 646 annuml
827 589 945 654 176,
960 588 1058 640 aut
1072 586 1133 638 ut
1151 582 1393 649 videtur,
1417 599 1534 637 non
1564 582 1662 637 diu
1693 580 2010 636 admodum

396 685 527 757 post
555 679 784 751 scripta.

474 773 592 826 126.
629 764 906 839 Stephani
931 763 1106 818 verba
1136 763 1247 817 huc
1294 759 1585 826 facientia,
1633 757 1786 829 quod
1813 773 1879 811 ex
1919 754 2007 823 iis,

400 858 707 914 canonicos
740 856 1049 909 Remenses
1074 850 1359 905 Brunonis
1379 852 1547 903 aetate
1576 847 1750 901 vitam
1773 846 1833 900 in
1856 846 2009 899 clau-

399 952 514 1002 stro
548 959 919 1001 communem
947 939 1189 1005 duxisse,
1227 936 1589 1009 potissimum
1635 935 2007 1006 intelligatur,

400 1053 431 1089 e
451 1036 575 1107 jam
601 1027 750 1102 saepe
777 1029 1027 1093 laudato,
1061 1027 1157 1099 qui
1180 1028 1456 1080 hactenus
1472 1026 1731 1097 vulgatus
1762 1039 1879 1077 non
1903 1025 2007 1089 est,

397 1122 707 1179 Annalium
759 1116 1251 1173 Carthusiensium
1300 1114 1450 1169 libro
1500 1131 1554 1168 1v
1602 1112 1883 1167 describo.
1919 1111 2012 1165 Sic

396 1213 616 1267 habent
646 1225 660 1263 :
697 1231 723 1258 ‹‹
752 1206 898 1260 Exiit
927 1220 1118 1259 sermo
1164 1204 1315 1257 inter
1337 1203 1547 1273 plures,
1583 1201 1737 1272 quod
1773 1200 2011 1271 antiqua

398 1302 633 1356 Patrum
664 1294 923 1366 vestigia,
956 1293 1129 1347 sacris
1158 1292 1392 1346 intituta
1433 1289 1687 1344 conciliis
1732 1290 1789 1342 et
1820 1306 1854 1343 a
1884 1289 2007 1359 glo-

396 1389 549 1444 riosa
567 1387 845 1440 hactenus
859 1380 1160 1436 Remensis
1184 1378 1430 1433 Ecclesia
1452 1377 1663 1432 diutiu's
1685 1378 2005 1444 observata,

399 1475 635 1548 quidam
654 1489 719 1527 ex
732 1470 1211 1526 vobisimmutare
1230 1465 2009 1535 contendunt,laminamque

400 1580 635 1620 auream
667 1560 952 1631 religiosae
980 1555 1430 1621 consuetudinis,
1464 1571 1592 1627 quae
1616 1554 1676 1607 in
1691 1553 1883 1607 fronte
1907 1554 2008 1607 Ec-

400 1652 583 1708 clesiae
615 1648 991 1719 Metropoleos
1018 1643 1279 1715 apposita
1308 1644 1460 1697 lucet
1487 1642 1775 1709 omnibus,
1822 1641 1920 1713 qui
1951 1641 2009 1695 in

395 1757 579 1812 regno
611 1740 763 1803 sunt,
798 1735 1048 1808 quadam
1071 1732 1467 1804 singularitate
1498 1730 1765 1785 studeant
1796 1730 2009 1797 delere,

402 1829 671 1900 dejicere,
699 1825 1055 1879 conculcare.
1090 1820 1381 1891 Singulari
1415 1818 1670 1891 quodam
1715 1818 2012 1889 privilegio

401 1917 564 1971 sedes
614 1911 910 1967 Remensis
974 1910 1128 1964 inter
1170 1908 1313 1963 alias
1368 1907 1681 1961 Galliarum
1741 1905 2015 1960 Ecclesias

407 2003 723 2068 eminebat,
772 2014 1143 2071 perseverans
1188 2012 1319 2051 cum
1349 1995 1635 2066 Apostolis
1665 1994 1723 2049 in
1762 2010 2019 2049 commu-

401 2094 577 2149 nione
618 2090 782 2163 panis
812 2092 869 2143 et
901 2086 1183 2152 oratione,
1206 2089 1264 2139 et
1292 2084 1350 2138 in
1384 2083 1578 2138 sociali
1605 2082 2016 2138 communione

399 2178 880 2237 sacramentalem
920 2175 1254 2247 praeferens,
1290 2172 1607 2244 majoribus
1644 2176 1770 2226 erat
1806 2175 2021 2243 specta-

402 2265 947 2333 culum,minoribus
968 2264 1404 2318 documentum.
1431 2262 1507 2315 Ex
1530 2259 1763 2333 reliquis
1792 2261 2020 2331 regula-

402 2360 553 2415 rium
582 2354 1006 2411 institutionum
1034 2352 1147 2407 duo
1161 2352 1286 2405 loca
1310 2350 1415 2404 sibi
1438 2348 2021 2413 detinuerant,coena-

407 2449 598 2503 culum
630 2441 961 2499 refcctionis
994 2443 1050 2494 et
1074 2440 1311 2495 domum
1334 2437 1543 2504 somni,
1578 2437 1637 2491 in
1657 2438 1840 2492 altero
1856 2437 2021 2491 casti-

400 2539 601 2608 gatam
631 2533 936 2603 sequentes
980 2527 1415 2592 abstinentiam,
1452 2526 1510 2580 in
1545 2527 1729 2579 altero
1758 2524 2007 2579 candida

400 2628 522 2679 tam
540 2618 984 2683 continentiam,
1016 2617 1477 2670 observantes....
1508 2615 1569 2667 ln
1588 2614 1674 2668 his
1701 2616 1757 2667 et
1770 2613 1893 2667 aliis
1932 2612 2030 2668 ob"

400 2708 698 2768 servantiis
719 2704 1097 2777 Regularibus
1118 2703 1423 2757 incedebat
1443 2691 1743 2755 Bernensis
1760 2693 2031 2777 Ecclesia?

402 2798 673 2855 terribilis
701 2799 762 2849 ut
777 2796 1096 2848 castrorum
1115 2791 1264 2846 acies
1295 2790 1583 2856 ordinata,
1616 2789 1881 2843 amabilis
1894 2775 2026 2871 suis:

403 2884 760 2943 admirabilis
780 2881 1005 2937 alienis.
1033 2880 1089 2934 Si
1109 2878 1546 2934 haecimmutari
1568 2878 1867 2948 coeperint,
1893 2878 2032 2950 quid

405 2977 558 3032 dicet
588 2988 869 3045 germana
899 2970 1020 3040 ejus
1051 2970 1175 3023 loco
1212 2971 1269 3022 et
1298 2967 1501 3021 ordine
1537 2966 1865 3033 Germania,
1903 2984 2029 3038 qum

406 3064 561 3120 inter
614 3062 766 3139 alias,
810 3057 1196 3113 institutiones
1229 3054 1645 3110 Ecclesiasticas
1699 3054 2031 3110 refectionis

408 3154 595 3209 adhuc
611 3154 669 3206 et
687 3148 895 3222 quietis
910 3148 1229 3201 fraternam
1254 3144 1728 3199 communionem
1742 3144 1819 3197 sic
1841 3145 2033 3198 obser-

408 3246 520 3309 vat,
564 3239 985 3295 utmodcrnam
1014 3234 1451 3290 dissolutionem
1499 3248 1615 3286 non
1665 3232 2027 3286 admittat?»

488 3334 607 3385 127.
653 3328 795 3382 Cum
827 3341 967 3396 ergo
996 3324 1305 3377 Remenses
1332 3320 1615 3386 canonici,
1665 3320 1747 3374 uti
1792 3337 1823 3374 e
1846 3320 2033 3375 verbis

412 3419 567 3474 hisce
592 3430 839 3487 pronum
854 3416 939 3467 est
968 3427 1191 3475 eruere,
1210 3409 1386 3463 vitam
1410 3424 1781 3463 communem
1805 3408 1861 3462 in
1893 3408 2031 3463 aedi-

415 3509 541 3573 bus,
556 3502 831 3576 separatis
843 3500 1100 3573 quidem,
1122 3502 1184 3553 ut
1201 3501 1333 3553 tunc
1352 3497 1529 3551 moris
1550 3500 1694 3563 erat,
1714 3497 1811 3551 uni
1836 3499 2033 3551 tamen

418 3596 726 3665 eidemque
774 3592 1020 3645 claustro
1071 3586 1321 3652 inclusis,
1379 3584 1574 3640 Sancti
1628 3585 1809 3639 nostri
1865 3588 2035 3640 aetate

420 3682 706 3747 duxerint,
734 3679 827 3735 hic
854 3677 1069 3750 utique,
1105 3677 1243 3730 dum
1270 3674 1396 3729 illos
1428 3674 1582 3729 inter
1607 3676 1741 3728 ante
1773 3690 1939 3727 suum
1970 3690 2038 3728 ex

420 3774 563 3828 urbe
590 3768 858 3825 Remensi
879 3767 1209 3833 discessum,
1242 3780 1341 3818 seu
1361 3766 1495 3818 ante
1516 3779 1732 3817 annum
1752 3765 1906 3829 1076,
1924 3779 2038 3834 quo

424 3861 651 3917 circiter
682 3859 728 3913 is
759 3856 987 3923 accidit,
1019 3855 1363 3919 versaretur,
1399 3851 1618 3907 alienas
1643 3850 1859 3905 ibidem
1890 3850 2042 3905 aedes

426 3967 545 4006 non
593 3946 950 4011 inhabitarit,
1008 3960 1072 3998 ac
1107 3942 1273 4014 proin
1324 3957 1429 3995 nec
1473 3944 1608 3994 tunc
1649 3939 2039 4006 collationem,

427 4040 628 4109 utpote
674 4052 823 4107 quae,
873 4035 1141 4087 Brunone
1175 4028 1377 4083 alienis
1402 4028 1461 4081 in
1510 4027 1727 4081 uadibus
1757 4031 2039 4094 versante,

431 4123 722 4187 acciderit,
757 4138 889 4175 cum
917 4118 1216 4187 Radulpho
1247 4115 1424 4169 Viridi
1453 4118 1509 4169 et
1539 4115 1729 4169 Fulcio
1746 4115 2041 4171 Monoculo

431 4212 719 4270 habuerit.
754 4208 971 4264 Eodem
991 4206 1166 4261 etiam
1190 4221 1256 4259 ex
1285 4204 1471 4274 capite
1497 4221 1702 4275 parum
1718 4204 2043 4259 verosimile

431 4303 692 4375 apparet,
727 4296 1096 4353 collationem
1129 4293 1288 4347 illam
1318 4309 1419 4347 seu
1449 4292 1799 4363 colloquium
1857 4292 2041 4347 conti-

434 4392 601 4464 gisse,
634 4389 938 4459 postquam
955 4384 1078 4454 jam
1101 4381 1360 4447 Sanctus,
1381 4383 1751 4436 exauctorato
1766 4382 2044 4454 pulsoque

436 4476 764 4534 Simoniaco
795 4474 1055 4528 invasore
1069 4471 1342 4537 Manasse,
1366 4469 1427 4523 in
1458 4468 1763 4540 pristinum
1783 4470 1924 4537 fere,
1948 4474 2048 4525 aut

434 4568 545 4623 hoc
590 4564 769 4619 etiam
820 4561 970 4616 forte
1002 4560 1324 4625 meliorem,
1374 4561 1607 4625 statum,
1656 4559 1811 4630 quod
1840 4560 1937 4632 qui
1990 4562 2049 4615 et

438 4654 670 4728 quando
706 4653 922 4707 factum
953 4648 1043 4716 sit,
1073 4648 1223 4703 infra
1264 4647 1605 4715 videbimus,
1642 4646 1841 4702 fuisset
1882 4647 2046 4703 resti-

436 4746 611 4798 tutus.
646 4743 823 4796 Porro
863 4755 931 4793 ex
969 4753 1057 4804 eo,
1093 4736 1249 4808 quod
1291 4736 1549 4803 Sanctus,
1598 4736 1736 4790 dum
1781 4736 1850 4790 de
1896 4737 2047 4792 falsis

437 4831 640 4888 mundi
693 4825 1170 4884 oblectationibus
1235 4842 1366 4879 cum
1410 4825 1708 4895 Radulpho
1758 4824 1934 4880 Viridi
1990 4828 2048 4879 et

435 4921 628 4979 Fulcio
663 4932 992 4973 sermonem
1012 4914 1256 4981 miscuit,
1289 4914 1476 4969 alieno
1509 4913 1566 4968 in
1599 4913 1845 4985 hospitio
1874 4913 2048 4968 fuerit

433 5012 705 5073 versatus,
767 5003 1186 5059 consectarium
1233 5006 1516 5074 prteterea
1573 5005 1677 5069 est,
1729 5004 1792 5055 ut
1836 5018 1942 5056 nec
1987 5001 2047 5057 id

435 5097 662 5155 Parisiis
689 5093 962 5150 evenerit.
1000 5092 1107 5156 Qui
1129 5091 1287 5148 enim
1346 5091 1713 5146 collationem
1745 5107 1843 5145 seu
1875 5091 2046 5145 collo-

433 5187 633 5261 quium
678 5183 817 5239 illud
867 5182 1097 5238 Parisiis
1141 5181 1358 5236 factum
1417 5183 1713 5246 statuunt,
1767 5179 2041 5234 Sanctum

434 5278 695 5332 nostrum
715 5275 873 5338 tunc,
892 5287 1023 5327 cum
1036 5270 1094 5325 id
1113 5267 1583 5335 habuit,docendi
1603 5266 1819 5323 ibidem
1833 5285 2041 5323 munus

432 5364 659 5429 abiisse,
692 5360 1013 5428 afﬁrmant;
1041 5358 1197 5431 quod
1220 5357 1267 5411 si
1293 5358 1487 5411 autem
1514 5355 1653 5410 eain
1681 5356 1822 5411 urbe
1851 5356 2040 5428 reipsa

431 5467 709 5525 umquam
724 5451 915 5504 Bruno
932 5447 1234 5515 docuisset,
1252 5446 1451 5502 alienis
1470 5449 1626 5512 tunc,
1640 5446 1793 5499 velut
1808 5446 2033 5518 hospes,

432 5541 650 5600 aedibus
704 5554 903 5596 usurus
951 5535 1121 5592 fuisse
1160 5552 1278 5593 non
1327 5535 1568 5592 videtur.
1610 5534 1860 5603 Accedit,
1894 5534 2033 5592 nihil

2034 1699 2084 1757 Β

2054 3019 2101 3079 C

2066 4346 2117 4406 D

2110 493 2168 544 et
2198 491 2384 547 Fulcio
2398 492 2766 548 collationem
2782 493 3005 549 Parisiis
3018 494 3275 550 habitam
3290 494 3714 563 fuisse,utcum-

2112 595 2222 650 que
2249 579 2349 635 fiat
2380 582 2699 653 probabile,
2732 584 2795 636 ut
2822 583 3086 652 proinde,
3126 584 3206 638 uti
3238 601 3356 639 non
3390 585 3605 652 Remis,
3637 585 3718 640 sic

2111 683 2216 721 nec
2241 668 2318 722 ibi
2351 670 2753 725 verosimiliter
2773 672 3047 726 evenerit.
3083 672 3156 726 At
3192 689 3327 728 vero
3360 673 3578 729 Reciaci
3619 692 3721 730 seu

2112 755 2373 812 Rauciaci
2405 775 2534 813 eam
2561 762 2691 831 post
2710 759 3016 814 concilium
3042 761 3559 832 Augustodunense
3588 779 3718 817 eve-

2111 843 2281 911 uisse,
2314 863 2344 899 e
2375 849 2572 913 status,
2602 847 2661 901 in
2693 864 2805 919 quo
2826 848 2902 902 ibi
2929 848 3169 904 Sanctus
3194 852 3329 905 tunc
3361 850 3491 918 fuit,
3521 851 3722 924 adjun-

2110 935 2214 988 ctis
2243 935 2739 991 verosimillimum
2773 939 3030 1009 apparet.
3192 938 3199 941 ’

2190 1026 2305 1078 128.
2351 1025 2432 1079 lbi
2474 1024 2631 1079 enim
2660 1027 2795 1079 tunc
2824 1028 2951 1079 tum
3006 1024 3283 1092 hic,-tum
3335 1026 3430 1081 alii
3460 1027 3720 1083 Ecclesia:

2111 1112 2408 1166 Remensis
2456 1113 2665 1181 clerici,
2712 1113 2834 1184 ejus
2886 1114 2945 1167 in
3001 1113 3194 1168 exsilio
3228 1114 3383 1182 socii,
3426 1116 3625 1170 alienis
3660 1117 3720 1171 in

2110 1201 2326 1256 aedibus
2356 1203 2751 1269 versabantur,
2786 1219 2819 1256 a
2855 1202 3025 1257 castri
3054 1203 3203 1258 illius
3234 1203 3315 1274 (id
3343 1204 3499 1258 enim
3530 1206 3724 1276 plures

2110 1290 2314 1345 domos
2355 1290 2526 1344 fuisse
2549 1291 2949 1363 complexum,
2994 1292 3246 1345 Valesius
3284 1293 3408 1347 loco
3443 1308 3614 1364 supra
3648 1292 3725 1347 cit

2110 1377 2371 1432 dubitare
2402 1394 2521 1433 non
2546 1378 2696 1449 sinit)
2732 1379 2932 1433 incolis
2970 1378 3223 1445 diversis,
3260 1395 3365 1450 per
3394 1403 3421 1429 ‹‹
3451 1381 3724 1435 Manassaa

2109 1466 2397 1539 praepositi
2414 1466 2579 1539 eique
2594 1467 3041 1535 adhaerentium,
3071 1471 3429 1539 receptores»
3450 1485 3587 1523 num
3599 1471 3724 1524 ,123

2110 1572 2143 1609 a
2172 1555 2424 1609 Manasse
2461 1555 2890 1627 archiepiscopo
2940 1556 3344 1612 verosimiliter
3385 1556 3722 1628 indigitatis,

2108 1642 2354 1714 hospitio
2385 1658 2450 1696 ex
2500 1643 2728 1697 comitis
2770 1644 2947 1712 Ebali,
3001 1648 3062 1699 ut
3097 1645 3422 1700 verosimile
3465 1648 3724 1716 apparet,

2111 1732 2406 1785 voluntate
2434 1732 2674 1804 excepti.
2708 1732 2793 1786 Ad
2820 1733 2942 1787 haec
2972 1749 3041 1788 eo
3073 1734 3351 1805 temporis
3382 1734 3586 1804 spatio,
3614 1750 3730 1807 quo

2114 1819 2356 1874 Sanctus
2388 1837 2519 1874 cum
2548 1820 2672 1875 aliis
2700 1821 3076 1875 Remensibus
3107 1822 3326 1876 clericis
3350 1821 3570 1876 Reciaci
3610 1838 3732 1877 ver-

2115 1909 2367 1975 sabatur,
2391 1909 2875 1981 collationemque
2904 1909 2974 1964 de
3003 1910 3157 1963 falsis
3188 1910 3387 1964 mundi
3404 1909 3733 1965 delectatio-

2118 1997 2284 2051 nibus
2309 2000 2439 2068 post
2469 1997 2776 2052 concilium
2802 1999 3320 2069 Augustodunense
3346 1998 3559 2052 habere
3602 1998 3731 2068 jam

2116 2088 2404 2157 potuerat,
2449 2085 2674 2152 Ebalus,
2710 2086 2880 2141 castri
2911 2086 3078 2157 hujus
3124 2086 3424 2157 toparcha,
3486 2086 3734 2140 Romam

2118 2176 2403 2241 versus,ut
2426 2190 2598 2245 supra
2619 2174 2805 2241 docui,
2830 2175 2939 2228 iter
2970 2174 3229 2245 arripuit,
3257 2174 3525 2246 huncque
3548 2191 3636 2240 eo,
3671 2176 3736 2228 ut

2121 2279 2294 2333 supra
2318 2262 2534 2334 pariter
2548 2262 2734 2329 docui,
2766 2262 2984 2335 aliquot
3000 2264 3311 2317 Remenses
3328 2263 3523 2317 clerici
3555 2261 3734 2317 comi-

2120 2351 2224 2405 tati
2257 2354 2417 2418 sunt;
2477 2367 2595 2405 non
2631 2351 2727 2404 diu
2776 2354 2991 2419 autem,
3050 2355 3111 2405 ut
3164 2368 3335 2423 supra
3380 2352 3618 2405 recitata
3668 2367 3737 2405 ex

2124 2439 2320 2495 Sancti
2347 2439 2523 2493 nostri
2552 2438 2625 2493 ad
2653 2439 3019 2511 Radulphum
3047 2438 3299 2495 Viridem
3315 2439 3740 2510 epistolaverba

2128 2528 2357 2594 docent,
2386 2530 2513 2597 post
2525 2527 2916 2593 collatiodem,
2933 2544 2967 2581 a
2991 2529 3258 2582 Brunone
3286 2544 3417 2582 cum
3434 2528 3737 2599 Radulpho

2129 2620 2187 2670 et
2236 2616 2424 2670 Fulcio
2457 2615 2738 2683 habitam,
2775 2616 3019 2671 Romam
3052 2616 3142 2670 hic
3187 2616 3461 2683 discessit,
3504 2615 3740 2671 Accedit

2132 2704 2352 2759 Reciaci
2374 2704 2739 2776 Radulphum
2756 2703 3007 2758 Viridem
3028 2707 3085 2758 et
3100 2704 3354 2759 Fulcium
3374 2704 3738 2760 Monoculum

2129 2810 2260 2848 cum
2275 2793 2485 2848 Sancto
2498 2795 2715 2858 nostro,
2730 2795 3042 2864 antequam
3069 2793 3273 2846 Ebalus
3286 2809 3479 2847 comes
3492 2793 3740 2848 Romam

2131 2882 2335 2948 abiret,
2376 2880 2567 2951 fuisse}
2596 2897 2662 2934 ex
2688 2880 2811 2950 jam
2849 2880 3011 2934 dictis
3043 2884 3314 2935 versatos.
3346 2881 3481 2935 Tres
3503 2879 3739 2951 quidem

2131 2969 2704 3024 dumtaxatEcclesiae
2736 2968 3033 3023 Remensis
3060 2969 3387 3023 canonicos.
3422 2970 3740 3024 Manassem

2130 3059 2501 3131 praepositum
2536 3058 2834 3125 nimirum,
2870 3056 3139 3111 Pontium
3170 3060 3227 3112 et
3258 3059 3613 3124 Brunonem,
3641 3056 3741 3128 qui

2128 3148 2446 3202 Manassem
2475 3145 2972 3217 archiepiscopum
3021 3146 3079 3199 in
3112 3146 3353 3201 concilio
3385 3146 3746 3217 Augustodu-

2132 3235 2296 3289 neusi
2328 3251 2480 3289 anno
2516 3237 2649 3290 1077
2682 3234 3023 3301 accusarint,
3064 3251 3129 3288 ac
3157 3234 3367 3289 diende
3409 3234 3467 3289 in
3492 3237 3744 3289 castrum

2132 3323 2471 3378 Reciacense
2502 3339 2623 3377 sese
2638 3323 2980 3394 receperint.
2997 3322 3254 3377 Historiae
3272 3322 3562 3377 litterariae
3575 3322 3749 3376 Frau-

2133 3412 2232 3467 cize
2259 3412 2585 3482 scriptores,
2604 3411 2699 3483 qui
2728 3411 2972 3465 recessui
2990 3411 3120 3465 huic
3140 3410 3398 3465 habitam
3424 3427 3457 3464 a
3480 3411 3749 3465 Brunone

2136 3518 2266 3555 cum
2297 3500 2597 3570 Radulpho
2627 3503 2684 3553 et
2711 3499 2901 3554 Fulcio
2935 3499 3004 3553 de
3036 3499 3361 3554 divitiarum
3413 3497 3750 3553 oblectatio-

2138 3605 2394 3661 numque
2438 3588 2641 3642 mundi
2670 3587 2839 3659 hujus
2869 3588 3117 3642 vanitate
3160 3588 3524 3642 collationem
3579 3585 3750 3657 praei-

2136 3677 2279 3732 visse
2293 3679 2618 3744 autumant,
2644 3679 2787 3731 tom.
2819 3678 3048 3749 lX,pag.
3080 3678 3180 3732 235
3203 3675 3752 3731 recensent.Verum

2140 3766 2279 3839 quid
2310 3766 2475 3819 tum?

2218 3856 2337 3908 129.
2366 3853 2669 3925 Assignato
2696 3853 2766 3907 ab
2794 3853 2861 3907 iis
2891 3852 3286 3920 Remensium,
3322 3853 3417 3925 qui
3434 3853 3755 3908 Manassem

2142 3942 2460 3997 accusarint
2492 3945 2663 4013 atque
2697 3941 2755 3995 in
2783 3942 3124 3996 Reciacense
3151 3945 3406 3996 castrum
3436 3958 3494 3995 se
3517 3957 3754 4013 recepe-

2142 4033 2278 4098 rint,
2312 4031 2653 4085 clericorum
2688 4047 2953 4097 numero,
3008 4030 3180 4095 unde,
3212 4030 3579 4102 Radulphum
3606 4029 3754 4083 Viri-

2144 4119 2277 4173 dem
2308 4122 2367 4173 et
2390 4119 2643 4173 Fulcium
2664 4135 2767 4173 nec
2794 4119 2851 4173 in
2877 4122 3062 4173 castro
3097 4117 3421 4173 Reciacensi
3455 4118 3558 4172 sub
3591 4117 3756 4173 Ebali

2142 4207 2368 4262 comitis
2392 4208 2656 4262 clientela
2704 4208 3001 4274 exstitisse,
3051 4224 3156 4261 nec
3203 4207 3420 4261 ibidem
3455 4223 3584 4260 cum
3618 4208 3759 4260 Bru-

2144 4312 2296 4351 none
2328 4296 2715 4362 collationem,
2748 4296 2819 4350 de
2832 4312 2944 4367 qua
2958 4295 3069 4363 hic,
3095 4295 3757 4366 habuisse,consequens

2144 4384 2510 4453 sit,standum
2524 4402 2640 4439 non
2654 4384 3136 4439 est.Bemensium
3149 4383 3304 4438 enim
3318 4383 3756 4453 canonicorum,

2146 4474 2242 4545 qui
2262 4474 2575 4529 Manassem
2601 4472 3090 4544 archiepiscopum
3110 4473 3447 4540 accusarint,
3466 4472 3756 4543 majorem

2148 4563 2423 4617 exstitisse
2458 4578 2787 4627 numerum,
2819 4561 2911 4615 hic
2932 4560 3176 4633 ipsemet
3189 4561 3381 4633 prodit
3410 4561 3468 4616 in
3486 4560 3758 4632 apologia

2148 4666 2250 4705 sua
2279 4650 2434 4721 apud
2461 4649 2850 4705 Mabillonium
2870 4649 3039 4703 Musei
3065 4650 3243 4704 Italici
3270 4653 3416 4705 tom.
3448 4651 3490 4716 Ι,
3523 4652 3753 4721 part.n,

2148 4755 2280 4811 pag.
2313 4743 2406 4794 121
2439 4738 2510 4793 ad
2533 4739 2834 4810 Hugonem
2860 4737 3127 4793 Diensem
3166 4738 3244 4792 sic
3267 4738 3545 4793 scribens:
3568 4737 3756 4792 «Dixi-

2146 4828 2267 4895 stis,
2311 4830 2372 4881 ut
2404 4826 2830 4881 accusatoribus
2868 4826 3100 4893 nostris,
3143 4826 3357 4882 scilicet
3383 4827 3652 4881 Manassae
3695 4829 3760 4881 et

2145 4915 2332 4983 sociis,
2378 4915 2707 4987 responsuri
2743 4914 2815 4970 ad
2843 4914 3148 4970 concilium
3174 4914 3521 4983 veniremus;
3557 4919 3614 4969 et
3643 4931 3755 4986 ego

2146 5004 2272 5059 dico
2304 5004 2462 5059 vobis
2477 5003 2612 5076 quia
2640 5019 2747 5075 ego
2778 5007 2837 5057 et
2857 4997 3139 5059 Manasses
3163 5020 3268 5076 pro
3299 5003 3569 5059 omnibus
3588 5002 3757 5058 sociis

2144 5093 2276 5160 suis,
2297 5092 2667 5149 concordiam
2696 5091 2957 5146 fecimus.
2974 5092 3224 5164 exceptis
3236 5092 3479 5159 duobus,
3504 5108 3755 5165 quorum

2143 5199 2309 5249 unus,
2339 5181 2552 5235 scilicet
2597 5182 2807 5247 Brono,
2846 5196 2950 5235 nec
2980 5184 3179 5235 noster
3206 5180 3461 5247 clericus,
3513 5196 3618 5235 nec
3652 5196 3755 5234 no-

2141 5272 2258 5325 ster
2296 5272 2464 5325 natus
2492 5272 2588 5323 aut
2618 5271 2850 5323 renatus
2879 5272 2983 5336 est,
3009 5270 3108 5325 sed
3134 5268 3313 5324 sancti
3344 5268 3756 5324 CunibertiCo-

2140 5358 2417 5414 loniensis
2447 5357 2505 5413 in
2536 5374 2716 5430 regno
2741 5357 3195 5428 _Teutonicorum
3239 5356 3407 5428 positi
3443 5356 3751 5412 canonicus

2140 5451 2253 5515 est;
2289 5448 2451 5519 cujus
2481 5446 2823 5502 societatem
2852 5464 2969 5503 non
3002 5462 3360 5519 magnopere
3392 5444 3747 5514 affectamus,

2143 5539 2348 5612 utpote
2381 5536 2453 5592 de
2484 5536 2645 5610 cujus
2669 5535 2782 5591 vita
2799 5537 3135 5593 etlibertato
3149 5534 3378 5611 penitus
3400 5535 3753 5608 ignoramus.
