4122 6058
153 263 219 319 ‘77

1754 257 1937 318 ACTA

3426 272 3495 336 78

153 392 212 447 et
238 388 381 466 quia
401 389 636 465 quando
666 389 821 465 apud
852 405 971 450 non
1016 388 1144 460 fuit,
1177 387 1372 447 multis
1408 384 1702 445 beneﬁciis
1748 404 1783 444 a
1803 391 1861 453 Α
1883 387 2147 459 concilio,
2181 389 2336 466 quod
2372 389 2590 451 ibidem
2636 395 2793 465 tunc,
2825 392 2886 453 id
2915 394 3020 465 est,
3049 410 3249 456 mense
3291 396 3493 461 Martio

152 482 324 536 nobis
371 483 430 536 in
468 500 601 538 eum
654 482 893 548 collatis‘,
949 482 1100 537 male
1147 484 1204 535 et
1237 480 1502 551 nequiter
1548 478 1780 534 tractati

151 588 371 625 sumus.
390 574 554 627 Alter
583 588 739 636 vero,
773 571 830 625 id
853 574 957 636 est,
990 569 1245 636 Pontius,
1279 569 1338 622 in
1357 570 1620 623 Romano
1640 582 1777 621 con-

150 659 304 725 cilio,
341 661 513 716 nobis
550 659 946 732 prmsentibus,
983 663 1067 713 est
1113 658 1378 725 falsatus;
1415 660 1472 711 et
1502 656 1631 711 ideo
1672 673 1777 709 nec

153 748 272 813 uni,
311 765 421 803 nec
452 749 617 803 alteri
648 748 704 802 in
737 747 1116 802 ecclesiastico
1152 746 1372 817 judicio
1419 744 1773 817 respondere

151 841 249 890 aut
277 838 548 890 volumus
577 841 675 891 aut
706 836 999 891 debemus.
1038 858 1064 884 ››
1102 835 1244 890 Cum
1273 850 1435 905 ergo,
1470 834 1549 887 uti
1583 851 1649 887 ex
1687 833 1774 887 his

148 925 344 980 verbis
367 925 734 996 intelligitur,
755 927 945 997 plures
962 941 1103 979 sane
1116 940 1291 996 quam
1316 927 1431 977 tres
1448 921 1772 977 exstiterint

150 1014 460 1067 Remensis
490 1014 743 1069 ecclesia).
793 1013 1052 1067 canonici
1098 1030 1198 1067 seu
1253 1010 1463 1077 clerici,
1521 1010 1615 1082 qui
1657 1011 1769 1064 Ma-

147 1119 379 1157 nassem
401 1102 898 1175 archiepiscopum
926 1100 1266 1166 accusarint,
1300 1100 1511 1172 quique
1527 1098 1768 1169 proinde

146 1195 275 1262 post
299 1191 828 1263 Augustodunense
861 1190 1168 1245 concilium
1198 1190 1257 1243 in
1290 1193 1539 1244 castrum
1570 1187 1766 1242 Recia-

144 1297 315 1333 cense
368 1297 493 1334 sese
524 1280 868 1351 receperint,
905 1296 1022 1333 non
1053 1282 1156 1344 est,
1210 1295 1310 1332 cur
1354 1279 1457 1331 hos
1488 1276 1641 1330 inter
1670 1293 1764 1330 ex-

147 1368 357 1423 stitisse
374 1369 741 1441 Radulphum
755 1368 1009 1423 Viridem
1027 1371 1083 1421 et
1104 1368 1359 1421 Fulcium
1379 1366 1763 1431 Monoculum,

144 1474 349 1511 eamus
388 1458 643 1525 inficias;
674 1458 830 1530 quod
867 1474 997 1511 cum
1046 1457 1124 1511 ita
1154 1456 1244 1521 sit,
1296 1471 1410 1509 non
1450 1457 1535 1507 est
1564 1454 1762 1519 etiam,

146 1563 246 1599 cur
276 1563 415 1601 cum
438 1547 591 1601 hisce
618 1546 677 1600 in
706 1546 913 1600 eodem
931 1549 1115 1600 castro
1141 1546 1233 1615 (de
1269 1560 1382 1617 quo
1410 1543 1538 1597 vide
1565 1546 1764 1596 tamen

144 1634 433 1689 Addenda
472 1638 530 1689 et
559 1634 913 1705 Corrigenda
946 1634 1017 1689 ad
1058 1649 1113 1704 p.
1139 1635 1262 1698 519,
1294 1650 1351 1685 n.
1393 1631 1513 1702 124)
1538 1633 1767 1685 sanctus

144 1726 346 1777 noster
376 1724 561 1789 illam,
598 1723 669 1777 de
706 1739 819 1794 qua
875 1722 969 1776 hic
999 1720 1351 1787 disserimus,
1397 1718 1766 1775 collationem

150 1828 264 1865 non
298 1812 565 1866 habuisse
598 1815 848 1883 putetur.

216 1903 339 1954 120.
396 1901 465 1954 Et
495 1917 635 1954 sane
672 1900 820 1955 hanc
858 1899 1073 1954 ibidem
1124 1915 1158 1953 a
1198 1899 1466 1952 Brunone
1506 1896 1765 1951 habitam

142 1988 334 2053 fuisse,
364 1989 633 2055 suadent,
665 1992 791 2043 tum
816 2005 941 2061 quae
974 1988 1083 2041 huc
1114 1985 1383 2041 facientia
1413 1985 1472 2039 in
1506 1983 1764 2038 medium

137 2078 261 2147 jam
288 2077 525 2143 adduxi,
549 2081 675 2132 tum
702 2094 828 2149 quae
856 2076 947 2130 hic
977 2075 1151 2130 modo
1178 2075 1364 2129 adhuc
1392 2072 1563 2127 addo.
1586 2072 1765 2126 Colla-

140 2166 218 2218 tio
238 2166 358 2231 illa,
395 2168 597 2238 utpote
624 2165 682 2219 in
703 2182 816 2237 qua
831 2165 902 2219 de
930 2163 1131 2218 mundi
1157 2162 1406 2216 vanitate
1438 2160 1559 2215 cceli
1595 2163 1759 2213 aeter-

143 2254 344 2321 nitate,
387 2254 846 2325 monachicoque
902 2252 1101 2306 habitu
1158 2249 1504 2304 assumendo
1545 2252 1759 2315 actum,

142 2343 357 2413 optime
387 2342 637 2414 quadrat
664 2341 855 2407 statui,
891 2341 949 2394 in
981 2355 1094 2412 quo
1127 2341 1355 2393 sanctus
1401 2340 1529 2409 post
1570 2336 1759 2390 conci-

140 2432 274 2485 lium
311 2429 836 2501 Augustodunense
881 2427 1101 2482 Reciaci
1133 2426 1268 2494 fuit;
1306 2424 1383 2479 ibi
1423 2425 1579 2481 enim
1622 2428 1790 2506 tunc

143 2519 252 2585 ille,
296 2520 468 2574 bonis
499 2535 535 2573 a
564 2519 818 2572 Manasse
857 2516 1287 2587 archiepiscopo
1330 2514 1624 2584 spoliatus,
1646 2514 1760 2568 for-

138 2613 333 2662 tunam
382 2606 713 2679 patiebatur
753 2606 1071 2670 adversam,
1114 2621 1227 2675 qua
1269 2602 1446 2674 pressi
1484 2603 1757 2656 mortales

139 2700 365 2750 terrena
382 2695 700 2765 despicere,
720 2694 971 2749 coelestia
995 2693 1282 2747 aestimare
1296 2694 1466 2762 atque
1487 2690 1561 2745 ad
1574 2692 1754 2744 Deum

136 2802 253 2838 sese
276 2786 620 2839 convertere
644 2784 852 2837 solent.
879 2782 963 2837 Ad
993 2783 1115 2836 hzec
1141 2782 1213 2835 ab
1241 2781 1490 2850 ipsomet
1520 2779 1750 2843 Sancto,

1884 480 2020 534 anni
2055 483 2210 549 1078,
2235 483 2588 539 celebratum
2618 484 2742 553 fuit,
2771 486 3146 559 praesentibus
3174 488 3347 545 etiam
3378 490 3492 561 (adi

1880 570 2054 623 verba
2080 586 2146 624 ex
2173 571 2439 626 Manassis
2474 573 2716 645 epistola
2751 592 2809 628 n.
2845 578 2943 631 123
2984 576 3093 631 huc
3127 574 3493 652 transcripta)

1881 657 2054 712 Ebalo
2112 659 2322 714 comite
2371 661 2702 735 clericisque
2760 663 3155 731 Remensibus,
3212 666 3385 733 hunc,
3432 669 3495 723 ut

1878 746 2065 813 docui,
2121 748 2427 816 comitatis,
2478 750 2573 823 qui
2605 767 2711 821 pro
2745 753 2896 807 clero
2941 752 3211 808 Remensi
3244 755 3489 812 locuturi

1875 835 2249 903 advenerant,
2279 854 2648 910 propugnare
2677 843 2763 894 est
2793 845 3050 896 conatus.
3083 841 3296 905 Quibus
3322 844 3395 899 ad
3431 844 3492 901 id

1874 924 2154 994 priesidiis
2206 943 2336 980 usus
2364 927 2455 993 sit,
2503 928 2705 982 litteris
2748 929 3041 999 proditum
3092 947 3209 985 non
3257 932 3483 1002 inveni;

1874 1028 1986 1084 quo
2016 1030 2149 1068 vero
2178 1032 2463 1069 successus
2484 1033 2607 1070 rem
2640 1018 2898 1088 gesserit,
2919 1018 3163 1092 ipsemet
3193 1019 3251 1073 in
3273 1021 3487 1093 Apolo-

1874 1100 1970 1170 gia
1994 1118 2095 1155 sua
2126 1103 2277 1174 apud
2306 1104 2698 1159 Mabillonium
2732 1122 2905 1176 opere
2933 1106 3054 1173 cit.,
3087 1124 3145 1179 p.
3184 1111 3283 1163 119
3313 1124 3487 1180 expo-

1876 1190 1981 1255 nit,
2014 1190 2093 1244 ita
2114 1191 2326 1245 ibidem
2356 1193 2428 1246 ad
2461 1194 2762 1265 Hugonem
2804 1194 2952 1250 sedis
2979 1196 3303 1266 apostolicm
3336 1198 3490 1269 lega-

1875 1280 2020 1343 tum,
2046 1275 2299 1334 scribens
2326 1299 2338 1336 :
2372 1304 2398 1331 «
2419 1282 2550 1336 Non
2573 1282 2758 1336 solum
2775 1298 2878 1353 per
2897 1300 3100 1337 omnes
3122 1285 3242 1339 fere
3257 1285 3483 1355 Gallias,

1877 1382 2073 1421 verum
2108 1368 2281 1422 etiam
2313 1369 2486 1424 Italiae
2520 1374 2577 1424 et
2621 1371 2837 1437 Romae,
2870 1375 3074 1427 notum
3116 1376 3201 1427 est
3241 1374 3486 1446 qualiter

1877 1459 2010 1509 ante
2042 1456 2150 1511 hoc
2194 1458 2494 1513 biennium
2547 1459 2708 1529 (anno
2743 1460 2937 1514 scilicet
2986 1462 3141 1532 1077)
3188 1462 3247 1516 in
3279 1462 3485 1520 eadem

1874 1544 2167 1615 provincia
2198 1562 2231 1599 a
2260 1547 2418 1601 vobis
2445 1552 2502 1602 et
2521 1547 2591 1602 ab
2621 1547 2744 1601 aliis
2775 1548 3118 1620 quibusdam
3144 1549 3204 1604 in
3238 1566 3342 1605 nos
3372 1550 3488 1608 vio-

1871 1632 2058 1687 lenter
2078 1650 2143 1687 ac
2174 1634 2383 1705 injuste
2409 1653 2499 1689 res
2528 1639 2689 1707 gesta
2710 1639 2794 1692 est
2827 1653 2839 1690 :
2871 1640 2929 1692 et
2960 1654 3069 1709 ego
3096 1638 3213 1693 vim
3245 1655 3310 1694 ac
3334 1656 3482 1711 prae-

1862 1720 2147 1791 judicium
2174 1739 2368 1794 passus
2400 1725 2644 1778 Romam
2673 1724 2941 1796 processi,
2960 1724 3151 1797 ibique
3183 1744 3353 1798 super
3375 1727 3485 1783 hoc

1870 1809 2195 1864 Romanum
2223 1814 2279 1865 et
2301 1812 2689 1883 Apostolicum
2710 1811 2993 1883 judicium
3014 1814 3314 1886 appellavi.
3340 1814 3487 1879 Quia

1867 1914 2000 1952 vero
2033 1914 2127 1952 vos
2157 1900 2423 1965 aberatis,
2478 1899 2638 1970 jussu
2687 1899 2887 1954 domui
2920 1901 3215 1973 apostolici
3267 1901 3325 1957 in
3359 1902 3482 1975 ipsa

1866 1986 2105 2055 regione
2130 1987 2404 2055 remansi,
2434 1990 2490 2041 et
2523 1988 2837 2043 adventum
2863 1991 3117 2045 vestrum
3154 2006 3258 2062 per
3278 2007 3330 2046 x1
3358 1990 3480 2047 fere

1866 2074 2260 2129 hebdomadas
2275 2076 2614 2147 exspectavi,
2636 2075 2893 2147 Cumque
2909 2092 3026 2132 non
3049 2078 3336 2145 veniretis,
3352 2082 3481 2136 tan-

1866 2161 1999 2215 dem
2032 2162 2089 2216 in
2117 2164 2425 2234 praesentia
2474 2163 2675 2219 domui
2699 2165 3014 2236 apostolici,
3047 2169 3105 2221 et
3134 2166 3194 2221 in
3224 2168 3467 2224 concilio

1863 2250 2119 2319 generali
2143 2251 2293 2305 inter
2319 2268 2424 2305 nos
2446 2255 2503 2306 et
2526 2268 2644 2320 eos,
2676 2252 2773 2325 qui
2794 2253 2871 2306 ibi
2899 2252 3253 2322 loco'vestro,
3280 2258 3480 2327 utpote

1863 2354 1896 2390 a
1924 2338 2082 2392 vobis
2112 2338 2332 2406 directi,
2383 2340 2644 2407 aderant,
2690 2341 2984 2397 altercatio
3021 2342 3219 2398 habita
3262 2348 3367 2410 est,
3418 2348 3479 2401 et

1862 2441 1927 2478 ex
1961 2442 2161 2481 eorum
2192 2427 2553 2483 accusatione
2582 2446 2646 2483 ac
2687 2432 2884 2485 nostra
2913 2430 3271 2499 defensione,
3306 2432 3474 2504 quid-

1861 2513 1997 2584 quid
2026 2515 2171 2587 passi
2200 2532 2448 2583 eramus,
2482 2519 2701 2574 temere
2730 2535 2795 2572 ac
2823 2519 3106 2574 violenter
3135 2524 3326 2575 actum
3353 2538 3475 2577 esse

1859 2605 1913 2655 et
1933 2608 2195 2657 constare
2215 2621 2329 2658 non
2346 2605 2577 2672 debere,
2597 2606 2921 2677 judicatum
2943 2611 3115 2679 atque
3146 2611 3470 2665 correctum

1858 2693 1997 2744 est.«
2026 2693 2183 2746 Hunc
2206 2693 2262 2747 in
2290 2694 2528 2749 modum
2555 2695 2855 2762 Manasses,
2885 2695 3002 2768 qui,
3027 2712 3380 2769 quamquam
3410 2697 3470 2753 in

1856 2779 2179 2851 Hugonem,
2230 2782 2379 2836 sedis
2421 2782 2747 2853 apostolicae
2787 2784 3065 2855 legatum,
3097 2784 3349 2856 iniquior
3374 2785 3467 2854 sit,

133 2888 246 2926 sese
277 2872 543 2942 aliosque
564 2871 682 2936 diu,
713 2871 867 2942 quod
893 2870 952 2924 in
991 2869 1301 2923 collatione
1329 2868 1427 2922 illa
1457 2869 1747 2931 voverant,
1770 2905 1819 2965 α
1854 2884 2113 2939 remque,
2146 2870 2224 2923 uti
2256 2887 2321 2924 ex
2346 2870 2472 2941 jam
2504 2871 2667 2925 dictis
2697 2874 2755 2925 et
2778 2888 2952 2942 porro
2985 2859 3243 2927 dicendis
3263 2873 3463 2945 liquet,

132 2960 453 3031 adimplere
479 2959 782 3025 distulisse,
816 2957 1002 3013 verbis
1047 2973 1220 3029 supra
1250 2957 1360 3010 huc
1393 2955 1750 3028 transcriptis

130 3047 446 3113 indicatur;
480 3065 544 3102 re
566 3051 762 3102 autem
791 3047 913 3118 ipsa
931 3048 1146 3100 factum
1179 3044 1238 3099 id
1265 3047 1350 3098 est
1371 3044 1430 3098 in
1451 3044 1746 3114 opinione,

132 3154 235 3209 qua
256 3138 481 3193 dictam
505 3136 875 3192 collationem
906 3133 1126 3188 Reciaci
1150 3136 1279 3204 post
1304 3133 1610 3187 concilium
1633 3135 1745 3187 Au-

130 3226 563 3296 gustodunense
608 3223 864 3278 habitam
905 3222 1227 3277 statuimus.
1281 3221 1521 3275 Sanctus
1565 3221 1743 3289 enim,

132 3316 203 3369 uti
229 3316 389 3369 infra
418 3313 700 3386 probabo,
756 3316 909 3367 certe
935 3315 1069 3366 ante
1101 3327 1319 3365 annum
1354 3311 1482 3365 1081
1517 3310 1743 3364 meliori

126 3403 242 3457 vita:
268 3404 328 3457 in
366 3419 635 3457 eremum
662 3400 934 3455 secedens
961 3417 1082 3455 sese
1112 3416 1229 3453 non
1253 3398 1447 3466 dedit;
1479 3401 1614 3453 ante
1641 3415 1741 3453 au-

123 3495 256 3558 tem,
286 3507 473 3563 quam
504 3491 613 3545 hoc
633 3490 868 3553 faceret,
893 3488 1145 3543 triennio
1170 3491 1232 3542 ut
1260 3487 1571 3541 minimum
1598 3488 1743 3541 cele-

123 3580 249 3645 bris,
280 3580 357 3633 de
383 3595 501 3651 qua
523 3578 636 3645 hic,
672 3594 802 3631 cum
836 3577 1027 3631 Fulcio
1058 3575 1285 3630 collatio
1318 3575 1623 3641 acciderat,
1657 3575 1739 3629 uti

124 3684 373 3738 pronum
404 3671 495 3721 est
519 3683 585 3721 ex
609 3667 734 3738 jam
764 3666 927 3720 dictis
954 3681 1175 3719 eruere.
1210 3663 1433 3718 Fulcius
1467 3664 1623 3718 enim
1654 3680 1738 3717 se-

122 3758 373 3811 cundum
407 3757 532 3810 haec
561 3772 693 3810 cum
720 3755 895 3809 Ebalo
934 3753 1143 3808 comite
1171 3769 1324 3807 anno
1366 3755 1499 3808 1077
1528 3753 1735 3823 (annus

119 3846 263 3901 enim
288 3847 453 3910 1078,
480 3862 640 3899 num.
664 3846 783 3909 121,
816 3860 918 3915 per
934 3859 1193 3897 errorem
1216 3840 1465 3912 irrepsit)
1489 3841 1732 3895 Romam

120 3935 290 4005 petiit,
326 3935 559 4005 hocque
589 3934 737 3987 illius
765 3933 915 3986 inter
943 3931 1138 3985 habita
1155 3947 1285 3985 cum
1317 3931 1585 3985 Brunone
1601 3934 1730 4002 post

114 4025 423 4079 concilium
448 4021 990 4093 Augustodunense,
1019 4035 1175 4074 anno
1201 4019 1402 4073 itidem
1433 4022 1564 4075 1077
1588 4019 1731 4073 cele-

115 4112 362 4178 bratum,
412 4112 488 4167 de
534 4111 688 4165 falsis
732 4108 932 4164 mundi
979 4107 1455 4163 delectationibus
1499 4107 1726 4162 collatio

113 4201 349 4271 praeivit,
384 4204 451 4255 ut
504 4200 626 4254 haec
672 4198 795 4271 ipso
829 4197 1003 4252 etiam
1059 4212 1213 4251 anno
1264 4198 1395 4251 1077
1442 4212 1506 4250 ac
1560 4196 1726 4268 proin

1852 2973 2057 3027 parum
2109 2958 2327 3013 sincere
2369 2962 2639 3031 exponat,
2668 2960 3017 3014 sententiam
3053 2962 3274 3027 tamen,
3309 2961 3367 3015 in
3405 2978 3466 3017 se

1852 3044 1923 3098 ab
1974 3046 2213 3117 Ilugone
2269 3047 2327 3101 in
2401 3047 2646 3102 concilio
2693 3048 3197 3119 Augustodunensi
3242 3050 3459 3119 latam,

1850 3138 2168 3189 correctam
2207 3152 2307 3189 seu
2335 3136 2632 3190 rescissem
2662 3136 2854 3201 fuisse,
2888 3141 3043 3192 recte
3080 3136 3313 3192 indicat.

1925 3224 2042 3276 132.
2077 3223 2384 3295 Gregorius
2415 3224 2592 3291 enim,
2624 3225 2881 3279 futurum
2911 3241 3148 3296 sperans
3180 3230 3241 3281 ut
3273 3226 3465 3283 indul-

1846 3310 2043 3379 gentia
2072 3312 2398 3384 Apostolica
2442 3313 2514 3367 ad
2546 3314 2847 3368 meliorem
2877 3313 3107 3387 frugem
3137 3316 3453 3373 Manassem

1844 3397 2175 3465 adduceret,
2222 3418 2254 3455 a
2297 3400 2686 3472 suspensionis
2716 3403 3023 3469 sententia,
3065 3420 3180 3475 qua
3229 3405 3452 3476 Augus-

1843 3486 2045 3541 toduni
2094 3489 2282 3543 fuerat
2313 3490 2639 3556 damnatus,
2670 3490 2971 3545 hominem
3016 3491 3273 3559 absolvit,
3305 3494 3452 3564 pris-

1839 3575 2076 3647 tinoque
2105 3577 2308 3647 gradui
2351 3594 2417 3632 ac
2459 3578 2649 3633 officio
2691 3579 2859 3633 certis
2902 3583 3123 3647 tamen,
3170 3597 3312 3653 quas
3355 3582 3449 3637 hic

1838 3663 2101 3728 subticet,
2146 3665 2570 3720 conditionibus
2599 3666 2854 3737 adjectis,
2879 3668 3204 3723 restitutum
3236 3669 3294 3723 in
3327 3670 3452 3725 Gal-

1834 3751 1938 3806 lias
1963 3752 2203 3806 remisit.
2252 3755 2334 3807 lta
2378 3753 2531 3826 apud
2570 3754 2860 3809 Labbeum
2891 3759 3034 3810 tom.
3082 3757 3124 3810 X
3164 3756 3443 3812 Concilio-

1834 3858 1963 3896 rum
2013 3841 2181 3896 docet
2218 3858 2322 3896 nos
2376 3841 2621 3915 ipsemet
2673 3843 3002 3914 Gregorius,
3055 3844 3113 3897 in
3172 3844 3435 3917 epistola,

1832 3930 2077 4002 septimo
2107 3931 2233 3984 ldus
2260 3930 2463 3996 Martii,
2492 3930 2807 3985 indictione
2827 3931 3017 4003 prima
3038 3949 3164 4004 qua:
3186 3949 3251 3987 ex
3268 3950 3441 4006 supra

1832 4018 1995 4072 dictis
2022 4035 2240 4073 annum
2278 4021 2411 4075 1078
2443 4019 2725 4091 designat,
2759 4024 3010 4087 exarata,
3040 4021 3118 4075 sic
3142 4022 3395 4076 scribens
3421 4038 3437 4077 :

1834 4130 1860 4157 ‹‹
1893 4107 2036 4172 Quia
2062 4107 2412 4162 consuetudo
2439 4112 2650 4163 sanctae
2690 4109 2965 4163 Romanae
3008 4110 3289 4176 Ecclesiae,
3323 4110 3434 4178 cui,

1830 4197 1946 4251 Deo
1976 4199 2228 4261 auctore,
2276 4195 2408 4249 licet
2436 4196 2683 4268 indigni,
2727 4195 3096 4265 deservimus,
3140 4200 3225 4252 est
3277 4215 3432 4269 qum-

114 4290 360 4344 triennio
376 4288 783 4352 utminimum,
803 4289 1115 4357 antequam
1134 4283 1446 4339 Sanctusin
1463 4300 1721 4338 eremum
1748 4312 1805 4375 Β
1829 4285 1961 4340 dam
1994 4284 2169 4338 etiam
2187 4283 2565 4350 dissimulare,
2602 4284 2958 4339 discretionis
2986 4286 3433 4356 temperantiam

116 4379 425 4441 secederet,
456 4376 747 4431 acciderit.
792 4375 1030 4445 Reliqua
1061 4373 1234 4427 modo
1262 4389 1389 4444 quas
1432 4372 1504 4426 ad
1541 4372 1723 4437 litem,

116 4467 374 4521 aSancto
398 4469 619 4530 nostro,
652 4463 887 4534 aliisque
915 4461 1212 4517 Remensis
1231 4461 1479 4515 ecclesia:
1510 4461 1728 4515 clericis

110 4555 374 4609 Manassae
406 4553 835 4625 archiepiscopo
864 4552 1228 4616 intentatam,
1248 4552 1527 4621 spectant,
1562 4567 1727 4620 expc-

112 4643 354 4698 diamus.

112 4733 264 4799 ξνη.
315 4731 605 4786 Manassen
663 4729 844 4783 Roma’
903 4731 959 4782 in
1013 4728 1236 4782 concilio
1294 4745 1511 4780 causam
1571 4745 1724 4780 suam

171 4829 377 4881 tuetur,
400 4820 861 4890 sitslmnsionisque
900 4819 1234 4875 sententiam,
1277 4818 1331 4869 in
1360 4832 1414 4869 se
1444 4816 1719 4883 Augusto-

170 4910 309 4962 (ἰυηί
337 4910 529 4971 latam,
564 4925 595 4959 a
617 4907 872 4977 pontiﬁce
901 4904 1130 4958 rescindi
1167 4904 1365 4957 obtinet
1399 4921 1415 4956 :
1449 4904 1579 4975 quid
1610 4911 1721 4956 tum

162 5005 428 5068 preterea
458 4999 642 5065 egerit,
674 5002 723 5047 et
744 4995 838 5065 qui
877 4994 1087 5047 tandem
1120 4991 1430 5045 Brunonem
1456 4992 1517 5046 in
1538 4993 1721 5062 pristi-

164 5103 297 5140 num
330 5085 585 5139 honorem
616 5086 891 5137 restituere
909 5083 1099 5153 jussus
1126 5082 1313 5150 fuerit.

163 5174 307 5228 Cum
326 5173 629 5235 Manasses,
648 5172 944 5226 Remensis
968 5169 1218 5224 ecclesiae
1235 5168 1712 5240 archiepiscopus,

109 5260 345 5316 Romam
369 5260 445 5315 ad
465 5278 756 5315 summum
772 5259 1126 5332 pontificem,
1150 5258 1488 5328 Gregorium
1504 5258 1616 5323 νη,
1642 5258 1714 5313 ad

109 5366 265 5420 quem
295 5367 364 5404 ex
390 5348 558 5403 dictis
579 5350 916 5421 appellerat,
940 5348 1065 5418 jam
1094 5346 1430 5411 advenisset,
1461 5345 1713 5417 benigne

110 5437 171 5491 ab
192 5439 324 5503 hoc,
352 5437 427 5492 ad
455 5437 753 5492 meliorem
778 5437 1008 5509 frugem
1040 5434 1338 5489 hominem
1371 5434 1709 5503 rediturum,

111 5526 283 5583 adhuc
324 5528 597 5601 sperante
623 5525 729 5584 fuit
758 5528 1050 5600 exceptus,
1077 5538 1422 5595 causamque
1459 5539 1623 5582 suam
1651 5525 1711 5584 in

1827 4373 2015 4445 potius
2046 4389 2218 4443 quam
2247 4371 2499 4443 rigorem
2541 4390 2829 4427 canonum
2873 4378 3193 4445 sequentes,
3239 4392 3438 4431 causas

1828 4460 2225 4533 epiSCOporum
2243 4460 2493 4515 Francia?
2507 4465 2676 4532 atque
2691 4461 3162 4534 Burgundiar,qui
3176 4465 3435 4536 suspensi

1826 4568 1923 4603 seu
1969 4549 2226 4602 damnati
2268 4549 2523 4633 a‘legato
2572 4552 2765 4603 nostro
2814 4550 3052 4620 llugone
3097 4551 3283 4605 Diensi
3319 4553 3437 4625 cpi-

1824 4654 1996 4710 scopo
2023 4638 2272 4703 fuerant,
2309 4654 2423 4689 non
2452 4636 2575 4691 sine
2616 4637 2772 4705 gravi
2818 4638 3013 4691 labore
3042 4639 3427 4696 discussimus.

1825 4726 2080 4797 Denique
2106 4726 2415 4779 Manassem
2446 4726 2787 4779 Remenscm
2802 4726 3314 4801 archiepiscopum,
3335 4730 3431 4801 qui

1824 4814 1880 4867 in
1934 4814 2127 4868 multis
2168 4817 2459 4868 accusatus
2500 4813 2708 4879 fuerat,
2733 4832 2968 4885 seseque
3014 4833 3047 4869 a
3075 4817 3325 4885 synodis,
3356 4816 3425 4870 ad

1822 4922 1961 4975 quas
1990 4903 2149 4972 Hugo
2173 4902 2395 4956 Diensis
2428 4902 2725 4974 episc0pus
2745 4919 2877 4955 eum
2905 4903 3179 4969 invitavit,
3209 4905 3430 4957 subtra-

1822 4995 1979 5046 xerat
2012 5009 2025 5045 :
2059 4990 2193 5062 quia
2219 4990 2711 5062 sententia,supcr
2741 5007 2873 5044 eum
2901 4991 3053 5055 data,
3081 5007 3195 5043 non
3223 4991 3432 5043 Roma-

1819 5080 1905 5134 d'n
1938 5078 2195 5133 Ecclesizn
2222 5078 2499 5148 gravitate
2528 5082 2585 5132 et
2622 5078 2788 5133 solita
2814 5074 3253 5131 mansuetudine
3270 5076 3434 5130 vide-

1817 5168 2070 5234 batur,in
2090 5167 2387 5239 proprium
2403 5167 2649 5237 gradum
2664 5166 3029 5235 officiumque
3046 5165 3442 5227 restituimus,

1816 5274 1883 5311 ea
1906 5256 2140 5329 quidem
2177 5256 2426 5320 ratione,
2446 5258 2511 5308 ut
2541 5271 2712 5328 supra
2735 5269 2941 5322 corpus
2965 5251 3147 5306 sancti
3178 5250 3332 5306 Petri
3369 5248 3456 5316 ju

1815 5350 1969 5401 raret
1998 5346 2107 5399 hoc
2140 5345 2313 5400 modo
2344 5361 2357 5399 :
2389 5366 2415 5390 ιι
2448 5342 2569 5414 Ego
2602 5344 2881 5398 Manasses
2912 5341 3211 5396 Remensis
3236 5333 3472 5394 archi-

1816 5456 1843 5484 ››
1877 5434 2175 5506 episcopus
2224 5451 2327 5506 pro
2384 5432 2655 5500 superbia
2704 5445 2823 5484 non
2858 5429 3067 5498 dimisi,
3112 5428 3270 5502 quod
3316 5436 3499 5476 non

1819 5547 1848 5577 α
1876 5520 2138 5579 venerim
2154 5523 2227 5580 ad
2237 5518 2531 5598 synodum
2550 5517 3150 5598 Augustodunensem,
3175 5517 3248 5577 ad
3260 5522 3541 5588 quam
