4122 6058
473 326 544 387 79
1323 308 1384 374 S.
1416 309 1765 373 BRUNONIS
1804 305 2437 370 CARTHUSIANORUM
2473 308 2944 370 INSTITUTORIS
3735 305 3806 370 80

477 472 507 507 α
536 467 631 508 me
649 448 873 508 Diensis
887 447 1186 524 episcopus
1200 444 1435 501 vocavit.
1457 443 1757 524 Sivocatus
1774 440 1977 496 nuntio
1997 441 2085 496 vel
2110 440 2167 502 Δ,
2186 454 2358 511 quem
2388 436 2439 493 ei
2468 437 2593 493 aliis
2623 438 2694 494 de
2728 438 2910 494 causis
2937 438 3306 521 scribendum
3334 445 3478 511 erat,
3502 442 3664 500 dedit
3681 441 3806 515 epi-

468 564 499 594 »
523 541 730 598 litteris
761 520 1088 613 apostolica:
1120 520 1467 599 sedisfuero,
1498 532 1655 587 nullo
1673 531 1825 585 malo
1848 529 2085 601 ingenio

469 654 499 683 »
536 634 593 687 et
625 630 781 684 nulla
812 628 1014 683 fraude
1046 644 1139 680 me
1170 623 1526 687 subtraham,
1560 620 1660 675 sed
1711 619 1948 673 veniens
1978 619 2086 672 dif-

478 717 787 773 «ﬁnitioni
835 722 892 771 et
924 715 1143 787 judicio
1183 713 1352 782 hujus
1388 709 1650 764 Ecclesiaa
1702 707 1951 762 ﬁdeliter
1994 706 2092 761 ob-

480 831 510 859 ι‹
539 807 751 861 ediam.
788 805 953 869 Quod
988 803 1035 858 si
1071 802 1308 857 domino
1344 817 1505 872 papas
1538 795 1815 868 Gregorio
1847 796 1932 848 vel
1972 811 2094 848 suc-

479 916 511 948 »
542 895 747 949 cessori
780 909 880 949 suo
903 891 1181 967 placuerit
1198 906 1291 943 me
1322 888 1392 942 de
1421 885 1659 957 objectis
1681 882 1814 939 ante
1837 885 2093 954 legatum

486 1006 513 1035 ‹‹
546 1001 711 1038 suum
743 981 1116 1054 respondere,
1154 978 1309 1031 idem
1352 992 1455 1046 per
1482 973 1679 1029 omnia
1700 972 2095 1027 faciam.'l‘he-

485 1093 517 1122 ››
548 1088 744 1125 sauros
793 1074 986 1125 autem
1016 1111 1028 1135 ,
1092 1068 1437 1121 ornamenta
1467 1066 1526 1118 et
1556 1061 1774 1133 praedia
1802 1059 2097 1114 Remensis

484 1180 513 1211 ››
545 1160 795 1215 θερίθδὶω
832 1158 973 1214 mihi
1022 1154 1341 1212 commissas
1374 1152 1446 1207 ad
1482 1152 1765 1205 honorem
1792 1149 1967 1221 ipsius
1996 1149 2096 1203 Ec-

482 1283 514 1311 »
547 1250 729 1315 clesiee
748 1249 994 1303 ﬁdeliter
1011 1242 1349 1314 tractabotet
1369 1239 1442 1295 ad
1464 1238 1845 1294 resistendum
1860 1236 2097 1308 justitim

487 1370 515 1400 »
547 1366 617 1405 ea
648 1361 765 1399 non
798 1335 1157 1395 abalienabo.
1200 1352 1227 1379 ››

574 1440 692 1493 133.
754 1427 1009 1502 Epistola
1060 1424 1220 1485 haec,
1278 1436 1377 1473 seu
1443 1417 1816 1488 rescriptum,
1870 1414 1927 1468 in
1984 1430 2097 1485 quo

492 1527 701 1588 deinde
736 1516 1016 1576 nonnulla
1037 1511 1167 1575 alia,
1182 1509 1255 1563 ad
1268 1524 1391 1561 rem
1408 1509 1664 1560 nostram
1692 1522 1809 1558 non
1830 1502 2103 1557 facientia

422 1671 425 1674 ν
486 1622 715 1688 hucque
747 1603 989 1681 proinde
1024 1616 1139 1655 non
1174 1594 1491 1651 necessario
1526 1591 2099 1688 transcribenda,.se-

2188 528 2415 593 stolam,
2448 527 2507 582 in
2531 545 2644 599 qua
2674 531 2885 599 praeter
2923 531 3204 601 querelas,
3236 532 3443 599 verbis,
3479 551 3642 587 num.
3680 536 3804 600 123,

2190 616 2337 683 datis
2359 632 2670 687 expressas,
2700 634 2842 688 quas
2866 620 3069 672 contra
3094 619 3332 675 Ebalum
3360 620 3659 687 comitem,
3691 622 3809 677 Ma-

2192 721 2419 759 nassem
2468 705 2840 777 praepositum
2895 707 3151 779 aliosque
3207 709 3518 765 Remenses
3572 710 3814 766 clericos

2193 792 2360 864 hujus
2392 809 2661 866 sequaces
2704 794 2909 861 defert,
2943 812 3009 849 ex
3042 797 3293 852 ecclesias
3338 815 3454 852 suas
3498 798 3818 869 privilegiis

2195 882 2516 949 contendit,
2546 882 2651 936 sibi
2675 885 2898 938 tentum
2926 884 3011 938 vel
3035 883 3265 955 ipsimet
3293 886 3557 942 Pontiﬁci
3585 888 3670 941 vel
3704 887 3815 942 hu-

2186 971 2284 1042 jus
2317 971 2541 1042 legatis,
2575 970 2671 1043 qui
2706 972 2828 1026 ltali
2860 976 3050 1027 essent
3081 977 3180 1028 aut
3210 974 3409 1029 Roma:
3440 976 3645 1029 saltem
3672 976 3816 1031 edu-

2199 1058 2332 1125 cati,
2393 1059 2465 1114 de
2522 1059 2761 1129 objectis
2804 1060 3143 1116 criminibus
3198 1063 3693 1135 respondendum.
3732 1066 3820 1119 Ita

2199 1147 2414 1202 scilicet
2427 1147 2709 1203 Manasses
2737 1149 2991 1221 Hugonis
3014 1150 3368 1216 Diensis,nec
3402 1150 3461 1205 in
3485 1151 3648 1206 Italia
3668 1152 3815 1219 nati,

2199 1253 2305 1290 nec
2338 1237 2534 1291 Romae
2566 1237 2813 1303 educati,
2846 1254 2879 1291 a
2906 1254 3018 1309 quo
3051 1256 3123 1293 ne
3155 1239 3365 1294 iterum
3398 1240 3472 1294 ad
3505 1240 3818 1296 concilium

2199 1324 2431 1396 aliquod
2469 1324 2539 1381 de
2590 1324 2827 1397 objectis
2854 1326 3191 1382 criminibus
3216 1345 3273 1382 se
3303 1332 3653 1399 purgaturus
3673 1329 3819 1385 cita-

2199 1418 2379 1480 retur,
2411 1413 2662 1468 maxime
2724 1416 3040 1482 metuebat,
3068 1415 3287 1486 judicio
3338 1434 3458 1471 sese
3500 1418 3822 1473 subducere

2200 1503 2540 1558 conabatur.
2570 1502 2737 1569 Audi,
2773 1520 2901 1575 quae
2952 1503 3065 1558 huc
3094 1503 3367 1559 facientia
3396 1505 3457 1560 in
3485 1506 3638 1561 dicta
3668 1507 3821 1579 epis-

2201 1592 2319 1646 tola
2358 1591 2511 1662 apud
2567 1591 2881 1658 Labbeum,
2936 1593 3080 1646 tom.
3128 1593 3171 1647 Χ
3214 1592 3624 1662 Conciliorum,
3679 1612 3820 1670 pag.

492 1679 766 1782 quuntur,
795 1698 876 1752 ita
904 1688 1251 1748 terminatur
1281 1704 1294 1744 ;
1331 1706 1358 1733 ‹‹
1389 1684 1594 1737 Actum
1626 1682 1824 1736 Romae
1856 1679 2101 1752 septimo
2124 1730 2175 1782 Β
2204 1681 2327 1745 363,
2358 1679 2417 1733 in
2444 1679 2703 1782 medium
2731 1679 2998 1779 adducat,

489 1768 623 1852 ldus
663 1784 868 1851 Martii,
915 1776 1231 1836 indictione
1264 1772 1486 1844 prima;
1522 1792 1548 1820 ››
1596 1768 1879 1842 posterior
1910 1771 2105 1822 autem

494 1886 634 1940 nota
665 1872 956 1937 chronica,
980 1865 1242 1922 clausulae
1264 1862 1395 1915 huic
1420 1860 1638 1913 inclusa
1665 1874 1882 1912 annum
1901 1853 2106 1910 Christi

498 1972 634 2027 1078
668 1963 781 2036 (adi
813 1976 941 2033 quas
984 1972 1143 2010 num.
1202 1952 1299 2006 116
1331 1949 1485 2005 dicta
1516 1948 1666 2017 sunt)
1715 1945 2007 2036 designat;
2046 1945 2110 1997 ut

494 2033 741 2132 proinde
774 2054 890 2105 lata
920 2047 979 2099 in
1010 2044 1347 2105 Manassem,
1383 2037 1479 2108 qui
1513 2052 1635 2089 sese
1666 2052 1731 2089 ex
1764 2033 1928 2088 dictis
1955 2048 2108 2087 anno

500 2122 634 2200 1077
666 2141 797 2211 post
818 2132 1125 2191 concilium
1158 2125 1695 2197 Augustodunense,
1725 2122 1958 2211 alterius
1981 2137 2114 2211 con-

499 2209 890 2296 cilii,l’ictavii
909 2220 1059 2292 (vide
1089 2216 1241 2287 apud
1275 2213 1566 2268 Labheum
1597 2215 1740 2265 tom.
1761 2209 2117 2265 I.Bibliotbe-

500 2338 583 2377 cu:
602 2294 762 2373 nova:
786 2314 910 2370 Mss.
929 2306 1254 2365 Chronicon
1280 2301 1636 2356 Virdunense
1663 2316 1721 2371 p.
1742 2299 1865 2370 206)
1882 2298 2117 2351 ineunte

502 2422 658 2465 anno
726 2403 859 2459 1078
904 2392 1255 2457 celebrandi,
1289 2393 1417 2444 utut
1459 2388 1535 2443 ad
1564 2389 1673 2443 hoc
1724 2387 1947 2453 citatus,
1978 2389 2120 2439 tem-

499 2511 643 2569 pore
669 2508 785 2547 non
820 2486 1166 2558 exspectato,
1191 2480 1437 2534 Romam
1485 2477 1827 2541 contulerat,
1881 2490 2117 2545 suspen-

500 2563 677 2639 sionis
707 2574 1013 2640 sententia,
1042 2587 1171 2625 cum
1204 2568 1419 2622 ibidem
1452 2582 1555 2637 per
1580 2582 1631 2619 χι
1657 2565 1779 2620 fere
1809 2563 2122 2617 hebdoma-

504 2672 603 2727 das
662 2667 775 2739 (adi
827 2664 948 2735 ejus
986 2660 1178 2725 verba,
1232 2674 1390 2711 num.
1448 2658 1537 2710 131
1595 2655 1705 2708 huc
1752 2651 2116 2723 transcripta)

506 2756 755 2830 Hugonis
786 2751 1007 2809 Diensis
1039 2748 1350 2803 adventum
1381 2745 1740 2816 prmstolatus
1770 2742 1973 2830 fuisset
1993 2741 2119 2811 jam

499 2828 637 2905 inde
682 2846 753 2899 ab
814 2840 950 2897 anni
994 2839 1123 2893 1078
1152 2850 1351 2889 mense
1394 2832 1591 2887 Martio
1627 2831 1732 2885 sub
1763 2828 2117 2896 conditione,

505 2951 681 3009 quam
708 2931 882 2986 verba
907 2925 1167 2998 proxime
1189 2923 1297 2977 huc
1320 2920 1665 2991 transcripta
1680 2919 1997 2984 involvunt,
2018 2933 2124 2989 per

503 3006 843 3093 Gregorium
900 3017 1013 3082 Vll,
1065 3028 1358 3067 summum
1406 3008 1760 3081 pontiﬁcem,
1815 3006 1987 3061 fuerit
2036 3022 2123 3059 re-

509 3112 700 3167 scissa.
734 3108 945 3161 Verum
979 3104 1121 3167 haec,
1150 3118 1263 3173 qua
1291 3116 1432 3171 erga
1470 3099 1804 3161 Manassen],
1840 3094 2124 3149 Simonia—

513 3216 646 3255 cum
678 3195 1016 3259 antistitem,
1052 3208 1183 3243 usus
1204 3192 1289 3244 est
1317 3186 1645 3257 Gregorius,
1680 3184 2042 3255 indulgentia
2059 3199 2124 3237 ac

506 3285 836 3357 benignitas
885 3278 1111 3350 Hugoni
1156 3276 1346 3332 Dicnsi
1396 3274 1663 3345 episcopo
1695 3289 1759 3327 ac
1790 3272 1939 3326 sedis
1965 3287 2126 3341 apos-

507 3376 695 3431 tolicae
726 3373 785 3426 in
817 3368 1008 3424 Galliis
1055 3368 1245 3437 legato
1289 3362 1721 3418 verosimillime
1773 3378 1890 3415 non
1920 3376 2125 3431 parum

513 3459 831 3534 displicuit.
865 3457 1063 3511 Fasest
1084 3454 1141 3508 id
1163 3453 1433 3523 colligere
1462 3468 1528 3505 ex
1552 3450 1812 3521 epistola,
1836 3449 1907 3503 ad
1928 3464 2124 3519 supre-

510 3568 672 3608 mum
690 3548 847 3601 illum
870 3543 1129 3598 ECClCSltB
1147 3545 1435 3613 pastorem
1456 3542 1586 3609 post
1602 3538 1953 3592 celebratum
1973 3553 2125 3590 anno

515 3643 650 3695 1078
668 3634 1019 3691 Pictaviense
1048 3629 1355 3685 concilium
1379 3628 1450 3682 ab
1479 3628 1687 3682 eodem
1720 3627 1979 3697 Hugone,
1999 3625 2129 3679 licet

2124 1730 2175 1790 B

2280 1770 2399 1822 135.
2435 1791 2462 1819 ‹‹
2491 1767 2735 1822 Obsecro
2768 1768 2966 1836 etiam,
2992 1768 3199 1843 inquit,
3234 1770 3695 1827 benevolentiam
3712 1773 3827 1828 ho.

2208 1856 2363 1910 noris
2384 1856 2573 1921 vestri,
2604 1860 2667 1910 ut
2692 1856 3056 1928 dignitatem,
3097 1875 3271 1929 quam
3310 1862 3697 1915 antecessores
3724 1878 3825 1914 ve-

2208 1945 2308 1999 stri
2322 1945 2773 2000 antecessoribus
2804 1945 2949 2001 meis
2968 1946 3408 2020 archiepiscopis
3434 1952 3827 2014 servaverunt,

2210 2036 2268 2089 et
2286 2033 2616 2105 privilegiis,
2636 2033 2871 2105 allisque
2895 2035 3119 2106 scriptis
3131 2036 3205 2090 ad
3225 2040 3588 2108 posterorum
3606 2054 3835 2092 memo-

2211 2124 2359 2178 riam
2375 2122 2902 2193 reliquerunt,mihi
2931 2140 3223 2179 reservare
3246 2124 3678 2196 dignemini.Ne
3696 2125 3831 2181 irri-

2214 2217 2338 2267 tum
2362 2211 2780 2266 autinfractum
2802 2211 2903 2266 ﬁat
2924 2212 3472 2285 privilegium,quod
3494 2214 3614 2285 ipse
3641 2214 3836 2270 dedis-

2215 2300 2286 2355 tis
2303 2298 2688 2365 mihi,scilicet
2707 2302 2771 2353 ut
2792 2300 2950 2354 vobis
2973 2300 3076 2371 ipsi
3096 2302 3495 2373 interpellatus
3522 2305 3579 2357 et
3605 2319 3722 2357 non
3742 2302 3837 2357 in-
3922 2369 3933 2381 ρ

2217 2388 2552 2459 terpellatus
2580 2388 2968 2461 respondeam
2997 2394 3054 2445 et
3076 2390 3278 2461 legatis
3304 2392 3504 2447 vestris
3532 2393 3834 2460 Romanis,

2219 2494 2337 2534 non
2371 2478 2835 2545 ultramontanis,
2871 2479 2969 2551 qui
3016 2479 3310 2551 conjuncti
3358 2479 3634 2535 Romanis
3679 2499 3840 2554 qua:-

2218 2573 2375 2636 runt,
2393 2587 2521 2642 quas
2566 2586 2668 2624 sua
2703 2572 2854 2635 sunt,
2888 2586 3004 2624 non
3035 2586 3161 2641 quas
3203 2571 3332 2626 Jesu
3358 2571 3585 2638 Christi,
3620 2575 3679 2625 et
3727 2573 3838 2628 sub

2218 2658 2476 2714 honestis
2512 2657 2846 2712 nominibus
2876 2658 3172 2728 cupiditati
3209 2677 3324 2714 sua:
3354 2661 3678 2726 consulunt,
3709 2677 3835 2716 non

2220 2746 2483 2801 Ecclesiae
2514 2745 2635 2800 Dei.
2662 2744 2824 2800 Unde
2848 2749 3086 2817 propter
3101 2746 3302 2801 talium
3326 2748 3625 2819 pudendas
3638 2764 3841 2819 repre-

2219 2833 2531 2889 hensiones
2551 2835 2609 2887 et
2620 2833 2948 2887 vocationes
2964 2834 3127 2900 mihi,
3155 2835 3250 2906 qui
3280 2835 3453 2890 totius
3472 2835 3662 2890 Gallias
3689 2836 3843 2907 epis-

2221 2939 2395 2995 c0pos
2413 2922 2594 2976 debeo
2611 2923 3121 2987 convocare,liceat
3137 2924 3427 2980 conﬁdere
3452 2924 3523 2979 de
3539 2924 3696 2979 vobis
3709 2924 3843 2979 sine

2222 3014 2544 3083 legatorum
2570 3011 2737 3065 liceat
2761 3010 3049 3065 conﬁdere
3079 3012 3149 3065 de
3174 3012 3332 3067 vobis
3360 3013 3483 3068 sine
3510 3014 3843 3085 legatorum

2222 3100 2543 3166 vocatione,
2577 3100 2759 3155 donec
2789 3099 2859 3153 ad
2877 3100 3092 3154 Pascha
3117 3101 3348 3156 veniam
3370 3102 3444 3156 ad
3457 3118 3576 3169 vos,
3597 3104 3712 3157 Deo
3740 3120 3845 3158 vo-

2223 3191 2397 3244 lente.
2414 3209 2441 3239 »
2460 3190 2544 3243 Ita
2559 3189 2861 3253 Manasses,
2880 3204 2955 3241 ne
2977 3189 3208 3259 quando
3235 3190 3480 3261 Hugoni,
3506 3190 3654 3246 sedis
3679 3208 3853 3264 apos-

2224 3277 2408 3332 tolica:
2436 3277 2647 3347 legato,
2672 3275 2741 3329 de
2754 3275 3091 3331 criminibus
3111 3277 3214 3332 sibi
3229 3278 3467 3349 objectis
3488 3279 3852 3350 respondere

2226 3368 2547 3437 cogeretur.
2566 3365 2775 3417 Verum
2792 3380 2923 3418 eum
2952 3366 3057 3420 hac
3072 3366 3128 3420 in
3151 3383 3233 3433 re,
3254 3367 3461 3422 acriter
3476 3366 3673 3435 etiam,
3689 3386 3851 3440 qua:-

2228 3470 2474 3525 cumque
2497 3452 2609 3506 sive
2639 3452 2708 3505 de
2733 3451 2892 3506 Sedis
2915 3454 3254 3523 Apostolicas
3281 3455 3483 3526 legatis
3504 3456 3619 3510 sive
3648 3456 3720 3510 de
3747 3474 3847 3512 ec-

2228 3542 2413 3597 clesia!
2432 3540 2726 3595 Remensis
2741 3540 3039 3611 privilegio
3055 3542 3239 3596 verbis
3250 3543 3502 3598 recitatis
3512 3544 3847 3615 scripserat,

2229 3630 2556 3696 confutatis,
2582 3628 2885 3700 Gregorius
2913 3628 3156 3685 minime
3188 3631 3423 3699 audivit,
3445 3632 3549 3687 etsi
3600 3632 3845 3689 interim

511 3745 630 3784 non
660 3726 729 3779 de
757 3724 1030 3786 Manasse,
1064 3718 1294 3790 scripta,
1324 3717 1384 3771 in
1418 3734 1531 3789 qua
1562 3716 1607 3770 is
1642 3717 1743 3776 sub
1774 3715 1951 3769 ﬁnem
1977 3713 2132 3785 apud

2229 3718 2774 3791 expostulationum,
2804 3718 2903 3771 abs
2921 3717 3018 3773 illo
3041 3723 3243 3774 contra
3271 3720 3509 3775 Ebalum
3544 3722 3851 3791 comitem,

515 3816 809 3873 Labbeum
829 3815 969 3865 tom.
993 3809 1033 3863 Χ
1060 3806 1468 3871 Conciliorum,
1492 3806 1600 3859 col.
1626 3808 1724 3859 367
1753 3804 1831 3858 ita
1847 3804 2127 3875 loquitur:

2230 3810 2542 3863 Manassem
2578 3806 2949 3877 praepositum
3001 3806 3256 3879 aliosque
3323 3809 3628 3877 factarum,
3666 3811 3851 3866 ratio-

518 3927 548 3958 ι(
580 3902 883 3959 Provideat
913 3899 1105 3969 itaque
1137 3894 1407 3950 sanctitas
1436 3898 1641 3959 vestra,
1678 3909 1751 3947 ne
1783 3892 1993 3947 diutius
2012 3897 2131 3946 tam
2233 3912 2369 3951 nem
2390 3894 2722 3948 habendam
2744 3894 2987 3961 duxerit,
3006 3898 3067 3949 ut
3087 3896 3261 3950 ﬁdem
3288 3897 3556 3953 facittum
3580 3898 3854 3970 epistola,

517 3990 893 4065 opprobriose
910 3986 1075 4041 nobis
1093 3985 1539 4054 improperetur,
1567 3981 1721 4052 quod
1735 3980 2033 4034 simoniaci
2048 3980 2134 4033 vel
2236 4000 2349 4055 qua
2375 3982 2612 4037 Manassi
2632 3982 2950 4052 respondit,
2969 3987 3091 4037 tum
3114 3985 3312 4051 altera,
3338 4003 3513 4058 quam
3541 3990 3858 4057 prmterea,

522 4082 870 4154 quicumque
893 4072 1185 4127 criminosi
1210 4090 1243 4125 a
1275 4071 1441 4125 nobis
1469 4069 1726 4140 suspensi
1762 4070 1846 4123 vel
1892 4069 2135 4139 depositi
2238 4088 2368 4125 cum
2394 4071 2502 4125 hoc
2526 4070 2681 4135 fecit,
2704 4070 2776 4124 ad
2797 4072 3095 4142 Hugonem
3120 4072 3409 4141 Diensem,
3439 4091 3605 4129 suum
3636 4074 3695 4129 in
3723 4075 3863 4130 Gal-

526 4172 625 4224 aut
650 4166 826 4221 etiam
854 4160 1113 4217 damnati
1139 4160 1385 4213 libenter
1408 4160 1643 4211 currunt
1671 4158 1936 4223 Romam,
1966 4161 2023 4211 et
2044 4156 2140 4211 ubi
2241 4160 2329 4214 liis
2354 4160 2629 4229 legatum,
2653 4158 2830 4213 dedit.
2860 4160 3056 4214 Ambae
3088 4162 3241 4232 apud
3280 4162 3592 4229 Labbeum,
3635 4181 3668 4217 a
3714 4180 3865 4234 quo,

529 4256 809 4313 deberent
838 4251 1051 4306 sentire
1077 4247 1420 4319 ampliorem
1451 4245 1705 4317 rigorem
1721 4246 1979 4316 justitim,
2009 4245 2143 4301 inde
2243 4253 2387 4303 tom.
2410 4248 2449 4301 X
2467 4247 2875 4313 Conciliorum,
2898 4249 3004 4302 col.
3034 4251 3128 4303 196
3150 4253 3209 4303 et
3229 4248 3409 4304 tribus
3430 4267 3591 4322 seqq.
3610 4251 3873 4306 recitan-

527 4345 831 4417 reportant
877 4338 1036 4411 quasi
1085 4335 1540 4391 misericordiam
1573 4352 1676 4406 pro
1717 4336 2029 4389 voluntate.
2080 4336 2147 4390 Et
2173 4342 2358 4426 Dtur,
2396 4358 2422 4386 ‹‹
2455 4335 2771 4426 Undecimo
2815 4336 3507 4426 Kalendasseptembris,
3540 4338 3875 4396 Indictione

534 4433 633 4505 qui
664 4435 835 4486 antea
866 4445 970 4481 nec
1016 4427 1074 4480 in
1108 4425 1321 4479 levibus
1360 4427 1851 4497 praesumpserunt
1888 4440 2145 4495 peccare,
2175 4424 2207 4426 ᾖ
2247 4427 2508 4499 prima,»
2541 4441 2668 4496 quae
2700 4424 2792 4479 hic
2817 4440 2881 4477 ex
2906 4441 3078 4496 supra
3100 4425 3266 4480 dictis
3287 4443 3507 4481 annum
3543 4428 3677 4482 1078
3709 4427 3875 4481 desi-

536 4518 910 4595 postmodum
965 4517 1234 4570 exercent
1282 4512 1641 4585 aptissimam
1691 4512 2149 4583 negotiationem
2251 4513 3151 4587 gnat,«datzennotantur;unde
3173 4515 3541 4586 consequitur
3570 4520 3651 4581 ut,
3685 4533 3878 4587 quam

540 4626 671 4664 cum
702 4604 1007 4677 tyrannide
1040 4604 1099 4658 in
1127 4601 1450 4657 commissis
1476 4600 1581 4655 sibi
1614 4600 1883 4655 ecclesiis.
1915 4622 1940 4649 ››
2252 4604 2323 4660 ad
2339 4601 2679 4674 Gregorium
2729 4617 2940 4671 papam
2971 4602 3252 4657 Manasses
3279 4603 3740 4675 archiepiscopus
3764 4604 3879 4659 de-

618 4698 737 4752 134.
781 4694 875 4748 llis
904 4708 1076 4764 porro
1109 4691 1293 4745 verbis
1343 4690 1517 4745 etiam
1571 4690 1758 4756 docet,
1809 4689 2155 4745 simoniacos
2254 4693 2357 4759 dit,
2386 4690 2646 4763 proxime
2674 4692 2998 4744 memorata
3025 4690 3434 4761 epistolaanno
3471 4694 3626 4759 1078,
3667 4695 3883 4763 utpote

543 4791 682 4842 tunc
704 4801 769 4838 ex
798 4780 1179 4851 indulgentia,
1204 4796 1379 4851 quam
1412 4780 1609 4833 Romae
1643 4778 1883 4833 fuissent
1913 4780 2151 4850 experti,
2254 4781 2531 4837 ambabus
2554 4779 2705 4833 hisce
2721 4778 2996 4845 anterior,
3014 4778 3369 4853 concilioque
3399 4780 3683 4848 Romano,
3713 4783 3889 4853 quod

547 4872 862 4931 deteriores
882 4875 1051 4942 atque
1080 4867 1479 4923 insolentiores
1505 4866 1776 4933 evasisse;
1810 4868 1962 4938 quod
1981 4884 2154 4938 quam
2258 4870 2465 4925 eodem
2498 4885 2651 4923 anno
2687 4870 2820 4922 1078
2853 4867 3204 4922 celebratum
3230 4868 3357 4936 fuit,
3391 4884 3458 4922 ex
3479 4868 3644 4923 dictis
3678 4872 3888 4940 poste-

545 4978 745 5019 verum
771 4962 938 5025 esset,
971 4974 1070 5012 suo
1097 4956 1306 5029 agendi
1331 4956 1505 5010 modo
1536 4956 1816 5011 Manasses
1843 4958 2162 5011 luculenter
2261 4959 2400 5026 rior,
2458 4961 2689 5013 exarata
2741 4955 2979 5011 indubie
3010 4956 3212 5025 fuerit;
3245 4957 3401 5029 quod
3436 4957 3548 5024 hic,
3591 4960 3655 5011 ut
3696 4956 3892 5015 ﬁdem

551 5049 824 5107 ostendit.
850 5048 965 5102 Etsi
993 5046 1172 5112 enim,
1196 5060 1315 5099 sese
1333 5044 1402 5098 de
1420 5043 1658 5113 objectis
1678 5045 1781 5099 sibi
1805 5045 2160 5111 criminibus,
2266 5064 2428 5103 num.
2463 5050 2582 5113 123,
2620 5047 2814 5102 datam
2845 5045 3151 5101 liberarem
3176 5047 3424 5116 probare
3454 5049 3539 5101 est
3564 5046 3767 5100 visum.

553 5140 599 5194 si
627 5138 861 5211 quando
894 5137 953 5190 id
979 5133 1239 5207 pontiﬁci
1269 5132 1590 5203 placuisset,
1618 5133 1944 5203 Apostolico
1974 5135 2163 5204 legato
2344 5140 2462 5191 136.
2494 5136 2672 5203 Nunc,
2734 5151 2861 5207 qua":
2889 5134 2949 5188 in
2983 5135 3201 5189 duabus
3230 5134 3493 5206 proxime
3542 5134 3707 5188 dictis
3750 5134 3901 5191 Gre-

552 5242 988 5299 responsurum,
1015 5223 1351 5296 juramento
1382 5222 1577 5275 Roma:
1604 5221 1781 5288 edito,
1811 5222 2166 5277 sanctissime
2268 5224 2414 5297 gorii
2486 5224 2739 5296 epistolis
2806 5223 3013 5291 verba,
3094 5224 3167 5278 ad
3227 5222 3555 5277 institutum
3626 5237 3899 5293 praesens

553 5315 669 5388 (adi
690 5311 1138 5385 verbaGregorii
1159 5326 1514 5384 papuz,num.
1544 5311 1779 5373 132,buc
1802 5311 2163 5382 transcripta)
2268 5316 2577 5386 utcumque
2626 5312 2916 5379 facientia,
2992 5314 3305 5380 occurunt,
3364 5311 3475 5365 huc
3533 5311 3892 5369 transcribo.

550 5401 926 5476 promisisset,
960 5401 1048 5454 vix
1076 5405 1271 5455 tamen
1308 5416 1342 5453 a
1370 5397 1611 5454 concilio
1654 5398 1937 5465 Romono,
1967 5399 2026 5453 in
2050 5417 2162 5471 quo
2263 5402 2419 5457 Talia
2449 5402 2508 5456 in
2539 5402 2719 5473 priori
2753 5404 2885 5455 sunt
2910 5402 3067 5455 haec:
3103 5422 3131 5451 «
3162 5402 3241 5456 De
3271 5401 3545 5466 Manasse,
3578 5398 3674 5471 qui
3704 5415 3804 5453 vos
3823 5406 3897 5457 et

552 5506 623 5547 ex
678 5489 842 5545 dictis
898 5505 1051 5543 anno
1106 5491 1239 5543 1078
1287 5487 1513 5544 auditus
1566 5487 1907 5558 absolusque
1952 5488 2159 5557 fuerat,
2264 5491 2561 5562 ecclesiam
2583 5493 2851 5556 vestram,
2884 5490 3020 5561 quia
3038 5488 3355 5546 malefactis
3381 5504 3497 5543 non
3524 5490 3731 5559 potest,
3756 5505 3892 5545 ma-

541 5581 613 5641 in
659 5578 865 5635 Gallias
912 5580 1035 5634 erat
1080 5594 1328 5647 reverus,
1379 5594 1509 5635 cum
1558 5576 1632 5632 ad
1678 5576 2033 5651 pontiﬁcem,
2086 5597 2111 5636 a

2260 5580 2483 5638 ledictis
2502 5579 2774 5636 infestare
2791 5594 2909 5636 non
2930 5582 3131 5649 cessat,
3163 5580 3221 5635 et
3250 5577 3320 5635 de
3337 5576 3560 5635 caeteris
3580 5576 3882 5651 omnibus,
