4122 6058
193 216 251 272 Rt
1776 216 1817 270 Α

1917 206 1957 271 Α
3060 188 3061 193 η
3462 238 3573 299 82,

196 358 371 412 super
384 343 593 415 quibus
606 340 1082 418 conquestionem
1102 345 1261 401 vobis
1274 342 1593 399 collibuerit
1606 342 1813 408 facere,
1839 346 1893 403 A
1919 346 2330 421 archiepiscopi
2365 365 2593 405 causam
2630 350 3172 421 celebraretur,huic
3189 356 3397 412 iterum
3421 359 3529 413 Ma-

195 430 464 486 misimus
478 432 698 488 litteras
716 438 938 489 nostras
951 433 1422 490 commemoratis
1436 431 1817 486 confratribus

198 520 434 587 nostris,
456 522 646 576 Diensi
672 522 936 578 videlicet
955 524 1247 595 episcopo,
1272 526 1328 577 et
1342 519 1699 575 Cluniacensi
1723 519 1818 573 ab-

195 606 410 675 bati,ut
422 613 630 665 cuncta
645 611 1025 666 studeantdili
1033 615 1239 682 genter
1254 607 1814 682 inquirere,sollicite

196 694 505 765 discutere,
523 698 773 754 discussa
789 702 845 754 et
866 700 1141 771 indagata
1153 700 1225 754 ad
1245 716 1453 772 purum
1465 699 1637 769 juste,
1657 698 1814 767 lega-

192 782 328 838 liter
358 789 419 839 et
450 787 727 841 canonice
742 788 1039 859 judicare;
1068 810 1095 837 »
1131 789 1187 841 in
1220 787 1522 859 posteriori
1552 801 1685 840 vero
1708 785 1817 839 ista

194 887 253 925 se
279 871 570 930 oﬂ‘erunt:
599 898 627 927 ‹‹
646 875 791 940 Quia
821 877 880 930 in
911 880 1123 932 sanctae
1146 877 1268 943 Dei,
1300 875 1387 930 cui
1419 875 1610 930 divina
1631 873 1819 944 dispo-

192 960 410 1016 sitione
442 963 838 1034 praesidemus,
858 966 1119 1020 Ecclesiae
1142 965 1427 1037 regimine
1450 963 1689 1018 sollicite
1713 978 1817 1015 nos

193 1048 440 1120 vigilare
470 1055 719 1122 oportet,
760 1054 958 1108 vestris
997 1053 1235 1108 assiduis
1274 1053 1536 1126 precibus
1567 1050 1733 1105 nobis
1756 1052 1818 1103 ut

195 1137 460 1192 divinum
498 1140 808 1196 obtineatis
854 1142 1208 1213 prmsidium,
1256 1141 1636 1212 deposcimus.
1667 1138 1815 1203 Qua-

194 1230 445 1296 propter
479 1246 576 1283 vos
632 1247 1001 1303 summopere
1042 1230 1293 1285 studium
1316 1230 1589 1284 adhibere
1622 1228 1820 1282 admo-

197 1314 395 1368 nendo
416 1317 782 1385 mandamus,
802 1318 1399 1390 quatenusinquiratis
1431 1320 1488 1370 et
1521 1316 1815 1381 canonice,

196 1406 371 1472 prout
406 1405 665 1476 potestis,
687 1406 861 1460 finem
880 1407 1181 1478 imponere
1210 1406 1528 1479 procuretis
1548 1404 1816 1476 negotiis,

197 1491 355 1545 unde
389 1493 730 1548 Rhemensis
762 1495 1244 1567 archiepiscOpus,
1278 1495 1569 1549 confrater
1600 1494 1815 1559 noster,

195 1579 313 1633 suis
337 1579 549 1635 litteris
568 1582 732 1637 nobis
762 1585 1106 1654 conquestus
1127 1585 1230 1637 est.
1254 1582 1636 1654 Conqueritur
1661 1579 1817 1635 enim

196 1666 268 1721 de
301 1669 601 1725 confratre
633 1674 851 1739 nostro,
886 1671 1317 1743 archiepiscopo
1333 1669 1641 1725 Viennensi
1666 1669 1820 1722 War-

196 1757 442 1825 mundo,
478 1758 575 1830 qui
607 1759 665 1812 in
692 1776 792 1815 suo
826 1758 1318 1831 archiepiscopatu
1339 1759 1702 1831 presbyteros
1718 1757 1816 1811 de-

194 1846 411 1917 posuit,
442 1849 500 1900 et
523 1847 756 1901 eosdem
773 1847 1041 1901 restituit.
1145 1849 1225 1902 De
1243 1849 1492 1903 Manasse
1510 1849 1727 1908 autem,
1747 1846 1818 1900 de

196 1950 309 2004 quo
351 1933 624 1988 similiter
666 1936 1057 2006 conqueritur,
1099 1935 1197 2007 qui
1233 1934 1425 1990 (Ebali
1467 1951 1816 2006 suorumque

194 2022 416 2093 refugio
438 2025 495 2077 et
526 2024 735 2078 auxilio
782 2024 945 2080 illum
984 2027 1041 2078 et
1075 2024 1375 2079 ecclesiam
1418 2023 1663 2095 fatigare
1699 2039 1815 2076 non

195 2115 399 2177 cessat,
432 2112 692 2167 laborate
710 2116 771 2167 ut
786 2113 859 2167 ad
890 2130 1091 2185 pacem
1118 2114 1339 2181 redeat,
1362 2115 1420 2167 et
1442 2113 1513 2167 ab
1531 2112 1813 2184 inquieta-

198 2199 356 2253 tione
380 2199 646 2255 Ecclesize
675 2204 733 2254 et
759 2202 1163 2273 persecutione
1201 2200 1618 2273 archiepiscopi
1652 2199 1813 2272 quie-

193 2290 331 2341 scat.
370 2286 538 2351 Quod
576 2289 621 2343 si
666 2289 815 2344 forte
846 2290 905 2344 in
950 2308 1053 2345 sua
1097 2290 1462 2345 contumacia
1508 2289 1816 2361 persistens

194 2375 435 2430 obedire
458 2378 737 2445 renuerit,
771 2379 879 2433 nisi
920 2379 1081 2433 illum
1119 2380 1336 2450 justam
1384 2377 1813 2433 excusationem

194 2463 412 2519 habere
442 2466 847 2537 cognoveritis,
884 2467 1287 2539 quodcumque
1320 2466 1479 2521 vobis
1499 2465 1707 2537 justius
1740 2455 1816 2519 vi-

194 2551 386 2619 detur,
416 2553 607 2608 facite.
642 2557 721 2610 De
738 2554 863 2610 aliis
883 2559 1075 2611 autem
1093 2555 1522 2621 necessitatibus
1545 2554 1816 2609 eumdem

194 2642 695 2715 archiepisc0pum
749 2643 813 2715 (si
861 2648 1059 2699 tamen
1107 2644 1266 2700 vobis
1306 2642 1606 2713 obedierit)
1672 2642 1817 2696 sicut

195 2728 445 2801 dignum
473 2734 580 2798 est,
612 2732 897 2803 adjuvate,
922 2733 1088 2804 eique
1121 2732 1488 2787 commissam
1517 2730 1816 2785 ecclesiam

195 2820 548 2874 auctorirate
587 2820 741 2875 beati
763 2821 914 2875 Petri
943 2821 1117 2894 (quod
1134 2825 1191 2875 et
1216 2822 1286 2876 de
1311 2821 1435 2876 aliis
1452 2819 1703 2874 ecclesiis
1719 2836 1817 2874 vos

197 2911 433 2979 oportet
465 2908 658 2980 agere)
683 2909 995 2964 defendite.
1026 2930 1052 2958 ››

268 2998 397 3051 137.
462 2996 726 3051 Pontiﬁci
770 2997 964 3069 igitur,
1013 2997 1507 3071 quemadmodum
1551 3014 1619 3051 ex
1661 2995 1815 3051 hisce

200 3084 485 3156 epistolas,
517 3102 691 3157 quam
724 3085 798 3140 ad
821 3087 1125 3157 Hugonem
1143 3087 1409 3142 Diensem
1433 3086 1609 3154 dedit,
1634 3084 1817 3140 verbis

201 3172 571 3244 potissimum
603 3178 862 3246 apparet,
887 3174 945 3230 in
966 3175 1110 3229 votis
1128 3175 1256 3237 fuit,
1281 3177 1361 3243 ut,
1380 3175 1422 3228 si
1452 3192 1566 3246 qua
1592 3174 1817 3228 raitone

202 3260 325 3315 ﬁeri
340 3261 399 3315 id
422 3265 632 3334 posset,
656 3263 861 3317 Ebalus
881 3263 1235 3318 Reciacensis
1253 3280 1447 3318 comes
1462 3266 1519 3317 et
1539 3263 1819 3317 Manasses

198 3351 457 3405 ecclesiae
490 3351 787 3406 Remensis
816 3352 1154 3424 przepositus
1183 3370 1314 3407 cum
1354 3352 1605 3407 Manasse
1631 3349 1816 3404 archi-

197 3438 469 3511 episcopo
501 3439 560 3493 in
599 3440 845 3510 gratiam
887 3440 1164 3507 redirent,
1198 3442 1340 3495 Hinc
1384 3456 1558 3512 porro
1598 3438 1817 3493 factum

195 3526 447 3597 conjicio
480 3530 544 3581 ut
571 3528 850 3583 Manasses
874 3529 1234 3602 praepositus,
1283 3527 1594 3583 voluntatis
1624 3526 1816 3598 ponti-

197 3614 343 3669 ﬁcis:
374 3615 493 3669 sive
513 3633 616 3689 per
642 3617 964 3688 Hugonem,
998 3617 1148 3671 sedis
1180 3616 1506 3689 apostolica:
1540 3617 1815 3686 legatum,

196 3701 311 3757 sive
323 3720 432 3775 per
447 3703 763 3776 ipsummet
780 3705 1273 3777 archiepiscopum
1302 3705 1617 3759 Manassem
1638 3703 1819 3757 factus

193 3793 432 3857 certior,
454 3794 825 3849 concordiam
847 3810 977 3848 cum
1003 3794 1112 3848 hoc
1138 3793 1349 3859 inierit,
1371 3809 1544 3864 quam
1576 3793 1822 3865 ipsemet

193 3879 565 3936 Simoniacus
619 3881 667 3936 is
711 3882 949 3937 antistes
984 3882 1045 3936 in
1090 3899 1191 3937 sua
1233 3881 1387 3955 apud
1424 3880 1819 3937 Mabillonium

194 3971 342 4049 tom.
378 3971 421 4024 Ι.
454 3969 623 4025 Musei
662 3971 859 4039 Italici,
910 3973 1060 4044 part.
1097 3988 1155 4036 ιι,
1188 3988 1322 4044 pag.
1361 3972 1451 4025 121
1506 3968 1819 4042 secpissime

186 4058 313 4129 jam
376 4058 613 4114 laudata
656 4059 938 4133 Apologia
983 4061 1408 4115 commemorat
1452 4058 1542 4113 his
1584 4056 1815 4112 verbis:

198 4168 225 4195 κ
253 4148 397 4203 Dico
446 4148 607 4202 vobis
655 4149 789 4221 quia
837 4166 944 4221 ego
981 4151 1039 4203 et
1078 4148 1358 4204 Manasses
1402 4163 1507 4220 pro
1552 4145 1820 4202 omnibus

195 4236 367 4291 sociis
397 4235 515 4291 suis
560 4235 930 4292 concordiam
969 4236 1229 4304 fecimus,
1281 4234 1529 4308 exceptis
1576 4233 1816 4299 duobus,

202 4341 458 4397 quorum
503 4343 668 4392 unus,
698 4325 914 4380 scilicet
948 4327 1160 4394 Bruno,
1180 4326 1302 4397 (nec
1333 4327 1530 4379 noster
1561 4323 1818 4391 clericus,

198 4428 305 4467 nec
339 4416 539 4469 noster
568 4417 734 4469 natus
764 4418 862 4469 aut
889 4418 1124 4469 renatus
1144 4417 1248 4481 est,
1288 4412 1387 4468 sed
1426 4412 1606 4467 sancti
1649 4409 1819 4466 Cuni-

197 4500 350 4556 berti
393 4502 772 4570 Coloniensis,
818 4502 877 4556 in
924 4519 1106 4574 regno
1148 4501 1596 4557 Teutonicorum
1628 4498 1818 4572 positi,

196 4591 514 4646 canonicus
573 4593 691 4661 est;
726 4591 884 4663 cujus
926 4591 1259 4646 societatem
1298 4608 1415 4646 non
1463 4605 1821 4662 magnopere

198 4679 561 4745 affectamus,
586 4682 784 4752 utpote
808 4677 878 4735 de
899 4680 1059 4751 cujus
1085 4679 1201 4735 vita
1227 4683 1285 4734 et
1303 4680 1571 4734 libertate
1592 4678 1823 4752 penitus

198 4767 580 4841 ignoramus;
607 4770 665 4821 et
691 4767 845 4840 quia,
877 4767 1108 4841 quando
1143 4767 1294 4841 apud
1327 4784 1432 4823 nos
1460 4767 1590 4835 fuit,
1625 4765 1822 4821 multis

198 4856 497 4913 beneficiis
521 4874 557 4911 a
578 4856 743 4911 nobis
773 4856 832 4912 in
856 4874 987 4911 eum
1019 4856 1259 4924 collatis,
1293 4858 1444 4911 male
1477 4857 1535 4911 et
1555 4854 1820 4928 nequiter

197 4947 430 5000 tractati
461 4963 679 5001 sumus.
713 4946 871 5000 Alter
901 4963 1053 5014 vero,
1100 4945 1161 5000 id
1190 4949 1293 5013 est,
1328 4945 1584 5013 Pontius,
1617 4944 1679 4998 in
1708 4945 1817 4999 Bo-

198 5051 375 5091 mano
409 5033 679 5103 concilio,
719 5034 889 5091 nobis
917 5034 1313 5107 praesentibus,
1358 5037 1443 5089 est
1465 5034 1729 5103 falsatus;
1762 5036 1820 5087 et

198 5123 330 5179 ideo
358 5139 469 5179 nec
505 5123 627 5191 uni,
668 5140 776 5178 nec
815 5122 978 5178 alteri
1010 5123 1071 5177 in
1102 5123 1451 5178 ecclesiastio
1474 5121 1694 5194 judicio
1724 5138 1816 5175 re-

199 5213 489 5287 spondere
519 5214 617 5267 aut
633 5213 893 5267 volumus
923 5214 1022 5267 aut
1037 5210 1312 5267 debemus
1330 5227 1344 5281 ;
1368 5231 1395 5261 »
1422 5211 1481 5265 in
1500 5210 1608 5265 hac
1624 5213 1818 5265 autem

201 5303 557 5375 conjectura,
606 5300 793 5373 magis
840 5300 1027 5356 adhuc
1062 5300 1378 5356 conﬁrmor
1408 5316 1476 5354 ex
1505 5315 1595 5367 eo,
1640 5297 1818 5371 quod,

202 5389 437 5467 quando
452 5393 588 5475 post
598 5388 854 5464 pontifici
868 5386 1186 5463 placuit,,ut
1202 5404 1363 5475 anno
1387 5388 1520 5443 1080
1559 5385 1821 5475 Lugduni

203 5473 515 5538 concilium
527 5480 599 5537 ad
613 5474 1036 5538 discutiendam
1052 5474 1546 5548 decidendamque
1557 5477 1680 5533 Man
1688 5473 1826 5530 assis

77 5744 597 5948 ‘

1837 1639 1888 1697 B

1834 2866 1882 2926 C

1918 450 2111 489 nasses
2136 438 2502 508 prmpositus,
2534 440 2843 495 voluntatis
2875 444 3184 512 pontificio:
3228 445 3529 500 observan-

1915 521 2187 593 tissimus,
2234 543 2353 581 sese
2397 528 2626 595 stiterit,
2690 546 2947 601 unusque
3004 533 3180 586 etiam
3238 533 3454 587 ibidem
3501 551 3533 588 e

1917 608 2249 680 Simoniaci,
2283 615 2430 669 illius
2458 616 2700 683 antistis,
2734 634 2863 672 cum
2897 636 3010 691 quo
3042 637 3106 675 ex
3136 620 3301 675 dictis
3329 638 3531 692 pacem

1909 698 2033 769 jam
2066 705 2199 755 ante
2232 702 2460 771 inierat,
2485 706 2907 761 accusatoribus
2936 709 3234 777 exstiterit,
3270 710 3348 763 uti
3372 710 3529 764 colli-

1916 788 2172 858 gendum
2189 790 2412 845 videtur
2435 808 2503 845 ex
2529 793 2785 864 Gregorii
2807 795 2920 863 VII,
2936 814 3062 868 qua?
3076 798 3227 867 apud
3241 798 3530 852 Labbeum

1916 878 2061 930 tom.
2094 878 2134 931 X
2171 878 2558 935 Conciliorum
2611 883 2719 936 col.
2766 884 2861 937 241
2900 888 3100 951 exstat,
3155 886 3414 955 epistola,
3459 887 3533 941 ad

1916 964 2250 1033 Manasscm,
2300 969 2793 1041 archiepiscopum
2825 973 3190 1039 Remensem,
3225 954 3531 1045 postquam

1917 1051 2009 1106 hic
2023 1052 2082 1106 in
2098 1054 2249 1109 dicto
2264 1056 2629 1127 Lugdunensi
2646 1059 2886 1123 concilio
2906 1065 3301 1115 exauctoratus
3314 1062 3530 1129 fuisset,

1918 1141 2235 1197 Indictione
2268 1145 2457 1209 tertia,
2492 1145 2550 1199 id
2573 1149 2657 1200 est
2688 1163 2752 1200 ex
2785 1165 2957 1219 supra
2987 1149 3170 1215 dictis,
3205 1165 3356 1204 anno
3396 1151 3532 1204 1080

1919 1230 2278 1303 conscripta;
2311 1249 2341 1287 e
2382 1250 2495 1304 qua
2544 1233 2719 1288 etiam
2765 1239 3005 1305 apparet
3037 1237 3351 1292 Manassem
3384 1254 3529 1308 prae-

1919 1317 2168 1387 positum
2222 1320 2388 1375 bonis
2436 1321 2570 1389 suis,
2604 1322 2664 1376 in
2718 1340 2865 1394 quae,
2918 1324 3056 1394 pace
3113 1342 3243 1379 cum
3280 1327 3532 1380 Manasse

1920 1407 2348 1479 archiepiscopo
2367 1409 2531 1476 inita,
2552 1410 2845 1465 restitutus
2875 1412 3301 1467 verosimillime
3321 1413 3528 1480 fuerat,

1920 1492 2129 1549 iterum
2163 1496 2234 1550 ab
2265 1498 2394 1563 hoc,
2428 1498 2581 1569 quod
2622 1499 2746 1570 ejus
2778 1517 2897 1555 sese
2932 1499 2992 1554 in
3026 1501 3269 1555 concilio
3304 1502 3529 1573 Lugdu-

1921 1584 2082 1639 nensi
2116 1586 2537 1640 accusatoribus
2561 1587 2750 1642 denuo
2774 1588 3081 1659 junxisset,
3116 1588 3288 1644 fuisse
3319 1590 3527 1662 spolia-

1919 1676 2063 1728 tum.

1993 1764 2111 1815 138.
2138 1762 2198 1815 In
2216 1778 2284 1816 ea
2301 1761 2457 1817 enim
2470 1763 2731 1818 Pontifex
2755 1763 2835 1818 ita
2853 1764 3109 1835 loquitur
3130 1781 3143 1819 :
3166 1788 3192 1815 ‹‹
3212 1765 3529 1837 Purgandi-

1916 1849 2210 1905 licentiam
2232 1850 2333 1905 tibi
2367 1850 2754 1922 indulgemus,
2789 1869 2857 1906 ea
2888 1851 3148 1907 videlicet
3176 1853 3528 1922 conditione,

1918 1940 1981 1991 ut
2014 1938 2281 1993 Manassae
2314 1942 2371 1993 et
2414 1940 2690 2005 Brunoni,
2725 1940 2820 2011 qui
2848 1958 2951 2012 pro
2992 1941 3218 2011 justitia
3242 1944 3444 1996 contra
3475 1945 3531 1997 te

1916 2026 2091 2081 locuti
2128 2026 2297 2080 fuisse
2336 2027 2624 2094 videntur,
2652 2029 2823 2082 rebus
2854 2028 2969 2082 suis
3007 2028 3065 2082 in
3098 2028 3388 2100 integrum
3411 2046 3528 2083 res-

1915 2114 2117 2181 titutis,
2166 2132 2343 2186 usque
2383 2115 2456 2169 ad
2500 2116 2910 2170 Ascensionem
2944 2117 3175 2171 Domini
3207 2117 3530 2187 proximam

1914 2203 2300 2257 Rhemensem
2344 2203 2654 2257 Ecclesiam
2685 2221 2718 2257 a
2745 2207 2870 2259 tota
2897 2204 3274 2275 occupatione
3307 2222 3371 2259 ex
3403 2208 3526 2260 toto

1914 2291 2157 2345 liberam
2188 2292 2435 2347 deseras.
2460 2314 2486 2342 »
2521 2294 2699 2348 Porro
2730 2309 3021 2348 manasses
3052 2292 3390 2365 praepositus
3411 2309 3529 2348 non

1915 2382 2141 2433 tantum
2170 2384 2299 2450 post
2324 2381 2464 2436 duas
2507 2382 2792 2452 epistolas,
2829 2398 2990 2435 num.
3018 2383 3116 2435 135
3156 2384 3526 2448 memoratas,

1916 2484 2161 2540 quarum
2201 2469 2442 2525 alteram
2475 2469 2780 2541 Gregorius
2818 2487 2968 2541 papa
2994 2469 3066 2523 ad
3092 2471 3404 2525 Manassem
3435 2488 3526 2524 ar-

1917 2555 2363 2627 chiepiscopum,
2388 2559 2629 2612 alteram
2655 2558 2725 2612 ad
2743 2560 3063 2629 Hugonem,
3083 2574 3248 2611 suum
3268 2557 3327 2611 in
3339 2559 3531 2614 Galliis

1914 2643 2503 2715 legatum,undecimo
2524 2646 2808 2700 Kalendas
2820 2645 3192 2717 Septembris,
3211 2646 3528 2702 Indictione

1914 2731 2105 2803 prima
2133 2749 2231 2787 seu
2258 2750 2412 2788 anno
2450 2736 2582 2789 1078
2614 2734 2794 2801 dedit,
2821 2751 2950 2789 cum
2973 2734 3529 2801 Manasse,Remensi

1915 2820 2368 2893 archiepiscopo,
2402 2838 2605 2893 pacem
2637 2822 2801 2877 inivit
2827 2840 2841 2891 ;
2868 2839 3063 2877 verum
3091 2822 3265 2876 etiam
3292 2823 3364 2878 ad
3393 2840 3527 2878 eum

1915 2908 2396 2975 Remos,aliorum
2411 2909 2751 2964 clericorum
2776 2911 3169 2977 Remensium,
3199 2910 3295 2981 qui
3313 2927 3441 2965 cum
3459 2932 3525 2970 eo
3561 2945 3581 2958 υ

1917 2998 1974 3050 et
1994 2998 2263 3051 Brunone
2302 3013 2368 3051 ex
2399 2998 2505 3051 hac
2536 2998 2676 3053 urbe
2726 3016 2880 3053 anno
2924 3017 2989 3055 ex
3036 2999 3202 3057 dictis
3248 3003 3382 3055 1076
3430 3005 3528 3057 aut

1916 3084 2177 3156 sequenti
2211 3088 2588 3153 excesserant,
2612 3071 3214 3159 nominitractaturus,
3247 3108 3368 3145 sese
3386 3107 3522 3145 cou-

1916 3173 2049 3227 tulit
2090 3190 2329 3245 remque
2356 3175 2696 3245 composuit.
2730 3177 2813 3230 Ita
2857 3177 3063 3250 colligo
3104 3196 3169 3234 ex
3214 3178 3527 3250 saepissime

1918 3262 2150 3316 laudata
2169 3262 2437 3317 Manassis
2457 3263 2868 3337 archiepisc0pi
2894 3267 3195 3339 Apologia,
3221 3267 3281 3322 in
3306 3285 3419 3339 qua
3434 3267 3528 3321 hic

1919 3350 2071 3420 apud
2111 3350 2499 3405 Mabillonium
2546 3353 2747 3406 tom.l
2795 3353 2964 3409 Musei
3015 3355 3212 3422 Italici,
3258 3360 3407 3426 part.
3464 3372 3523 3421 ιι,

1920 3453 2051 3509 pag.
2097 3442 2186 3493 121
2227 3438 2414 3510 primo
2458 3439 2535 3493 sic
2585 3440 2838 3513 loquitur
2872 3458 2884 3496 :
2926 3464 2955 3491 «
2988 3442 3105 3514 Ego
3151 3446 3209 3498 et
3247 3444 3528 3499 Manasses

1918 3542 2023 3597 pro
2042 3527 2310 3581 omnibus
2323 3527 2489 3581 sociis
2502 3528 2616 3582 suis
2627 3530 2995 3584 concordiam
3011 3529 3528 3601 fecimus,exceptis

1920 3616 2159 3680 duobus,
2194 3635 2221 3663 »
2276 3618 2423 3685 etc.;
2476 3633 2541 3669 ac
2587 3616 2797 3670 deinde
2845 3635 2978 3689 pag.
3044 3623 3143 3675 122
3190 3620 3271 3674 ita
3308 3619 3525 3673 habet:

1923 3702 2251 3768 «Quamvis
2290 3704 2507 3757 nullam
2567 3720 2601 3757 a
2633 3704 2908 3775 praadicto
2950 3706 3201 3761 Manasse
3260 3709 3317 3761 et
3363 3706 3528 3759 sociis

1919 3808 2212 3865 speremus
2247 3791 2690 3859 accusationem,
2737 3809 2805 3846 eo
2863 3793 3015 3863 quod
3056 3793 3182 3864 ipsi,
3231 3792 3339 3848 nisi
3377 3794 3529 3847 forte

1917 3880 2086 3952 hujus
2108 3879 2331 3934 concilii
2346 3879 2641 3935 occasione
2665 3880 2738 3934 ad
2749 3880 3028 3935 vomitum
3050 3881 3314 3949 redeunt,
3335 3880 3526 3935 nobis-

1918 3986 2048 4023 cum
2080 3969 2341 4023 fecerunt
2382 3968 2705 4024 concordia:
2748 3969 3249 4041 compositionem,
3283 3969 3530 4040 exceptis

1921 4057 2159 4123 duobus,
2186 4060 2248 4111 ut
2276 4056 2411 4123 dixi,
2459 4058 2725 4113 Brunone
2758 4061 2815 4111 et
2859 4058 3084 4124 Pontio,
3134 4057 3337 4129 quibus
3366 4057 3530 4127 juxta

1919 4146 2345 4217 praecedentem
2384 4145 2674 4200 rationem
2723 4146 3075 4217 respondere
3104 4163 3211 4201 nec
3240 4147 3389 4213 volo,
3426 4163 3531 4200 nec

1921 4234 2123 4289 debeo.
2159 4234 2225 4287 Et
2254 4232 2299 4287 si
2325 4232 2498 4304 aliqui
2531 4251 2596 4288 ex
2618 4234 2719 4301 eis,
2749 4250 2891 4306 quos
2912 4234 3261 4290 concordare
3288 4250 3390 4305 per
3414 4235 3525 4291 Ma-

1921 4340 2102 4378 nassae
2124 4321 2475 4394 legationem
2525 4321 2789 4390 diximus,
2819 4322 2971 4388 illuc,
3005 4325 3174 4392 rupta
3200 4339 3359 4394 pace,
3392 4339 3525 4393 pro-

1919 4411 2053 4467 fecti
2082 4413 2233 4477 sunt,
2264 4412 2321 4464 et
2369 4412 2572 4465 contra
2612 4427 2715 4465 nos
2751 4410 3049 4483 quidpiam
3082 4411 3275 4465 dicere
3310 4411 3529 4479 volunt,

1920 4498 2319 4571 recipiendum
2343 4514 2460 4553 non
2495 4501 2598 4551 est.
2634 4518 2662 4547 »

1998 4590 2117 4644 139.
2143 4588 2211 4641 Et
2237 4587 2359 4641 haec
2392 4585 2624 4658 quidem
2655 4584 2922 4641 Manassis
2950 4586 3243 4659 praepositi
3274 4604 3403 4643 cum
3427 4588 3535 4643 Ma-

1923 4694 2086 4732 nasse
2131 4674 2560 4747 archiepiscopo
2606 4674 2675 4729 de
2709 4691 2848 4747 pace
2875 4676 3124 4743 collatio,
3173 4679 3372 4747 utpote
3403 4680 3531 4747 post

1923 4765 2247 4837 epistolam,
2276 4762 2599 4835 aGregorio
2625 4763 2697 4817 ad
2719 4763 2987 4819 Diensem
3010 4765 3341 4835 episcopum
3358 4764 3535 4818 unde-

1921 4855 2072 4909 cimo
2122 4851 2406 4908 Kalendas
2457 4851 2812 4924 Septembris
2868 4869 3020 4907 anno
3058 4854 3191 4908 1078
3239 4852 3530 4922 scriptam,

1918 4941 2137 5007 habita,
2160 4942 2247 4996 vel
2279 4941 2401 5012 ipso
2431 4940 2541 4995 hoc
2564 4956 2718 4994 anno
2743 4941 2829 4994 vel
2860 4939 3025 4994 initio
3058 4937 3349 5010 sequentis
3378 4956 3547 5007 vero-7

1918 5029 2211 5086 simillime
2241 5028 2465 5097 evenit;
2500 5032 2586 5083 ast
2612 5045 2684 5083 an
2713 5031 2849 5083 tunc
2888 5030 3098 5100 praeter
3117 5028 3449 5083 Brunonem
3475 5030 3536 5082 et

1918 5119 2187 5176 Pontium
2211 5134 2413 5174 omnes
2443 5117 2752 5173 Remenses
2780 5115 2988 5181 clerici,
3016 5131 3149 5170 cum
3176 5115 3384 5171 horum
3417 5132 3521 5170 no-

1918 5207 2075 5263 mine
2104 5207 2383 5262 Manasses
2420 5205 2759 5277 praspositus
2783 5220 2913 5258 cum
2954 5203 3207 5259 Manasse
3242 5201 3525 5273 archiepi-

1920 5312 2089 5367 scopo
2120 5312 2321 5368 pacem
2347 5292 2587 5360 iniisset,
2634 5293 2845 5346 Remos
2878 5290 3116 5365 pariter,
3156 5292 3236 5347 uti
3285 5290 3380 5345 ille
3402 5289 3533 5360 jam

1920 5386 2157 5453 fecerat,
2174 5381 2473 5447 redierint,
2495 5383 2858 5453 compertum
2877 5397 2994 5438 non
3009 5380 3217 5437 habeo.
3258 5376 3563 5433 Dubitare

1921 5474 2161 5531 interim
2179 5472 2287 5530 hac
2307 5471 2379 5526 de
2390 5484 2453 5552 re
2474 5471 2723 5534 multum
2747 5486 2843 5537 me
2866 5470 3004 5529 facit
3015 5461 3480 5547 proximelaudat
3495 5480 3542 5522 δι

3524 5766 4122 5948 ’⁵-
