3996 6012
414 280 482 344 83
1275 282 1332 342 S.
1365 281 1711 340 BRUNONIS
1752 270 2389 339 CARTHUSIANORUM
2429 281 2897 340 INSTITUTORIS
3683 282 3751 337 84

415 430 594 488 quam
625 411 930 485 Gregorius
970 412 1044 468 ad
1074 411 1389 467 Manassem
1425 408 1942 482 archiepiscopum,
1972 408 2032 463 in
2054 414 2107 472 A
2136 412 2193 465 et
2221 409 2373 482 fuga
2395 412 2454 464 et
2474 408 2841 465 conscientiae
2854 409 3155 475 scelerum,
3187 423 3304 463 non
3325 406 3610 462 exactioni
3623 406 3747 478 jus-

414 502 656 565 concilio
688 500 1056 573 Lugdunensi
1079 516 1231 555 anno
1262 501 1397 554 1080
1421 499 1545 570 jam
1577 500 2029 563 exauctoratum,

412 591 657 664 scripsit,
681 590 941 662 epistola.
966 591 1027 643 In
1043 590 1150 643 hac
1169 588 1325 643 enim
1346 587 1581 642 Manassi
1604 586 2031 659 archiepiscopo

413 678 719 750 Gregorius
745 676 1081 749 praescribit,
1117 680 1179 731 ut
1209 676 1513 731 clericos...
1537 676 1867 747 (Remenses
1881 674 2032 729 vide-

409 766 563 833 licet,
596 783 739 838 quos
766 766 1047 821 Manasses
1086 764 1368 837 improbis
1394 764 1508 819 suis
1535 764 1790 818 moribus
1822 764 2030 817 Remos

410 855 738 927 relinquere
758 854 1045 927 coegerat)
1066 854 1204 925 «qui
1220 856 1381 908 tanto
1402 856 1665 925 tempore
1686 868 1790 923 pro
1808 851 2030 922 justitia

410 942 671 998 exsilium
708 942 855 1016 passi
887 944 1039 1008 sunt,
1067 942 1128 996 in
1159 941 1399 997 ecclesia
1430 957 1625 996 secure
1666 942 1782 995 Deo
1817 939 2027 994 servire

411 1031 780 1103 permittat.»
808 1032 881 1086 Ut
910 1030 1077 1097 utsit,
1108 1048 1172 1085 ex
1192 1032 1518 1085 memorata
1543 1046 1705 1101 pace,
1730 1044 1903 1101 quam
1921 1028 2028 1084 Ma-

409 1135 603 1175 nasses
659 1118 999 1191 praepositus
1054 1118 1265 1191 aliique
1313 1119 1628 1172 Remenses
1665 1116 1855 1171 clerici
1896 1132 2027 1170 cum

403 1206 658 1262 Manasse
714 1206 1144 1278 archiepiscopo
1190 1206 1460 1273 inierant,
1507 1205 1725 1260 factum
1781 1203 2025 1275 conjicio

402 1297 467 1350 ut
511 1295 702 1351 Bruno
747 1297 806 1350 et
849 1293 1105 1361 Pontius,
1156 1294 1312 1366 quod
1370 1294 1429 1348 in
1480 1310 1631 1360 eam,
1678 1295 1741 1347 ut
1787 1292 2028 1347 recitata

400 1399 564 1439 num.
600 1386 697 1439 137
730 1401 761 1439 e
784 1382 1052 1439 Manassis
1074 1383 1357 1455 Apologia
1384 1382 1557 1436 verba
1584 1382 1760 1436 fidem
1784 1380 2022 1447 faciunt,

403 1471 728 1527 consentire
748 1471 1074 1538 noluerant,
1104 1471 1403 1533 aManasse
1426 1471 1738 1543 praeposito
1768 1470 2027 1542 reliquis-

406 1574 517 1632 que
544 1558 914 1615 Remensicus
941 1559 1179 1626 clericis,
1213 1558 1344 1613 huic
1375 1558 1885 1623 consentientibus,
1905 1575 2024 1612 sese

408 1647 784 1719 sejunxerint,
829 1647 1057 1719 alioque
1101 1646 1507 1713 concesserint,
1559 1646 1809 1701 maxime
1850 1645 2021 1711 forte,

403 1734 559 1808 quod
613 1736 818 1791 Ebalus
865 1752 1080 1802 comes,
1127 1737 1231 1789 sub
1285 1736 1445 1806 cujus
1487 1734 1755 1789 clientela
1797 1733 2021 1789 Reciaci

402 1826 589 1890 erant,
624 1840 827 1895 pacem
858 1824 1035 1878 etiam
1062 1841 1192 1878 cum
1222 1824 1475 1878 Manasse
1503 1826 1640 1877 tunc
1670 1822 1910 1888 iniisset,
1939 1822 2019 1876 uti

403 1911 680 1984 suspicari
713 1928 808 1966 me
847 1912 985 1967 facit
1034 1911 1296 1983 epistola,
1344 1928 1378 1965 a
1415 1911 1691 1983 Gregorio
1730 1927 1880 1983 papa
1908 1910 2021 1981 (adi

401 1998 696 2055 Labbeum
719 2003 862 2055 tom.
893 2000 934 2055 X
966 1999 1375 2065 Conciliorum,
1410 1988 1518 2054 col.
1552 2000 1675 2070 265)
1705 2015 1859 2053 anno
1888 2000 2023 2054 1080

409 2086 483 2142 ad
515 2087 756 2143 Ebalum
781 2087 1012 2159 scripta,
1042 2087 1102 2141 in
1122 2105 1237 2159 qua
1267 2087 1398 2141 huic
1430 2087 1524 2141 ille
1542 2087 1826 2158 .imperat,
1859 2090 1922 2141 ut
1941 2110 1967 2136 (ι
1989 2102 2024 2141 a

399 2175 675 2246 pestifera
707 2175 965 2230 amicitia
995 2175 1123 2230 illus
1153 2175 1443 2247 (Manassis
1474 2177 1596 2230 tum
1650 2174 2021 2245 exauctorati)

401 2262 616 2319 amodo
649 2280 708 2318 se
733 2263 1012 2319 retrahat.
1042 2285 1070 2312 ››

466 2350 585 2406 140.
624 2351 692 2405 Et
723 2352 1057 2407 Brunonem
1081 2352 1316 2424 quidem
1341 2352 1433 2425 (de
1453 2351 1659 2407 Pontio
1688 2351 1848 2407 enim
1883 2351 2026 2407 nihil

397 2435 494 2494 hic
510 2439 719 2494 attinet
736 2439 947 2511 dicere)
966 2440 1207 2497 Reciaco
1230 2440 1534 2497 Coloniam
1550 2443 1690 2495 tunc
1709 2439 2024 2512 repetiisse.

395 2526 593 2599 ibique
616 2527 676 2582 in
711 2527 768 2584 S.
800 2528 1097 2584 Cuniberti
1129 2528 1370 2584 ecclesia
1402 2528 1695 2585 canonicis
1723 2528 1895 2583 fuisse
1925 2527 2025 2583 ad-

394 2614 694 2687 scriptum,
725 2632 860 2671 vero
882 2616 1024 2671 mihi
1046 2616 1363 2672 admodum
1383 2617 1569 2672 simile
1594 2620 1852 2691 apparet,
1873 2616 2028 2689 quod

394 2700 459 2758 in
484 2702 766 2776 Apologia
795 2704 1107 2775 sazpissime
1123 2705 1249 2776 jam
1278 2705 1532 2772 laudata,
1553 2722 1728 2777 quam
1745 2704 2026 2760 Manasses

396 2791 860 2863 archiepiscopus
906 2808 1058 2848 anno
1085 2795 1221 2849 1080
1255 2796 1353 2848 aut
1378 2796 1531 2848 certe
1567 2794 1670 2849 sub
1694 2793 2024 2864 praeceden-

395 2878 472 2933 tis
502 2878 682 2934 ﬁnem
722 2879 966 2951 scripsit,
992 2880 1400 2937 Cunibertinus
1416 2881 1729 2937 canonicus
1748 2880 2026 2936 exstitisse

2133 496 2275 551 titize
2307 501 2365 552 et
2400 497 2686 569 aequitatis
2716 515 2748 552 a
2796 498 3054 569 pluribus
3082 496 3478 560 adscribatur;
3506 516 3534 543 »
3560 513 3625 549 ex
3647 496 3753 549 hac

2134 590 2328 640 autem
2352 586 2425 640 ad
2444 587 2757 641 Manassem
2789 586 3051 658 cpistola,
3086 601 3214 639 cum
3244 585 3481 654 Hugone
3508 584 3696 638 Diensi
3719 601 3753 637 a

2133 674 2408 729 Pontiﬁce
2435 676 2881 740 communicata,
2917 678 2974 728 et
3007 691 3071 728 ex
3094 674 3276 728 altera
3290 672 3548 744 proxime
3578 671 3749 738 dicta,

2132 780 2306 833 quam
2339 763 2431 817 hic
2462 764 2533 817 ad
2586 764 2899 835 ipsummet
2930 763 3230 833 llugonem
3265 761 3444 827 dedit,
3491 759 3751 814 Historiae

2129 851 2424 906 litterariae
2475 852 2727 906 Francim
2766 852 3071 922 scriptores
3104 852 3246 904 tom.
3280 849 3416 915 VIII,
3461 849 3609 920 'pag.
3642 851 3745 903 633

2127 940 2346 995 factum
2397 940 2775 1012 suspicantur,
2825 942 2887 993 ut
2936 940 3097 1010 Hugo
3141 938 3470 1005 concilium,
3514 937 3672 1007 cujus
3718 952 3753 989 θ.

2129 1026 2379 1083 Manasse
2420 1029 2477 1083 in
2503 1028 2785 1099 Apologia
2816 1045 2916 1082 sua
2947 1026 3098 1099 apud
3130 1025 3522 1082 Mabillonium
3548 1023 3750 1096 Operis

2121 1117 2246 1187 jam
2279 1117 2484 1189 sacpius
2505 1116 2624 1183 cit.,
2660 1133 2792 1188 pag.
2826 1119 2926 1171 120
2951 1114 3170 1170 mentio
3198 1114 3283 1181 fit,
3310 1113 3498 1168 Trecis
3529 1113 3746 1167 haben-

2128 1205 2266 1259 dum
2296 1204 2588 1259 indixerit.
2615 1206 2684 1258 Et
2713 1221 2851 1259 sane
2874 1221 2939 1258 ex
2968 1203 3173 1268 verbis,
3224 1220 3254 1257 e
3293 1202 3471 1275 priori
3508 1201 3750 1272 epistola

2117 1291 2244 1363 jam
2274 1292 2547 1360 recitatis,
2583 1295 2686 1359 est,
2737 1308 2836 1346 cur
2883 1291 2942 1345 id
2991 1308 3109 1346 non
3156 1291 3449 1345 immerito
3481 1288 3747 1360 suspicati

2127 1384 2342 1452 queant
2366 1381 2565 1436 videri.
2598 1381 2828 1446 Verum,
2859 1384 3172 1451 utcumque
3204 1396 3295 1434 res
3338 1380 3461 1433 haec
3513 1378 3744 1443 habeat,

2126 1469 2433 1541 concilium
2467 1469 2735 1541 equidem
2768 1468 2956 1523 Trecis
2984 1468 3266 1523 indictum
3290 1466 3485 1539 (quam
3509 1467 3581 1522 ob
3613 1482 3744 1520 cau-

2124 1574 2268 1623 sam,
2294 1557 2523 1629 ignoro)
2548 1559 2738 1612 locum
2773 1574 2892 1611 non
2927 1556 3148 1611 habuit.

2200 1648 2318 1700 142.
2354 1647 2455 1700 Ast
2498 1663 2629 1700 cum
2674 1645 2734 1699 id
2777 1644 3084 1716 Gregorius
3129 1644 3390 1699 Pontifex
3435 1643 3745 1709 didicisset,

2123 1732 2349 1804 Hugoni
2374 1734 2564 1805 legato
2585 1751 2704 1799 suo,
2730 1736 2792 1787 ut
2813 1733 2946 1787 alibi
2969 1733 3041 1787 ad
3074 1732 3455 1788 decidendam
3476 1731 3746 1787 Manassae

2123 1822 2537 1893 archiepiscopi
2552 1839 2781 1876 causam
2796 1821 3101 1876 concilium
3116 1821 3454 1887 celebraret,
3475 1820 3533 1873 in
3532 1818 3743 1891 junxit.

2122 1910 2392 1980 Epistola,
2421 1927 2534 1982 qua
2566 1910 2622 1964 id
2645 1911 2799 1977 fecit,
2830 1910 2981 1980 apud
3006 1908 3298 1964 Labbeum
3326 1913 3468 1964 tom.
3501 1907 3751 1963 IBiblio-

2123 1999 2305 2052 thecae
2352 1999 2523 2053 Novae
2564 2016 2700 2053 mss.
2745 1998 3029 2053 Chronico
3073 1997 3415 2052 Virdunensi
3460 2013 3592 2070 pag.
3641 2000 3745 2051 205

2124 2090 2304 2141 exstat
2336 2087 2570 2153 inserta,
2596 2087 2853 2158 haecque,
2878 2104 3004 2158 quae
3027 2086 3100 2140 ad
3126 2090 3385 2140 nostrum
3408 2086 3500 2139 hic
3525 2085 3749 2139 institu-

2125 2177 2247 2229 tum
2279 2174 2563 2247 praecipue
2596 2178 2877 2245 spectant,
2896 2175 3067 2229 verba
3088 2174 3515 2245 complectitur:
3553 2172 3747 2237 «Quia

2124 2279 2260 2318 vero
2312 2262 2370 2316 in
2431 2263 2690 2334 partibus
2751 2262 3155 2334 praaordinatis
3205 2262 3411 2333 (Trecis
3441 2262 3740 2332 nimirum)

2128 2351 2438 2406 concilium
2472 2352 2763 2406 celebrare
2796 2369 2912 2405 non
2949 2350 3215 2423 potuistis
3246 2350 3482 2417 utiliter,
3517 2367 3748 2421 compe-

2128 2443 2255 2494 tens
2286 2439 2658 2507 arbitramur,
2692 2443 2754 2494 ut
2781 2443 2977 2510 aptum
3008 2440 3197 2493 locum
3231 2439 3531 2510 diligentia
3558 2443 3746 2494 vestra

2128 2526 2401 2595 inveniat,
2436 2528 2553 2595 ubi,
2588 2528 2806 2600 synodo
2833 2531 3202 2599 congregata,
3228 2528 3526 2582 Remensis
3556 2526 3743 2582 archi-

2127 2616 2378 2688 episcopi
2426 2633 2593 2671 causa
2626 2616 3005 2671 examinetur.
3066 2618 3131 2669 Et
3163 2616 3420 2687 quidem,
3454 2616 3498 2670 si
3546 2616 3740 2670 idonei

2127 2708 2482 2760 accusatores
2502 2708 2559 2759 et
2581 2708 2753 2760 testes
2782 2704 2997 2760 inventi
3030 2704 3265 2771 fuerint,
3299 2704 3452 2776 quod
3475 2704 3745 2775 objicitur

2127 2793 2200 2859 ei,
2221 2793 2497 2848 canonice
2515 2794 2978 2864 comprobantes,
3004 2810 3178 2865 quam
3185 2793 3408 2863 justitia
3422 2792 3739 2859 dictaverit,

2127 2881 2475 2936 sententiam
2507 2881 2645 2936 dare
2668 2881 2880 2953 absque
2897 2881 3307 2936 haesitatisione
3333 2897 3429 2935 vos
3459 2881 3738 2935 volumus.

400 2964 625 3023 dicatur
668 2967 756 3023 his
802 2968 1028 3024 verbis:
1084 2991 1112 3021 ‹‹
1142 2971 1334 3025 Bruno
1377 2986 1484 3026 nec
1535 2972 1736 3024 noster
1765 2969 2022 3037 clericus,
2053 2992 2100 3051 Ο
2125 2970 2395 3041 Alioquin
2414 2970 2459 3024 si
2484 2971 2624 3024 tales
2641 2986 2944 3040 personnae
2968 2969 3204 3036 fuerint,
3233 2987 3359 3040 qua:
3373 2968 3548 3041 recipi
3570 2968 3747 3024 ratio-

398 3070 507 3110 nec
536 3058 731 3111 noster
760 3061 929 3113 natus
972 3060 1071 3113 aut
1101 3062 1333 3114 renatus
1376 3060 1480 3124 est,
1514 3058 1612 3112 sed
1648 3057 1829 3112 sancti
1860 3056 2027 3137 Cunij

396 3142 554 3201 berti
603 3144 960 3202 Coloniensis
1018 3145 1079 3202 in
1128 3163 1313 3219 regno
1364 3145 1815 3200 Teutonicorum
1854 3144 2023 3215 positl

388 3231 698 3288 canonicus
722 3236 826 3289 est.
856 3255 884 3283 »
913 3233 1049 3298 Quae
1081 3235 1275 3300 verba,
1312 3235 1422 3303 ut§
1448 3235 1516 3287 III
1542 3234 1730 3300 docui,
1763 3234 1843 3287 ita
1866 3247 2025 3287 vero‘

389 3318 633 3375 similius
673 3321 1010 3393 accipienda
1056 3326 1210 3388 sunt,
1257 3325 1320 3378 ut
1366 3321 1714 3392 signiﬁcent,
1749 3322 2021 3376 Sanctum

389 3410 537 3475 tum,
569 3406 630 3462 in
663 3412 768 3477 est,
806 3427 959 3465 anno
1017 3412 1151 3465 1070
1184 3413 1283 3465 aut
1332 3409 1625 3481 sequentis
1664 3409 1848 3476 initio,
1887 3425 2017 3463 cum

386 3493 511 3551 haec
529 3496 812 3552 Manasses
826 3496 1072 3569 scripsit,
1101 3496 1493 3553 Cunibertinae
1513 3498 1767 3553 ecclesiae
1788 3498 2019 3552 canoni-

387 3596 520 3639 cum
546 3584 741 3640 fuisse.
778 3586 1013 3653 Vorum,
1045 3584 1149 3641 etsi
1198 3602 1287 3640 res
1318 3585 1399 3640 ita
1422 3585 1726 3654 haberent,
1756 3585 2018 3641 Sanctus-

388 3688 501 3745 que
521 3673 666 3729 adeo
702 3673 761 3728 in
794 3673 986 3729 Galliis
1024 3690 1143 3729 non
1191 3674 1437 3747 amplius
1468 3677 1813 3742 versaretur,
1855 3676 2015 3730 alite

388 3762 609 3827 tamen,
636 3776 811 3833 quam
831 3762 1092 3829 Manassi,
1119 3760 1448 3820 Simoniaco
1461 3763 1723 3832 antistiti,
1752 3780 1867 3819 una
1884 3781 2013 3819 cum

388 3845 513 3903 aliis
543 3847 922 3906 Remensibus
954 3850 1177 3907 clericis
1222 3851 1561 3919 intentarat,
1610 3868 1729 3907 non
1775 3852 2010 3907 destitit.

388 3932 499 3991 Res
532 3950 599 3992 ex
627 3938 803 3993 modo
833 3938 1091 3994 dicendis
1113 3942 1385 4009 patescet.
1421 3938 1704 4013 Pontifex,
1746 3943 1806 3994 ut
1843 3955 2015 4010 supra

383 4020 653 4091 vidimus,
683 4025 909 4097 Hugoni
955 4025 1148 4080 Diensi
1179 4043 1334 4081 anno
1371 4028 1506 4081 1078
1550 4027 1857 4083 undecimo
1901 4029 2010 4084 Ka-

384 4108 593 4166 lendas
620 4107 976 4185 Septembris
999 4130 1099 4168 seu
1128 4129 1239 4169 xxu
1256 4114 1495 4185 Augusti
1527 4114 1587 4169 in
1608 4115 1897 4170 mandatis
1918 4116 2013 4172 de.

380 4192 565 4265 derat,
602 4201 665 4254 ut
681 4200 950 4272 querelis,
968 4218 1002 4256 a
1015 4201 1269 4256 Manasse
1288 4202 1557 4257 Remensi
1579 4203 2007 4276 archiepiscOpo

2128 3057 2396 3112 nabiliter
2420 3059 2733 3129 nequeant,
2749 3058 3023 3129 quoniam
3058 3057 3237 3130 turpis
3259 3058 3329 3112 de
3357 3074 3424 3112 eo
3445 3057 3602 3111 fama
3621 3073 3743 3113 non

2127 3146 2311 3201 solum
2357 3146 2617 3212 Galliam,
2657 3162 2855 3200 verum
2893 3146 3069 3200 etiam
3113 3145 3234 3201 fere
3276 3148 3459 3201 totam
3502 3145 3746 3217 replevit

2125 3234 2367 3299 Italiam,
2414 3251 2507 3288 sex
2553 3233 2851 3305 episcopis,
2902 3251 3148 3306 quorum
3193 3234 3309 3288 vita
3350 3250 3467 3289 non
3511 3236 3747 3290 notetur

2122 3320 2383 3388 infamia,
2419 3320 2723 3393 assumptis
2753 3321 2880 3388 sibi,
2913 3321 2956 3375 si
2987 3324 3197 3393 potest,
3222 3325 3449 3376 excuset
3480 3340 3560 3389 se,
3590 3324 3647 3376 et
3662 3322 3744 3377 sic

2119 3413 2415 3482 purgatus,
2434 3426 2565 3465 cum
2586 3426 2726 3481 pace
2748 3409 2806 3463 in
2832 3410 3069 3464 ecclesia
3086 3427 3185 3464 sua
3205 3414 3262 3465 et
3276 3410 3511 3481 propria
3548 3409 3743 3481 digni-

2118 3502 2233 3552 tate
2267 3500 2588 3553 remaneat.
2622 3518 2649 3547 »
2694 3498 2854 3569 Hugo
2887 3500 3125 3570 legatus,
3167 3498 3427 3570 epistala,
3471 3514 3585 3571 qua
3610 3502 3738 3553 tum

2115 3586 2256 3653 haec,
2275 3589 2397 3642 tum
2433 3586 2544 3640 alia
2576 3586 2838 3641 Pontifex
2862 3586 3253 3657 praecipiebat,
3300 3590 3553 3659 accepta,
3601 3602 3739 3642 con-

2116 3674 2332 3740 cilium,
2360 3678 2421 3729 ut
2446 3675 2573 3730 loco
2615 3674 2714 3729 cit.
2740 3675 3067 3729 Ghronicon
3090 3663 3446 3729 Virdunense
3462 3666 3559 3730 seu
3580 3676 3743 3747 Hugo

2114 3762 2550 3817 Flaviniacensis
2574 3763 2745 3834 hujus
2777 3765 2998 3830 auctor,
3028 3762 3112 3817 rei
3153 3767 3327 3835 gestae
3358 3764 3733 3834 synchronus,

2116 3854 2373 3916 testatur,
2399 3850 2657 3921 Lugduni
2708 3850 2932 3917 indixit,
2966 3854 3137 3923 atque
3188 3850 3261 3905 ad
3306 3851 3367 3906 id
3393 3851 3729 3920 Manassem,

2113 3939 2460 3994 Remensem
2493 3939 3016 4011 archiepiscopum,
3054 3939 3266 3993 citavit.

2186 4029 2306 4082 143.
2340 4028 2549 4082 Verum
2581 4027 2694 4094 hic,
2736 4026 2833 4099 qui
2859 4028 2985 4099 jam
3037 4026 3337 4082 celebratis
3364 4026 3729 4100 Augustodu-

2119 4116 2282 4170 nensi
2309 4118 2365 4171 et
2404 4114 2744 4171 Pictaviensi
2787 4115 3042 4171 conciliis
3072 4131 3193 4170 sese
3223 4114 3421 4170 sistere
3443 4117 3729 4187 noluerat,

2109 4220 2216 4258 nec
2247 4202 2320 4258 ad
2349 4203 2609 4276 Lugduni
2631 4203 2971 4276 propediem
2994 4203 3403 4259 celebrandum
3432 4205 3611 4260 voluit
3633 4222 3729 4261 ac-

386 4283 460 4339 ad
484 4301 544 4341 se
574 4286 795 4355 delatis,
845 4290 1193 4357 occurreret,
1246 4305 1518 4362 eumque,
1565 4289 1609 4345 si
1659 4291 1810 4347 dicto
1849 4293 2008 4348 obse-
2030 4282 2080 4341 D
2105 4292 2331 4360 cedere;
2355 4309 2485 4348 cum
2500 4294 2786 4359 autem,ut
2804 4309 2975 4365 supra
2992 4291 3488 4360 docuimus,antea
3506 4293 3726 4363 Romae,

385 4387 566 4444 quens
592 4378 758 4443 esset,
793 4376 882 4447 adj
892 4379 1110 4432 uvaret.

457 4461 577 4516 141.
603 4461 877 4534 Ερίοιοιω
902 4467 1117 4532 autem,
1136 4481 1250 4538 qua
1264 4465 1373 4521 hoc
1397 4465 1621 4539 Hugoni
1640 4466 2000 4541 injugenbat,

380 4543 707 4617 addiderat,
742 4551 822 4605 uti
842 4551 1090 4625 ipsemet
1114 4553 1174 4607 in
1207 4553 1315 4609 hac
1346 4557 1475 4625 post
1506 4555 1679 4610 verba
1709 4574 1870 4611 num.
1903 4560 2000 4613 136

380 4647 493 4691 nuc
519 4638 867 4711 transcripta
889 4643 1451 4713 testatur,exemplar
1467 4642 1723 4713 epistolae
1746 4645 1996 4712 alterius,

378 4721 454 4778 ad
481 4724 796 4781 Manassem
820 4728 1067 4800 scriptae,
1099 4729 1159 4784 in
1188 4745 1302 4801 qua
1328 4730 1502 4799 hunc,
1537 4732 1662 4786 aliis
1705 4735 2000 4789 nonnullis

376 4812 708 4884 praemissis,
748 4814 830 4869 ita
858 4816 1097 4872 tandem
1125 4818 1473 4890 alloquitur:
1525 4842 1551 4869 «
1578 4821 1817 4876 Interim
1850 4822 2000 4877 dele-

374 4899 629 4956 ctionem
656 4904 904 4958 vestram
931 4920 997 4959 ex
1027 4909 1192 4977 parte
1222 4905 1375 4961 beati
1409 4907 1817 4978 Apostolorum
1842 4910 1998 4981 prin-

373 4985 517 5059 cipis
541 4989 692 5044 Petri
734 4990 1136 5060 admonemus,
1179 4996 1262 5060 ut,
1299 4995 1795 5066 quemadmodum
1837 4998 1996 5053 vobis

374 5073 573 5131 Romae
594 5078 793 5149 positis
823 5081 1245 5147 constituimus,
1280 5098 1476 5136 coram
1501 5082 1693 5138 Diensi
1726 5085 1992 5157 episcopo

370 5163 434 5216 et
463 5162 819 5223 Cluniacensi
847 5169 1075 5236 abbate,
1106 5169 1312 5240 quibus
1344 5169 1402 5222 in
1420 5169 1509 5223 his
1528 5170 1710 5225 vicem
1735 5175 1991 5228 nostram

384 5252 790 5323 lommisimus,
846 5257 1237 5312 occasionibus
1294 5256 1511 5311 cunctis
1575 5258 1989 5333 obstaculisque

2104 4381 2149 4434 si
2184 4380 2417 4452 quando
2455 4381 2529 4435 ad
2560 4380 2872 4436 concilium
2899 4379 2970 4435 de
3000 4380 3335 4435 criminibus
3360 4380 3466 4435 sibi
3487 4381 3728 4453 objectis

2102 4485 2479 4541 responsurus
2505 4486 2539 4524 a
2587 4470 2785 4540 legato
2816 4469 3143 4539 Apostolico
3167 4472 3485 4537 vocaretur,
3534 4470 3642 4525 sesi
3669 4471 3725 4526 ei

2104 4557 2533 4625 obsecuturum,
2573 4556 2837 4612 Pontiﬁci
2865 4557 3090 4627 juratus
3120 4557 3484 4628 promisissit,
3517 4557 3725 4614 callide

2101 4646 2357 4713 adhunc,
2377 4649 2592 4712 utsese,
2620 4644 2775 4716 quod
2794 4643 2866 4699 ad
2880 4644 3180 4713 indictum,
3201 4661 3235 4699 a
3250 4647 3440 4718 legato
3454 4645 3719 4719 Lugduni

2099 4734 2405 4789 concilium
2435 4732 2520 4788 ire
2544 4734 2845 4801 abnueret,
2870 4736 3195 4806 utcumque
3221 4736 3534 4803 excusaret,
3559 4735 3722 4792 dedit

2098 4821 2424 4893 epistolam,
2475 4838 2588 4893 qua
2641 4834 2762 4876 sese
2812 4821 3022 4876 timore
3073 4821 3400 4877 dissidentis
3426 4824 3592 4895 regni
3640 4825 3719 4880 ad

2098 4909 2477 4981 Lugdunense
2510 4910 2840 4976 concilium,
2886 4909 2958 4964 ad
2990 4909 3146 4982 quod
3189 4913 3420 4967 vocatus
3448 4916 3594 4980 erat,
3626 4912 3713 4969 ire

2098 5013 2215 5052 non
2264 5014 2429 5069 posse
2480 4997 2762 5064 obtendit,
2798 4996 3018 5053 addens
3059 4998 3237 5054 etiam
3280 5016 3422 5066 sese,
3474 5001 3712 5073 quando

2095 5087 2232 5140 tuta!
2255 5089 2443 5142 essent
2472 5085 2595 5151 viae,
2619 5086 2862 5140 Romam
2894 5085 3105 5142 iterum
3121 5087 3458 5160 petiturum,
3476 5092 3711 5144 senten-

2093 5172 2351 5245 tiamque
2367 5174 2437 5228 ab
2465 5172 2713 5245 ipsomet
2734 5190 2960 5228 summo
2994 5175 3270 5231 Pontiﬁce
3287 5178 3708 5248 pronunciante

2091 5277 2223 5315 cum
2238 5260 2395 5314 ﬁliali
2412 5260 2791 5316 submissione
2810 5262 3574 5338 auditurum.lntelliguntur
3585 5267 3708 5322 fere

369 5341 630 5409 remotis,
661 5359 831 5414 super
863 5343 1100 5416 objectis
1143 5344 1432 5399 ommibus
1473 5342 1593 5398 sitis
1635 5348 1984 5417 respondere
2088 5349 2209 5403 haec
2223 5348 2422 5404 omnia
2443 5364 2509 5402 ex
2527 5347 2874 5420 Gregoriiad
2899 5351 3219 5406 Manassem
3246 5355 3701 5424 responsoria,in

366 5428 576 5497 parati,
607 5430 869 5502 legaliter
898 5428 1244 5499 satisfacere,
1262 5430 1536 5486 canonice
1556 5432 1875 5504 puriﬁcari;
1905 5453 1978 5493 ne
2083 5453 2197 5511 qua
2224 5438 2272 5491 is
2296 5435 2556 5511 pontifex
2577 5437 2728 5509 apud
2747 5437 3039 5495 Labbeum
3068 5441 3213 5494 tom.
3235 5438 3277 5494 X
3307 5441 3697 5501 Conciliorum

355 5513 405 5573 si
427 5515 585 5574 aliud
611 5533 646 5572 a
663 5517 842 5587 vobis,
865 5515 1021 5589 quod
1042 5516 1191 5577 absit
1217 5517 1231 5574 l
1262 5521 1488 5592 agatur,
1513 5518 1972 5592 tergiversationi
2077 5527 2185 5583 col.
2219 5527 2321 5583 235
2342 5527 2402 5582 et
2428 5540 2574 5600 seq.,
2611 5524 2747 5612 data
2902 5544 2943 5614 ᾗ
2966 5527 3224 5614 hianasse
3251 5529 3426 5613 verba
3445 5531 3691 5591 minime
3750 5578 3755 5583 .
