3996 6012
361 224 429 279 87
1210 218 1268 276 S.
1300 217 1646 277 BRUNONIS
1686 208 2317 278 CARTHUSIANORUM
2353 216 2819 276 INSTITUTORIS
3344 242 3349 245 >
3604 217 3671 274 88

357 344 611 419 Epistola
641 344 797 402 enim
829 360 1002 419 supra
1030 361 1098 401 ex
1123 348 1287 419 parte
1315 346 1427 402 huc
1457 345 1829 419 transcripta,
1849 362 1963 419 qua
2061 345 2234 407 facit;
2263 362 2463 401 verum
2494 345 2606 414 hic,
2657 361 2785 417 quas
2829 345 2927 400 illa
2955 340 3362 416 praescribebat
3404 340 3450 397 is
3480 342 3674 398 Ponti-

357 435 513 508 apud
543 434 835 490 Labbeum
866 435 991 491 loco
1018 434 1112 491 cit.
1132 434 1598 509 Gregoriuspapa
1624 436 1960 503 Manassem,

360 527 423 578 ut
451 524 522 578 ad
553 524 859 578 concilium
875 524 1134 597 Lugduni
1155 525 1567 580 celebrandum
1594 542 1653 580 se
1679 524 1960 590 conferat,

357 611 771 667 instantissime
787 614 1074 680 hortatur,
1112 613 1348 669 «Tertio
1381 614 1570 668 Nonas
1592 612 1962 679 Januarii,ln-

357 700 608 757 dictione
621 701 846 769 tertia,»
867 718 993 774 quae
1013 719 1081 757 ex
1099 702 1265 758 dictis
1280 720 1499 759 annum
1515 705 1651 758 1080
1677 701 1960 773 designat,

2062 434 2177 503 fex,
2209 434 2517 490 obﬁrmato
2546 433 2605 491 in
2637 433 2975 490 criminibus
2999 431 3221 500 animo,
3258 448 3374 487 non
3398 430 3680 502 implevit.

2063 525 2141 577 Ac
2176 523 2524 578 nominatim
2579 512 2815 596 quidem
2861 539 2966 578 nec
3005 523 3360 588 Brunonem,
3402 536 3509 575 nec
3544 519 3683 574 alios

2066 612 2364 667 Remensis
2392 612 2641 668 ecclesias
2675 612 2931 678 clericos,
2968 628 3114 682 quos
3144 608 3495 679 gravissimis
3518 608 3682 663 dam-

2065 700 2271 771 nis(adi
2291 719 2453 756 num.
2482 703 2579 756 118
2598 704 2655 756 et
2673 702 2856 773 seqq.)
2872 700 3160 764 affecerat,
3192 698 3250 752 in
3269 697 3577 770 dignitates
3593 697 3677 750 fa-

357 788 494 843 data
523 792 757 845 notatur
821 790 1043 863 aliaque
1069 790 1331 863 epistola,
1387 808 1500 864 qua
1546 790 1747 845 itidem
1808 788 1963 860 apud
2064 791 2417 862 cultatesque
2437 807 2585 855 suas,
2609 792 2673 845 ut
2688 788 3217 859 Pontifexepistola
3233 785 3677 855 recitatainjun-

356 876 648 932 Labbeum
678 882 822 933 tom.
857 878 1242 935 Conciliorum
1256 880 1519 951 proxime
1551 879 1670 945 cit.,
1698 880 1807 934 col.
1834 880 1957 943 241,

353 965 533 1019 latam
568 965 625 1020 in
661 966 870 1021 eodem
901 967 1142 1023 concilio
1177 972 1381 1023 contra
1400 969 1716 1024 Manassem
1735 971 1962 1022 senten-

352 1052 497 1107 tiam
528 1053 684 1109 idem
711 1055 1017 1126 Gregorius
1049 1057 1715 1119 conﬁrmat,lndictione
1746 1056 1961 1126 pariter

352 1142 525 1196 tertia
554 1159 651 1196 seu
683 1159 838 1198 anno
873 1146 1028 1211 1080,
1053 1144 1300 1215 septima
1325 1145 1549 1200 decima
1591 1144 1803 1216 Aprilis
1846 1142 1956 1209 die,

351 1232 415 1283 ut
430 1232 581 1284 notas
609 1230 1063 1304 chronicae,quas
1075 1232 1252 1287 inﬁnc
1266 1233 1513 1300 exhibet,
1528 1232 1702 1288 ﬁdem
1719 1232 1956 1298 faciunt,

349 1317 459 1372 fuit
485 1318 829 1391 conscripta.

425 1408 544 1461 148.
570 1407 883 1479 Epistolam
911 1409 1061 1464 hanc
1087 1408 1398 1482 integram,
1430 1413 1556 1465 tum
1602 1410 1758 1482 quod
1787 1426 1959 1481 supra

2063 878 2538 949 gebat,restituit;
2576 878 2672 951 qui
2691 894 2826 932 vero
2849 881 3133 950 quantum
3160 875 3234 931 ad
3258 875 3535 930 Sanctum
3568 891 3673 929 n0-

2060 969 2242 1020 strum
2262 970 2462 1038 postea
2480 968 2535 1021 id
2552 966 2770 1021 factum
2799 966 2991 1032 fuerit,
3028 968 3056 1033 §
3090 981 3332 1036 sequens
3361 963 3598 1035 aperiet.

2064 1056 2240 1123 §Vlll.
2250 1055 2358 1122 Qui
2370 1063 2420 1109 et
2433 1056 2644 1127 quando
2658 1054 2892 1110 Sanctus
2905 1057 2960 1107 in
2965 1056 3381 1126 pristinum,aut
3396 1053 3556 1105 etiam
3566 1067 3672 1104 me-

2131 1144 2314 1198 liorem
2327 1151 2527 1199 statum
2545 1144 2726 1198 Remis
2739 1146 3012 1197 restitutus
3028 1143 3220 1213 fuerit,
3238 1149 3287 1195 et
3308 1160 3379 1195 an
3386 1146 3509 1211 post
3518 1155 3675 1192 suum

2129 1234 2231 1288 sub
2255 1232 2515 1287 Manasse
2538 1251 2603 1287 ex
2629 1234 2729 1286 hac
2757 1232 2885 1286 urbe
2917 1231 3218 1293 discessum,
3246 1237 3343 1284 aut
3390 1231 3549 1283 etiam
3577 1244 3677 1280 un-

2131 1339 2293 1393 quam
2314 1323 2449 1376 alias
2470 1321 2700 1375 Parisiis
2724 1321 2977 1374 docuerit.
3410 1375 3415 1378 ι

2128 1400 2774 1477 Μέἶῐιειεςθβχευοιοτθιο
2794 1408 3063 1463 Remensi
3086 1405 3534 1479 archiepiscopo,
3555 1419 3673 1458 non
3751 1467 3767 1485 .

355 1494 519 1549 dictis
552 1497 741 1551 lucem
767 1496 972 1552 afferat
994 1499 1285 1570 roburque
1314 1499 1615 1571 adiungat,
1646 1502 1770 1552 tum
1802 1498 1957 1570 quod
2060 1500 2257 1567 modo,
2293 1502 2355 1553 ut
2371 1500 2496 1570 jam
2521 1497 2711 1563 docui,
2737 1497 2875 1551 nihil
2893 1496 3321 1568 omnium,quae
3342 1493 3668 1565 eiepistola,

351 1598 419 1638 ea
449 1585 713 1640 Pontifex
741 1587 1097 1640 luculentum
1119 1586 1313 1642 Sancti
1337 1586 1517 1643 nostri
1548 1588 1605 1641 in
1637 1587 1955 1642 accusando
2060 1588 2452 1659 §praacedenti
2468 1588 2579 1641 huc
2592 1587 2955 1656 transcripta,
2975 1585 3279 1656 Gregorius
3294 1584 3668 1655 przeceperat,

345 1672 599 1727 Manasse
643 1673 902 1745 aequitati
950 1676 1352 1731 testimonium
1412 1676 1690 1747 praebeat,
1749 1692 1955 1747 resque

1976 1718 2026 1775 B

2056 1676 2359 1747 implente,
2382 1692 2582 1730 verum
2607 1676 2782 1729 etiam
2798 1692 2866 1729 eo
2890 1672 3100 1729 furoris
3112 1674 3366 1743 delapso,
3384 1674 3465 1737 ut,
3486 1683 3660 1740 quem

346 1759 496 1815 illius
526 1762 596 1816 ab
622 1762 731 1817 hoc
762 1762 821 1816 in
849 1762 1143 1835 integrum
1168 1765 1375 1835 jubeat
1400 1765 1644 1831 restitui,
1676 1782 1707 1819 e
1728 1764 1954 1819 Labbeo
1976 1756 2026 1775 ³³
2055 1764 2379 1819 Simoniace
2410 1763 2772 1835 acquisierat,
2790 1763 3031 1833 jamque
3054 1765 3179 1816 tum
3199 1760 3341 1831 jussi
3361 1756 3659 1814 Pontiﬁdii.

345 1850 470 1905 loco
524 1851 617 1904 cit.
651 1852 762 1905 huc
808 1852 1149 1907 transcribo.
1202 1852 1297 1908 His
1358 1853 1543 1908 verbis
1589 1852 1951 1924 concipitur:

348 1960 376 1989 ‹‹
407 1938 714 2009 Gregorius
767 1939 1084 2011 episcopus,
1117 1958 1311 1996 servus
1342 1958 1639 1997 servorum
1682 1941 1804 2008 Dei,
1848 1943 1956 1996 Ma-

344 2042 524 2081 nassae
560 2026 848 2081 Remensi.
885 2027 1037 2083 Sciat
1064 2029 1398 2084 fraternitas
1428 2033 1546 2097 tua,
1583 2030 1740 2101 quod
1781 2030 1954 2101 depo-

342 2112 562 2168 sitionis
589 2114 964 2182 sententiam,
998 2132 1032 2170 a
1061 2117 1251 2188 legato
1282 2122 1478 2172 nostro
1510 2118 1703 2173 Diensi
1736 2119 1951 2190 episco-

343 2216 419 2272 po
469 2201 529 2255 in
567 2202 934 2273 Lugdunensi
981 2204 1221 2259 concilio
1255 2205 1660 2277 religiosorum
1696 2207 1951 2261 virorum

347 2289 586 2344 consilio
615 2291 926 2361 prolatam,
964 2294 1021 2347 et
1055 2309 1181 2361 nos,
1211 2293 1710 2365 dictantejustitia,
1746 2294 1807 2348 in
1841 2295 1950 2349 Ro-

339 2393 518 2434 mana
569 2379 786 2451 synodo
819 2380 1135 2452 apostolica
1182 2382 1523 2437 auctoritate
1572 2382 1948 2437 firmavimus.

342 2464 455 2522 Sed
484 2470 682 2522 tamen
716 2470 919 2524 contra
939 2485 1167 2524 morem
1182 2470 1458 2525 Romanae
1472 2471 1732 2526 Ecclesia),
1747 2471 1948 2537 nimia,

345 2559 413 2610 ut
440 2554 520 2610 ita
550 2556 815 2625 dixerim,
844 2556 1241 2613 misericordia
1271 2559 1490 2627 ductus,
1535 2560 1823 2632 adjunctis
1848 2560 1951 2615 tibi

345 2643 762 2713 Suessionensi,
797 2646 1184 2715 Laudunensi,
1228 2647 1650 2716 Cameracensi,
1686 2649 1950 2705 Catalau-

339 2733 504 2787 nensi
530 2732 810 2805 episcopis
840 2735 927 2789 vel
956 2752 1161 2790 eorum
1179 2734 1458 2792 similibus
1488 2754 1618 2791 cum
1650 2738 1773 2792 aliis
1815 2738 1953 2793 duo-

338 2819 463 2887 bus,
494 2838 741 2893 quorum
792 2822 1172 2879 testimonnio
1201 2840 1365 2896 aeque
1391 2826 1769 2893 confidamus,
1804 2826 1848 2881 si
1880 2825 1951 2881 de

329 2909 557 2980 justitia
588 2910 847 2978 confidis,
902 2915 960 2967 et
999 2929 1097 2967 eos
1126 2912 1339 2968 habere
1368 2913 1603 2984 poteris,
1645 2932 1826 2987 usque
1878 2915 1951 2969 ad

2054 1855 2178 1906 tum
2209 1853 2532 1918 sententiae,
2580 1852 2640 1906 in
2690 1852 2931 1906 concilio
2984 1848 3348 1922 Lugdunensi
3378 1849 3582 1902 contra
3605 1863 3663 1900 se

2053 1942 2205 2008 latae,
2235 1940 2288 1994 vi
2340 1941 2636 1995 dimittere
2695 1940 2995 2006 debuerat,
3047 1938 3439 2010 episcopatum
3492 1934 3669 1989 armis

2054 2029 2229 2084 etiam
2263 2029 2366 2083 sibi
2399 2045 2624 2084 servare
2657 2033 2755 2084 aut
2786 2031 2940 2083 certe
2971 2028 3128 2082 bona
3152 2028 3273 2098 ejus
3288 2025 3393 2080 sibi
3411 2040 3665 2079 asserere

2054 2117 2354 2183 niteretur,
2374 2118 2657 2185 Pontifex,
2697 2116 2950 2172 hominis
2996 2115 3282 2187 impietati
3313 2115 3541 2168 mature
3575 2128 3666 2166 oc-

2052 2207 2372 2261 curandum
2402 2209 2579 2273 ratus,
2611 2208 2858 2277 quatuor
2881 2204 3132 2259 diversas
3188 2218 3305 2256 una
3342 2201 3663 2271 eademque

2052 2293 2328 2366 vigesima
2341 2294 2587 2366 septima
2600 2293 2929 2350 Decembris
2948 2293 3184 2359 die,non
3210 2291 3309 2346 diu
3323 2289 3637 2345 admodum
3647 2329 3661 2355 ,

2054 2385 2115 2438 ut
2128 2387 2386 2455 apparet,
2416 2386 2545 2455 post
2556 2383 2934 2449 celebratum,
2950 2382 3008 2436 in
3029 2397 3142 2453 quo
3164 2381 3446 2435 Manasses
3459 2394 3660 2432 exauc-

2052 2474 2272 2527 toratus
2296 2472 2505 2527 fuerat.
2543 2471 2922 2543 Lugdunense
2950 2468 3257 2524 concilium
3285 2485 3348 2522 ac
3380 2466 3548 2538 proin
3560 2482 3660 2520 an-

2053 2577 2127 2616 no
2163 2562 2298 2616 1080
2330 2560 2554 2631 scripsit
2569 2559 2853 2631 epistolas,
2889 2575 3063 2613 unam
3098 2557 3309 2612 scilicet
3340 2555 3412 2609 ad
3441 2556 3662 2609 clerum

2051 2651 2111 2703 et
2140 2650 2420 2720 pepulum
2454 2650 2823 2713 Remensem,
2848 2648 3092 2701 alteram
3120 2646 3197 2701 ad
3228 2645 3657 2711 Hebolum,seu,

2052 2740 2115 2792 ut
2130 2737 2264 2793 alibi
2291 2737 2467 2793 etiam
2488 2737 2763 2808 scriptum
2782 2735 3088 2802 invenitur,
3103 2725 3344 2788 Ebalum
3366 2734 3465 2786 aut
3485 2730 3661 2785 etiam

2053 2824 2350 2891 (Ebalum,
2386 2825 2786 2880 Reciacensem
2809 2822 3106 2889 comitem,
3158 2821 3392 2876 tertiam
3435 2817 3511 2874 ad
3539 2818 3660 2889 epi-

2052 2930 2253 2986 scopos
2292 2912 2708 2968 archidioecesis
2776 2910 3072 2966 Remensis
3133 2909 3545 2981 suﬂ‘ragaueos,
3594 2923 3661 2961 ac

338 2996 711 3099 festivitatem
763 2999 944 3054 sancti
984 3001 1267 3056 Michaelis
1318 3002 1605 3074 purgandi
1653 3002 1948 3058 licentiam
1982 3005 2318 3099 Cquartam
2362 3002 2610 3074 denique
2665 3000 2738 3056 ad
2784 2999 3132 3098 Philippum,
3181 2998 3537 3099 Francorum
3568 3012 3658 3050 re-

336 3084 442 3140 tibi
467 3084 864 3158 indulgemus;
897 3105 966 3143 ea
983 3088 1246 3144 videlicet
1271 3089 1628 3157 conditione,
1654 3094 1716 3145 ut
1736 3091 1952 3145 Manas-

341 3190 417 3228 sae
444 3177 504 3228 et
530 3175 785 3232 Brunoni
815 3180 872 3231 et
902 3177 1142 3242 caeteris,
1162 3177 1259 3249 qui
1289 3193 1393 3248 pro
1416 3177 1641 3248 justitia
1665 3182 1868 3234 contra
1893 3183 1949 3234 te

337 3260 513 3316 locuti
542 3262 712 3318 fuisse
741 3263 1028 3331 videntur,
1083 3265 1257 3318 rebus
1286 3264 1400 3318 suis
1452 3264 1509 3319 in
1542 3267 1834 3338 integrum
1864 3284 1952 3321 rc-

337 3348 569 3416 stitutis,
598 3368 777 3423 usque
802 3351 886 3405 'ad
928 3351 1337 3407 Ascensionem
1363 3354 1591 3408 Domini
1622 3354 1948 3426 proximam

336 3438 687 3493 Remensem
722 3439 1030 3494 Ecclesiam
1062 3457 1096 3494 a
1142 3443 1244 3495 tua
1272 3441 1647 3513 occupatione
1702 3462 1767 3500 ex
1824 3448 1947 3500 toto

337 3525 584 3580 liberam
610 3526 857 3594 deseras,
881 3530 939 3583 et
968 3527 1299 3583 Cluniacum
1333 3533 1431 3584 aut
1461 3531 1665 3587 Casam
1690 3533 1789 3588 Dei
1816 3551 1947 3588 cum

340 3630 456 3668 uno
485 3613 689 3671 clerico
716 3618 775 3670 et
801 3615 1024 3670 duobus
1050 3615 1227 3683 laicis,
1259 3616 1370 3672 tuis
1394 3618 1693 3690 stipendiis
1716 3623 1945 3694 religio-

337 3717 398 3757 se
418 3701 687 3771 victurus,
719 3703 970 3759 secedas.
1001 3725 1029 3754 η

415 3789 537 3845 149.
588 3791 754 3855 Quod
765 3792 808 3847 si
822 3792 1014 3849 facere
1029 3795 1294 3863 volueris,
1325 3796 1603 3868 praedicto
1618 3797 1809 3854 Diensi
1826 3776 1954 3870 cpi-1

345 3895 522 3951 scopo
539 3881 931 3951 praenuntiam
949 3900 1243 3955 procures,
1258 3887 1320 3939 ut
1335 3885 1392 3938 in
1413 3885 1535 3955 ejus
1546 3888 1855 3957 praesentia
1866 3906 1949 3942 sa-

2050 3092 2281 3162 gem.Et
2295 3089 2603 3145 universim
2633 3089 2869 3161 quidem
2896 3088 3099 3143 litteris
3114 3087 3243 3153 illis,
3266 3089 3329 3140 ut
3343 3087 3661 3143 Manassem

2050 3196 2155 3251 pro
2188 3179 2457 3249 episcopo
2488 3194 2608 3234 non
2642 3177 2890 3249 amplius
2922 3176 3226 3241 habentes,
3266 3189 3659 3229 successorem

2050 3266 2101 3322 ei
2122 3267 2471 3333 sufﬁcerent,
2507 3266 2775 3321 omnibus
2807 3268 2865 3320 et
2895 3264 3132 3337 singulis
3146 3262 3471 3318 enixissime
3501 3277 3661 3317 com-

2051 3356 2396 3423 mendabat;
2429 3352 2779 3409 nominatim
2812 3357 3007 3408 autem
3032 3354 3250 3407 clerum
3277 3354 3336 3406 et
3360 3352 3660 3423 populum,

2049 3444 2131 3499 uti
2171 3444 2345 3499 etiam
2369 3442 2642 3498 comitem
2685 3442 2925 3497 Ebalum
2963 3444 3032 3495 et
3060 3439 3311 3495 ecclesia:
3367 3439 3666 3494 Remensis

2049 3531 2459 3603 sutt‘raganeos,
2520 3535 2583 3587 ut
2610 3532 2899 3597 Manassai,
2950 3533 3251 3602 tamquam
3300 3527 3549 3584 invasori
3580 3527 3664 3582 in-

2040 3621 2216 3691 justo,
2250 3638 2353 3692 pro
2387 3620 2599 3675 viribus
2630 3619 2983 3686 resisterent,
3016 3617 3162 3674 serio
3203 3617 3501 3683 monebat,
3537 3615 3664 3671 Phi-

2048 3710 2202 3781 lippo
2236 3709 2433 3777 ctiam,
2462 3709 2817 3764 Francorum
2867 3706 3012 3779 regi,
3056 3724 3152 3773 ne,
3189 3723 3364 3778 quam
3392 3706 3578 3760 clerus
3604 3707 3662 3759 et

2048 3800 2293 3869 populus
2354 3797 2606 3852 ecclesias
2640 3795 2938 3853 Remensis
2972 3796 3225 3850 facturus
3252 3797 3396 3860 erat,
3429 3792 3662 3848 electio-

2049 3904 2185 3941 nem
2214 3886 2544 3956 impediret,
2582 3885 2923 3939 auctoritate
2972 3882 3288 3955 apostolica
3329 3882 3661 3955 injungens,

343 3971 643 4023 cremento
656 3969 985 4034 confirmes,
1020 3971 1089 4024 de
1103 3972 1273 4025 rebus
1286 3973 1572 4042 praedictae
1611 3976 1859 4029 ecclesiae
1892 3980 1948 4031 te
2051 3975 2318 4046 Epistolze
2352 3974 2463 4029 illas
2495 3990 2697 4028 omnes
2729 3972 3119 4043 exstantapud
3139 3971 3432 4026 Labbeum
3453 3973 3599 4024 tom.
3621 3969 3664 4023 X

341 4054 486 4111 nihil
535 4056 770 4110 interim
808 4057 1236 4125 distracturum,
1279 4059 1387 4113 nisi
1443 4065 1724 4132 quantum
1751 4064 1849 4118 tibi
1892 4069 1952 4120 et
2052 4063 2289 4130 Concil.,
2324 4063 2432 4119 col.
2466 4064 2570 4117 264
2600 4065 2658 4116 et
2681 4062 2861 4116 tribus
2893 4077 3052 4132 seqq.
3084 4059 3297 4114 Prioris
3327 4059 3523 4126 verba,
3551 4058 3664 4112 huc
3708 4068 3714 4073 ‘

338 4142 630 4216 praedictis
651 4134 817 4198 sociis
837 4148 1236 4216 competenter
1259 4146 1563 4203 suffecerit.
1582 4149 1827 4206 Clericos
1849 4170 1948 4209 au-
2051 4152 2417 4225 potissimum
2443 4150 2732 4218 facientia,
2765 4149 2921 4222 quod
2959 4148 3129 4203 simul
3157 4149 3496 4214 Manassem,
3529 4163 3665 4202 cum

339 4234 484 4297 tem,
519 4230 613 4327 qui
643 4233 805 4327 tanto
826 4234 1110 4327 tempore
1141 4251 1246 4306 pro
1257 4235 1480 4306 justitia
1521 4238 1780 4294 exsilium
1800 4225 1953 4313 passi
1980 4242 2112 4327 Din
2159 4239 2400 4296 concilio
2452 4238 2815 4311 Lugdunensi
2848 4240 3246 4293 exauctoratus
3286 4237 3413 4307 jam
3444 4235 3662 4304 fuisset,

336 4322 489 4385 sunt,
524 4319 584 4372 in
638 4320 877 4375 ecclesia
906 4338 1105 4375 secure
1134 4324 1250 4378 Deo
1280 4324 1492 4379 servire
1530 4328 1853 4398 permittas.
1890 4334 1957 4414 Et
1980 4319 2022 4327 ’
2055 4332 2493 4403 epistolamque,
2553 4331 2580 4397 §
2621 4327 2971 4399 prmcedenti
3023 4327 3135 4381 huc
3173 4325 3601 4398 transcriptama
3630 4341 3666 4381 ὃ

333 4406 610 4481 quoniam
631 4407 983 4463 laboriosum
1009 4409 1113 4464 tibi
1129 4411 1302 4465 fuerit
1322 4411 1395 4467 ad
1408 4430 1702 4487 nosusque
1733 4406 1956 4504 venire;
2055 4420 2330 4479 Pontifice
2361 4418 2689 4490 accepisset,
2747 4417 2898 4472 male
2928 4414 3270 4487 acquisitum
3316 4415 3664 4469 Remensem

335 4495 1004 4562 concedimus,utcoram
1025 4499 1500 4573 Dienslepiscopo
1525 4506 1582 4557 et
1599 4505 1806 4562 abbate
1825 4495 1954 4564 Clu;
2054 4508 2603 4581 archiepiscopatum
2635 4504 2811 4560 armis
2858 4504 2964 4559 sibi
3018 4520 3243 4559 servare
3296 4502 3663 4559 thesaurosve

331 4582 605 4649 niacensi,
635 4587 752 4650 aut,
786 4584 831 4639 si
850 4585 1119 4641 abbatem
1138 4588 1332 4643 deesse
1380 4591 1712 4663 contigerit,
1754 4612 1949 4653 coram
2052 4599 2173 4671 ejus
2228 4597 2499 4669 diripere,
2550 4597 2823 4649 conatum
2873 4592 3060 4648 adhuc
3110 4591 3305 4660 fuisse,
3359 4591 3661 4661 edoceant,

331 4672 563 4739 Amato,
589 4672 866 4742 praedicto
915 4675 1090 4731 modo
1115 4692 1245 4730 cum
1262 4679 1553 4748 prasdictis
1595 4683 1834 4738 testibus
1880 4687 1950 4741 de
2047 4689 2158 4743 huc
2184 4684 2528 4741 transcribo.

332 4759 575 4815 infamia
601 4763 656 4815 te
686 4777 986 4833 expurges.
1032 4762 1195 4827 Quod
1227 4765 1272 4819 si
1320 4765 1452 4821 huic
1482 4774 1694 4825 nostras
1722 4772 1951 4844 dispen-
2118 4773 2515 4831 15l-2.Enilla:
2540 4769 2758 4835 «Quam
2774 4770 2965 4842 itaque
2988 4768 3361 4843 (sententiam
3375 4769 3663 4827 iuManas—

334 4847 572 4903 sationis
602 4852 890 4920 praecepto
922 4851 1158 4906 obedire
1186 4857 1784 4927 contempseris,scias
1809 4878 1948 4933 quo-
2044 4881 2166 4919 sem
2194 4865 2253 4917 in
2284 4860 2525 4918 concilio
2553 4858 2925 4932 Lugdunensi
2967 4857 3165 4930 latam)
3213 4858 3662 4931 diligenterper-

330 4936 492 4992 niam
524 4937 891 5009 iniquitatem
941 4943 1101 4995 tuam
1143 4942 1377 4997 ulterius
1406 4947 1639 5015 portare
1673 4965 1789 5002 non
1821 4966 1947 5020 pos-

330 5041 548 5092 sumus,
591 5029 648 5079 et
665 5026 1042 5098 depositionis
1072 5031 1442 5097 sententiam,
1479 5050 1594 5087 non
1625 5037 1809 5090 solum
1841 5037 1947 5091 im-

329 5114 689 5168 mutabiliter
718 5132 1182 5186 permansuram,
1216 5119 1317 5172 sed
1372 5119 1548 5174 etiam
1575 5123 1792 5179 nullam
1841 5125 1946 5180 tibi

329 5202 684 5258 audientiam
702 5203 760 5257 in
774 5209 1068 5275 posterum
1086 5206 1550 5277 relinquendam.
1575 5210 1719 5265 Data
1748 5212 1945 5269 Romm

328 5289 556 5346 decimo
605 5292 806 5363 quinto
832 5293 1116 5348 Kalendas
1152 5294 1301 5348 Maii.
1346 5294 1668 5352 Indictione
1687 5299 1877 5355 tertia.
1911 5323 1940 5351 ››

333 5377 593 5449 Epistola
610 5380 753 5448 haec,
786 5380 1128 5453 Gregorium
1145 5399 1286 5437 sane
1302 5397 1534 5439 summa
1549 5401 1689 5457 erga
1730 5387 1945 5445 Manas-

323 5482 452 5527 sem
477 5466 840 5547 benignitate
865 5468 1341 5545 indulgentiaque
1389 5490 1556 5529 usum
1589 5490 1731 5546 esse,
1765 5475 1941 5536 fidem

2043 4952 2363 5008 scrutantes
2403 4952 2462 5003 et
2490 4964 2595 5019 pro
2652 4946 3058 5019 magnitudine
3108 4946 3480 5019 iniquitatum
3535 4947 3660 5019 ejus

2045 5038 2187 5111 (Man
2195 5037 2353 5109 assis)
2362 5036 2743 5108 justissimam
2769 5035 2940 5090 fuisse
2954 5037 3438 5107 approbantes,eo
3450 5038 3657 5092 tenore

2044 5145 2081 5181 n
2099 5127 2364 5181 Romana
2377 5124 2595 5198 synodo
2618 5123 3090 5180 confirmavimus
3104 5127 3313 5197 rogatu
3334 5124 3655 5180 multorum

2046 5215 2315 5280 fratrum,
2341 5216 2423 5279 ut,
2457 5212 2741 5267 concessis
2770 5211 2875 5267 sibi
2900 5211 3166 5279 induciis,
3182 5212 3226 5267 si
3249 5212 3542 5284 posset,ad
3557 5229 3654 5269 ex-

2045 5300 2417 5374 purgandum
2457 5317 2514 5355 se
2548 5300 2618 5354 de
2648 5300 2888 5371 objectis
2918 5300 3185 5355 veniendi
3227 5300 3522 5356 licentiam
3546 5300 3651 5355 ha-

2044 5391 2208 5447 beret
2236 5406 2302 5444 ac
2330 5387 2575 5444 liberam
2621 5389 2692 5445 de
2722 5404 2782 5444 se
2814 5388 3024 5461 agendi
3051 5388 3421 5458 facultatem;
3450 5388 3532 5444 ita
3564 5391 3651 5443 ta-

2045 5496 2187 5538 men
2212 5480 2276 5535 ut
2301 5475 2540 5535 interim
2570 5475 2856 5557 regimine
2898 5476 3073 5548 ipsius
3098 5476 3351 5539 ecclesiae
3393 5477 3650 5555 cederet,
