4122 6058
196 154 265 213 89

1773 142 1956 209 ACTA

3457 154 3524 210 90

196 287 253 338 et
282 282 345 337 in
376 280 737 338 Cluniacensi
766 281 925 337 velin
954 280 1143 354 aliquo
1171 278 1436 351 religioso
1462 279 1813 335 monasterio
1837 284 1893 341 Α
1915 280 2123 349 potest,
2156 277 2462 349 posterior,
2496 276 2660 334 citius
2686 276 3138 345 verosimillime,
3170 295 3343 351 quam
3365 296 3520 334 anno

194 371 463 442 degeret,
489 374 573 439 ut,
587 371 747 443 cujus
760 370 1104 427 obedientiee
1119 372 1463 442 quantasque
1476 367 1815 423 humilitatis

194 463 365 521 esset,
410 460 783 530 probaretur.
816 459 1025 514 Verum
1060 459 1223 529 (sicut
1245 475 1342 511 vos
1372 457 1477 528 ipsi
1498 455 1670 527 scitis)
1695 472 1813 510 non

191 548 383 602 solum
409 548 546 602 huic
569 547 897 603 diffinitioni
916 564 1031 603 non
1050 545 1319 611 obedivit,
1343 545 1443 599 sed
1465 545 1537 599 ad
1556 547 1814 599 contem-

190 638 356 707 ptum
377 635 807 692 interdictionis
830 638 1042 691 nostrae
1064 634 1363 690 ecclesiam
1386 636 1635 687 vestram
1658 632 1812 686 inva-

191 723 332 777 dere
364 741 435 778 ac
468 723 795 794 impudenti
837 722 1227 778 devastatione
1266 722 1621 776 confundere
1668 736 1813 792 prte-

187 811 473 882 sumpsit;
508 815 713 884 utpote
740 828 916 883 quam
949 828 1066 866 non
1104 828 1208 881 per
1236 810 1466 876 ostium,
1502 814 1564 864 ut
1592 812 1807 881 pastor,

188 898 293 952 sed
319 898 580 965 aliunde,
612 902 674 953 ut
705 899 799 954 fur
832 903 893 954 et
923 899 1262 954 saevissimus
1293 899 1511 971 praedo,
1541 898 1806 965 intravit;

186 988 261 1041 ad
296 987 409 1042 hoc
440 988 676 1055 scilicet,
707 990 771 1042 ut
807 1004 1047 1059 gregem
1098 987 1465 1042 Dominicum
1510 991 1723 1041 mactet
1753 990 1811 1041 et

185 1074 420 1144 perdat,
445 1092 563 1130 non
578 1077 643 1129 ut
668 1075 964 1147 vigilantia
977 1075 1221 1147 pastoris
1250 1078 1518 1146 protegat
1543 1079 1600 1128 et
1616 1076 1811 1129 defen-

187 1162 310 1216 dat.
345 1161 646 1233 Siquidem
678 1163 823 1218 adeo
848 1162 908 1217 in
929 1162 1281 1218 immensum
1309 1168 1541 1218 actuum
1572 1180 1807 1219 suorum

183 1251 441 1305 tetendit
470 1251 761 1322 iniquitas,
792 1254 856 1306 ut
879 1251 1215 1323 dignissime
1247 1252 1604 1307 damnationi
1637 1256 1806 1324 atque

184 1339 784 1395 excommunicationi
812 1339 1124 1410 subjaceat,
1158 1340 1237 1395 ita
1282 1344 1343 1395 ut
1374 1340 1432 1394 in
1462 1343 1805 1411 perpetuum

1918 369 2072 434 1084,
2098 385 2213 423 non
2237 369 2456 433 evenit;
2479 368 2656 423 serius
2685 371 2881 424 autem
2895 368 3072 423 etiam
3104 385 3222 423 non
3246 367 3520 435 evenisse,

1912 455 2090 526 liquet
2120 475 2184 511 ex
2217 474 2307 524 eo,
2340 458 2494 529 quod
2535 457 2841 512 Rainaldus
2883 458 2959 511 du
2992 456 3184 524 Bellai,
3228 460 3290 510 ut
3330 456 3522 512 Gallias

1913 544 2458 630 Christianaeauctaa
2488 546 2811 617 scriptores,
2856 548 2997 600 tom.
3034 546 3116 610 IX,
3152 545 3261 599 col.
3303 548 3392 611 75,
3428 545 3526 599 do-

1910 636 2070 697 cent,
2126 652 2279 689 anno
2312 638 2445 689 1083
2489 635 2560 688 ad
2608 636 2952 688 Remensem
2996 633 3353 699 cathedram,
3391 648 3524 687 cum

1908 721 2059 775 hanc
2082 725 2213 793 post
2253 724 2570 778 Manassem
2602 724 2900 794 expulsum
2942 722 3271 789 Elinandus,
3306 720 3526 777 Laudu-

1909 810 2101 865 nensis
2121 810 2438 881 episcopus,
2474 810 2709 866 biennio
2741 810 3040 877 tenuisset,
3073 810 3245 864 fuerit
3270 811 3518 864 evectus.

1984 901 2103 953 154.
2137 898 2481 954 Sermonem
2506 900 2680 954 modo
2707 900 2777 953 de
2810 898 3017 954 Sancto
3032 902 3230 954 nostro
3261 914 3519 953 resuma-

1910 1004 2056 1041 mus.
2086 988 2271 1051 Pulso,
2298 991 2360 1040 ut
2387 1005 2535 1041 nunc
2559 987 2901 1058 expositum,
2919 986 3246 1042 Simoniaco
3269 984 3521 1041 antistite

1906 1076 2177 1139 Manasse,
2207 1076 2395 1130 Bruno
2424 1075 2613 1129 Remis
2643 1076 2832 1141 rediit,
2862 1075 3055 1147 ibique
3087 1075 3143 1129 in
3176 1077 3388 1129 statum
3404 1073 3520 1145 pri-

1906 1163 2119 1218 stinum
2135 1174 2199 1217 ac
2222 1164 2370 1218 forte
2394 1164 2568 1218 etiam
2592 1164 2893 1219 meliorem
2916 1163 3346 1218 fuitrestitutus.
3376 1163 3519 1216 Rem

1905 1251 1983 1306 sic
2013 1252 2197 1323 probo
2233 1269 2245 1306 :
2277 1252 2490 1306 Titulus
2533 1252 2809 1317 funebris,
2854 1252 2905 1305 ei
2946 1253 3018 1306 ab
3054 1251 3178 1322 ipsa
3206 1248 3521 1305 cathedrali

1907 1341 2176 1395 Remensi
2237 1340 2493 1406 ecclesia,
2528 1340 2687 1411 cujus
2722 1357 2858 1394 sane
2910 1339 3218 1411 praeposito
3250 1340 3518 1393 Manassae

185 1429 412 1483 nullam
446 1428 827 1484 restitutionis
855 1446 970 1484 suae
1007 1445 1171 1500 spem
1225 1429 1527 1500 concipere
1576 1429 1802 1483 debeat.
1825 1476 1875 1536 B
1906 1430 2118 1500 pluries
2148 1430 2238 1483 hic
2288 1429 2518 1484 laudato
2578 1428 2987 1499 canonicisque
3046 1428 3309 1499 apprime
3349 1429 3520 1482 notus

187 1515 729 1536 ns___.____l__.____,l
780 1517 874 1536 νηί
918 1516 1365 1536 _AA,A,,1,,,,!1,ls
1419 1532 1705 1536 -s__sa----,h
1749 1520 1798 1536 W1
1958 1535 1964 1536 ,
2011 1521 2022 1536 ι
2259 1535 2300 1536 ,,
2386 1522 2396 1536 ι
2535 1519 2832 1536 l_,_,,___4,._a
2879 1516 3028 1536 S.-A_,_
3067 1516 3516 1536 ,,_A_,,j-__‘l--”t.\

184 1515 559 1587 Quapropter
571 1517 886 1587 apostolica
917 1534 1017 1573 vos
1033 1516 1373 1572 auctoritate
1401 1532 1728 1583 monemus,
1746 1520 1806 1571 ut

184 1604 471 1674 perversis
509 1604 728 1658 actibus
759 1606 882 1675 ejus
916 1605 975 1659 in
989 1607 1147 1660 nullo
1179 1604 1635 1671 communicetis,
1684 1604 1804 1659 imo

184 1696 241 1745 ut
258 1693 502 1746 tollatur
515 1692 585 1747 de
611 1692 805 1748 medio
834 1697 1110 1760 vestrum,
1136 1697 1197 1748 et
1214 1693 1271 1747 in
1298 1692 1595 1747 interitum
1618 1694 1805 1747 carnis

182 1796 297 1833 suae
329 1780 600 1835 tradatur
653 1780 904 1847 Satanze,
943 1784 1006 1835 ut
1046 1781 1275 1851 spiritus
1314 1783 1497 1836 salvus
1549 1780 1641 1847 sit,
1699 1780 1805 1835 sibi

184 1868 374 1923 modis
412 1870 683 1925 omnibus
716 1869 1009 1925 resistatis.
1045 1870 1198 1924 Detis
1229 1870 1405 1924 etiam
1449 1885 1709 1940 operam,
1744 1871 1807 1922 ut

182 1956 487 2011 communi
520 1956 754 2013 consilio
806 1957 1046 2030 parique
1072 1960 1225 2025 voto,
1276 1957 1619 2012 assentiente
1646 1956 1805 2012 vobis

182 2044 465 2115 pradieto
485 2045 777 2102 confratre
810 2048 1008 2103 nostro
1040 2045 1231 2102 Diensi
1261 2046 1549 2117 episcopo,
1576 2048 1802 2116 patrem

180 2132 336 2187 vobis
347 2134 673 2189 secundum
686 2134 1001 2190 Dominum
1036 2134 1278 2206 eligatis.
1295 2156 1322 2183 »
1339 2134 1451 2188 Nec
1475 2134 1799 2204 Gregorius,

183 2220 300 2292 qui,
354 2225 421 2275 ut
451 2221 575 2276 haec
624 2223 750 2295 ejus
804 2224 981 2278 verba
1010 2222 1186 2278 fidem
1225 2223 1443 2279 faciunt
1482 2223 1799 2278 Manassem

182 2309 379 2363 Remis
411 2310 641 2381 pulsum
672 2314 958 2382 praeterea
984 2311 1234 2379 volebat,
1268 2314 1397 2367 voto
1432 2311 1540 2366 fuit
1568 2312 1803 2366 frustra-

182 2399 303 2465 tus;
329 2400 392 2452 et
403 2397 564 2453 enim
577 2400 831 2454 ecclesias
845 2400 1142 2455 Remensis
1166 2418 1284 2455 non
1305 2402 1533 2454 tantum
1556 2401 1801 2471 populus
1822 2414 1827 2420 '

179 2488 237 2539 et
293 2486 505 2552 clerus,
561 2486 662 2541 sed
692 2487 970 2558 primates
1018 2488 1075 2543 in
1128 2488 1521 2543 Simoniacum
1558 2489 1798 2560 jamque

178 2576 582 2629 exactoratum
635 2574 954 2630 antistitem
983 2576 1370 2644 insurrexere,
1426 2592 1673 2648 cumque
1731 2593 1799 2631 ex

182 2664 462 2732 usurpata
491 2662 769 2717 cathedra
798 2663 1040 2734 ejecere.

252 2752 377 2804 153.
432 2751 612 2805 Docet
654 2751 717 2805 id
768 2751 1068 2807 Guibertus
1105 2752 1176 2807 de
1216 2751 1555 2825 Novigento,
1600 2757 1799 2811 auctor

174 2836 561 2907 synchronus,
579 2839 705 2909 jam
734 2840 949 2910 pluries
974 2841 1255 2909 laudatus,
1288 2842 1474 2897 verbis
1506 2860 1666 2898 num.
1696 2847 1797 2900 110

180 2924 251 2979 de
276 2925 539 2982 Manasse
567 2927 679 2982 huc
711 2929 1072 3001 transcriptis
1100 2930 1361 3001 proxime
1383 2929 1539 2986 istaec
1560 2948 1799 3004 sequen-

176 3014 256 3067 tia
283 3014 644 3086 subjungens
677 3032 693 3071 :
730 3038 758 3067 ‹‹
791 3016 977 3082 Quem
1012 3017 1349 3089 (Manassem
1395 3021 1628 3092 nempe)
1670 3024 1799 3092 post

176 3102 427 3157 modum
463 3118 752 3175 proceres,
786 3105 969 3161 clerus
999 3109 1172 3178 atque
1202 3107 1539 3178 Burgenses,
1569 3125 1701 3163 cum
1725 3108 1796 3164 ab

175 3188 421 3260 Hugone
450 3190 571 3262 (qui
604 3191 795 3247 Diensi
829 3193 1337 3265 agnominabatur)
1371 3196 1795 3269 archiepiscopo

176 3278 405 3347 (postea
434 3279 651 3335 scilicet
668 3280 842 3352 facto)
873 3281 1260 3353 Lugdunensi,
1286 3283 1613 3354 apostolica;
1634 3284 1797 3340 Sedis

172 3364 395 3437 legato,
442 3366 565 3423 viro
605 3367 664 3423 in
694 3368 897 3425 fenore
924 3369 1162 3441 justitiaa
1194 3370 1535 3438 clarissimo,
1572 3373 1796 3428 creber-

175 3452 330 3509 rimo
363 3456 740 3512 anathemate
779 3457 1068 3526 feriretur,
1102 3461 1159 3513 et
1212 3457 1306 3513 ille
1344 3475 1523 3514 manu
1563 3460 1797 3516 militari

176 3541 485 3598 thesauros
504 3545 753 3601 ecclesias
766 3546 1082 3617 dilapidare
1095 3548 1279 3603 nitere
1287 3550 1438 3615 tur,a
1452 3548 1606 3617 sede,
1621 3566 1797 3621 quam

176 3631 337 3685 male
391 3631 721 3701 obsederat,
775 3636 1143 3706 pepulerunt,
1200 3638 1258 3691 et
1311 3636 1478 3692 exilio
1512 3638 1798 3709 relegatus

176 3722 426 3786 aeterno,
448 3737 581 3775 cum
597 3739 658 3776 se
680 3722 753 3777 ad
766 3723 1330 3780 excommunicatum
1350 3727 1490 3780 tunc
1519 3727 1799 3797 temporis

175 3806 498 3862 Henricum
511 3808 921 3885 imperatorem
938 3810 1058 3884 ipse
1074 3811 1248 3867 etiam
1270 3813 1800 3869 excommunicatus

175 3895 537 3964 contulisset,
554 3897 663 3953 hac
680 3899 923 3971 illacque
952 3900 1229 3955 oberrans
1250 3900 1372 3955 sine
1385 3902 1796 3958 communione

174 3988 483 4054 postremo
508 3984 862 4059 defungitur.
898 4008 925 4036 n
942 3988 1345 4060 Ita-Guibertus
1373 4006 1387 4044 :
1420 3989 1554 4044 licet
1577 3993 1793 4059 autem,

173 4088 269 4138 an,
285 4072 455 4144 quod
467 4072 557 4127 hic
570 4072 776 4142 innuit,
792 4075 1076 4131 Manasses
1090 4076 1150 4130 in
1174 4078 1791 4147 excommunicatione,

1905 1521 2049 1586 erat,
2109 1522 2474 1572 consecratus
2534 1519 2840 1588 locumque
2877 1516 3031 1570 inter
3066 1516 3426 1571 recudendos
3450 1519 3518 1571 52

1904 1606 2192 1673 obtinens,
2223 1606 2300 1660 sic
2331 1607 2507 1660 habet
2539 1623 2551 1659 :

1973 1695 2085 1748 Hic
2115 1694 2283 1748 Pater
2311 1696 2533 1747 eximius
2560 1693 2823 1764 fundator
2849 1693 3135 1762 relligionis

2043 1782 2335 1852 Exemplar
2362 1799 2466 1835 sese
2495 1782 2758 1851 fratribus
2787 1782 3049 1843 exhibuit,

1972 1869 2124 1923 Dans
2154 1870 2257 1925 illis
2285 1871 2527 1940 formam
2556 1870 2836 1941 spernendi
2864 1870 2994 1923 vilia
3022 1869 3213 1923 mundi

2046 1957 2274 2013 Caelestis
2298 1961 2492 2028 patrias
2511 1959 2721 2028 premia
2745 1958 2874 2011 dum
2901 1960 3160 2029 sequitur,

1971 2045 2085 2102 Pro
2116 2048 2269 2117 cujus
2300 2047 2460 2117 culpa
2484 2063 2589 2099 non
2611 2046 2872 2100 credimus
2899 2063 3003 2100 esse
3019 2046 3355 2116 gemendum,

2047 2134 2214 2201 Quem
2235 2136 2358 2206 jam
2376 2134 2697 2206 gaudentem
2727 2133 2986 2188 credimus
3016 2136 3072 2188 in
3102 2138 3299 2208 requie.

1969 2223 2120 2280 Nam
2146 2227 2195 2278 si
2230 2225 2319 2278 cui
2338 2229 2519 2278 sancto
2549 2225 2782 2295 requiem
2816 2222 2953 2277 bona
2981 2224 3092 2277 vita
3122 2231 3373 2289 meretur,
3482 2291 3489 2296 η

2037 2312 2187 2366 Huic
2216 2329 2422 2385 quoque
2442 2329 2546 2383 pro
2592 2313 2801 2367 meritis
2827 2327 3037 2367 summa
3071 2311 3235 2366 datur
3274 2314 3513 2385 requies;

1971 2400 2082 2468 Qui
2106 2417 2227 2457 cum
2256 2400 2566 2457 Multimode
2595 2407 2780 2455 nostra
2799 2400 3028 2471 polleret
3048 2402 3103 2454 in
3133 2400 3286 2463 urbe,

2039 2488 2393 2561 Solamenque
2420 2491 2531 2544 suis
2560 2494 2719 2561 atque
2746 2489 2902 2543 decus
2931 2489 3099 2558 ﬁeret,

1970 2576 2212 2650 Cumque
2230 2579 2434 2649 faveret
2464 2579 2514 2632 ei
2537 2578 2763 2648 fortuna
2785 2595 2886 2648 per
2916 2580 3121 2640 omnia,
3141 2578 3372 2651 jamque

2035 2666 2203 2721 Hunc
2218 2667 2602 2736 prae/erremus
2628 2665 2892 2728 omnibus,
2922 2672 2973 2719 et
3000 2668 3225 2732 merito;

1965 2754 2218 2827 Namque
2250 2755 2502 2824 benignus
2532 2761 2667 2816 erat,
2700 2754 2952 2825 omnique
2973 2756 3179 2825 peritus
3200 2756 3255 2809 in
3280 2762 3415 2824 arte,

2037 2842 2428 2914 Facundusque
2451 2845 2580 2895 satis
2607 2842 2913 2914 divitiisque
2930 2850 3155 2913 potens;

1971 2931 2168 2988 Omnia
2186 2932 2486 3002 postposuit
2514 2927 2749 2996 Christo,
2781 2930 3095 3002 nudumque
3120 2937 3328 2985 secutus

2039 3019 2332 3082 Christum,
2360 3036 2481 3073 cum
2510 3018 2696 3074 multis
2718 3020 2933 3089 suscipit
2964 3019 3105 3073 hunc
3134 3036 3336 3073 ermnus
3367 3036 3385 3072 :

1965 3108 2259 3180 Propterea
2289 3109 2522 3180 requiem
2549 3107 2653 3161 sibi
2678 3106 2943 3163 credimus
2963 3123 3072 3163 esse
3091 3114 3367 3180 paratam.

2036 3196 2103 3252 Si
2132 3204 2310 3251 tamen
2338 3197 2455 3252 ulla
2487 3196 2610 3251 levis
2639 3197 2790 3251 Iussit
2818 3198 2867 3251 ei
2894 3197 3127 3260 macula,

1970 3284 2139 3358 (Nam
2158 3280 2311 3357 'patet
2341 3287 2398 3339 in
2426 3286 2577 3340 terris
2605 3285 2813 3339 nullum
2831 3286 2943 3340 sine
2974 3285 3088 3340 labe
3115 3284 3337 3356 morari)

2037 3374 2202 3428 Hanc
2230 3373 2377 3428 Deus
2403 3374 2671 3444 abstergat
2693 3373 2872 3428 dando
2901 3374 3004 3429 sibi
3020 3375 3249 3428 veniam.

1974 3467 2092 3519 155.
2126 3462 2369 3518 Sanctus
2418 3479 2579 3535 ergo,
2613 3461 2695 3516 uti
2749 3462 2808 3516 hi
2837 3462 3096 3517 versiculi
3150 3460 3509 3534 apertissime

1897 3551 2170 3622 produnt,
2203 3567 2272 3606 eo
2298 3550 2418 3622 ipso
2443 3554 2727 3621 tempore,
2760 3567 2873 3622 quo
2904 3550 2963 3627 in
2991 3550 3216 3604 civitate
3236 3550 3509 3606 Remensi

1898 3638 2237 3695 auctoritate
2267 3655 2332 3692 ac
2354 3637 2581 3704 divitiis,
2597 3637 2847 3692 maxime
2875 3638 2927 3692 ei
2947 3637 3237 3692 arridente
3249 3638 3504 3706 fortuna,

1898 3726 2213 3798 plurimum
2242 3725 2476 3792 valeret,
2526 3725 2584 3779 in
2615 3742 2900 3788 eremum,
2932 3725 3085 3779 hisce
3131 3725 3389 3795 adjectis,
3422 3742 3508 3780 se-

1896 3815 2079 3871 cessit.
2143 3815 2205 3870 Id
2254 3816 2449 3870 autem
2507 3830 2611 3868 nec
2665 3813 2935 3885 tempori,
2987 3829 3099 3885 quo
3138 3811 3334 3867 Remis
3371 3815 3505 3867 ante

1895 3921 2062 3959 suum
2094 3920 2163 3958 ex
2193 3904 2299 3958 hac
2332 3902 2472 3957 urbe
2510 3902 2583 3957 ob
2614 3901 2896 3956 nefandos
2928 3902 3197 3958 Manassis
3223 3900 3505 3971 archiepi-

1895 3992 2049 4064 scopi
2089 4008 2283 4047 mores
2337 3990 2617 4046 dicessum
2676 3994 2930 4046 versatus
2982 3992 3085 4058 est,
3147 4006 3255 4044 nec
3300 3988 3505 4045 itidem

1893 4080 2164 4152 tempori,
2200 4079 2356 4152 quod
2388 4080 2542 4133 hunc
2572 4078 2726 4133 inter
2764 4081 2824 4133 et
2852 4078 3121 4135 Manassis
3150 4095 3183 4132 e
3229 4076 3505 4133 cathedra

174 4176 288 4231 qua
319 4160 400 4215 ob
426 4161 675 4216 crimina
698 4162 1192 4237 pertinaciamque
1224 4166 1512 4237 praecipue
1541 4184 1575 4222 a
1604 4168 1795 4223 Ponti—
1814 4158 1866 4217 D
1894 4169 2162 4224 Remensi
2190 4168 2535 4240 ejectionem
2565 4166 2907 4236 intercessit,
2941 4170 3130 4239 potest
3157 4182 3499 4239 congruere.

173 4248 279 4304 tice
300 4249 826 4321 fueratpercussus,
858 4252 1037 4308 vitam
1076 4252 1309 4321 finierit,
1340 4271 1459 4309 non
1498 4255 1793 4314 immerito

173 4336 360 4405 exiis,
391 4354 522 4409 qua:
570 4339 829 4395 Historiae
859 4340 1153 4396 litterariae
1192 4340 1446 4397 Francia;
1486 4344 1793 4415 scriptores

174 4426 322 4481 tom.
353 4425 494 4493 VIII,
535 4444 669 4500 pag.
704 4429 807 4484 655
839 4432 898 4484 et
922 4446 1081 4502 seqq.
1111 4430 1437 4500 observant,
1465 4430 1524 4489 in
1551 4433 1791 4489 dubium

171 4516 355 4584 queat
376 4516 653 4584 revocari,
690 4518 1108 4590 ambigendum
1135 4522 1333 4574 tamen
1364 4535 1483 4575 non
1514 4523 1602 4576 est
1630 4522 1788 4594 quin,

164 4602 333 4673 quod
362 4602 456 4657 hic
495 4604 714 4675 pariter
751 4605 946 4675 tradit,
987 4606 1347 4663 Simoniacus
1376 4608 1474 4663 ille
1488 4608 1727 4667 antistes
1755 4628 1791 4666 a

169 4691 350 4758 clero,
381 4693 599 4764 populo
643 4697 702 4749 et
749 4695 1121 4767 Optimatibus
1151 4712 1182 4751 e
1214 4696 1485 4752 Remensi
1514 4698 1789 4755 cathedra

165 4778 348 4834 fuerit
371 4780 616 4853 ejectus;
638 4781 700 4837 id
724 4783 882 4839 enim
904 4801 1036 4840 vere
1061 4784 1300 4852 factum,
1317 4785 1553 4858 quirem
1575 4787 1789 4842 exami-

166 4869 624 4937 narunt,eruditi
649 4888 854 4927 omnes
875 4873 1135 4929 unanimi
1166 4889 1447 4930 consensu
1467 4874 1783 4945 afﬁrmant,

166 4973 273 5012 nec
316 4958 523 5027 ullum,
554 4960 637 5015 uti
687 4960 748 5016 in
792 4977 927 5016 casu
976 4962 1326 5033 praecedenti
1361 4962 1447 5030 ﬁt,
1492 4963 1784 5035 scriptoris

166 5046 483 5117 synchroni
505 5051 605 5103 aut
627 5049 805 5105 etiam
823 5050 1167 5122 subsequalis
1192 5051 1612 5120 testimonium,
1628 5053 1783 5124 quod

165 5131 223 5188 in
254 5136 620 5192 contrarium
636 5140 962 5211 utcumque
992 5139 1184 5208 faciat,
1216 5142 1410 5212 potest
1438 5139 1650 5195 afferri.
1680 5142 1782 5197 At-

166 5238 277 5294 que
303 5240 377 5279 ea
402 5224 640 5296 quidem
668 5226 939 5295 Manassis
970 5228 1243 5299 expulsio,
1280 5230 1482 5300 utpote
1507 5227 1781 5299 epistolis,

167 5326 201 5365 ει
226 5312 513 5371 Pontiﬂce
562 5314 677 5387 (adi
706 5332 871 5372 num.
915 5317 1037 5388 151)
1081 5315 1359 5389 vigesima
1406 5316 1651 5387 septima
1689 5318 1785 5375 de-

166 5400 417 5463 cembris
442 5418 597 5460 anno
626 5407 762 5462 1080
792 5405 965 5475 datis,
978 5404 1297 5478 aliquanto,
1329 5407 1397 5461 ut
1424 5404 1672 5471 dubitari
1691 5408 1783 5467 vix

1893 4257 2008 4312 Etsi
2038 4257 2196 4311 enim
2227 4258 2456 4312 sanctus
2485 4272 2553 4311 eo
2582 4258 2869 4327 tempore,
2903 4272 3014 4328 quo
3044 4254 3258 4323 Remis,
3289 4256 3507 4311 Manas-

1893 4362 2015 4401 sem
2035 4345 2507 4412 vitans,nondum
2519 4348 2858 4412 excesserat,
2874 4359 3149 4416 prospera
3160 4343 3376 4399 ibidem
3388 4343 3506 4401 for-

1889 4438 2033 4491 tuna
2061 4435 2160 4490 diu
2186 4451 2316 4489 usus
2346 4434 2538 4501 fuerit,
2568 4436 2696 4488 tum
2731 4436 2951 4499 tamen,
2995 4433 3078 4487 uti
3113 4431 3268 4504 apud
3298 4449 3504 4488 omnes

1888 4524 1949 4579 in
1998 4523 2259 4579 confesso
2320 4525 2425 4589 est,
2478 4522 2537 4577 in
2568 4538 2832 4578 eremum
2864 4520 3075 4577 divitiis
3105 4520 3336 4590 relictis,
3378 4538 3499 4578 non

1887 4611 2144 4681 secessit;
2181 4610 2336 4683 quod
2370 4613 2567 4666 autem
2602 4610 2677 4665 ad
2716 4612 2965 4682 tempus,
2997 4609 3154 4682 quod
3195 4609 3349 4666 inter
3378 4610 3505 4682 ejus

1887 4717 1954 4756 ex
1984 4700 2127 4756 urbe
2155 4699 2425 4754 Remensi
2469 4698 2799 4765 discessum,
2831 4714 2989 4755 anno
3029 4716 3099 4754 ex
3132 4715 3305 4771 supra
3333 4698 3499 4753 dictis

1889 4792 2024 4845 1076
2056 4792 2155 4844 aut
2184 4787 2454 4860 sequenti
2483 4787 2846 4861 illigandum,
2887 4790 2946 4844 et
2972 4786 3242 4843 Manassis
3276 4803 3307 4840 e
3361 4786 3497 4840 sede

1885 4877 2157 4933 Remensi
2210 4877 2604 4949 expulsionem
2670 4877 2932 4933 medium
2994 4874 3262 4941 cucurrit,
3315 4873 3493 4929 modo

1884 4967 2158 5038 pertinet,
2187 4968 2414 5021 sanctus
2437 4968 2575 5020 tunc
2606 4964 2799 5020 Remis
2819 4968 3075 5020 versatus
3103 4978 3222 5017 non
3258 4963 3366 5029 est,
3400 4979 3500 5017 ne-

1884 5056 2023 5111 dum
2047 5053 2259 5110 divitiis
2289 5053 2506 5109 ibidem
2531 5051 2747 5120 ﬂoruit,
2767 5052 2848 5108 uti
2890 5067 3140 5123 pronum
3176 5052 3263 5105 est
3290 5064 3503 5105 eruere

1884 5145 2099 5216 partim
2159 5159 2227 5198 ex
2284 5158 2457 5215 supra
2505 5141 2692 5210 dictis,
2722 5140 2936 5213 partim
2980 5156 3049 5197 ex
3103 5137 3361 5210 Gregorii
3400 5137 3498 5192 VII

1884 5249 2049 5305 papas
2080 5230 2341 5303 epistola,
2379 5245 2543 5285 num.
2598 5231 2697 5285 148
2736 5233 2795 5283 et
2822 5246 2943 5302 seq.
2975 5230 3089 5285 huc
3130 5223 3500 5295 transcripta,

1886 5335 2154 5392 annoque
2206 5338 2276 5378 ex
2326 5317 2543 5377 ibidem
2581 5316 2744 5373 dictis
2794 5319 2935 5375 1080
2986 5319 3139 5387 data,
3185 5317 3247 5371 in
3292 5328 3413 5385 qua
3454 5313 3516 5367 is

1883 5411 2155 5468 Manassae
2186 5404 2640 5480 archiepiscopo,
2667 5406 2733 5463 in
2761 5406 3004 5470 concilio
3043 5399 3425 5485 Lugdunensi
3444 5413 3527 5457 ex
