4122 6058
504 302 560 353 91
1356 298 1412 353 S.
1441 295 1787 353 BRUNONIS
1820 289 2455 349 CARTHUSIANORUM
2492 291 2962 350 INSTITUTORIS
3220 300 3243 305 ”
3768 298 3843 351 92

498 416 664 497 dictis
705 422 831 493 jam
890 424 1256 477 exauctorato
1300 424 1559 495 praecipit
1612 426 1673 476 ut
1727 422 1996 475 Manassa}
2057 421 2115 471 et
2135 416 2306 480 ASic
2334 426 2629 490 contempta
2642 420 2811 489 jacet,
2835 419 3046 482 Bruno,
3080 419 3179 475 tibi
3203 420 3381 490 gloria
3410 408 3618 485 mundi,

496 511 750 567 Brunoni
781 528 872 565 res
901 528 1026 565 suas
1052 511 1108 564 in
1132 511 1420 583 integrum
1448 511 1728 575 restituat,
1758 508 2110 578 clericisque,

500 618 531 650 ‹‹
556 602 718 654 tanto
744 603 1009 670 tempore
1038 616 1141 669 pro
1157 600 1381 669 justitia
1407 600 1664 654 exsilium
1693 596 1891 668 passis,
1917 616 1943 644 ››
1970 611 2111 666 quo-

496 705 626 742 rum
661 705 804 741 unus
834 691 957 741 erat
989 691 1216 742 sanctus
1247 691 1461 753 noster,
1498 712 1526 737 ‹‹
1559 688 1615 741 in
1650 685 1887 740 ecclesia
1917 699 2112 737 secure

497 778 615 832 Deo
646 776 856 830 servire
880 777 1198 846 permittat,
1228 797 1254 825 ››
1288 777 1481 831 Restat
1496 792 1635 846 ergo
1668 778 1750 839 ut,
1783 775 2113 827 Brunonem

498 860 756 919 secunda
806 865 1093 934 gravisum
1142 882 1261 919 esse
1308 865 1503 919 Remis
1548 865 1800 928 fortuna,
1864 864 2113 930 tuncque

485 952 633 1007 inde
649 953 706 1007 in
720 953 1088 1039 solitudinem
1107 953 1419 1019 secessisse,
1437 953 1624 1019 unice,
1640 956 1703 1006 ut
1726 949 2114 1005 consideranti

499 1041 738 1112 patebit,
773 1044 1056 1112 congruat
1084 1042 1356 1112 tempori,
1394 1042 1548 1112 quod
1576 1039 1892 1096 Manassise
1920 1037 2112 1092 cathe-

500 1128 606 1183 dra
637 1129 904 1183 Remensi
932 1129 1244 1200 expulsioni
1281 1130 1565 1185 successit.

530 1230 533 1231 '
576 1219 694 1271 156.
729 1216 915 1280 Quare
948 1217 1220 1272 Sanctum
1248 1220 1383 1272 tunc
1415 1217 1473 1271 in
1508 1218 1811 1289 pristinum
1847 1221 1944 1272 aut
1967 1218 2115 1272 forte

503 1303 678 1358 etiam
710 1305 1013 1359 meliorem
1045 1309 1256 1360 statum
1309 1307 1503 1360 Remis
1550 1307 1877 1361 restitutum
1922 1307 2114 1372 fuisse,

502 1392 892 1447 indubitatum
923 1396 1026 1447 est.
1057 1393 1267 1448 Verum
1290 1394 1427 1448 idne
1459 1395 1651 1448 statim
1681 1411 1714 1447 a
1738 1395 2006 1449 Manassis
2028 1411 2120 1448 ex-

502 1480 763 1552 pulsione
797 1498 950 1536 anno
999 1498 1065 1535 ex
1098 1481 1261 1536 dictis
1314 1484 1439 1536 1081
1479 1482 1650 1549 facta,
1695 1483 1924 1537 evenit?
1973 1483 2118 1537 Sunt

505 1566 603 1641 qui
656 1586 780 1624 rem
814 1570 871 1623 in
924 1573 1173 1641 tempus,
1217 1587 1330 1641 quo
1389 1571 1733 1624 Remensem
1782 1571 2117 1625 cathedram

492 1658 818 1713 .Rainaldus
847 1658 921 1712 du
971 1658 1165 1726 Bellai,
1200 1659 1273 1714 ad
1320 1659 1468 1713 hanc
1498 1676 1650 1713 anno
1697 1661 1830 1714 1083
1863 1660 2118 1731 primum
2148 1688 2198 1746 Β

503 1748 750 1812 evectus,
778 1746 903 1816 jam
938 1750 1263 1817 occuparat,
1304 1747 1687 1801 differendam
1737 1748 2116 1802 contendunt.

501 1833 714 1888 Verum
740 1834 945 1888 horum
975 1834 1169 1906 opinio
1193 1835 1557 1890 admittenda
1579 1835 1980 1891 verosimiliter
2002 1854 2118 1892 non

504 1925 608 1977 est.
644 1922 885 1977 Sanctus
918 1922 1096 1989 enim,
1134 1939 1265 1977 cum
1296 1922 1355 1976 in
1392 1926 1605 1977 statum
1633 1923 1941 1993 pristinum
1974 1928 2122 1980 esset

503 2010 820 2077 restitutus,
856 2010 928 2065 ad
957 2012 1291 2065 cathedram
1337 2011 1514 2065 etiam
1563 2012 1931 2081 Remensem,
1964 2015 2121 2084 quod

504 2099 607 2152 sub
633 2099 910 2153 Rainaldo
937 2099 1057 2152 ﬁeri
1092 2116 1157 2153 ex
1186 2099 1440 2153 dicendis
1457 2116 1573 2154 non
1606 2100 1811 2170 potuit,
1841 2102 2121 2172 expetitus

506 2202 606 2239 seu
644 2188 982 2257 postulatus,
1031 2189 1345 2258 antequam
1387 2188 1444 2241 in
1495 2205 1759 2243 eremum
1804 2190 2116 2257 secederet,

504 2273 909 2329 verosimiliter
947 2275 1073 2339 fuit,
1126 2274 1206 2328 uti
1248 2276 1373 2346 jam
1425 2292 1578 2330 nunc
1637 2276 1921 2331 ostendo:
1956 2279 2117 2349 Hugo

504 2361 746 2427 Diensis,
774 2362 923 2416 sedis
953 2362 1277 2433 apostolica:
1304 2364 1545 2435 legatus,
1581 2364 1638 2418 in
1669 2364 1911 2435 epistola
1932 2366 2117 2421 suaad

506 2467 801 2505 summum
845 2450 1183 2505 Pontiﬁcem
1230 2456 1361 2522 post
1415 2452 1723 2507 concilium
1762 2454 2119 2525 Augustodu-

509 2555 689 2593 nense
722 2555 874 2593 anno
910 2542 1043 2593 1077
1067 2544 1164 2594 aut
1191 2557 1310 2612 seq.
1331 2541 1466 2595 data
1507 2558 1813 2614 supraque,
1850 2560 1989 2597 num
2020 2546 2117 2598 H9

509 2630 567 2682 et
592 2627 774 2682 tribus
788 2644 947 2699 seqq.
964 2628 1073 2681 huc
1088 2628 1450 2700 transcripta,
1466 2630 1568 2683 sub
1583 2630 1761 2685 ﬁnem
1785 2630 1854 2684 de
1868 2632 2118 2686 Manasse

503 2714 812 2786 praeposito
839 2719 897 2770 et
925 2717 1192 2771 Brunone
1209 2716 1323 2770 ait:
1353 2739 1380 2767 «
1406 2717 1536 2784 Hos,
1560 2733 1851 2789 rogamus,
1868 2720 2118 2776 ecclesias

501 2803 771 2858 Remensi
799 2803 1081 2859 destinate
1107 2822 1120 2872 ;
1144 2825 1172 2853 »
1209 2804 1423 2868 Quibus
1438 2806 1624 2860 verbis
1656 2808 1994 2863 Pontiﬁcem
2023 2825 2117 2863 ro-

500 2908 664 2963 gasse
695 2891 940 2958 videtur,
984 2896 1046 2947 ut
1078 2894 1442 2961 alterutrum,
1488 2897 1819 2951 Brunonem
1851 2896 2118 2953 videlicet

497 2981 587 3035 vel
619 2981 933 3035 Manassem
948 2982 1321 3053 praepositum
1352 2983 1411 3036 in
1426 2984 1617 3038 locum
1629 2985 1926 3040 Manasssis
1939 2986 2117 3041 archi-

498 3067 773 3140 episcopi,
801 3086 975 3140 quem
1001 3072 1494 3126 exauctorandum
1526 3072 1933 3128 verosimiliter
1956 3079 2117 3145 puta-

493 3155 615 3224 bat,
636 3156 1039 3212 sufﬁciendum
1056 3162 1301 3214 curaret.
1323 3158 1510 3224 Quare
1530 3160 1853 3215 verosimile
1877 3166 2116 3232 apparet

500 3246 775 3300 eumdem
800 3247 1077 3316 legatum,
1104 3248 1263 3316 pulso
1285 3248 1410 3318 jam
1432 3249 1703 3314 Manasse,
1719 3250 1873 3319 apud
1894 3251 2111 3305 clerum

499 3335 560 3386 et
587 3334 863 3404 populum
887 3334 1253 3401 Remensem,
1277 3335 1363 3389 cui
1394 3336 1670 3406 ponitfex,
1687 3339 1749 3391 ut
1772 3338 2110 3393 «communi

500 3421 737 3475 consilio
795 3421 1035 3493 parique
1060 3426 1213 3488 voto,
1242 3423 1587 3478 assentiente
1624 3446 1650 3474 »
1687 3424 1823 3496 ipsis
1872 3427 2111 3498 Hugone

501 3507 692 3563 Diensi
724 3510 914 3580 legato
928 3527 1052 3576 suo,
1074 3526 1285 3565 novum
1314 3511 1582 3567 Manassa:
1604 3518 1971 3569 exauctorato
1990 3515 2111 3586 epi-

497 3612 735 3668 scopum
749 3598 1178 3665 substituerent,
1209 3598 1342 3653 data
1371 3600 1476 3654 sub
1502 3601 1638 3655 anni
1669 3602 1781 3673 (adi
1797 3620 1957 3657 num.
1993 3603 2111 3673 151)

502 3687 639 3740 1080
680 3686 859 3741 ﬁnem
891 3686 1133 3757 epistola
1173 3689 1636 3757 commendarat,
1666 3708 1894 3747 summo
1926 3692 2113 3746 studio

501 3772 705 3845 egisse,
740 3778 801 3829 ut
829 3776 917 3829 vel
943 3776 1273 3830 Brunonem
1290 3778 1376 3832 vel
1397 3778 1709 3834 Manassem
1741 3779 2115 3851 praepositum

501 3861 607 3917 sibi
634 3862 916 3934 eligerent
942 3864 1295 3936 episcopum.
1388 3892 1391 3893 ν

552 3954 697 4007 '457.
733 3952 872 4006 Hinc
920 3969 1096 4024 porro
1137 3953 1195 4006 in
1236 3970 1387 4019 eam,
1440 3971 1566 4026 quae
1612 3956 1671 4008 et
1707 3956 2002 4011 Tractatus
2044 3957 2114 4011 de

501 4037 559 4093 S'.
588 4039 880 4106 Brunone,
912 4056 946 4093 a
990 4040 1337 4095 Cartusianis
1368 4042 1657 4112 hujatibus
1687 4060 1917 4099 mecum
1963 4061 2119 4099 com-

502 4125 800 4194 municati,
840 4126 1059 4182 auctori
1085 4126 1306 4198 lplacet,
1355 4128 1689 4200 opinionem
1722 4129 1964 4187 inducor
2003 4149 2117 4204 qua

502 4214 830 4270 verosimile
852 4217 1013 4286 puto,
1046 4215 1199 4287 apud
1230 4217 1443 4271 multos
1474 4233 1504 4270 e
1538 4219 1750 4289 populo
1768 4223 1826 4274 et
1844 4220 1995 4276 clero
2014 4221 2118 4274 Re-

2148 3037 2195 3099 C

2212 506 2481 579 Amplecti
2502 508 2630 561 dum
2657 515 2705 561 te
2733 516 2962 580 cuperet,
2994 508 3093 563 tibi
3117 509 3331 564 brachia
3359 509 3588 573 tendens,

2211 595 2420 649 Multas
2452 596 2684 651 mundus
2716 614 2853 668 opes,
2886 597 3080 653 multos
3110 597 3334 652 ostendit
3371 598 3612 662 honores,

2217 683 2402 755 Tuque
2426 684 2563 755 fuga
2597 685 2792 755 lapsus,
2817 686 3061 756 pompali
3083 692 3219 740 veste
3244 686 3461 756 refecta,

2213 772 2550 842 Amplectens
2574 790 2803 826 eremum
2836 776 3037 827 vestiris
3064 781 3202 829 sorte
3236 774 3406 829 beata.

2290 863 2408 914 158.
2441 860 2529 915 Ad
2544 861 2665 915 haec
2693 865 2753 916 ut
2772 861 2830 915 in
2855 863 3010 917 nicta
3029 863 3305 934 opinione
3324 861 3512 935 magis
3529 862 3838 936 magisque

2216 950 2546 1016 conﬁrmer,
2579 950 2755 1004 etiam
2779 950 2915 1005 facit
2950 951 3205 1006 funebris
3227 951 3451 1006 Titulus
3488 952 3608 1019 146,
3638 951 3699 1005 in
3721 967 3842 1023 quo

2217 1037 2468 1092 ecclesiae
2512 1038 2569 1093 S.
2597 1039 2787 1094 Mariae
2839 1040 3185 1094 cathedralis
3224 1039 3707 1112 Rothomagensis
3750 1055 3848 1095 ca-

2216 1125 2409 1180 nonici
2444 1128 2774 1181 Brunonem
2808 1129 3108 1183 celebrant
3137 1129 3291 1182 hunc
3320 1127 3381 1183 in
3413 1128 3653 1184 modum
3688 1145 3702 1183 :

2357 1213 2607 1269 Ecclesia
2635 1222 2830 1269 sanctae
2863 1218 3023 1271 totius
3053 1216 3236 1286 lugeat
3264 1214 3417 1279 ordo,

2287 1301 2543 1358 Humani
2565 1306 2771 1375 generis
2802 1305 2933 1372 [lens
2964 1303 3289 1376 irreparable
3319 1303 3598 1372 damnum,

2287 1390 2496 1445 Mundo
2528 1392 2740 1446 decessit
2760 1393 3041 1469 mundami
3070 1396 3237 1448 victor
3264 1395 3498 1456 honoris,

2291 1480 2481 1535 Brimo
2498 1488 2677 1550 pater,
2708 1488 2904 1535 sancte
2931 1482 3194 1553 fundator
3224 1481 3534 1554 relligionis,

2292 1567 2463 1640 Cujus
2494 1577 2645 1623 tanta
2658 1572 2811 1640 piam
2832 1572 2997 1624 vitam
3024 1571 3356 1625 commendat
3387 1571 3649 1633 honestas,

2299 1657 2369 1712 Ut
2396 1660 2465 1711 sit
2487 1662 2606 1711 eum
2627 1661 2879 1730 cuiquam
2909 1675 3016 1713 non
3041 1661 3376 1731 aequiparare
3397 1664 3657 1729 potestas,

2288 1744 2406 1816 Ipse
2436 1746 2546 1817 fuit
2568 1748 2794 1816 sapiens,
2812 1749 2905 1801 .vir
2935 1747 3143 1810 nobilis,
3168 1746 3345 1802 indole
3368 1745 3603 1818 fulgens,

2289 1834 2537 1890 [inbutus
2556 1835 2705 1907 fonte
2731 1838 2888 1889 totius
2917 1834 3273 1907 Philosophiae
3300 1853 3317 1901 ;

2288 1922 2359 1977 In
2383 1942 2484 1995 quo
2510 1942 2629 1978 cum
2658 1925 2826 1977 virtus
2846 1924 3132 1995 probitatis
3163 1927 3284 1978 viva
3315 1925 3532 1987 niteret,

2296 2010 2579 2082 Glori/icos
2606 2013 2796 2082 fasces,
2825 2030 2930 2084 qua
2945 2014 3299 2084 promeruisse
3320 2011 3536 2075 valeret,

2287 2099 2639 2155 Proculcator
2671 2117 2851 2172 opum,
2886 2108 3197 2155 cunctorum
3225 2108 3429 2172 spretor
3454 2100 3737 2164 honorum,

2219 2186 2296 2242 Et
2324 2189 2516 2243 mundi
2535 2189 2753 2243 stultam
2776 2190 2912 2260 pede
2938 2188 3181 2243 contudit
3211 2189 3577 2252 ambitionem,

2290 2275 2367 2329 Et
2394 2277 2565 2331 studio
2585 2285 2824 2332 sanctam
2853 2278 3112 2348 fundavit
3143 2278 3490 2347 relligionem.

2287 2364 2558 2418 Mundam
2587 2366 2875 2429 declinans,
2903 2366 3096 2420 mundi
3134 2366 3381 2420 sublimia
3410 2367 3586 2422 vitans

2287 2450 2462 2523 Eligit
2477 2458 2659 2525 potius
2679 2457 2899 2525 privata
2930 2454 3114 2525 degere
3140 2457 3271 2509 vita.

2220 2541 2334 2595 Etsi
2363 2542 2517 2596 enim
2539 2542 2611 2596 ad
2642 2543 3022 2614 Rhegiensem
3057 2543 3474 2615 episcopatum,
3500 2560 3671 2615 quem
3703 2543 3851 2600 San-

2220 2632 2362 2697 ctus,
2386 2630 2541 2702 quod
2564 2630 2635 2684 ad
2665 2647 2819 2697 eum,
2870 2631 2950 2685 uti
2988 2631 3140 2685 infra
3180 2631 3420 2699 docebo,
3479 2633 3691 2687 electus
3739 2648 3847 2687 seu

2218 2719 2512 2790 postulans
2536 2718 2753 2785 fuisset,
2791 2719 3095 2785 recusavit,
3145 2718 3436 2774 versiculis
3472 2719 3627 2774 hisce
3671 2719 3845 2774 forsi-

2217 2808 2339 2860 tam
2380 2807 2684 2872 alludatur,
2718 2807 2791 2861 ad
2838 2806 3092 2862 futuram
3131 2809 3329 2861 tamen
3378 2806 3435 2860 in
3491 2806 3842 2862 Remensem

2218 2894 2711 2967 archiepiscopum
2741 2894 3105 2963 electionem,
3126 2911 3300 2966 quam
3332 2892 3593 2961 Sanctus,
3623 2894 3682 2949 in
3705 2910 3837 2948 ere-

2216 2999 2378 3037 mum
2418 2983 2710 3049 secedens,
2743 2982 2994 3038 studiose
3033 2982 3280 3048 evitarit,
3324 2981 3705 3037 verosimilius
3744 2981 3837 3037 id-

2217 3070 2366 3126 circo
2394 3075 2532 3144 puto
2559 3071 2756 3138 alludi,
2793 3070 3024 3142 quodin
3054 3069 3308 3124 recitatis
3327 3069 3618 3124 versiculis
3646 3070 3835 3125 hono-

2214 3175 2343 3214 rum
2367 3175 2657 3231 opumque
2684 3157 3063 3230 contemptui,
3106 3175 3139 3211 a
3166 3173 3279 3229 quo
3304 3157 3493 3211 Bruno
3529 3156 3586 3209 in
3615 3154 3684 3211 iis
3712 3157 3841 3211 lau-

2214 3248 2402 3313 datur,
2432 3264 2567 3303 mox
2596 3247 2891 3313 subdatur,
2916 3264 2949 3302 a
2966 3264 3081 3318 qua
3102 3245 3615 3318 pariterlaudatur,
3631 3244 3841 3299 mundi

2210 3336 2367 3408 fuga,
2392 3337 2627 3408 hacque
2659 3335 2850 3391 Sancti
2870 3335 2944 3391 ad
2961 3334 3513 3405 archiepiscopatum
3544 3332 3840 3405 Rhegien-

2212 3441 2334 3479 sem
2362 3425 2704 3480 electionem
2734 3425 3036 3478 subsecuta
3067 3438 3185 3477 non
3218 3422 3309 3489 sit,
3335 3422 3433 3476 sed
3456 3419 3837 3494 praecesserit.

2289 3516 2407 3568 159.
2444 3512 2716 3567 Sanctum
2760 3512 2975 3585 itaque,
3011 3527 3143 3565 cum
3183 3510 3243 3564 in
3276 3525 3537 3564 eremum
3581 3508 3837 3576 secessit,

2214 3618 2280 3656 ac
2309 3602 2479 3673 proin
2510 3602 2569 3655 in
2598 3600 2904 3672 pristinum
2949 3602 3162 3654 statum
3186 3601 3283 3653 aut
3313 3599 3462 3653 forte
3490 3597 3666 3652 etiam
3711 3613 3840 3654 me-

2213 3690 2421 3745 liorem
2454 3689 2646 3745 Remis
2662 3689 2786 3760 jam
2812 3689 3002 3743 fuerat
3029 3687 3344 3753 restitutus,
3376 3685 3552 3741 fuisse
3576 3702 3611 3741 a
3638 3685 3841 3740 multis

2215 3781 2339 3833 tum
2370 3777 2527 3843 cieri,
2558 3780 2682 3832 tum
2710 3777 2907 3848 populi
2938 3775 2998 3830 in
3040 3774 3285 3830 civitatis
3314 3775 3484 3845 hujus
3515 3773 3840 3829 antistitem

2217 3866 2626 3933 desideratum,
2684 3865 2803 3920 imo
2851 3864 3028 3919 etiam
3078 3863 3287 3935 reipsa,
3344 3862 3403 3917 ni
3435 3862 3495 3917 id
3528 3861 3842 3933 praesciens

2215 3954 2470 4021 abiisset,
2517 3954 2873 4026 eligendum,
2909 3969 2976 4007 ex
3024 3951 3294 4007 omnibus
3317 3951 3445 4021 jam
3488 3949 3747 4005 adductis
3777 3949 3841 4004 in

2215 4043 2473 4098 medium
2506 4044 2592 4097 sat
2611 4040 2937 4097 verosimile
2970 4043 3230 4112 apparet.
3264 4040 3392 4094 Jam
3414 4055 3572 4106 vero,
3606 4054 3736 4093 cum
3780 4037 3844 4092 id

2215 4132 2296 4186 ita
2322 4132 2413 4199 sit,
2442 4148 2549 4187 nec
2583 4133 2782 4185 tamen
2816 4129 2929 4201 (adi
2980 4128 3175 4184 Gallia:
3229 4126 3436 4183 Christ.
3479 4129 3659 4182 auctae
3704 4124 3845 4180 scri-

2215 4224 2430 4292 ptores,
2461 4223 2606 4275 tom.
2656 4219 2739 4285 IX,
2803 4219 2910 4272 col.
2964 4215 3057 4290 77)
3091 4220 3226 4272 ante
3270 4233 3488 4271 annum
3524 4216 3679 4281 1096,
3724 4229 3842 4286 quo

500 4303 712 4371 mensi,
744 4304 939 4358 habito
966 4320 1087 4357 sese
1111 4303 1264 4357 inter
1293 4304 1363 4358 de
1390 4304 1522 4360 novi
1554 4305 1802 4379 episcopi
1835 4309 2115 4364 electione
2139 4296 2191 4355 D
2215 4308 2481 4364 Brunoin
2504 4324 2768 4363 eremum
2788 4306 2917 4377 jam
2933 4305 3153 4360 dudum
3177 4322 3243 4359 ex
3259 4304 3519 4359 dicendis
3535 4318 3657 4358 sese
3678 4317 3843 4357 rece-

501 4394 770 4457 tractatu,
804 4394 995 4446 ratum
1026 4408 1091 4446 ac
1116 4392 1294 4447 fixum
1321 4392 1495 4448 fuisse
1518 4393 1796 4450 Sanctum
1828 4400 2112 4465 nostrum,

504 4496 636 4535 cum
661 4480 721 4533 in
747 4495 1009 4534 eremum
1036 4480 1286 4547 secessit,
1313 4481 1646 4553 episcopum
1675 4484 1909 4556 eligere,
1943 4485 2117 4558 idque

500 4566 743 4624 indicari
769 4571 895 4623 tum
929 4569 1101 4637 hisce,
1134 4569 1338 4642 quibus
1365 4570 1621 4627 funebris
1649 4572 1899 4628 ecclesiae
1930 4576 2120 4629 cathe-

504 4656 678 4712 dralis
709 4657 1006 4713 Remensis
1026 4658 1261 4725 Titulus,
1310 4660 1571 4730 proxime
1602 4661 1713 4716 huc
1744 4663 2119 4734 transcriptus

507 4748 751 4813 constat,
785 4746 1073 4801 versiculis
1105 4763 1118 4802 :

580 4832 823 4907 Cumque
849 4836 1056 4904 faveret
1085 4837 1136 4889 ei
1166 4836 1391 4905 fortuna
1410 4855 1511 4909 per
1535 4840 1735 4901 omnia,
1751 4839 1995 4911 jamque,

647 4922 815 4979 Hunc
829 4924 1210 4994 prmferremus
1232 4926 1495 4989 omnibus,
1520 4933 1572 4981 et
1599 4929 1820 4992 merito;

582 5012 779 5069 Omnia
788 5014 1090 5084 postposuit
1112 5010 1345 5076 Christo,
1377 5014 1683 5086 nudumque
1708 5022 1913 5069 secutus

653 5101 927 5157 Christum
946 5118 1066 5157 cum
1084 5101 1267 5156 multis
1295 5104 1515 5173 suscipit
1545 5104 1687 5159 hunc
1718 5120 1955 5168 eremus;

508 5193 637 5248 tum
665 5190 841 5246 etiam
888 5190 1012 5245 aliis
1034 5190 1209 5258 hisce,
1245 5206 1389 5262 quos
1419 5192 1567 5246 alter
1587 5192 1839 5247 ecclesiae
1879 5193 2126 5247 Remen-

511 5281 587 5336 sis
615 5279 959 5334 cathedralis
988 5278 1206 5348 titulus,
1246 5278 1401 5335 inter
1446 5280 1805 5336 recudendos
1845 5283 1933 5348 53,
1968 5297 2127 5336 com-

514 5368 802 5440 plectitur,

522 5455 595 5512 Ut
618 5458 811 5511 servire
839 5454 1035 5526 Joseph
1063 5456 1292 5513 dominan
1320 5460 1633 5531 contempsit
1658 5460 1848 5528 amori,

504 5542 619 5616 Etf
648 5545 767 5615 ugit
786 5543 1060 5614 amplexus
1081 5545 1300 5601 incestos
1327 5552 1500 5605 mente
1519 5547 1684 5612 virili,

2215 4399 2400 4469 perat,
2436 4395 2767 4461 Rainaldus,
2795 4395 2920 4466 jam
2954 4393 3089 4448 inde
3121 4393 3192 4448 ab
3221 4407 3374 4447 anno
3398 4393 3553 4457 1083,
3580 4393 3643 4445 ut
3667 4405 3846 4461 supra

2218 4484 2408 4551 docui,
2438 4484 2512 4538 ad
2558 4483 2893 4538 cathedram
2931 4482 3276 4536 Remensem
3328 4482 3573 4545 evectus,
3634 4477 3847 4533 obierit

2220 4571 2641 4629 consectarium
2672 4572 2757 4638 ﬁt,
2777 4574 2859 4635 ut,
2885 4569 2996 4625 hoc
3028 4569 3155 4640 jam
3190 4568 3470 4635 antistite,
3512 4570 3742 4622 sanctus
3769 4565 3848 4621 ad

2218 4662 2566 4716 Remensem
2590 4659 2925 4715 cathedram
2949 4656 3136 4728 expeti
3168 4673 3265 4712 seu
3298 4655 3575 4730 postulari
3604 4654 3847 4726 nequie-

2218 4748 2315 4815 rit,
2348 4764 2413 4803 ac
2444 4747 2634 4819 proin,
2679 4749 2741 4801 ut
2772 4745 2939 4801 citius
2968 4749 3094 4800 tum
3138 4744 3218 4812 id,
3249 4748 3375 4801 tum
3408 4744 3532 4815 ejus
3565 4743 3624 4798 in
3654 4742 3850 4816 pristi-

2222 4854 2385 4902 num,
2421 4839 2519 4891 aut
2557 4836 2708 4891 forte
2740 4834 2917 4890 etiam
2960 4833 3266 4889 meliorem
3310 4836 3521 4888 statum
3554 4831 3848 4887 restitutio

2224 4925 2516 4981 acciderit.
2549 4924 2763 4979 Verum
2795 4926 3013 4995 quanto
3047 4922 3284 4994 quidem
3331 4919 3614 4994 temporis
3658 4919 3850 4992 spatio

2224 5018 2349 5070 tum
2402 5014 2547 5080 haec,
2594 5016 2720 5067 tum
2773 5010 2954 5065 sancti
3004 5010 3078 5065 ad
3119 5008 3454 5065 cathedram
3501 5009 3851 5064 Remensem

2226 5102 2557 5176 postulatio,
2590 5101 2805 5156 factam
2834 5098 3096 5155 Rainaldi
3130 5098 3204 5153 ad
3231 5097 3498 5153 eamdem
3528 5096 3855 5171 promotio-

2230 5208 2367 5246 nem
2390 5188 2753 5245 antecessit?
2784 5187 2975 5243 Galliae
3019 5186 3359 5243 Christianas
3391 5189 3572 5241 auctae
3604 5185 3852 5258 scripto-

2229 5297 2341 5347 res,
2376 5282 2522 5334 tom.
2557 5278 2641 5345 IX,
2688 5277 2795 5332 col.
2833 5279 2921 5345 75,
2968 5275 3048 5331 sic
3081 5275 3340 5331 scribunt
3373 5290 3387 5330 :
3427 5297 3455 5325 α
3482 5273 3735 5330 Manasse
3769 5271 3856 5346 (Si

2233 5368 2501 5424 moniaco
2533 5366 2768 5433 scilicet,
2803 5365 2872 5420 de
2919 5380 3033 5437 quo
3066 5380 3256 5437 supra,
3296 5363 3667 5418 Remensium
3709 5361 3857 5418 anti-

2236 5457 2388 5528 stite)
2430 5456 2818 5521 exauctorato,
2852 5453 3011 5508 fama
3040 5457 3127 5508 est
3150 5453 3504 5519 Brunonem,
3548 5467 3723 5525 quem
3752 5450 3855 5509 ille

2243 5543 2539 5603 beneﬁciis
2574 5541 2935 5617 spoliaverat,
2967 5560 3003 5599 a
3029 5540 3227 5598 multis
3257 5539 3339 5615 (in
3383 5541 3718 5617 episcOpum
3762 5539 3856 5595 ni~
