4122 6058
206 247 291 298 93
1809 239 1845 295 Α

1946 240 1991 295 Α
3495 247 3561 303 9i-

205 369 465 441 mirum)
481 368 818 441 expetitum,
852 367 1006 442 quod
1038 366 1301 425 doctrina
1332 386 1678 441 morumque
1712 386 1842 439 gra-
1872 373 1928 429 A
1950 367 2085 439 quia
2116 372 2233 423 no'n
2266 368 2649 425 mstiinatione
2682 371 3010 441 parentum,
3055 387 3170 425 non
3199 371 3437 428 scientia
3469 373 3558 428 lit-

202 460 398 514 vitate
431 459 490 512 in
522 459 760 513 ecclesia
802 458 1052 514 Remens
1107 458 1332 530 pridem
1381 458 1696 513 enituisset.
1733 458 1845 512 Sed

207 547 542 602 Elinandus
576 546 967 601 Laudunensis
998 548 1296 619 episcopus
1326 550 1446 601 tam
1481 547 1647 601 donis
1669 562 1844 618 quam

204 636 550 690 amicorum
582 636 769 691 studio
801 636 1364 707 archiepiscopatum
1405 653 1438 689 a
1484 653 1613 705 rege
1648 636 1843 706 (Fran-

205 742 429 780 corum
456 724 739 796 Philippo)
786 729 1087 796 acceptum
1121 726 1264 779 duos
1298 725 1522 779 circiter
1554 740 1737 779 annos
1760 728 1844 777 te-

205 814 372 879 nuit,
426 815 500 867 ab
526 830 679 867 anno
720 816 843 868 1081
896 813 1107 867 scilicet
1159 814 1232 868 ad
1287 831 1505 867 annum
1564 812 1846 867 1083.Hic

201 905 424 956 tamen
444 905 571 972 post
584 902 825 955 multam
840 902 1097 973 pecunia
1111 901 1226 956 vim
1242 904 1645 973 consumptam
1664 901 1847 956 moni—

200 993 310 1043 tus
323 994 413 1043 est
439 1008 471 1044 a
490 1006 721 1045 summo
742 990 1032 1061 pontiﬁce,
1056 992 1373 1045 utalterum
1390 990 1735 1044 beneﬁcium
1750 990 1847 1043 ab-

204 1078 466 1145 dicaret,
500 1096 570 1133 eo
599 1078 754 1149 quod
790 1095 1025 1133 uxorem
1057 1079 1153 1151 qui
1186 1079 1408 1133 habens
1443 1078 1613 1132 aliam
1644 1095 1843 1149 super-

204 1166 500 1221 inducere
533 1184 902 1238 nequaquam
944 1172 1157 1239 posset.
1207 1167 1389 1221 Tanta
1438 1166 1534 1221 ille
1581 1166 1844 1238 cupidate

206 1255 535 1326 ﬂagrabat,
563 1255 753 1327 inquit
787 1256 1073 1322 Marlotus,
1108 1259 1171 1310 ut
1188 1256 1390 1310 dixisse
1408 1256 1689 1322 tradatur,
1726 1272 1843 1310 non

207 1361 274 1398 se
304 1344 672 1415 parciturum
689 1345 891 1410 labori,
923 1344 967 1398 si
986 1361 1277 1399 summum
1293 1344 1695 1416 pontiﬁcatum
1709 1361 1845 1415 quo-

206 1432 525 1504 quomodo
554 1432 775 1504 assequi
808 1435 1020 1504 posset.
1050 1453 1077 1481 »

294 1523 424 1574 160.
458 1519 624 1583 Quod
666 1521 710 1575 si
738 1537 877 1592 ergo
914 1521 1091 1587 fama,
1126 1537 1301 1591 quam
1341 1520 1432 1574 hic
1462 1521 1653 1575 Gallia
1683 1519 1841 1575 Chri-

1951 460 2206 511 terarum
2227 476 2283 513 se
2300 458 2604 513 valiturum
2623 458 2947 530 putabat,in
2970 460 3417 532 opulentia,qua
3433 462 3557 533 plu-

1948 547 2098 600 rima
2139 548 2499 618 suppetebat,
2553 551 2608 601 et
2637 565 2809 618 quam
2863 548 3186 602 cautissime
3233 548 3562 620 dispensare

1949 635 2249 702 didicerat,
2284 639 2341 689 et
2390 636 2711 707 dapsilitale
2742 653 2869 707 spes
2899 636 3107 691 fuerat.
3160 636 3247 689 Ad
3274 637 3563 691 ornandas

1948 721 2125 793 igitur
2176 727 2233 777 et
2286 724 2654 778 exstruendas
2693 742 2752 778 se
2798 725 2968 778 vertit
2999 723 3283 791 ecclesias,
3315 728 3392 791 et,
3429 742 3561 779 cum

1948 813 2129 865 multa
2156 829 2258 883 pro
2294 814 2407 866 Deo
2442 812 2732 866 videretur
2778 814 2986 879 facere,
3018 812 3445 867 evidentissima
3476 817 3561 867 ta-

1949 917 2083 953 men
2115 901 2289 954 dabat
2322 900 2551 966 indicia,
2582 918 2640 955 se
2659 901 2957 956 solosinde
2977 902 3218 967 favores,
3252 902 3434 955 solam
3458 918 3562 956 no-

1947 988 2121 1043 minis
2178 989 2575 1043 dilatationem
2628 991 2686 1044 in
2738 991 2886 1044 bene
2915 990 3090 1061 gestis
3146 1007 3424 1061 quaerere.
3470 990 3566 1044 His

1946 1077 2122 1131 etiam
2156 1077 2276 1148 ipse
2290 1078 2509 1132 artibus
2529 1080 2873 1132 Rcmensem
2904 1078 3563 1150 archiepiscopatumin-

1947 1165 2291 1237 sedit,quem
2310 1166 2797 1237 cum,dilapidatis
2808 1184 2983 1237 penes
2999 1184 3194 1236 regem
3213 1166 3561 1237 Philippum,

1946 1255 2244 1309 hominem
2280 1254 2337 1308 in
2362 1255 2458 1309 Dei
2488 1255 2657 1308 rebus
2683 1255 3133 1321 venalissimum,
3164 1254 3391 1325 magnis
3431 1270 3565 1308 cen-

1946 1343 2118 1410 sibus,
2150 1342 2383 1398 biennio
2410 1343 2770 1410 obtinuisset,
2811 1361 2843 1397 a
2876 1343 3113 1397 domino
3141 1360 3291 1414 papa
3323 1342 3559 1408 audivit,

1946 1431 2084 1504 quia
2115 1448 2353 1486 uxorem
2403 1431 2530 1503 quis
2584 1432 2805 1485 habens
2841 1432 3083 1485 alteram
3119 1429 3563 1501 superinducere

1946 1537 2312 1591 nequaquam
2346 1520 2541 1591 possit.
2569 1519 3088 1591 Consulentiplone
3121 1518 3348 1573 cuidam
3378 1534 3436 1572 se
3463 1534 3565 1573 cur

214 1609 436 1662 stiana
469 1612 653 1663 aucta
686 1609 991 1681 scriptores
1012 1608 1271 1675 laudant,
1294 1609 1514 1663 veritati
1544 1612 1841 1676 consonet,
1869 1630 1919 1688 Β
1946 1626 2012 1663 eo
2064 1609 2349 1675 tenderet,
2374 1608 2532 1675 dixit,
2563 1608 2717 1680 quia,
2747 1608 2790 1661 si
2831 1607 3006 1662 etiam
3034 1624 3183 1679 papa
3209 1606 3333 1661 ﬁeri
3362 1606 3558 1678 possit,

205 1701 455 1751 sanctus
478 1700 678 1752 noster
709 1698 901 1752 statim
930 1715 963 1752 a
996 1697 1266 1752 Manassis
1302 1697 1610 1752 Simoniaci
1643 1699 1842 1769 expul-

207 1786 385 1840 sione
421 1788 480 1839 et
510 1785 569 1839 in
585 1788 797 1839 statum
818 1785 1123 1858 pristinum
1143 1788 1319 1839 auteo
1338 1786 1513 1840 etiam
1541 1787 1842 1841 meliorem

208 1874 542 1941 restitutus,
575 1877 633 1928 et
672 1874 746 1928 ad
778 1874 1111 1928 cathedram
1136 1875 1481 1928 Remensem
1517 1874 1689 1928 fuerit
1719 1892 1845 1945 pos-

207 1965 435 2017 tulatus
462 1980 563 2017 seu
590 1962 890 2033 expetitus.
922 1964 987 2017 Et
1017 1980 1175 2031 sane,
1226 1980 1355 2018 cum
1395 1963 1718 2034 Gregorius,
1747 1962 1845 2034 qui

215 2056 363 2106 tunc
391 2052 722 2106 Romanam
755 2052 1091 2106 cathedram
1119 2052 1458 2123 occupabat,
1492 2053 1705 2124 populo
1740 2053 1847 2105 cle-

210 2156 405 2211 roque
439 2139 736 2207 Remensi,
765 2144 829 2195 ut
857 2141 1126 2195 Manassa
1168 2142 1400 2212 expulso
1434 2157 1647 2195 novum
1677 2140 1848 2194 antis-

210 2229 387 2282 titem
424 2228 831 2295 subtituerent,
861 2228 1102 2300 epistola
1139 2229 1244 2283 sub
1283 2228 1422 2283 anni
1462 2231 1592 2283 1080
1625 2227 1847 2299 (videsis

218 2333 395 2370 num.
431 2317 554 2389 151)
587 2318 765 2371 ﬁnem
805 2316 1248 2383 commendarit,
1292 2317 1483 2371 statim
1513 2335 1547 2371 a
1580 2316 1847 2371 Manassis

212 2404 561 2475 expulsione
590 2404 660 2459 de
704 2421 851 2460 novo
882 2405 1150 2477 eligendo
1185 2405 1458 2471 antistite,
1490 2422 1555 2460 ac
1587 2405 1849 2460 nomina-

210 2495 321 2549 tim
351 2494 429 2548 de
448 2492 662 2549 Sancto
693 2498 892 2549 nostro
911 2493 1256 2548 assumendo
1286 2495 1601 2564 cogitatum
1625 2498 1844 2549 actum-

213 2600 333 2655 que
361 2582 561 2649 fuisse,
576 2584 665 2636 sat
679 2582 1004 2637 verosimile
1020 2585 1282 2654 apparet,
1299 2583 1549 2637 maxime
1563 2600 1693 2637 cum
1711 2586 1847 2637 tunc

211 2670 271 2726 id
318 2671 571 2738 factum,
608 2669 841 2742 publica
904 2670 1103 2738 etiam,
1147 2673 1210 2725 ut
1258 2670 1450 2725 Gallia
1508 2670 1845 2725 Christiana

210 2763 405 2814 aucta
436 2758 752 2829 scriptores
778 2759 905 2814 loco
946 2758 1207 2830 proxime
1238 2757 1333 2812 cit.
1366 2759 1646 2830 produnt,
1689 2760 1847 2814 fama

209 2847 463 2902 feratur.
484 2850 756 2901 Attamen
772 2863 862 2901 res
874 2850 1031 2901 certa
1044 2864 1161 2903 non
1181 2851 1284 2902 est:
1303 2864 1434 2902 cum
1452 2848 1608 2902 enim
1623 2847 1848 2903 Elinan-

210 2936 634 2990 dusRemensis
645 2935 1165 3007 archiepiscopatus
1180 2937 1477 2991 obtinendi
1493 2937 1849 2991 avidissimus

1943 1697 2101 1753 haud
2131 1714 2421 1769 quaquam
2448 1696 2857 1751 dissimularet.
2892 1717 2919 1744 »

2021 1840 2140 1893 162.
2185 1838 2325 1892 Cum
2348 1838 2525 1910 igitur
2540 1835 2957 1898 Elinandus,uti
2976 1852 3041 1889 ex
3058 1835 3146 1889 his
3161 1833 3414 1889 Guiberti
3441 1849 3564 1889 ver-

1945 1926 2035 1981 bis
2075 1927 2435 1998 intelligitur,
2493 1925 2762 1980 virfuerit
2779 1924 3047 1979 maxima
3065 1922 3419 1989 ambitionis,
3449 1939 3564 1995 qua

1946 2015 2144 2082 ﬁebat,
2179 2019 2241 2069 ut
2254 2015 2533 2086 pecuniis,
2562 2032 2596 2068 a
2632 2014 2836 2086 quibus
2861 2013 2912 2066 ei
2951 2012 3169 2084 optime
3193 2014 3561 2083 prospectum

1949 2107 2094 2170 erat,
2127 2121 2383 2158 summas
2426 2119 2681 2175 quasque
2728 2101 2978 2156 ecclesia
3025 2100 3334 2170 dignitates
3353 2098 3568 2154 beneﬁ-

1950 2193 2150 2265 ciaque
2172 2192 2277 2246 sibi
2309 2207 2648 2262 comparare
2668 2190 2910 2244 minime
2926 2188 3290 2255 formidaret,
3314 2186 3569 2259 largitio-

1951 2282 2118 2336 nibus
2144 2298 2280 2336 sane
2312 2297 2467 2347 eum,
2504 2296 2576 2334 ne
2607 2280 2755 2334 ullus
2782 2281 2973 2349 posset
2993 2295 3026 2331 a
3054 2277 3209 2331 clero
3235 2277 3566 2348 populoque

1949 2370 2216 2424 Remensi
2254 2370 2324 2425 de
2357 2384 2678 2424 successore
2710 2367 2769 2421 in
2790 2368 3058 2421 Manassa
3091 2363 3440 2419 exauctorati
3490 2364 3571 2418 lo-

1949 2475 2079 2513 cum
2108 2458 2447 2513 sufﬁciendo
2480 2459 2755 2511 tractatus
2780 2454 3002 2522 haberi,
3052 2453 3245 2508 statim
3294 2453 3366 2507 ab
3396 2451 3566 2522 hujus

1950 2547 2281 2618 expulsione
2310 2546 2465 2618 apud
2495 2545 2846 2616 Philippum,
2877 2544 3227 2597 Francorum
3252 2538 3566 2612 regem,ef-

1947 2635 2167 2702 fecisse,
2200 2652 2333 2690 vero
2349 2634 2685 2706 neutiquam
2735 2635 2975 2704 apparet
3000 2630 3280 2697 absimile,
3311 2627 3563 2683 maxime

1948 2740 2079 2778 cum
2137 2741 2292 2790 eum,
2344 2740 2458 2795 quo
2494 2722 2686 2777 minus
2709 2724 2838 2792 post
2868 2721 3135 2775 Manassa
3166 2717 3563 2789 expulsionem

1949 2812 2081 2867 novi
2114 2811 2410 2866 Remensis
2458 2808 2868 2881 archiepiscopi
2907 2806 3109 2862 electio
3158 2805 3343 2871 ﬁeret,
3376 2803 3564 2876 reipsa

1950 2917 2053 2973 per
2083 2900 2382 2955 biennium
2407 2900 2698 2971 integrum
2713 2896 3016 2962 obstitisse,
3046 2894 3197 2965 apud
3220 2910 3442 2958 omnes,
3466 2890 3564 2963 qui

213 2979 633 2990 ....υ-.ν...ν..υ.υ
645 2979 699 2990 ...
713 2979 1164 3007 ν...ν,..υνυ,......υ
1181 2979 1477 2991 suum"...
1493 2979 1525 2991 ..
1539 2979 1550 2990 .
1565 2979 1848 2991 .......,......υ
2405 2988 2415 2999 ,
2670 2987 2681 2997 ,
3076 2983 3086 2993 .

212 3025 527 3092 exstiterit,
570 3024 696 3079 ﬁeri
726 3026 937 3096 potest,
979 3028 1042 3079 ut
1070 3024 1262 3079 statim
1290 3042 1323 3079 a
1352 3024 1619 3079 Manassis
1650 3026 1845 3098 expul-
1872 2987 1918 3047 C
1951 2988 2021 3098 2"
2289 2979 3562 3098 fcf‘ﬂiej‘i;ff},‘f°f£‘if§?jff'1ffff“fiﬂ°

212 3113 387 3169 sione
415 3113 977 3184 archiepiscopatum
1000 3112 1162 3167 illum
1197 3112 1303 3167 sibi
1331 3114 1642 3181 conferri,a
1671 3114 1846 3169 Fran-

213 3219 427 3257 corum
462 3219 600 3274 rege
632 3202 891 3273 Philippo
921 3201 1240 3256 amicorum
1269 3218 1378 3273 ope
1404 3206 1462 3256 et
1478 3203 1718 3273 pecunia
1745 3204 1846 3258 ob-

214 3291 488 3358 tinuerit,
540 3292 847 3363 locumque
891 3306 957 3344 ac
1000 3294 1229 3361 tempus
1260 3292 1395 3345 tune
1435 3291 1717 3345 tractandi
1777 3291 1847 3346 de

216 3380 356 3435 novi
404 3378 677 3434 antistitis
706 3379 987 3433 electione
1039 3380 1190 3433 clero
1234 3381 1291 3432 et
1319 3380 1531 3450 populo
1580 3379 1847 3434 Remensi

214 3468 386 3540 regio
414 3466 670 3522 subsidio
691 3467 952 3522 suffultus
980 3468 1210 3538 penitus
1242 3467 1546 3522 ademerit.

294 3559 421 3611 161.
454 3555 624 3623 Audi,
660 3556 757 3628 qui
780 3556 851 3610 de
878 3555 1161 3610 Elinando
1193 3573 1291 3609 seu
1317 3556 1659 3623 Helinando,
1693 3556 1846 3611 unde

217 3646 426 3712 etiam,
478 3645 631 3699 hunc
687 3660 820 3698 vere
880 3644 1229 3699 Remenscm
1290 3644 1844 3716 archiepiscopatum

217 3733 466 3789 biennio
492 3732 765 3800 tenuisse,
797 3731 1093 3798 docemur,
1127 3731 1446 3799 Guibertus,
1480 3736 1679 3788 auctor
1720 3751 1848 3805 syn-

217 3822 499 3887 chronus,
526 3822 626 3876 lib.
675 3837 733 3875 ιιι
768 3820 839 3875 de
879 3820 1006 3874 Vita
1030 3837 1152 3887 sua,
1187 3836 1311 3891 cap.
1362 3824 1416 3887 2,
1472 3824 1502 3876 2
1528 3822 1843 3894 loquatur»

218 3910 603 3977 Belinandus,
627 3909 835 3981 inquit,
854 3908 940 3963 vir
954 3908 1269 3964 admodum
1295 3910 1562 3980 pauperis
1575 3910 1779 3965 domus
1790 3914 1849 3965 et

221 3999 472 4055 obscure
495 3997 854 4071 progenitus,
879 3998 1177 4052 literatura
1202 3997 1514 4068 pertenuis,
1534 4002 1848 4070 etpersona

218 4088 362 4143 satis
394 4086 580 4153 exilis,
620 4102 752 4141 cum
778 4102 883 4157 per
915 4085 1182 4140 notitiam
1214 4086 1485 4153 Gualteri,
1510 4087 1733 4142 comitis
1758 4104 1845 4143 se-

220 4176 408 4232 moris
440 4174 886 4242 Pontisarensis,
923 4174 994 4229 de
1008 4174 1093 4245 cui
1103 4191 1167 4228 us
1184 4174 1461 4229 comitatu
1472 4176 1712 4247 gerebat
1732 4176 1846 4231 ori-

224 4266 453 4337 ginem,
484 4264 558 4319 ad
586 4263 840 4335 gratiam
867 4262 1151 4317 Eaduardi
1170 4264 1491 4335 Anglorum
1503 4263 1654 4335 regis
1676 4264 1848 4336 perti-

221 4355 402 4426 gisset
460 4352 623 4423 (uxor
664 4352 819 4406 enim
866 4368 968 4406 sua
1000 4368 1131 4407 cum
1172 4352 1446 4423 pradicto
1487 4353 1697 4407 comite
1740 4353 1844 4408 sibi

222 4441 734 4508 necessitudinem,
766 4440 957 4495 nescio
981 4455 1180 4511 quam,
1215 4441 1479 4511 crearat),
1520 4443 1847 4513 capellanus

221 4531 347 4602 ejus
377 4530 525 4598 fuit;
572 4532 630 4584 et
689 4528 824 4600 quia
882 4528 1215 4583 Francicam
1265 4528 1613 4601 elegantiam
1654 4535 1843 4600 norat,

219 4618 497 4690 Anglicus
522 4618 617 4673 ille
638 4617 713 4672 ad
742 4618 1097 4671 Francorum
1129 4633 1333 4688 regem
1360 4618 1669 4675 Henricum
1711 4637 1845 4675 eum

219 4707 429 4780 sapius
463 4705 959 4762 destinabat.Cum
972 4722 1085 4777 quo
1113 4722 1270 4778 rege,
1297 4706 1431 4778 quia
1461 4709 1709 4764 multum
1724 4713 1847 4765 erat

219 4796 464 4869 cupidus
519 4798 579 4850 et
615 4795 1054 4867 episcopatuum
1113 4794 1542 4851 venditionibus
1565 4801 1842 4867 assuetus,

218 4884 561 4957 largissimis
588 4883 1056 4939 lenocinantibus
1107 4883 1291 4938 xeniis
1322 4884 1459 4957 egit,
1495 4888 1576 4953 ut,
1624 4886 1667 4940 si
1699 4888 1847 4958 quis-

218 4973 377 5047 piam
406 4972 849 5046 episcoporuum
879 4971 1142 5027 Francia
1183 4972 1511 5041 decederet,
1543 4975 1843 5047 potiﬁcali-

217 5062 326 5119 bus
352 5061 550 5118 infulis
584 5062 706 5134 ipse
746 5060 1097 5116 succederet.
1146 5061 1194 5115 Is
1228 5059 1385 5116 enim
1426 5061 1486 5117 in
1531 5065 1847 5135 capellania

218 5150 373 5225 regis
398 5168 464 5206 ac
488 5149 708 5223 regina
746 5149 982 5222 positus,
1003 5148 1276 5221 quoniam
1289 5151 1497 5223 Anglia
1516 5149 1753 5209 inﬁnitis
1778 5172 1845 5211 eo

218 5244 483 5312 tempore
513 5238 762 5295 ﬂorebat
776 5238 1001 5310 opibus,
1020 5239 1237 5294 multos
1261 5240 1640 5310 pecuniarum
1672 5259 1842 5297 mon-

218 5332 303 5384 tes
336 5330 692 5401 aggesserat,
724 5326 875 5395 ideo,
910 5325 1205 5381 arridente
1238 5326 1290 5381 ei
1310 5328 1554 5400 praefata
1585 5328 1844 5404 largitio-

221 5433 361 5476 num
374 5433 548 5475 causa
558 5432 664 5473 vox
679 5416 802 5488 ejus
821 5414 977 5488 apud
1004 5415 1314 5470 Henricum
1344 5433 1543 5489 regem
1556 5420 1847 5476 exaudibi—

220 5504 615 5590 liserat.0uod
634 5508 693 5589 et
711 5504 931 5592 factum
951 5505 1072 5590 est:
1097 5503 1375 5588 Lauduno
1389 5504 1546 5563 enim
1556 5506 1837 5581 invectus,

1951 3077 2009 3133 S.
2043 3079 2333 3144 Brunone,
2364 3094 2398 3131 a
2431 3073 2783 3130 Cartusianis
2822 3071 3117 3143 hujatibus
3143 3085 3373 3124 mecum
3404 3083 3563 3123 com-

1949 3166 2248 3233 municati,
2282 3168 2482 3219 auctor
2513 3163 2679 3234 hujus
2704 3159 3115 3216 lucubrationis
3141 3176 3255 3213 sua
3287 3172 3449 3211 num.
3495 3157 3564 3211 2O

1949 3256 2027 3310 sic
2057 3255 2255 3310 scribit
2296 3271 2309 3309 :
2351 3276 2378 3303 «
2411 3253 2657 3307 Prafato
2691 3249 2972 3304 Elinando
3011 3245 3395 3318 (Laudunensi
3443 3243 3564 3316 epi-

1948 3343 2143 3416 scopo)
2171 3344 2323 3414 jure,
2357 3341 2511 3414 quod
2545 3340 2603 3395 in
2636 3338 3189 3409 archiepiscopatum
3217 3336 3565 3388 Remensem

1949 3432 2053 3488 sibi
2074 3432 2418 3497 vindicabat,
2452 3430 2713 3494 cedente,
2738 3444 2844 3500 pax
2857 3425 2987 3480 huic
3005 3423 3254 3479 ecclesia
3281 3421 3562 3487 redditur,

1947 3520 2337 3592 reversiasque
2369 3519 2472 3573 sub
2505 3516 2642 3572 anni
2704 3517 2837 3571 1083
2868 3513 3045 3568 ﬁnem
3074 3513 3163 3566 vel
3193 3511 3296 3566 sub
3335 3508 3563 3564 initium

1946 3609 2238 3682 sequentis
2270 3625 2337 3661 ex
2382 3623 2483 3661 suo
2515 3605 2681 3660 exilio
2705 3601 3016 3667 canonicis,
3053 3617 3086 3654 a
3114 3600 3365 3654 Manasse
3380 3613 3564 3669 quon-

1949 3699 2081 3753 dam
2116 3696 2379 3769 expulsis,
2405 3695 2475 3749 de
2508 3696 2735 3765 pastore
2760 3688 3128 3762 praﬁciendo
3155 3688 3339 3741 clerus
3374 3689 3432 3740 et
3456 3701 3559 3756 po-

1944 3788 2111 3860 pulus
2143 3784 2289 3840 serio
2319 3798 2490 3854 agere
2520 3784 2834 3853 caperunt.
2878 3779 3209 3831 Brunonem
3236 3777 3293 3829 et
3340 3774 3559 3829 Manas-

1948 3892 2071 3929 sem
2105 3871 2729 3946 prapositumalegato
2751 3865 2919 3938 (sedis
2944 3861 3291 3936 apostolica)
3318 3861 3560 3932 Hugone

1949 3962 2293 4019 electoribus
2308 3958 2634 4033 propositos
2665 3956 2860 4022 fuisse,
2890 3969 2997 4026 par
3017 3955 3102 4007 est
3128 3950 3384 4017 credere,
3426 3965 3559 4004 cum

1947 4052 2067 4125 ipse
2100 4052 2344 4122 legatus,
2403 4051 2465 4103 ut
2503 4046 2750 4103 vidimus
2788 4060 2980 4116 supra,
3015 4056 3244 4096 summo
3298 4036 3561 4094 Pontiﬁci

1948 4143 2258 4212 utrumque
2283 4138 2407 4209 jam
2436 4135 2708 4191 eumdem
2731 4134 2792 4188 in
2824 4133 3003 4188 ﬁnem
3029 4127 3559 4213 commendaverat:

1953 4252 1981 4282 «
1995 4229 2169 4295 Hos,»
2186 4226 2395 4299 inquit,
2416 4248 2444 4276 «
2462 4240 2756 4297 rogamus,
2781 4219 3037 4277 ecclesia
3053 4215 3323 4273 Remensi
3342 4237 3370 4266 «
3388 4214 3562 4269 desti-

1867 4318 1919 4377 D
1951 4340 1979 4371 ‹‹
2012 4320 2213 4373 nate.»
2245 4314 2464 4371 Deinde
2492 4317 2753 4368 nostrum
2786 4308 3193 4383 patriarcham,
3239 4305 3299 4360 in
3340 4320 3559 4376 posses-

1949 4407 2170 4462 sionem
2226 4408 2351 4460 tum
2390 4404 2699 4468 bonorum,
2735 4403 2861 4455 tum
2911 4396 3263 4469 dignitatum
3319 4408 3555 4448 suarum

1941 4497 2065 4569 jam
2095 4494 2444 4558 restitutum,
2480 4509 2513 4547 a
2542 4489 2741 4544 multis
2773 4486 3089 4559 expetitum
3120 4484 3314 4551 fuisse,
3343 4480 3561 4553 colligi-

1948 4602 2076 4641 mus
2090 4601 2155 4639 ex
2170 4582 2358 4655 elogio
2376 4581 2447 4635 ab
2462 4580 2583 4652 ipsa
2611 4575 2921 4650 (Remensi)
2966 4572 3282 4629 cathedrali
3299 4570 3557 4638 ecclesia,

1948 4674 2037 4729 cui
2075 4676 2233 4741 tunc,
2288 4669 2521 4744 quando
2573 4668 2875 4723 defunctus
2906 4666 2992 4719 est
3039 4664 3253 4729 Bruno,
3288 4660 3560 4733 prafatus

1946 4763 2231 4819 Manasses
2256 4757 2599 4832 prapositus
2629 4754 2994 4829 prasidebat,
3026 4751 3259 4808 condito
3278 4749 3339 4803 in
3367 4749 3511 4814 hac,
3530 4765 3559 4795 η

1949 4869 2112 4909 num.
2146 4849 2360 4905 scilicet
2390 4850 2491 4903 154
2516 4846 2625 4901 huc
2654 4842 3000 4914 transcripta
3034 4863 3063 4892 «
3093 4839 3286 4896 verba.
3321 4856 3349 4886 »

2024 4976 2230 5049 l63.lta
2248 4974 2370 5042 ille;
2390 4972 2509 5046 qui,
2531 4970 2636 5027 etsi
2650 4986 2801 5025 anno
2819 4966 3073 5042 primum
3095 4962 3251 5028 1084,
3270 4962 3473 5049 contra
3493 4974 3559 5014 ac

1950 5067 2120 5122 adita
2138 5047 2466 5119 aRainaldo
2495 5060 2643 5116 sedis
2660 5053 2960 5113 Remensis
2976 5056 3202 5123 tempus
3228 5049 3348 5120 pati
3366 5047 3559 5103 videa-

1950 5158 2066 5222 tur,
2096 5153 2168 5208 de
2190 5167 2514 5208 successore
2528 5150 2798 5205 Manassa
2813 5139 3147 5200 sufﬁciendo
3166 5156 3201 5194 a
3222 5138 3375 5193 clero
3394 5137 3451 5190 et
3461 5152 3568 5207 po-

1950 5245 2085 5316 pulo
2110 5239 2379 5296 Remensi
2402 5242 2596 5294 actum
2617 5237 2766 5293 forte
2798 5230 2990 5297 fuisse,
3014 5228 3239 5296 innuat,
3257 5227 3318 5281 in
3339 5222 3576 5316 episco-

1949 5310 2089 5405 pum
2122 5333 2344 5398 tamen,
2389 5331 2453 5383 ut
2480 5326 2679 5387 tradit,
2707 5324 2844 5376 tunc
2865 5316 3145 5391 primum,
3176 5331 3308 5373 cum
3338 5310 3589 5405 Elinan-

1949 5397 2074 5487 dus,
2105 5421 2263 5492 quod
2294 5397 2446 5475 anno
2491 5415 2629 5470 1083
2661 5411 2902 5478 factum,
2934 5410 3211 5478 ειη-οϐελὶο
3240 5417 3341 5459 suo
3362 5397 3614 5492 ,ί“,ξ“’“

1949 5480 2440 5584 οὶιὶέρῖδοορειιιω
2481 5501 2835 5562 Remensem
2871 5498 3004 5573 jure
3029 5499 3235 5566 cessit,
3265 5508 3301 5547 a
3325 5480 3639 5560 pluribus
