3996 6012
382 298 447 350 9Ξί
1234 293 1290 348 8.
1327 292 1671 350 BRUNONIS
1708 290 2341 349 CARTHUSIANORUM
2380 291 2848 349 INSTITUTORIS
3638 299 3704 349 96

379 417 693 489 expetitum
708 416 878 472 fuisse
902 416 958 472 8.
982 417 1475 484 Brunonem,vero
1499 436 1614 473 nou
1631 420 1873 489 apparet
1888 418 1987 471 ab-
2014 421 2069 479 Α
2091 417 2365 483 evenerit,
2402 417 2657 472 docuisse
2690 417 3068 473 contendunt.
3089 421 3147 472 et
3176 436 3309 475 mox
3323 418 3559 491 quidem
3582 437 3707 475 san-

380 507 587 561 simile.
637 509 720 560 110
736 509 973 560 0010100
996 507 1149 578 quod
1170 506 1431 575 Sanctus,
1457 524 1588 561 cum
1604 508 1678 561 ad
1697 507 1990 577 episcopa-

379 599 504 649 tum
522 595 865 649 Remensem
884 596 1198 665 postulatus
1212 613 1309 649 seu
1324 597 1604 667 expetitus
1618 595 1725 649 fuit
1739 596 1995 666 aliquan-

379 684 577 753 tojam
599 684 876 754 temporis
892 684 1189 755 spatio,uti
1205 685 1487 751 versiculi,
1520 702 1549 739 e
1580 683 1805 738 funebri
1821 684 1993 737 eccle-

383 772 480 826 size
521 772 865 826 cathedralis
888 773 1186 827 Remensis
1198 773 1382 828 Titulo
1397 790 1558 827 num.
1582 775 1682 827 154
1708 774 1818 826 huc
1837 776 1992 826 tran-

379 859 595 930 scripti,
628 860 872 915 innuere
915 861 1203 927 videntur,
1263 861 1319 915 in
1355 860 1683 932 pristinum,
1718 865 1817 914 aut
1848 861 1995 914 forte

380 948 556 1003 etiam
609 949 910 1003 meliorem
939 949 1132 1003 statim
1164 950 1478 1016 restitutus,
1516 949 1707 1004 Remis
1728 947 1994 1021 degisset,

377 1036 602 1109 hocque
633 1038 855 1092 veritati
890 1055 1005 1092 non
1034 1041 1121 1092 sat
1155 1041 1286 1108 apte
1320 1041 1496 1110 queat
1522 1037 1761 1109 intelligi
1794 1053 1995 1091 conso-

379 1142 542 1187 num,
573 1126 617 1179 si
648 1129 858 1180 statum
893 1143 925 1179 a
954 1127 1221 1197 Manassis
1270 1145 1299 1181 e
1332 1127 1466 1181 sede
1496 1126 1769 1180 Remensi
1799 1126 1995 1196 expul-

377 1213 538 1268 sione
567 1213 742 1268 fuerit
775 1214 847 1268 ad
873 1215 1023 1268 hanc
1052 1215 1170 1285 ipse
1206 1217 1522 1285 postulatus
1564 1232 1663 1268 seu
1696 1215 1993 1285 expetitus.

379 1304 557 1357 Porro
590 1301 693 1355 etsi
724 1302 874 1357 forte
906 1304 1015 1358 hoc
1043 1320 1110 1356 ex
1132 1303 1255 1373 jam
1308 1304 1472 1358 dictis
1509 1320 1661 1357 anno
1698 1306 1831 1357 1083
1886 1302 1999 1373 pri-

380 1406 543 1445 mum
570 1390 861 1458 acciderit,
880 1391 1119 1445 Sanctus
1136 1396 1355 1458 tamen,
1380 1395 1580 1462 utpote
1594 1392 1688 1463 qui
1705 1392 1997 1463 aliquanto

374 1478 657 1550 temporis
715 1479 899 1551 spatio
927 1483 1081 1546 ante,
1131 1479 1371 1551 pristino
1417 1480 1588 1533 statui
1633 1481 1997 1549 fortunaque

377 1567 659 1634 redditus,
693 1568 1029 1639 Remisjam
1066 1568 1383 1639 degerit,et
1413 1568 1563 1622 forte
1596 1585 1663 1622 ex
1695 1567 1995 1637 dictisjam

375 1654 512 1709 inde
546 1656 722 1709 etiam
747 1656 987 1711 abanno
1016 1660 1141 1711 1081
1184 1658 1257 1711 ad
1286 1656 1849 1727 archiepiscopatum
1895 1657 2000 1710 Re-

2092 510 2268 573 ctum,
2299 506 2393 578 qui
2418 510 2616 561 tamen
2651 524 2715 560 ex
2741 505 2905 561 dictis
2932 508 3004 562 ab
3037 524 3191 562 anno
3218 508 3445 563 circiter
3474 512 3606 563 1076
3634 509 3708 564 ad

2092 612 2310 649 annum
2345 598 2477 649 1078
2501 599 2599 649 001
2627 595 2801 649 etiam
2822 596 3116 667 sequentis
3137 595 3367 651 initium
3396 596 3549 670 apud
3570 597 3709 652 Eba-

2093 684 2211 737 lum
2228 683 2501 737 comitem
2521 687 2910 738 commoratus
2927 686 3031 751 est,
3049 702 3083 739 a
3098 701 3198 739 suo
3212 702 3280 739 ex
3305 686 3445 740 urbe
3466 685 3710 739 Remen-

2095 773 2139 826 si
2170 773 2243 826 ob
2276 772 2572 842 improbos
2596 772 2865 827 Manassis
2893 788 3084 827 mores
3125 789 3353 828 excessu
3381 772 3627 828 Parisios
3648 790 3708 828 se

2097 861 2425 927 contulisse,
2460 861 2653 932 ibique
2685 860 2928 915 docendi
2960 878 3189 930 munus,
3223 862 3378 934 quod
3408 865 3605 917 tamen
3635 878 3710 916 an

2097 954 2268 1004 antea
2298 966 2554 1021 unquam
2588 948 2802 1004 ibidem
2837 949 3068 1005 obiisset
3098 950 3415 1006 admodum
3444 967 3511 1026 ex
3548 949 3714 1005 dictis

2098 1042 2183 1092 est
2207 1038 2467 1104 dubium,
2497 1038 2890 1110 resumpsisse,
2939 1039 3161 1093 Bulaeus
3202 1039 3262 1094 in
3320 1038 3713 1094 Universitatis

2098 1126 2428 1180 Parisiensis
2460 1126 2703 1181 Historia
2730 1131 2872 1181 tom.
2906 1128 2947 1194 Ι,
2970 1143 3117 1199 page
3147 1129 3250 1182 468
3270 1127 3573 1182 existimat.
3604 1127 3709 1182 Ve-

2097 1232 2227 1268 rum
2250 1214 2594 1285 conjecturae
2614 1213 3552 1287 aliquot,argumentaque,quibus
3564 1216 3713 1269 hanc

2099 1303 2435 1375 Opinionem
2465 1320 2566 1357 sua
2585 1307 2957 1374 mutcumque
3016 1304 3250 1358 firmare
3290 1303 3514 1370 nititur,
3570 1302 3712 1357 nihil

2099 1391 2290 1462 plane,
2342 1395 2405 1445 ut
2454 1408 2519 1445 ex
2556 1407 2727 1461 supra
2774 1391 2938 1445 dictis
2962 1391 3164 1462 liquet,
3221 1391 3526 1458 evincunt;
3560 1407 3713 1444 nunc

2099 1484 2293 1533 autem
2326 1478 2768 1547 discutiendum,
2790 1496 2861 1533 an
2897 1479 3134 1550 majoris
3158 1479 3430 1552 ponderis
3459 1479 3575 1533 sint
3603 1478 3716 1532 alia

2099 1585 2225 1639 qua:
2258 1571 2381 1621 tum
2405 1568 2477 1622 ab
2502 1568 2630 1635 hoc,
2667 1572 2789 1622 tum
2819 1568 2890 1622 ab
2924 1567 3088 1636 alliis,
3118 1567 3395 1622 Sanctum
3426 1571 3712 1633 nostrum,

2097 1656 2141 1710 si
2174 1673 2290 1711 non
2324 1656 2519 1710 statim
2569 1657 2641 1710 ab
2675 1672 2829 1711 anno
2864 1655 3092 1711 circiter
3136 1658 3269 1712 1076
3305 1674 3403 1712 500
3451 1673 3485 1710 0
3514 1671 3614 1710 suo
3647 1671 3715 1709 ex

376 1759 637 1798 mensem
670 1745 989 1814 postulatus
1020 1744 1212 1811 fuerit,
1264 1746 1350 1798 vel
1392 1718 1589 1799 statim
1729 1744 1998 1799 Manassis
2023 1718 2073 1778 B
2099 1745 2239 1799 urbe
2269 1743 2536 1798 Remensi
2558 1761 2808 1811 excessu,
2839 1745 2911 1799 ab
2939 1760 3089 1799 anno
3121 1745 3326 1799 saltem
3353 1745 3441 1798 vel
3472 1746 3605 1799 1079
3628 1744 3716 1798 vel

375 1832 731 1903 expulsione,
766 1832 822 1886 id
844 1836 950 1898 est,
981 1833 1067 1887 vel
1095 1833 1167 1887 ab
1195 1849 1348 1887 anno
1382 1836 1507 1888 1081
1544 1834 1632 1887 vel
1664 1850 1781 1887 non
1813 1833 1995 1887 multo

386 1922 521 1992 post
548 1920 759 1975 Remos
786 1922 858 1975 ab
892 1921 1085 1976 exsilio
1119 1938 1381 1975 reversus
1424 1921 1735 1993 pristinum
1760 1921 1997 1975 honoris

375 2008 831 2080 facultatumque
856 2012 1090 2076 statum,
1122 2010 1276 2081 quod
1310 2009 1400 2063 hic
1430 2010 1857 2064 ostendendum
1870 2012 1995 2064 erat

377 2096 787 2151 verosimiliter
818 2098 1194 2168 recuperarit.
1227 2098 1337 2151 Nec
1353 2100 1457 2164 est,
1488 2114 1588 2151 cur
1602 2114 1862 2168 opponas
1891 2098 1997 2151 Eli-

376 2184 636 2239 nandum
672 2201 739 2239 eo
765 2186 1045 2256 temporis
1084 2185 1291 2254 spatio,
1328 2185 1484 2256 quod
1543 2203 1575 2240 a
1602 2186 1868 2240 Manassis
1898 2203 1992 2239 ex-

374 2271 639 2344 pulsione
697 2273 771 2328 ad
812 2273 1077 2328 Rainaldi
1106 2274 1449 2328 electionem
1509 2274 1777 2341 excurrit,
1842 2274 1994 2345 regis

383 2360 639 2416 subsidio
674 2361 991 2429 suffultum,
1029 2362 1282 2417 ecclesia:
1333 2362 1632 2417 Remensis
1657 2362 1992 2417 cathedram

375 2449 650 2518 tenuisse,
685 2451 1126 2523 verosimileque
1156 2468 1273 2505 non
1307 2451 1509 2520 videri,
1545 2452 1647 2506 sub
1701 2451 1995 2521 110105100-

376 2536 435 2592 (11
463 2537 718 2593 antistite
751 2540 1082 2594 Brunonem
1118 2540 1326 2594 Remos
1367 2540 1576 2594 reverti
1607 2539 1802 2611 ibique
1831 2556 1991 2594 com-

374 2626 592 2680 morari
627 2626 904 2695 voluisse;
953 2627 1243 2682 etsLenim
1276 2628 1586 2682 Eliuandus
1644 2645 1677 2682 a
1716 2627 1989 2682 8110011110

379 2714 509 2769 labe
542 2714 817 2770 immunis
844 2733 963 2771 non
986 2716 1180 2784 fuerit,
1203 2716 1261 2770 in
1294 2716 1559 2771 ecclesias
1590 2720 1789 2771 tamen
1821 2715 1988 2770 exsti-

376 2800 449 2856 tit
462 2802 899 2871 munificus,nec
915 2805 972 2858 in
987 2805 1223 2860 clericos
1246 2804 1477 2877 iniquus
1493 2805 1663 2859 fuisse
1678 2804 1985 2858 invenitur.

450 2892 571 2945 164.
592 2893 674 2946 «15
690 2893 865 2963 igitur
879 2893 1093 2965 (subdit
1106 2892 1293 2948 verbis
1307 2893 1378 2948 de
1392 2892 1672 2947 Elinando
1688 2909 1850 2947 num.
1889 2895 1980 2947 161

373 2978 630 3034 recitatis
680 2980 1001 3053 Guibertus)
1055 2982 1485 3054 qualiscumque
1519 2984 1616 3036 aut
1645 2981 1986 3047 ambitione,

374 3071 476 3122 aut
504 3085 867 3141 quacumque
893 3070 1005 3124 alia
1036 3070 1395 3125 humanitate
1421 3071 1576 3141 apud
1598 3087 1656 3125 se
1689 3070 1986 3137 exstiterit,

372 3154 437 3209 in
467 3156 577 3211 hoc
608 3156 659 3211 ei
673 3157 863 3213 honor
895 3158 1137 3214 omnino
1199 3160 1574 3214 asservandus
1606 3161 1709 3224 est,
1747 3159 1903 3229 quod
1934 3161 1992 3212 et

374 3242 709 3299 libertatem
739 3246 1000 3301 Ecclesiae
1040 3247 1350 3317 magniﬁce
1405 3247 1582 3301 tuitus
1635 3246 1727 3313 sit,
1782 3249 1839 3300 et
1870 3249 1990 3300 tam

375 3329 564 3401 ipsam
591 3333 1057 3403 (Laudunensem
1090 3334 1389 3405 nimirum)
1421 3334 1656 3401 sedem,’
1680 3351 1855 3406 quam
1901 3350 1999 3404 ap-

375 3419 651 3490 pendices
687 3422 810 3491 ejus
858 3422 1126 3477 ecclesias
1165 3422 1463 3476 uberrima
1507 3422 1814 3493 largitione
1865 3438 1997 3493 pro-

375 3507 547 3562 vexit.
605 3510 672 3563 Et
728 3509 971 3582 dignum
1023 3513 1148 3565 erat
1186 3514 1248 3565 ut
1305 3514 1543 3565 externa
1580 3510 1631 3565 ei
1666 3511 1820 3565 bona
1869 3528 2000 3583 sup-

373 3599 781 3671 peterent,qua
795 3598 851 3652 in
868 3598 1299 3654 Dominicarum
1321 3600 1599 3654 domuum
1617 3600 1823 3655 decore
1835 3599 2007 3672 proji-
2046 3654 2053 3659 .

372 3688 663 3742 cerentur.
694 3708 721 3735 ››
745 3687 886 3743 Cum
912 3704 1051 3759 ergo
1066 3688 1193 3743 talis
1220 3689 1500 3743 exstiterit
1516 3688 1846 3755 Elinandus,
1872 3704 1997 3744 non

374 3772 540 3829 video
562 3791 759 3844 cur,eo
778 3777 1127 3831 Remensem
1145 3778 1481 3833 cathedram
1501 3780 1767 3845 tenente,
1794 3779 2005 3844 Remos

372 3861 563 3919 Bruno
577 3882 694 3920 non
720 3865 975 3933 rediisse,
1003 3866 1198 3937 ibique
1216 3869 1468 3921 versatus
1490 3883 1606 3921 non
1625 3883 1745 3921 esse
1776 3866 1981 3920 511010-

374 3949 597 4006 dendus
649 3954 898 4008 maxime
932 3971 1062 4008 cum
1096 3954 1485 4008 Simoniacam
1517 3954 1773 4008 hominis
1808 3955 2000 4008 labem

376 4037 618 4094 forsitan
646 4040 949 4112 ignorarit.
974 4041 1124 4104 Quid
1142 4040 1187 4095 si
1203 4040 1381 4095 etiam
1414 4044 1660 4108 sanctus,
1693 4044 1757 4096 ut
1785 4042 2001 4097 Remos

375 4126 592 4191 rediret
617 4129 689 4183 ab
723 4128 970 4201 ipsomet
991 4128 1274 4184 Elinando
1295 4129 1568 4184 invitatus
1588 4129 1809 4185 fuerit?
1845 4130 1998 4185 Sane

373 4232 507 4271 cum
535 4233 603 4271 ex
633 4217 816 4286 dictis,
850 4222 908 4273 ut
932 4217 990 4273 in
1019 4235 1112 4273 res
1143 4234 1273 4273 suas
1296 4218 1996 4291 restitueretur,Gregorio

372 4302 628 4368 VII,tunc
654 4323 883 4361 summo
916 4306 1196 4379 pontifici,
1243 4306 1492 4361 maxime
1538 4307 1598 4361 in
1631 4308 1775 4362 votis
1800 4308 1993 4363 fuerit.

374 4408 493 4448 non
521 4393 715 4465 inepte
746 4412 812 4449 ac
832 4398 1053 4450 temere
1083 4395 1632 4466 conjeceris,litteris
1664 4397 1846 4451 aliove
1870 4414 1995 4453 mo-

372 4480 468 4549 do,
515 4485 579 4536 ut
606 4485 753 4553 puts:
810 4500 844 4538 a
873 4484 1129 4539 Manasse
1164 4484 1461 4540 Remensis
1495 4484 1748 4539 ecclesias
1782 4485 1994 4554 clerici,

371 4584 438 4623 ac
475 4569 644 4641 proin
675 4570 853 4627 etiam
876 4576 1103 4627 sanctus
1136 4577 1354 4642 noster,
1380 4574 1590 4629 Remos
1610 4573 1668 4629 in
1709 4574 1865 4629 bona
1896 4591 1999 4631 sua

373 4658 714 4714 restituendi
762 4661 1043 4730 redirent,
1078 4661 1392 4732 ipsummet
1417 4662 1764 4717 Elinandum
1792 4662 1994 4735 egisse,

372 4747 445 4803 ad
468 4747 527 4802 id
558 4747 771 4803 scilicet
792 4749 1125 4822 impulsum,
1144 4768 1236 4818 ne,
1258 4750 1303 4805 si
1328 4767 1487 4805 secus
1502 4750 1995 4818 faceret,Remen-

374 4853 499 4891 sem
525 4836 631 4892 sibi
659 4838 909 4894 maxime
934 4838 1191 4910 cupitum
1218 4839 1795 4910 archiepiscopatum,
1820 4856 1993 4911 quem

371 4924 533 4997 regio
563 4926 759 4981 favore
793 4944 912 4981 non
950 4929 1038 4981 sat
1092 4930 1247 4981 recte
1292 4927 1642 4994 obtinuerat,
1699 4927 1995 4999 pontiﬁcia

373 5016 733 5083 auctoritate,
766 5019 829 5070 ut
849 5018 1048 5087 postea
1081 5015 1320 5083 factum,
1352 5015 1665 5070 amitteret.

446 5104 567 5157 165.
597 5104 809 5159 Verum
822 5107 972 5172 sunt,
1009 5104 1106 5176 qui
1125 5103 1421 5171 Sanctum,
1449 5107 1761 5175 antequam
1795 5103 1992 5158 statuit

370 5187 614 5265 pristino
647 5193 1007 5260 redderetur,
1042 5194 1114 5248 ab
1165 5209 1320 5247 anno
1358 5194 1515 5259 1081,
1559 5192 1677 5246 imo
1709 5191 1884 5247 etiam
1916 5193 1987 5247 ab

372 5297 525 5335 anno
553 5282 685 5337 1076
704 5281 952 5349 circiter,
970 5298 1084 5355 quo
1106 5281 1299 5336 Remis
1318 5281 1391 5336 ob
1411 5279 1706 5351 improbos
1717 5280 1988 5336 Manassis

378 5383 571 5424 mores
584 5368 1096 5425 excessit.Parisios
1109 5366 1671 5440 concessisse,ibique
1684 5368 1755 5423 ad
1769 5385 1840 5423 an
1850 5387 1990 5424 num

372 5471 553 5528 usque
583 5459 775 5545 1082.”
795 5474 908 5531 quo
939 5457 1189 5513 doctoris
1212 5457 1286 5513 ad
1332 5460 1562 5530 tempus
1602 5455 1862 5525 redivivi,
1895 5458 1991 5531 qui

376 5544 497 5605 sese
525 5544 868 5627 damnatum
902 5563 933 5600 e
977 5546 1191 5601 feretro
1220 5544 1613 5617 proclamarit,
1656 5545 1987 5618 prodigium

2097 1834 2169 1887 ab
2206 1834 2389 1888 altaro
2444 1850 2474 1888 e
2514 1832 2664 1887 binis
2722 1832 3092 1904 sequentibus
3149 1831 3377 1887 Parisiis
3433 1831 3713 1898 docuisse,

2098 1921 2436 1988 volentibus,
2493 1920 2859 1976 adducuntur
2907 1920 2966 1975 in
3019 1920 3297 1975 medium.
3350 1919 3712 1986 Verosimile,

2096 2009 2401 2076 aiunt,non
2417 2012 2521 2076 est,
2539 2010 2891 2076 Brunonem,
2915 2012 3143 2063 tantum
3159 2009 3368 2076 virum,
3384 2008 3568 2063 tribus
3579 2025 3716 2079 qua-

2093 2101 2293 2152 tuorve
2325 2100 2424 2151 aut
2438 2097 2615 2152 etiam
2639 2096 3080 2169 pluribusannis
3099 2097 3357 2169 proxime
3387 2101 3521 2151 ante
3549 2114 3717 2151 suum

2095 2186 2153 2239 in
2167 2185 2537 2241 solitudinem
2564 2202 2852 2240 recessum
2865 2187 3039 2241 vitam
3055 2186 3227 2257 plane
3247 2185 3490 2241 otiosam
3511 2184 3715 2256 egisse.

2092 2274 2427 2329 Verosimile
2457 2291 2594 2328 sane
2638 2274 2695 2327 id
2725 2291 2841 2329 non
2878 2273 2985 2341 sit;
3030 2290 3134 2345 per
3173 2290 3267 2328 me
3310 2274 3460 2328 licet.
3504 2273 3719 2327 Verum

2093 2379 2223 2417 cum
2248 2362 2508 2430 Sanctus,
2544 2366 2606 2416 ut
2637 2379 2808 2433 supra
2841 2361 3028 2428 docui,
3063 2378 3216 2417 anno
3270 2364 3395 2417 1081
3438 2361 3494 2416 10
3526 2360 3717 2432 pristi-

2093 2468 2234 2505 num
2266 2454 2478 2505 statum
2510 2451 2700 2504 Remis
2722 2449 3016 2505 restitutus
3057 2449 3250 2516 fuerit,
3283 2449 3421 2521 quid
3455 2449 3500 2503 si
3532 2450 3708 2503 etiam

2095 2541 2421 2594 scholarum
2443 2539 2848 2610 prmfecturam
2878 2541 3017 2593 tunc
3041 2537 3419 2609 recuperarit,
3452 2538 3720 2609 hancque

2092 2627 2303 2683 deinde
2334 2627 2408 2682 ad
2435 2644 2601 2681 suum
2620 2644 2798 2698 usque
2816 2626 2875 2681 in
2898 2643 3161 2681 eremum
3190 2626 3497 2681 discessum
3525 2642 3716 2697 gesse-

2090 2716 2205 2771 rit?
2225 2718 2311 2771 Ita
2327 2732 2462 2769 sane
2482 2714 2877 2781 vitam,donec
2908 2714 2998 2769 hic
3029 2714 3255 2781 accidit,
3289 2729 3323 2768 a
3364 2714 3516 2769 dicto
3551 2729 3707 2768 anno

2096 2807 2222 2859 1081
2248 2804 2491 2858 otiosam
2523 2820 2638 2858 non
2665 2802 2907 2869 duxerit,
2954 2802 3057 2858 etsi
3098 2803 3272 2857 etiam
3303 2805 3440 2857 tunc
3477 2801 3705 2856 Parisiis

2088 2908 2205 2947 non
2225 2893 2479 2947 docuisse
2510 2894 2813 2946 statuatur.
2848 2892 2958 2946 Nec
2984 2908 3138 2946 anno
3168 2893 3300 2946 1079
3327 2894 3385 2944 et
3414 2889 3710 2961 sequenti,

2090 2998 2201 3053 quo
2222 2984 2464 3052 utroque
2478 2979 2731 3034 Coloniae
2745 2979 3077 3051 Agrippinae
3098 2979 3247 3033 inter
3267 2978 3518 3033 ecclesiae
3540 2977 3711 3033 Cuni-

2089 3070 2329 3125 bertinaa
2343 3069 2649 3124 canonicos
2677 3067 3053 3123 verosimilius
3082 3084 3150 3122 ex
3180 3083 3352 3138 supra
3378 3064 3543 3121 dictis
3574 3064 3715 3136 egit,

2092 3158 2335 3214 otiosam
2366 3161 2501 3212 tunc
2533 3156 2755 3212 duxisse
2774 3157 2949 3211 vitam
2973 3159 3055 3209 est
3080 3155 3389 3228 putandus,
3421 3171 3551 3209 cum
3586 3152 3713 3207 ﬁeri

2095 3249 2286 3318 queat,
2330 3249 2393 3300 ut
2424 3250 2560 3300 tunc
2590 3249 2710 3300 tam
2742 3245 2803 3299 in
2847 3246 3123 3311 Psalmos,
3157 3261 3331 3317 quam
3361 3244 3421 3297 in
3453 3242 3514 3298 S.
3546 3240 3705 3297 Pauli

2094 3333 2350 3407 Apostoli
2386 3333 2682 3404 Epistolas,
2727 3350 2867 3405 quas
2924 3333 3125 3387 ambas
3174 3349 3347 3387 sacrae
3405 3330 3713 3403 Scriptura;

2098 3426 2291 3495 partes
2331 3421 2746 3488 eruditissimis,
2781 3421 2863 3476 uti
2898 3414 3050 3475 infra
3082 3421 3323 3487 docebo,
3358 3418 3523 3473 editis
3550 3417 3719 3473 Com-

2099 3511 2396 3567 mentariis
2436 3510 2753 3576 illustravit,
2783 3526 3030 3581 gnavam
3063 3524 3299 3579 operam
3340 3504 3711 3579 impenderit.

2164 3601 2297 3675 .166.
2335 3599 2499 3664 Quod
2541 3599 2584 3653 si
2615 3599 2673 3654 id
2708 3597 3020 3669 displiceat,
3058 3596 3449 3669 Sanctumque
3495 3595 3716 3649 duobus

2105 3688 2214 3743 illis
2243 3688 2410 3742 annis
2443 3686 2703 3742 Colonia:
2725 3688 3149 3741 commoratum
3179 3701 3296 3740 non
3332 3683 3523 3752 fuisse,
3557 3682 3713 3751 velis,

2107 3793 2213 3830 nec
2242 3776 2338 3842 sic,
2368 3775 2542 3829 etiam
2565 3776 2676 3829 hoc
2700 3774 3316 3845 dato,ﬁtconsequens,
3337 3775 3401 3827 ut
3420 3773 3635 3839 Bruno,
3655 3771 3716 3825 ni

2104 3863 2458 3920 tumParisiis
2484 3863 2762 3929 docuerit,
2794 3863 2852 3917 in
2881 3861 2997 3917 otio
3043 3862 3217 3916 vitam
3251 3861 3525 3932 exegerit.
3568 3859 3716 3924 Quid

2102 3954 2148 4008 si
2180 3953 2337 4008 enim
2355 3956 2489 4007 tunc
2522 3951 2594 4005 ad
2612 3952 2854 4006 Dolense
2882 3950 2939 4004 S.
2968 3950 3155 4005 Marias
3188 3949 3604 4003 monasterium
3627 3964 3715 4002 se-

2101 4041 2349 4108 cessisse,
2382 4040 2713 4110 ibidemque
2746 4037 3024 4105 docuisse,
3074 4035 3542 4092 asseratur?Sane
3570 4035 3713 4090 San-

2100 4132 2257 4185 ctum
2284 4130 2371 4183 vel
2401 4131 2539 4183 tunc
2570 4128 2660 4182 vel
2690 4126 2829 4182 alias
2859 4126 2916 4180 in
2950 4125 3303 4181 monasterio
3336 4125 3433 4180 illo
3469 4123 3714 4180 docendi

2099 4234 2340 4273 munere
2372 4218 2633 4272 functum
2678 4214 2831 4283 esse,
2871 4219 2969 4270 aut
2992 4217 3167 4283 certe,
3201 4231 3333 4269 cum
3376 4214 3485 4268 hoc
3524 4211 3716 4266 Remis

2100 4307 2308 4375 obiret,
2336 4304 2778 4379 plurimosillius
2802 4303 3297 4359 alumnosibidcm
3315 4301 3577 4357 habuisse
3602 4300 3715 4355 dis-

2098 4396 2336 4467 cipulos,
2371 4394 2679 4450 dicendum
2707 4395 2945 4465 apparet
2965 4390 3244 4463 ;religiosi
3278 4390 3436 4445 enim
3467 4388 3713 4445 ccenobii

2099 4484 2248 4539 illius
2276 4484 2476 4539 incola:
2508 4483 2566 4537 in
2606 4482 2790 4535 Titulo
2824 4479 3072 4547 funebri,
3100 4479 3253 4534 inter
3285 4477 3542 4533 edendos
3590 4478 3711 4543 169,

2100 4590 2273 4646 quem
2309 4572 2517 4627 Sancto
2556 4569 2914 4642 inscripsere,
2943 4567 3065 4639 ejus
3095 4583 3214 4622 sese
3249 4566 3553 4637 discipulos
3583 4581 3713 4638 pro-

2097 4661 2247 4717 ﬁteri
2276 4660 2544 4715 videntur
2573 4656 2728 4712 hisce
2754 4656 2827 4712 ad
2852 4654 3214 4711 Cartusianos
3231 4653 3567 4710 Calabrinos
3584 4669 3711 4707 ver-

2097 4750 2201 4805 bis:
2242 4772 2269 4799 «
2302 4751 2480 4803 Prout
2504 4749 2692 4802 vestra
2731 4746 3004 4815 dignatur
3028 4746 3296 4816 expetere
3327 4742 3626 4809 sanctitas;
3656 4742 3716 4796 et

2100 4856 2203 4894 nos
2215 4836 2473 4893 Dolensis
2488 4852 2611 4891 0ωο
2621 4834 2735 4889 obii
2754 4834 2981 4900 fratres,
3002 4832 3377 4888 fraternitatis
3400 4833 3598 4885 vestras
3613 4829 3714 4884 de-

2097 4925 2365 4983 solationi
2397 4922 2703 4996 compassi,
2733 4938 2840 4994 pro
2893 4921 3045 4976 beati
3075 4920 3253 4993 patris
3283 4919 3460 4975 nostri
3493 4936 3558 4973 ac
3588 4935 3715 4973 ma-

2093 5015 2255 5087 gistri
2286 5013 2570 5069 Brunonis
2602 5011 2800 5066 anima
2843 5008 3351 5065 devotissimarum
3384 5006 3717 5063 orationum

2093 5103 2367 5176 suffragia
2388 5118 2544 5168 mox,
2581 5102 2643 5154 ut
2673 5099 2795 5170 ejus
2825 5098 3149 5152 audivimus
3180 5096 3424 5164 obitum,
3452 5093 3719 5167 omnipo-

2092 5192 2239 5249 tenti
2292 5193 2409 5246 Deo
2449 5189 2772 5261 persolvere
2806 5186 3148 5242 curavimus.
3189 5205 3218 5236 »
3249 5185 3290 5239 E
3333 5184 3449 5238 vita
3498 5182 3714 5255 itaque,

2093 5298 2268 5354 quam
2303 5280 2562 5345 Sanctus,
2600 5274 2660 5331 ni
2690 5293 2842 5331 anno
2862 5278 2996 5331 1079
3012 5278 3071 5330 et
3098 5274 3316 5347 aliquot
3346 5272 3718 5344 sequentibus

2093 5368 2322 5425 Parisiis
2344 5366 2599 5422 docuisse
2630 5364 2990 5433 admittatur,
3011 5364 3072 5419 in
3096 5363 3210 5419 otio
3237 5358 3714 5429 duxerit,ibidem

2095 5475 2228 5514 eum
2255 5452 2681 5522 tuncdocuisse,
2705 5451 3142 5510 concludinulla
3154 5450 3328 5505 modo
3358 5450 3566 5521 potest.
3588 5450 3713 5503 1100

2094 5560 2228 5604 vero
2259 5545 2532 5601 Sanctum
2565 5560 2684 5601 non
2714 5544 2943 5599 tantum
2977 5558 3094 5598 non
3122 5542 3280 5613 tunc,
3315 5536 3415 5593 sed
3443 5540 3555 5623 000
3580 5553 3713 5594 um-
