4122 6058
228 163 297 228 97
1801 168 1985 227 ACTA
3496 167 3564 232 98

223 309 404 371 quam
419 292 562 351 alias
578 290 805 349 Parisiis
828 288 1107 361 docuisse,
1134 291 1637 351 verosimillimum
1671 309 1847 368 appa-
1865 300 1919 361 Α
1948 290 2200 349 Francia:
2230 308 2479 367 regnum
2504 290 2724 363 habuit,
2753 310 3064 368 quamque,
3107 291 3168 353 ni
3207 294 3432 356 Parisiis
3463 297 3562 357 do-

223 386 478 441 ret.'l'res
491 384 647 439 enim
664 382 969 454 scriptores
982 382 1418 453 synchroni,aut
1434 388 1588 440 certe
1601 384 1773 439 coaevi
1783 383 1848 451 ,is

223 474 461 539 scilicet,
494 472 594 546 qui
611 475 860 544 quatuor
891 470 1217 541 primorum
1242 472 1553 527 Carthusize
1584 472 1846 545 priorum

224 561 554 617 Chronicon
601 558 912 626 contexuit,
946 558 1248 614 Guibertus
1298 561 1369 615 de
1414 561 1754 633 Novigento,
1792 564 1848 614 et

219 649 388 705 Tituli
418 649 702 715 funebris,
737 649 889 703 inter
920 648 1281 704 recudendos
1312 652 1432 715 173,
1452 668 1565 722 quo
1600 650 1844 719 Regula-

218 756 311 793 res
343 737 629 793 Noliensis
659 737 716 791 S.
743 736 1023 790 Vincentii
1058 736 1308 792 ecclesiae
1341 738 1601 794 canonici
1634 738 1844 792 Sancto

216 828 630 898 parentarunt,
664 827 884 889 auctor,
918 825 1093 880 fuisse
1124 825 1285 879 illum
1312 824 1429 895 (adi
1460 844 1621 881 num.
1644 833 1696 893 7,
1724 828 1843 892 114,

217 919 275 969 et
301 912 395 984 43)
419 914 676 969 ecclesiae
703 912 1001 968 Remensis
1028 913 1356 968 scholarum
1381 915 1724 986 magistrum
1747 917 1848 968 aut

215 1003 496 1069 innuunt,
558 1005 658 1056 aut
720 1002 831 1056 hoc
883 1001 1124 1057 nomine
1180 1003 1391 1057 diserte
1461 1003 1842 1074 distinguunt,

218 1114 247 1141 ιι
269 1092 614 1146 scholarum
627 1109 657 1142 >>
672 1090 850 1145 etiam
882 1111 909 1139 ‹‹
931 1089 1339 1145 Parisiensium
1358 1091 1654 1163 magistri»
1680 1092 1844 1146 titulo

214 1180 500 1236 eumdem
518 1179 949 1235 verosimillime
983 1178 1323 1245 distincturi,
1355 1179 1399 1233 si
1432 1180 1533 1234 has
1566 1197 1843 1252 umquam

210 1269 332 1334 ille,
386 1271 453 1323 ut
506 1269 845 1334 Remenses,
891 1266 1200 1322 docuisset.
1235 1268 1467 1322 Accedit
1500 1267 1642 1322 nihil
1674 1270 1845 1340 plane

212 1358 373 1431 apud
406 1357 719 1428 antiquum
765 1355 945 1410 ullum
984 1354 1141 1426 paris
1179 1356 1534 1410 auctoritatis
1587 1373 1651 1411 ac
1710 1356 1842 1411 fidei

210 1446 567 1519 scriptorem
601 1444 825 1516 uspiam
856 1442 1120 1510 inveniri,
1140 1444 1293 1498 unde
1316 1444 1590 1499 Sanctum
1619 1444 1843 1499 Parisiis

214 1550 509 1606 umquam
541 1532 820 1599 docuisse,
853 1548 1085 1603 quoquo
1118 1533 1294 1587 modo
1343 1532 1415 1586 sit
1462 1550 1838 1605 consequens.

1947 382 2172 450 cuisset,
2202 384 2531 438 habiturum
2555 401 2687 438 eum
2725 402 2840 440 non
2867 385 3057 451 fuisse,
3078 390 3358 455 autumat,
3377 389 3561 444 nomi-

1948 470 2037 524 nis
2066 472 2437 539 celebritatae,
2470 476 2594 527 tum
2626 490 2689 527 ex
2730 473 2971 544 ingenti,
3017 491 3143 546 quae
3175 475 3365 531 eidem
3394 478 3558 533 fune-

1948 558 2138 614 brium
2152 559 2471 615 Titulorum
2488 562 2861 634 inscriptione
2879 566 3282 634 parentarunt,
3316 583 3560 638 quasque

1947 646 2131 715 illum,
2166 647 2223 701 ni
2242 649 2468 703 Parisiis
2486 650 2785 716 docuisset,
2811 651 3038 722 speciali
3057 653 3232 707 modo
3245 655 3560 725 cogniturae

1949 736 2358 807 magistrumve
2390 738 2670 792 habiturae
2696 739 2886 805 fuisse,
2920 756 3035 793 non
3068 740 3354 807 videntur,
3389 744 3565 798 eccle-

1948 824 2161 878 siarum
2193 826 2793 900 monasteriorumque
2826 827 3191 882 multitudine
3223 830 3560 901 conjiciens,

1949 917 2045 967 aut
2066 915 2241 968 etiam
2276 916 2650 969 contendens.
2679 917 2891 970 Verum
2917 934 3035 970 non
3064 917 3228 973 video
3260 936 3359 973 cur
3390 919 3565 975 Sanc-

1946 1005 2056 1067 tus,
2090 1003 2313 1057 etiamsi
2348 1020 2665 1075 numquam
2704 1004 2948 1071 Parisiis,
2976 1006 3280 1078 Remisque
3312 1011 3563 1064 tantum-

1946 1091 2121 1145 modo
2163 1092 2465 1159 docuisset,
2484 1092 2769 1163 insignem
2792 1093 3094 1165 illam,qua
3106 1111 3209 1165 per
3230 1095 3557 1152 universum

1947 1180 2197 1233 Francia:
2232 1197 2495 1252 regnum,
2532 1181 2651 1236 imo
2686 1199 2788 1253 per
2820 1183 3009 1252 plures
3042 1182 3218 1237 etiam
3251 1189 3411 1239 extra
3451 1186 3561 1241 hoc

1944 1268 2078 1322 sitas
2110 1268 2429 1341 provincias
2460 1270 2571 1323 late
2591 1269 2877 1335 inclaruit,
2910 1271 3141 1325 nomilis
3164 1273 3560 1329 celebritatem

1945 1356 2241 1428 acquirere
2268 1357 2602 1429 nequiisset,
2638 1358 2929 1430 Numquid
2956 1375 3123 1413 nona
3152 1361 3355 1415 coaevis
3376 1359 3558 1417 Chro-

1944 1444 2055 1499 uici
2086 1446 2493 1512 Malleacensis,
2526 1447 2973 1518 Fragmentique
3006 1447 3282 1515 historici,
3324 1466 3358 1503 a
3409 1451 3559 1504 tem-

1944 1550 2083 1605 pore
2132 1534 2366 1588 Roberti
2405 1534 2477 1587 ad
2520 1534 2765 1606 Philippi
2816 1536 2971 1606 regis
3019 1540 3271 1591 mortem
3306 1536 3557 1604 deducti,

291 1626 416 1678 167.
439 1623 513 1676 At
527 1637 662 1675 vero
677 1620 987 1674 Annalium
1002 1620 1635 1677 Carthusiensiumlibri
1655 1622 1843 1694 quarti
1871 1625 1921 1683 B
1942 1622 2316 1693 scriptoribus
2349 1622 2463 1691 (adi
2492 1640 2654 1677 num.
2684 1624 2744 1677 41
2792 1626 2848 1677 et
2875 1623 3019 1695 seq.)
3059 1646 3086 1674 «
3114 1625 3558 1698 Remensisiiap-

210 1712 498 1766 hactenus
520 1726 639 1764 non
656 1709 871 1781 vulgati
886 1711 1087 1763 auctor
1117 1726 1462 1781 anonymus,
1500 1710 1843 1780 conjecturis

212 1800 400 1854 tribus
420 1798 675 1863 diversis,
692 1797 918 1870 quibus,
956 1798 1289 1852 Brunoncm
1308 1797 1532 1851 Parisiis
1562 1797 1837 1865 docuisse,

212 1887 483 1960 Egassius
499 1887 724 1941 Bulaeus
765 1885 1491 1958 (adi,qumhucspectantia
1522 1903 1683 1940 num.
1719 1889 1838 1953 112,

211 1994 381 2048 seqq.
401 1979 462 2030 et
478 1974 614 2029 alibi
629 1973 781 2029 dicta
797 1975 949 2043 sunt)
970 1990 1279 2045 perperam
1297 1974 1615 2042 contendit,
1651 1974 1709 2027 in
1724 1991 1843 2029 me-

212 2065 377 2120 dium
395 2062 766 2129 adductis,ita
778 2062 1186 2117 ratiocinatur:
1211 2062 1521 2126 «Quartam
1542 2079 1842 2135 possumus

211 2154 432 2208 addere
455 2152 1170 2223 conjecturam,sumptam
1184 2168 1248 2205 ex
1270 2151 1467 2205 Titulis
1481 2151 1838 2219 funebribus,

211 2242 424 2314 quibus
448 2239 561 2311 piae
587 2239 770 2294 sancti
805 2240 1089 2294 Brunonis
1140 2240 1439 2294 memoria:
1472 2242 1843 2312 parentatum

211 2333 299 2383 est
314 2330 391 2384 ab
426 2327 698 2383 omnibus
730 2327 851 2393 fere
881 2326 1130 2381 ecclesiis
1154 2330 1214 2381 et
1250 2327 1618 2382 monasteriis
1645 2327 1845 2382 Gallia-

211 2434 368 2471 rum.
406 2416 515 2480 Qui
549 2414 708 2470 enim
750 2414 871 2469 ﬁeri
908 2417 1097 2486 potest
1137 2418 1200 2469 ut
1243 2416 1337 2469 Vir
1368 2432 1473 2487 per
1512 2416 1843 2471 universum

210 2496 473 2559 Francia
502 2520 754 2575 regnum
784 2502 1232 2574 spectatissimus
1259 2507 1316 2557 et
1348 2494 1844 2558 uominatissimus

208 2611 279 2648 ac
317 2594 378 2648 in
405 2592 656 2647 ecclesiis
686 2591 949 2662 ejusdem
982 2591 1148 2662 regni
1201 2592 1285 2661 (ut
1338 2592 1474 2646 dicit
1519 2592 1840 2664 Guibertus)

210 2680 651 2753 opinatissimus
695 2679 959 2746 evaserit,
1019 2679 1498 2751 quandoquidem
1551 2681 1704 2734 istud
1753 2681 1843 2735 vix

213 2769 396 2825 asseri
422 2770 577 2823 valet
603 2768 673 2823 de
702 2767 971 2822 Remensi
1004 2768 1321 2834 academia,
1379 2768 1516 2840 quin
1549 2768 1737 2840 potius
1770 2769 1842 2823 de

214 2857 529 2914 Parisieusi
585 2856 966 2928 intelligatur,
1026 2857 1100 2911 ad
1139 2873 1335 2928 quam,
1376 2858 1530 2911 velut
1559 2857 1725 2928 regni
1758 2874 1843 2911 se-

1944 1711 2208 1783 peliatur,
2243 1711 2397 1782 quod
2438 1710 2503 1765 iis
2534 1728 2599 1765 ex
2632 1711 2884 1766 nominis
2924 1712 3101 1778 fama,
3151 1729 3327 1784 quam
3366 1713 3559 1769 Remis

1942 1802 2066 1852 tum
2094 1799 2384 1863 discendo,
2420 1802 2541 1853 tum
2571 1799 2832 1854 docendo
2853 1817 2915 1853 ac
2943 1800 3100 1854 varia
3114 1801 3314 1854 munia
3333 1802 3554 1857 obeun-

1943 1886 2016 1941 do
2048 1886 2418 1957 acquisiisset,
2454 1886 2616 1942 unice
2650 1887 2768 1941 fere
2792 1891 2960 1942 notus
2994 1892 3141 1942 esset
3169 1888 3197 1942 ?

2016 1976 2135 2029 169.
2197 1974 2459 2029 Similine
2485 1974 2660 2028 etiam
2685 1976 2833 2030 forte
2850 1976 2921 2029 de
2943 1992 3131 2043 causa,
3157 1970 3555 2032 velutiuPari-

1940 2063 2159 2129 siensis,
2180 2084 2206 2111 »
2230 2067 2399 2117 notus
2415 2063 2586 2117 fuerit
2608 2063 2635 2117 ?
2670 2062 2725 2117 Si
2767 2063 3022 2118 afﬁrmes
3048 2065 3388 2136 scriptorem
3416 2066 3563 2122 anti-

1942 2168 2119 2223 quum
2134 2152 2505 2224 probatusque
2521 2152 2754 2205 ﬁdeivel
2778 2169 3020 2221 unum,a
3036 2153 3554 2225 quoiiParisiensis»

1943 2243 2194 2306 vocetur,
2231 2239 2507 2312 assignari
2534 2241 2781 2312 postulo;
2802 2241 2957 2312 quod
2985 2241 3029 2295 si
3061 2241 3140 2308 id,
3179 2245 3241 2296 ut
3262 2246 3416 2297 certe
3441 2260 3559 2299 non

1942 2328 2384 2401 poteris,facere
2430 2344 2546 2382 non
2580 2329 2780 2400 possis,
2814 2330 2966 2384 unde
2997 2330 3258 2397 tandem,
3295 2348 3408 2402 qua
3422 2329 3561 2385 San-

1943 2420 2065 2470 ctus
2110 2416 2396 2482 inclaruit,
2444 2417 2696 2471 nominis
2742 2414 3135 2472 celebritatem
3166 2417 3413 2484 Parisiis,
3438 2435 3557 2475 non

1944 2509 2138 2559 autem
2192 2504 2404 2570 Remis,
2455 2505 2714 2559 docendo
2775 2523 2907 2560 eum
2951 2506 3245 2578 requirere
3297 2506 3559 2562 debuisse

1943 2593 2260 2665 probabis?
2290 2593 2501 2647 Adhazc
2533 2595 2722 2648 Bruno
2761 2612 2827 2648 ex
2863 2594 3127 2648 unanimi
3182 2594 3303 2649 fere
3356 2612 3558 2651 eorum

1943 2681 2205 2735 omnium
2238 2698 2539 2748 consensu,
2572 2699 2604 2735 a
2637 2682 2842 2753 quibus
2864 2682 3093 2737 Parisiis
3124 2683 3380 2737 docuisse
3414 2700 3561 2738 asse-

1942 2769 2109 2836 ritur,
2138 2768 2198 2823 id
2229 2769 2304 2823 ibi
2325 2786 2532 2823 munus
2566 2786 2683 2824 non
2727 2773 2863 2824 ante
2895 2788 3115 2825 annum
3147 2771 3372 2825 circiter
3399 2775 3555 2838 1076,

1944 2874 2057 2928 quo
2094 2874 2163 2911 ex
2197 2858 2360 2911 dictis
2400 2858 2474 2912 ob
2515 2857 2812 2930 improbos
2859 2859 3127 2913 Manassis
3180 2877 3373 2914 mores
3416 2861 3559 2915 urbe

214 2948 351 3002 dem
387 2948 449 3000 et
472 2945 726 2999 Francia:
754 2945 1142 2999 meditullium
1172 2949 1230 2999 et
1259 2945 1703 2999 celeberrimum
1727 2962 1845 2999 em-
1867 2916 1913 2975 Ο
1945 2946 2215 3000 Remensi
2271 2946 2526 3012 excessit,
2562 2946 2721 3000 obire
2762 2946 2979 3019 incepit
3012 2965 3026 3015 ;
3075 2950 3132 3018 et
3162 2951 3358 3002 tamen
3409 2949 3557 3002 cele-

216 3035 459 3106 porium
491 3037 549 3087 et
569 3033 1005 3088 academiarum
1028 3033 1506 3104 reginam,magis
1520 3050 1843 3104 congruum

212 3123 544 3186 videbatur,
572 3120 635 3175 ut
662 3124 750 3175 tot
769 3121 940 3176 amici
972 3125 1028 3175 et
1060 3121 1347 3193 discipuli,
1381 3121 1475 3192 qui
1525 3121 1649 3191 ejus
1676 3121 1842 3175 fune-

214 3211 342 3266 bria
373 3210 777 3275 ’celebraruut,
823 3209 1234 3265 conﬂuerent?
1286 3211 1364 3265 De
1395 3209 1642 3264 ecclesiis
1674 3226 1842 3263 nam-

215 3316 331 3372 que
358 3299 744 3370 suﬂ‘raganeis
765 3302 824 3353 et
854 3298 1220 3353 monasteriis
1260 3298 1563 3370 provincize
1592 3299 1843 3351 Remen-

215 3388 291 3443 sis
327 3404 453 3442 non
514 3391 601 3442 est
649 3386 913 3453 dubium,
956 3404 1159 3442 eorum
1213 3387 1480 3440 alumnos
1520 3387 1713 3440 Remis
1743 3387 1845 3439 sub

216 3479 498 3533 Brunone
543 3475 745 3531 studiis
788 3476 1111 3530 litterarum
1160 3475 1501 3530 incubuisse.
1538 3476 1681 3528 Cum
1713 3490 1845 3529 vero

218 3564 564 3621 lectitantur
596 3566 836 3619 remota:
876 3581 1120 3636 qumque
1160 3564 1411 3618 ecclesia:
1461 3564 1583 3633 ejus
1627 3563 1847 3617 obitum

222 3653 499 3709 lamentis
546 3655 605 3705 et
634 3651 862 3707 fletibus
894 3654 1231 3725 prosecutae,
1280 3652 1478 3723 quales
1532 3652 1694 3705 fuere
1731 3652 1846 3704 An-

222 3743 495 3814 glicanas,
549 3740 914 3807 Britannicae,
967 3740 1348 3806 Normanicae,
1382 3739 1712 3804 Pictonicze,
1744 3740 1851 3793 Tu-

223 3830 466 3895 roniczc,
501 3828 819 3900 Sequaneas
848 3832 904 3883 et
935 3829 1061 3883 aliae
1086 3828 1373 3900 plurimm,
1408 3828 1717 3883 absurdum
1746 3845 1848 3899 pu-

222 3922 418 3972 tamus
458 3916 649 3971 dicere
685 3932 889 3971 omnes
934 3918 1142 3971 harum
1178 3917 1545 3971 ecclesiarum
1588 3918 1853 3971 alumnos

224 4006 426 4062 Remis
457 4005 714 4060 eruditos
742 4006 935 4073 fuisse,
968 4022 1099 4060 cum
1131 4006 1242 4061 hoc
1280 4005 1468 4077 magis
1491 4005 1659 4075 juxta
1690 4021 1853 4058 men—

220 4097 347 4150 tem
378 4093 558 4148 Bulzei
590 4094 851 4149 videatur
866 4110 1185 4167 congruere
1211 4094 1484 4149 Parisinae
1518 4092 1849 4159 academiaa,

224 4184 299 4239 ad
331 4199 515 4256 quam
544 4182 853 4254 aliquando
879 4185 1188 4238 translatus
1207 4182 1414 4237 fuerat.
1433 4203 1462 4231 »

303 4274 431 4327 168.
464 4270 610 4325 «Sed
624 4271 763 4342 quid
778 4271 1035 4326 dicemus
1068 4272 1138 4326 de
1156 4271 1407 4325 ecclesiis
1422 4270 1852 4337 Parisiensibus,

229 4374 363 4430 quae
381 4358 608 4413 obitum
631 4357 815 4412 sancti
830 4359 1298 4430 Brunonis,quasi
1314 4359 1416 4413 viri
1440 4358 1742 4425 notissimi,
1762 4375 1854 4412 ce-

227 4446 492 4502 lebribus
506 4446 854 4516 planxerunt
867 4446 1091 4518 elogiis,
1120 4447 1384 4501 videlicet
1403 4446 1642 4501 ecclesia
1662 4447 1854 4500 cathe-

227 4534 414 4591 dralis
438 4536 652 4588 sanctae
668 4533 878 4601 Mariae,
894 4534 1140 4589 Abbatia
1166 4535 1351 4589 sancti
1370 4534 1648 4606 Maglorii,
1679 4535 1855 4589 abba-

225 4624 317 4679 tia
346 4622 532 4677 sancti
577 4622 847 4676 Germani
876 4621 947 4676 de
979 4623 1184 4690 Pratis,
1244 4623 1484 4677 abbatia
1523 4623 1702 4678 sancti
1733 4623 1861 4677 Dio-

226 4709 649 4783 nysii,abbatia
658 4709 839 4764 sancti
851 4710 1025 4766 Mauri
1042 4711 1388 4765 Fossatensis
1412 4715 1470 4766 et
1486 4711 1716 4766 abbatia
1727 4729 1856 4766 san-

228 4799 309 4854 cti
341 4798 495 4852 Petri
532 4797 985 4853 Latiniacensis?
1014 4798 1216 4853 Nonne
1242 4798 1631 4873 incongruum
1662 4804 1765 4866 est,
1796 4804 1858 4854 ut

230 4889 327 4940 tot
344 4885 556 4952 clerici,
589 4888 791 4958 totque
819 4885 1110 4954 monachi,
1156 4888 1312 4942 intra
1347 4886 1573 4942 fontem
1603 4887 1860 4942 scientia-

232 4988 377 5030 rum
414 4973 690 5029 Parisinus
746 4975 1059 5030 academia:
1097 4975 1413 5042 constituti,
1472 4975 1546 5030 ad
1603 4977 1858 5030 exteram

237 5060 539 5116 dioecesim
570 5077 676 5134 pro
696 5062 1061 5133 capessendis
1081 5064 1330 5118 scientiis
1361 5062 1602 5134 profecti
1618 5062 1859 5117 fuerint?

247 5149 323 5203 Et
350 5149 507 5220 quod
537 5149 608 5204 de
643 5149 1055 5207 Parisiensibus
1088 5152 1348 5218 dicimus,
1377 5151 1437 5206 id
1482 5150 1668 5224 ipsum
1695 5156 1863 5206 testa-

239 5253 383 5292 mur
412 5235 485 5290 de
518 5239 739 5293 caeteris
762 5240 1145 5295 remotiorum
1187 5238 1586 5296 coenobiorum
1639 5238 1864 5309 religios

239 5325 342 5391 sis,
359 5340 509 5396 quos
539 5326 767 5381 Parisiis
797 5327 1003 5398 potius,
1037 5345 1211 5400 quam
1242 5327 1438 5382 Remis
1473 5328 1684 5383 erudiri
1721 5343 1866 5399 pra:-

242 5412 461 5468 stabal.
494 5433 525 5461 ››
580 5414 662 5469 [ta
688 5413 805 5483 ille,
839 5416 1113 5471 Sanctum
1148 5414 1381 5472 Parisiis
1413 5415 1687 5485 docuisse,
1724 5417 1867 5489 prai-

245 5499 421 5575 cipue
479 5505 603 5560 tum
676 5520 743 5561 ex
818 5503 1079 5578 insigni,
1143 5520 1320 5578 quam
1374 5520 1477 5574 per
1537 5506 1866 5563 universum

1944 3033 2181 3089 berrimi
2217 3033 2413 3099 etiam,
2444 3037 2757 3106 antequam
2801 3036 2943 3089 urbe
2983 3036 3272 3102 Remensi,
3315 3040 3560 3108 cogente

1944 3122 2217 3187 Manasse,
2282 3122 2540 3189 excessit,
2604 3123 2982 3195 nondumque
3027 3123 3271 3195 proinde
3332 3125 3559 3179 Parisiis

1948 3211 2242 3276 docuerat,
2286 3210 2541 3264 nominis
2590 3211 2886 3279 exstitisse,
2921 3229 2954 3265 a
2984 3212 3254 3267 Guiberto
3287 3213 3359 3267 de
3397 3213 3562 3268 Novi-

1946 3302 2143 3370 gento,
2179 3303 2413 3353 auctore
2445 3299 3072 3367 coa3v0,dissertissime
3098 3299 3361 3355 traditur.
3390 3302 3560 3357 «Bru-

1947 3403 2044 3453 no,
2107 3386 2293 3458 inquit
2347 3386 2402 3441 in
2464 3387 2589 3441 Vita
2640 3404 2742 3441 sua
2789 3387 2887 3441 lib.
2926 3405 2963 3454 ι,
3011 3406 3135 3459 cap.
3184 3394 3271 3455 11,
3319 3410 3346 3439 ‹‹
3376 3389 3433 3443 in
3477 3407 3564 3444 ec-

1946 3474 2321 3529 clesiisGallim
2346 3478 2483 3528 tunc
2517 3477 2667 3545 (cum
2681 3476 2960 3530 Manasses
2981 3476 3193 3531 scilicet
3217 3477 3562 3533 Remensem

1950 3563 2240 3617 civitatem
2291 3566 2425 3617 ante
2459 3563 2652 3618 Sancti
2691 3582 2758 3618 ex
2807 3565 2917 3618 hac
2948 3564 3255 3619 discessum
3299 3566 3563 3622 nefandis

1950 3651 2062 3705 suis
2094 3651 2352 3705 moribus
2384 3651 2595 3705 misere
2628 3653 2929 3723 afﬂigeret)
2964 3653 3391 3724 opinatissimus
3431 3672 3561 3709 cum

1949 3740 2073 3794 aliis
2113 3738 2458 3810 quibusdam
2495 3740 2866 3793 Remensium
2898 3741 3239 3795 clericorum
3275 3742 3565 3798 nobilibus

1952 3827 2181 3883 infamis
2224 3826 2371 3880 illius
2404 3827 2686 3898 (Manassis
2716 3828 3014 3900 nimirum)
3066 3829 3193 3883 odio
3226 3829 3460 3884 excessit
3490 3832 3560 3885 ab

1952 3917 2113 3982 urbe,
2139 3937 2164 3964 n
2201 3915 2471 3970 Remensi
2504 3932 2735 3989 nempe.
2762 3916 3035 3970 Sanctum
3062 3916 3275 3987 itaque,
3305 3918 3564 3989 quamvis

1952 4004 2126 4059 etiam
2151 4003 2373 4058 Parisiis
2406 4021 2722 4075 numquam
2747 4005 3044 4072 docuisset,
3061 4004 3565 4078 ingentem,quam

1952 4093 2059 4148 sibi
2082 4093 2326 4166 peperit,
2381 4093 2634 4148 nominis
2691 4093 3086 4148 celebritatem
3127 4094 3422 4166 acquirere
3471 4114 3569 4169 po-

1880 4208 1933 4266 D
1954 4180 2146 4247 tuisse,
2196 4180 2279 4234 illi
2319 4181 2608 4253 ipsiet-iam
2642 4182 2763 4235 fere
2790 4199 3011 4247 omnes,
3056 4182 3152 4253 qui
3184 4199 3318 4237 eum
3343 4185 3569 4242 Parisiis

1956 4269 2199 4324 docendi
2233 4286 2472 4323 munere
2502 4272 2763 4324 iunctum
2800 4271 3017 4335 volunt,
3051 4270 3266 4325 debent
3304 4272 3570 4329 admitte-

1955 4375 2038 4413 re.
2075 4358 2305 4413 Accedit
2345 4358 2502 4429 quod
2533 4361 2589 4411 et
2621 4358 2707 4425 iis,
2752 4359 2847 4430 qui
2893 4359 3189 4423 Sanctum,
3234 4360 3567 4434 priusquam

1956 4446 2151 4502 Remis
2193 4446 2296 4500 sub
2336 4446 2590 4501 Manasse
2650 4447 2971 4513 excederet,
3032 4448 3259 4502 Parisiis
3312 4449 3567 4507 docuisse

1958 4535 2335 4600 contendunt,
2373 4534 2711 4605 responderi
2738 4538 2946 4606 potest,
2992 4536 3322 4591 Brunoncm
3354 4555 3385 4592 e
3415 4541 3567 4608 solis,

1958 4640 2101 4696 quos
2158 4621 2500 4695 composuit,
2560 4622 2960 4678 eruditissimis
3001 4623 3061 4677 in
3122 4626 3377 4680 Psalmos
3421 4630 3477 4681 et
3506 4628 3567 4683 S.

1959 4711 2117 4767 Pauli
2156 4711 2432 4782 Epistolas
2493 4710 2957 4778 Commentariis,
3013 4713 3288 4767 latissime
3345 4714 3567 4779 forsan,

1958 4815 2090 4855 cum
2122 4798 2283 4864 obiit,
2300 4799 2425 4869 jam
2461 4798 2719 4870 vulgatis,
2756 4799 3119 4855 celeberrimi
3164 4799 3414 4856 nominis
3446 4817 3575 4857 esse

1958 4887 2227 4961 potuisse,
2257 4887 2360 4941 etsi
2384 4886 2621 4941 interim
2656 4904 2775 4942 non
2803 4887 3047 4955 Parisiis,
3086 4887 3203 4943 imo
3236 4900 3343 4941 nec
3376 4885 3591 4941 Remis

1959 4992 2216 5049 unquam
2239 4975 2543 5030 docuisset.

2032 5064 2155 5120 170.
2191 5063 2355 5128 Quod
2378 5064 2551 5119 modo
2575 5065 2649 5119 ad
2682 5064 3004 5135 ingentem,
3033 5079 3161 5133 quas
3186 5060 3480 5139 Sanctum
3498 5059 3645 5112 fu.

1961 5151 2229 5207 nebrium
2252 5151 2571 5206 Titulorum
2604 5152 2982 5224 inscriptione
3003 5147 3683 5209 celebrarunt,eccle—

1964 5239 2179 5294 siarum
2210 5239 2719 5312 cmnobiorumque
2736 5238 3175 5294 multitudinem
3190 5233 3553 5304 speetat,ce
3562 5240 3733 5312 11‘:

1965 5344 2212 5398 sequens
2241 5345 2310 5383 ex
2358 5329 2461 5381 hac
2502 5344 2620 5382 non
2652 5331 2741 5380 est
2771 5330 2832 5381 ut
2856 5344 2974 5382 non
3005 5328 3246 5381 tantum
3285 5316 3529 5388 filum,

1970 5418 2028 5471 et
2047 5416 2275 5487 speciali
2293 5413 2546 5488 quodam
2581 5414 2779 5484 modo,
2814 5414 2872 5469 ni
2900 5416 3166 5472 laudatus
3213 5404 3689 5468 Cal'tus‘xaml

1977 5520 2302 5578 auouymus
2320 5502 2461 5560 velle
2472 5501 2718 5573 videtur,
2742 5505 2989 5564 Sanctus
3003 5511 3210 5566 noster
3253 5495 3375 5554 iis
3394 5488 3739 5559 omni“,

3551 5294 3811 5374 sea"

3696 5381 3863 5428 5'-
