4122 6058
441 246 506 311 99
1290 240 1348 301 s.
1381 235 1727 320 BRuNoms
1774 232 2406 296 CARTHUSIANORUM
2449 230 2920 298 INSTITUTORIS

3671 232 3776 295 100

434 385 604 439 notus
627 375 820 445 fuerit,
847 373 1191 448 magisterve
1214 370 1510 439 exstiterit,
1545 367 1773 425 Etenim
1815 383 1931 422 non
1964 382 2053 421 so-
2071 370 2127 429 Α
2154 366 2441 422 extraneis
2466 366 2921 442 alienigenisque
2950 364 3477 441 frequentabantur
3507 380 3523 435 ;
3568 380 3772 439 quare,

433 474 524 539 lis,
558 469 762 543 quibus
790 466 892 523 tali
937 464 1110 520 modo
1162 466 1330 518 notus
1383 464 1549 524 esset,
1584 457 1927 529 magisterve
1964 471 2054 509 ex-

435 563 687 627 stitisset,
723 556 971 612 ecclesiis
1004 551 1483 622 monasteriisque
1519 553 1772 604 mortem
1803 548 1926 617 ejus
1958 561 2049 598 re-

436 649 621 724 ligiosi
651 645 967 703 Calabrinze
1007 640 1307 696 carthusize
1342 656 1441 694 seu
1465 637 1645 692 eremi
1680 636 2051 704 incolze,pre-

437 759 529 797 ces
562 756 664 811 pro
700 734 952 791 del‘uucti
987 732 1184 787 anima
1214 729 1565 802 ﬂagitantes,
1611 724 2049 780 annuntiavere.

439 830 643 902 Liquet
674 826 729 881 id
761 842 827 879 ex
844 822 1162 894 encyclicm,
1183 837 1296 891 qua
1324 819 1431 872 hoc
1463 817 1743 882 fecerunt,
1798 812 2053 902 epistola:

439 899 624 983 initio,
660 931 793 986 quo,
829 912 1034 984 quibus
1065 910 1187 963 haec
1213 906 1530 961 destinetur
1559 907 1660 958 aut
1690 903 1763 957 ad
1794 917 1936 973 quos
1960 899 2056 952 de-

439 1005 679 1062 ferenda
727 1001 817 1067 sit,
852 998 1036 1053 verbis
1065 995 1434 1068 sequentibus
1462 993 1720 1047 innuitur
1754 1008 1766 1045 :
1804 1011 1834 1042 «
1860 988 2052 1044 Primo

439 1096 588 1161 loco,
609 1108 781 1164 quem
796 1089 1106 1161 primatem
1132 1089 1188 1138 et
1209 1085 1379 1154 caput
1408 1083 1463 1137 in
1490 1080 1726 1135 ecclesia
1746 1077 2051 1142 credimus,

443 1186 500 1238 et
531 1180 896 1243 confitemur,
912 1173 1239 1247 apostolicae
1252 1171 1399 1225 sedis
1420 1170 2055 1242 praesulemdotamque

439 1272 600 1327 illam
631 1266 1012 1340 principalem
1044 1262 1263 1316 curiam
1311 1259 1562 1314 humiles
1603 1258 1862 1312 eremita:
1899 1256 2059 1311 Cala-

438 1360 580 1417 briae
610 1353 948 1412 monasterii
974 1354 1183 1406 sanctae
1216 1348 1313 1404 Dei
1338 1347 1627 1419 genitricis
1656 1345 1864 1411 Mariae,
1899 1345 2058 1414 cujus

439 1448 715 1505 fundator
746 1447 909 1515 pater
936 1443 1126 1495 Bruno
1149 1440 1255 1493 fuit
1282 1442 1339 1493 et
1371 1439 1659 1509 praelatus,
1696 1436 1834 1490 dum
1857 1434 1917 1489 in
1940 1451 2059 1488 car-

442 1556 517 1594 ne
547 1537 780 1599 viveret,
812 1531 1005 1587 debita
1036 1527 1390 1598 subjectione
1410 1528 1824 1580 veneramuret
1848 1524 2057 1577 saluta-

444 1643 594 1691 mus,
622 1621 918 1692 sanctique
950 1616 1132 1673 Patris
1164 1614 1345 1670 nostri
1379 1614 1601 1669 obitum
1633 1611 1816 1684 pridie
1869 1611 2060 1664 Nonas

2154 472 2283 509 cum
2317 455 2576 525 Sanctus,
2611 458 2750 512 dum
2792 474 3091 512 summum
3142 456 3515 512 Remensium
3550 455 3774 511 schola-

2154 562 2283 600 rum
2311 546 2666 600 didascalum
2699 549 2917 616 ageret,
2951 546 3228 601 doctrina:
3249 546 3430 614 fama,
3465 545 3547 600 uti
3581 561 3647 599 ex
3678 561 3772 598 su-

2155 653 2260 707 pra
2300 636 2461 690 dictis
2489 636 2623 690 satis
2654 636 2852 707 liquet,
2890 652 3005 691 non
3048 638 3235 692 solum
3286 652 3392 707 per
3441 635 3774 689 universam

2153 725 2414 792 Galliam,
2447 742 2649 780 verum
2682 726 2857 781 etiam
2889 742 2991 797 per
3016 728 3207 797 plures
3229 728 3484 780 remotas
3504 724 3776 795 regiones

2155 815 2292 869 alias
2332 814 2739 870 celeberrimus
2769 815 3066 882 exstiterit,
3121 814 3504 869 dubitandum
3536 829 3656 868 non
3687 815 3777 867 est

2156 904 2294 975 quin
2329 905 2401 958 ad
2439 921 2561 958 sese
2612 905 2822 959 Remos
2853 903 3151 959 attraxerit
3204 902 3640 957 multitudinem
3681 902 3773 955 in-

2155 997 2389 1063 gentem
2421 1009 2537 1047 non
2567 993 2742 1047 modo
2787 992 3216 1064 indigenarum,
3249 1007 3447 1045 verum
3483 990 3659 1045 etiam
3683 1007 3779 1045 ex-

2156 1088 2493 1137 traneorum
2542 1082 3137 1155 alienigenarumque,
3191 1096 3304 1152 quo
3337 1080 3441 1134 sub
3473 1078 3774 1135 clarissimi

2157 1170 2409 1225 nominis
2434 1171 2711 1243 magistro
2744 1171 2946 1226 litteris
2976 1185 3216 1244 operam
3250 1170 3478 1224 darent.

2229 1256 2352 1314 172.
2377 1261 2561 1331 Atque
2575 1277 2640 1314 ex
2658 1258 3044 1330 hisimprimis
3080 1257 3342 1313 Odonem
3360 1274 3459 1313 seu
3474 1256 3743 1312 Ottonem
3756 1299 3772 1323 ,

2156 1363 2452 1401 summum
2469 1352 2668 1419 postea
2688 1351 2790 1403 sub
2832 1346 3046 1403 Urbani
3075 1348 3120 1401 Il
3143 1346 3383 1401 nomine
3410 1345 3773 1416 pontificem,

2160 1438 2475 1492 Robertum
2498 1454 2532 1491 a
2555 1437 2905 1509 Burgundia,
2940 1437 3366 1508 Lingonensem
3408 1434 3768 1506 episcopum,

2159 1525 2412 1596 aliosque
2443 1528 2560 1580 tres
2590 1525 2738 1580 viros
2759 1525 3024 1590 illustres,
3054 1527 3081 1593 §
3107 1541 3140 1578 v
3161 1523 3491 1591 recensitos,
3525 1521 3770 1578 exstitis-

2159 1630 2218 1668 se
2249 1613 2510 1669 existimo
2536 1617 2656 1668 tum
2689 1614 2762 1668 ob
2783 1614 2911 1684 jam
2944 1613 3117 1679 dicto,
3149 1615 3274 1667 tum
3308 1612 3463 1684 quod
3492 1611 3631 1665 nihil
3651 1612 3773 1684 pla-

443 1687 702 1770 Octobris
732 1687 1179 1772 denuntiamus,
1198 1707 1258 1757 ut
1300 1702 1522 1756 meritis
1551 1716 1755 1754 eorum
1789 1702 1846 1752 et
1875 1696 2057 1769 preci-
2087 1687 2138 1744 Β
2162 1706 2323 1768 ne,ut
2343 1701 2475 1755 alibi
2493 1701 2700 1771 potius,
2722 1718 2895 1774 quam
2914 1700 3106 1755 Remis
3127 1700 3408 1756 studuisse
3436 1699 3770 1765 credantur,

438 1804 547 1859 bus
567 1799 869 1869 adjuvetur
893 1793 1047 1864 apud
1074 1793 1278 1847 Deum.
1318 1790 1647 1844 Salutamus
1670 1803 1899 1859 quoque
1929 1785 2058 1840 uni-

442 1902 670 1945 versam
698 1885 957 1938 sanctam
986 1878 1295 1934 Ecclesiam
1329 1877 1388 1931 in
1419 1876 1718 1931 ordinibus
1749 1880 1807 1929 et
1836 1875 2058 1947 profes-

444 1976 699 2035 sionibus
713 1968 1184 2037 suis,canonicos,
1200 1964 1960 2030 monachos,eremitas,Deo
1979 1962 2061 2017 di-

444 2069 565 2120 ctas
591 2064 816 2117 sanctas
851 2055 1121 2127 virgines;
1166 2053 1372 2125 quibus
1407 2054 1463 2105 et
1485 2051 1757 2106 omnibus
1778 2049 2056 2122 spirituali

447 2149 756 2226 prasentia
796 2143 1241 2217 prosternimur,
1277 2145 1338 2195 ut
1371 2140 1629 2194 defuncti
1661 2140 1842 2194 Patris
1878 2138 2058 2192 nostri

445 2253 736 2296 memores
759 2251 880 2290 esse
912 2232 1108 2298 velint,
1143 2234 1206 2284 ut
1231 2230 1452 2283 dilectae
1469 2228 1547 2283 illi
1566 2227 1844 2295 animae,si
1864 2227 2056 2281 adhae-

446 2330 519 2385 sit
540 2326 787 2392 macula,
821 2339 953 2377 cum
984 2337 1100 2374 non
1121 2319 1192 2373 sit
1206 2317 1516 2389 justus,qui
1534 2334 1650 2371 non
1674 2319 1890 2387 peccet,
1910 2315 2058 2369 mul-

442 2413 712 2488 tiplicatis
733 2408 1202 2466 intercessoribus
1236 2409 1294 2461 et
1336 2421 1571 2476 precum
1589 2403 1860 2458 instantia
1878 2402 2062 2457 deter-

444 2507 614 2578 gatur
643 2504 700 2555 et
729 2500 983 2555 transeat
1004 2496 1079 2550 ad
1110 2493 1392 2566 requiem.
1412 2514 1437 2540 »
1457 2492 1542 2546 Ad
1560 2507 1935 2563 quaecumque
1952 2490 2058 2545 ita-

446 2608 578 2664 que,
612 2588 694 2643 uti
726 2604 790 2641 ex
812 2588 921 2640 hoc
953 2586 1108 2638 textu
1134 2580 1493 2652 intelligitur,
1522 2578 1873 2633 monasteria
1887 2578 2063 2631 eccle-

445 2680 690 2750 siasque,
722 2675 836 2729 sive
881 2675 1143 2728 sanctum
1178 2672 1433 2735 nossent,
1489 2667 1603 2720 sive
1645 2683 1785 2733 non,
1819 2666 2060 2737 epistola

445 2766 751 2839 encyclica,
778 2761 982 2817 mortis
1013 2760 1135 2830 ejus
1165 2757 1393 2823 nuncia,
1429 2756 1601 2809 missa
1621 2754 1747 2820 fuit,
1786 2758 1848 2809 ut
1879 2771 1944 2808 ex
1967 2771 2056 2808 re-

444 2853 875 2928 sponsoriarum
908 2848 980 2903 ad
1010 2850 1158 2902 hanc
1215 2863 1313 2900 seu
1362 2844 1664 2899 titulorum
1724 2843 2055 2897 funebrium

444 2943 650 3016 quibus
666 2940 875 2995 Sancto
891 2938 1261 3008 parentatum
1274 2933 1404 3000 fuit,
1424 2931 1793 2986 multitudine
1807 2930 2051 3002 ingenti,

443 3034 642 3103 utpote
666 3029 737 3083 ab
768 3026 973 3080 iisdem
1005 3021 1367 3077 monasteriis
1394 3019 1757 3091 ecclesiisque
1774 3019 2050 3089 profecta,

442 3118 605 3192 argui
627 3134 744 3172 non
777 3114 974 3186 possit;
997 3112 1149 3166 hisce
1174 3111 1335 3164 illum
1364 3109 1631 3164 omnibus
1652 3107 1882 3179 speciali
1910 3122 2051 3178 quo-

445 3209 581 3263 dam
619 3205 795 3260 modo
818 3206 1046 3267 notum,
1072 3199 1487 3270 magistrumve
1520 3195 1711 3250 fuisse.
1734 3193 2054 3262 Quare,etsi

443 3296 666 3360 darem,
691 3292 966 3347 Sanctum
1001 3291 1285 3352 nostrum,
1313 3286 1370 3338 ni
1401 3283 1627 3338 Parisiis
1640 3283 1916 3349 docuerit,
1935 3298 2057 3337 mo-

441 3382 705 3439 nasteriis
735 3379 870 3452 Eillis
929 3377 1198 3433 omnibus
1254 3373 1620 3444 ecclesiisque
1680 3388 1784 3425 nec
1825 3371 2056 3442 speciali

444 3472 620 3528 modo
667 3472 892 3534 notum,
935 3482 1041 3521 nec
1100 3463 1443 3535 magistrum
1492 3460 1730 3515 existere
1780 3460 2050 3532 potuisse,

442 3561 705 3618 nondum
732 3559 1041 3628 propterea
1069 3551 1489 3608 consectarium
1536 3549 1727 3617 fuerit,
1761 3551 1823 3602 ut
1866 3549 2055 3620 reipsa

442 3650 538 3704 ille
571 3662 850 3717 umquam
883 3642 1110 3698 Parisiis
1131 3640 1410 3696 docuerit.

517 3740 637 3793 171.
672 3736 783 3789 Nec
831 3731 1151 3805 quidquam
1200 3730 1273 3783 ad
1305 3745 1430 3783 rem
1480 3727 1636 3793 facit,
1670 3728 1863 3799 plures
1893 3726 2052 3781 Pari-

440 3828 652 3882 sienses
664 3822 929 3879 ecclesias
946 3820 1003 3875 S.
1021 3818 1321 3885 Brunonis,
1343 3817 1516 3872 veluti
1541 3817 1645 3871 viri
1676 3817 1780 3871 sibi
1828 3816 2053 3871 notissi-

442 3915 521 3971 mi
536 3914 758 3971 obitum
776 3909 1097 3967 celebribus
1109 3907 1392 3979 planxisse
1406 3906 1625 3977 elogiis;
1640 3905 1762 3958 fieri
1782 3905 1938 3959 enim
1952 3921 2052 3976 po-

441 4007 552 4059 test
574 4006 634 4056 ut
663 4002 772 4055 hoc
826 4000 938 4053 illa:
973 3996 1234 4062 fecerint,
1270 3995 1445 4066 quod,
1500 3994 1605 4048 etsi
1637 3993 1722 4059 iis,
1758 4010 1875 4048 non
1905 3994 2049 4049 facie

444 4092 766 4161 aliove,quo
782 4084 1244 4156 magistrisotent
1261 4082 1566 4155 discipulis,
1588 4082 1819 4153 speciali
1849 4083 2045 4150 modo,

441 4181 599 4235 fama
629 4182 848 4242 tamen,
883 4176 1085 4244 utpote
1112 4172 1208 4244 qui
1236 4172 1487 4226 maxima
1517 4188 1581 4225 ex
1618 4171 1782 4225 dictis
1796 4172 2049 4227 nominis

442 4267 772 4323 celebritate
803 4260 1155 4340 inclaruerit,
1191 4259 1520 4314 notissimus
1556 4259 1852 4314 exstiterit.
1886 4260 2045 4315 Idem
2072 4264 2123 4323 D

396 4336 409 4347 κ
443 4356 619 4411 etiam
650 4354 719 4407 de
767 4336 1037 4405 nonnulis
1068 4348 1192 4403 aliis
1245 4347 1512 4415 ecclesiis,
1544 4347 2044 4419 monasteriisque,

443 4461 570 4517 qua:
583 4440 797 4507 Sancti,
820 4438 992 4494 veluti
1007 4437 1108 4492 viri
1122 4436 1226 4491 sibi
1244 4436 1551 4504 notissimi,
1586 4437 2043 4505 obitumluxere,

442 4536 562 4588 esto
567 4532 588 4603 j
598 4529 871 4596 udicium;
896 4527 1001 4583 etsi
1018 4531 1210 4581 autem
1228 4526 1404 4580 etiam
1427 4529 1484 4579 et
1499 4525 1677 4580 titulis
1689 4526 2043 4594 funebribus,

440 4620 646 4694 quibus
677 4617 884 4672 Sancto
903 4618 1272 4688 parentatum
1320 4613 1449 4681 fuit,
1482 4614 1687 4668 saltem
1719 4615 1984 4669 nonnulli
2013 4632 2048 4669 a

439 4706 724 4782 personis,
756 4704 962 4776 quibus
1016 4702 1192 4757 etiam
1222 4702 1366 4756 facie
1397 4702 1578 4755 aliove
1607 4702 1839 4772 speciali
1870 4702 2046 4757 modo

438 4799 610 4852 notus
638 4790 1181 4863 fuerit,magisterve
1205 4790 1503 4856 exstiterit,
1541 4790 1593 4844 ei
1624 4790 1739 4844 sint
1766 4790 2044 4862 inscripti,

439 4883 580 4941 nihil
611 4886 809 4937 tamen
830 4880 984 4951 cogit
1020 4896 1056 4932 u
1084 4878 1254 4932 hosce
1278 4878 1380 4932 sub
1402 4877 1519 4945 illo,
1545 4894 1661 4932 non
1702 4878 1915 4945 Remis,
1950 4880 2049 4934 sed

440 4971 667 5029 Parisiis
686 4968 967 5024 studuisse
998 4966 1615 5037 admittamus.thuid
1627 4966 1782 5020 enim
1810 4967 2049 5022 Sanctus

441 5062 631 5133 plures
651 5057 827 5112 etiam
852 5059 1155 5112 extraneos
1184 5056 1398 5109 habere
1426 5053 1619 5109 Remis
1633 5054 2046 5126 discipulosne-

443 5145 691 5220 quierit?
721 5144 871 5199 Sane
899 5145 1104 5199 saeculo
1130 5159 1205 5208 x1,
1230 5158 1342 5214 quo
1364 5143 1550 5196 Bruno
1572 5141 1786 5208 ﬂoruit,
1813 5143 2048 5199 diversa!

442 5234 795 5291 diversarum
817 5231 1047 5286 urbium
1078 5229 1562 5300 ecclesiarumque
1593 5229 1822 5295 scholae,
1854 5230 1934 5285 uti
1956 5231 2046 5285 Hi-

442 5322 633 5379 storia
654 5319 947 5374 litterariae.
981 5319 1232 5373 Franciae
1270 5317 1573 5388 scriptores
1601 5319 1746 5371 tom.
1793 5319 1876 5385 IX,
1912 5335 2041 5391 pag.

448 5413 515 5466 3O
560 5411 617 5463 et
646 5424 764 5478 seq.
822 5408 1052 5469 docent,
1086 5422 1191 5477 pro
1242 5405 1495 5460 nommis
1545 5405 1900 5474 celebritate,
1934 5426 2047 5479 qua

447 5511 649 5557 earum
672 5493 930 5567 magistri
959 5493 1306 5563 gaudebant,
1326 5495 1409 5550 vel
1441 5493 1626 5566 magis
1642 5495 1728 5548 vel
1753 5495 1944 5551 minus
1973 5498 2044 5553 ab

2159 1790 2335 1862 possit
2359 1789 2570 1844 afferri.
2600 1792 2723 1845 Imo
2756 1806 2910 1856 vero,
2947 1789 3103 1862 quod
3134 1788 3208 1843 ad
3258 1789 3552 1843 Urbanum
3587 1785 3776 1840 nomi-

2160 1880 2339 1933 natim
2366 1882 2604 1950 spectat,
2642 1877 2834 1934 Remis
2886 1877 3076 1950 potius
3102 1876 3216 1945 hic,
3245 1893 3419 1949 quam
3452 1874 3609 1942 alibi,
3658 1877 3777 1929 stu-

2159 1968 2343 2022 duisse
2376 1968 2585 2022 idcirco
2604 1970 2687 2021 est
2712 1967 3006 2033 dicendus,
3027 1966 3183 2039 quod
3207 1968 3265 2020 et
3278 1964 3470 2019 Remis
3492 1964 3778 2036 aliquam-

2159 2056 2254 2111 diu
2279 2056 2448 2110 fuisse
2480 2060 2788 2121 versatum,
2823 2059 2881 2110 et
2905 2055 3154 2110 ecclesiae
3193 2052 3655 2125 metropolitanze
3676 2069 3774 2106 ca-

2160 2144 2434 2199 nonicum
2477 2144 2692 2199 ibidem
2726 2144 2927 2214 egisse,
2964 2142 3196 2197 aliunde
3229 2142 3508 2196 habeatur
3542 2157 3777 2212 perspe-

2158 2233 2423 2299 ctum,uti
2435 2232 2587 2303 apud
2607 2232 2968 2287 Ruinartium
2984 2232 3203 2286 tom.lII
3216 2230 3470 2301 Operum
3482 2228 3776 2300 scriptoris

2158 2320 2328 2391 hujus
2340 2322 2395 2373 et
2415 2319 2719 2375 Mabillonii
2746 2320 3190 2390 posthumorum
3210 2318 3402 2372 videre
3428 2317 3775 2389 licet.Atque

2160 2408 2240 2463 ita
2259 2409 2515 2463 futurum
2548 2408 2723 2462 modo
2750 2424 2938 2479 spero,
2964 2407 3137 2478 utqui
3161 2406 3360 2461 omnia
3383 2406 3660 2459 hactenus
3676 2404 3776 2459 ad-

2161 2497 2331 2552 ducta
2360 2497 2468 2551 rite
2483 2496 3076 2568 expenderit,necesse
3099 2511 3217 2549 nou
3239 2511 3362 2549 esse
3390 2493 3773 2558 existimet,ut

2161 2586 2499 2639 Sanctusvel
2524 2583 2885 2650 obnominis,
2909 2600 3022 2654 qua
3038 2580 3322 2647 inclaruit,
3347 2581 3768 2645 celebritatem,

2161 2674 2243 2727 vel
2272 2674 2344 2728 ob
2367 2672 2797 2743 discipulorum,
2831 2687 3127 2738 eorumve,
3156 2669 3361 2743 quibus
3386 2668 3616 2742 speciali
3642 2684 3769 2722 mo-

2159 2762 2231 2817 do
2283 2765 2454 2816 notus
2484 2760 2677 2827 fuerit,
2710 2759 3145 2814 multitudinem
3187 2759 3413 2813 Parisiis
3455 2756 3767 2829 aliquando

2158 2850 2412 2904 docuisse
2443 2849 2803 2915 admittatur,
2830 2848 3307 2919 repugnantibus,
3346 2864 3476 2919 quae
3504 2862 3677 2918 supra
3705 2845 3767 2899 in

2155 2938 2509 2992 contrarium
2528 2935 2758 3004 adduxi,
2791 2934 3171 3007 argumentis.
3212 2938 3286 2989 At
3314 2951 3470 3001 vero,
3518 2933 3765 3005 inquies,

2155 3024 2394 3079 Sanctus
2422 3026 2626 3079 saltem
2664 3028 2823 3091 tunc,
2881 3040 3013 3078 cum
3056 3024 3114 3078 in
3160 3023 3554 3087 solitudinem,
3600 3020 3770 3076 sociis

2156 3112 2447 3167 nonnullis
2464 3112 2569 3165 sibi
2591 3112 2895 3182 adjunctis,
2923 3111 3173 3178 secessit,
3196 3111 3423 3165 Parisiis
3453 3109 3665 3165 docuit.
3684 3110 3770 3163 Ita

2154 3201 2310 3256 enim
2342 3218 2375 3255 a
2404 3201 2771 3271 scriptoribus
2801 3217 2915 3255 non
2932 3199 3124 3273 paucis
3147 3198 3445 3254 memoriae
3470 3197 3769 3269 proditum

2155 3290 2659 3361 existimatumque
2671 3289 2841 3343 fuisse
2868 3288 3177 3343 invenitur.
3207 3290 3291 3343 Ita
3303 3287 3544 3343 omnino
3570 3286 3766 3340 habet:

2156 3379 2425 3433 verumin
2453 3378 2661 3433 Sancto
2679 3378 2851 3433 coaevi
2881 3378 3121 3432 minime
3134 3380 3287 3444 sunt,
3312 3393 3417 3430 nec
3440 3376 3769 3447 haec,quam

2154 3470 2375 3534 tenent,
2404 3468 2591 3539 placet
2611 3467 2831 3538 opinio,
2870 3470 3008 3521 tunc
3051 3467 3207 3539 quod
3234 3484 3299 3521 ex
3334 3466 3499 3521 dictis
3523 3464 3768 3519 Sanctus

2154 3557 2309 3610 nullo
2344 3572 2600 3627 unquam
2632 3559 2896 3628 tempore
2932 3555 3157 3610 Parisiis
3189 3555 3467 3622 docuisse,
3502 3553 3769 3608 videatur

2152 3647 2277 3698 tum
2298 3645 2498 3711 etiam,
2533 3661 2595 3698 ac
2620 3644 2869 3699 maxime
2893 3644 3155 3715 quidem,
3171 3660 3236 3698 ex
3268 3643 3525 3716 eo,quod
3549 3642 3763 3707 Bruno,

2152 3750 2283 3787 cum
2316 3732 2375 3786 in
2408 3749 2668 3786 eremum
2695 3734 2941 3799 secessit,
2975 3748 3091 3787 non
3125 3731 3374 3798 Parisiis,
3416 3730 3517 3786 sed
3549 3728 3762 3794 Remis,

2150 3819 2209 3874 in
2240 3820 2566 3892 pristinum,
2593 3836 2656 3874 ac
2681 3820 2828 3875 forte
2856 3820 3033 3875 etiam
3073 3819 3376 3874 meliorem
3423 3822 3638 3872 statum
3665 3816 3767 3870 ali-

2150 3909 2426 3980 quamdiu
2444 3909 2568 3979 jam
2590 3909 2902 3976 restitutus,
2939 3924 3197 3963 summos
3224 3909 3377 3963 inter
3397 3908 3644 3962 fortunae
3672 3922 3763 3960 se-

2149 3997 2351 4052 cunda:
2380 3997 2603 4052 favores
2634 4001 3027 4053 commoratus
3058 3997 3252 4064 fuerit,
3288 3997 3369 4052 uti
3402 4012 3471 4050 ex
3515 3996 3581 4050 iis
3610 4010 3761 4066 prae-

2148 4086 2331 4156 cipue,
2367 4103 2494 4158 quae
2543 4103 2705 4140 num.
2745 4089 2847 4141 154
2899 4090 2958 4141 et
2998 4086 3146 4141 binis
3176 4103 3337 4158 seqq.
3398 4085 3457 4140 in
3500 4084 3761 4140 medium

2148 4174 2377 4241 adduxi,
2401 4174 2681 4229 siudiosus
2711 4176 2891 4229 lector
2921 4174 3088 4229 facile
3117 4174 3440 4245 perspiciet.

2224 4265 2343 4317 173.
2398 4264 2536 4318 Hinc
2599 4280 2794 4335 porro,
2839 4264 2940 4319 etsi
3000 4262 3178 4318 etiam
3224 4263 3581 4318 horrendum
3617 4261 3758 4318 illud

2148 4353 2620 4425 prodigium,quo
2641 4354 2844 4407 doctor
2875 4352 3227 4420 Parisiensis,
3260 4352 3449 4423 primo
3483 4369 3544 4407 se
3599 4368 3762 4406 accu-

2147 4445 2359 4509 satum,
2381 4442 2632 4497 secundo
2659 4441 2979 4512 judicatum
3011 4458 3076 4495 ac
3126 4440 3299 4495 tertio
3353 4441 3592 4495 tandem
3625 4457 3761 4496 con-

2149 4530 2511 4595 demnatum,
2544 4547 2576 4584 e
2606 4530 2820 4583 feretro
2869 4529 3260 4601 proclamarit,
3314 4529 3560 4596 Parisiis,
3602 4530 3758 4601 quod

2149 4618 2298 4672 infra
2318 4617 2837 4689 discutiam,reipsa
2856 4617 3168 4684 accidisset,
3187 4634 3457 4689 veraque,
3483 4619 3555 4672 ob
3580 4635 3757 4689 quam

2150 4706 2338 4760 Bruno
2370 4706 2428 4759 in
2455 4706 2825 4761 solitudinem
2856 4706 3173 4772 secesserit,
3215 4723 3386 4761 causa
3432 4706 3756 4774 exstitisset,

2149 4794 2301 4848 hunc
2331 4797 2528 4847 tamen
2551 4796 2832 4859 tum,cum
2847 4794 2985 4848 illud
3005 4794 3450 4860 accidit,ibidem
3477 4794 3756 4862 docuisse,

2150 4881 2375 4937 admitti
2406 4881 2614 4936 idcirco
2638 4882 2899 4937 nondum
2922 4885 3131 4954 posset.
3160 4882 3302 4937 Cum
3316 4883 3473 4937 enim
3494 4882 3754 4951 Sanctus,

2151 4971 2342 5025 Remis
2375 4974 2502 5042 post
2530 4971 2796 5025 Manassis
2828 4971 3238 5043 archiepiscopi
3270 4972 3662 5043 expulsionem
3697 4973 3756 5029 in

2148 5077 2243 5115 res
2292 5076 2420 5113 suas
2440 5076 2540 5113 seu
2586 5059 2886 5113 facultates
2918 5059 3187 5129 pristinas
3211 5060 3524 5126 restitutus,
3561 5060 3756 5117 civita-

2148 5150 2268 5202 tem
2300 5146 2458 5201 illam
2502 5163 2616 5201 non
2664 5146 2930 5217 amplius,
2971 5146 3324 5202 domicilium
3353 5147 3489 5202 alibi
3519 5147 3755 5218 ﬁxurus,

2149 5238 2282 5288 ante
2304 5249 2469 5288 suum
2501 5233 2560 5287 in
2592 5233 2965 5288 solitudinem
2996 5234 3305 5289 discessum
3347 5234 3642 5306 reliquisse
3674 5238 3755 5291 vi-

2148 5321 2371 5389 deatur,
2416 5322 2835 5377 consectarium
2878 5326 2964 5376 est
3008 5326 3089 5389 ut,
3118 5322 3163 5377 si
3201 5339 3269 5376 eo
3302 5326 3585 5394 tempore,
3635 5342 3751 5397 quo

2148 5408 2361 5464 dictum
2394 5408 2722 5480 prodigium
2745 5408 3034 5478 acciderit,
3064 5427 3163 5465 seu
3179 5426 3330 5464 anno
3361 5409 3587 5465 circiter
3611 5410 3751 5471 1082

2147 5497 2374 5554 Parisiis
2404 5496 2615 5564 docuit,
2669 5496 2726 5552 in
2772 5498 3042 5570 pristinas
3070 5516 3198 5554 suas
3226 5498 3526 5556 facultates
3556 5500 3748 5559 Remis
