4122 6058
113 266 204 323 101

1688 228 1869 288 ACTA

3333 217 3442 286 102

108 385 343 447 restitns
364 386 490 440 tum
510 377 773 438 nondum
793 372 991 442 fuerit,
1015 388 1082 429 ac
1104 364 1368 445 proinde,
1398 366 1459 420 ut
1479 362 1535 418 in
1557 359 1727 415 hasce
1755 359 1809 420 Α
1830 348 2086 408 docuisse
2109 344 2443 421 judicarint,
2475 341 2578 400 etsi
2594 340 2829 400 interim
2856 342 2916 399 id
2939 343 3092 416 apud
3106 342 3433 417 scriptores,

112 481 298 541 illum,
330 489 464 529 cum
509 471 567 525 id
603 467 897 541 equidem,
926 465 1241 533 antequam
1270 456 1326 511 in
1360 449 1731 509 solitudinem

113 536 431 628 secederet,
485 576 554 614 ex
596 536 759 613 dictis
807 554 878 610 sit
924 552 1163 615 factum,
1213 542 1432 601 restitui
1492 536 1731 595 tandem

119 659 246 730 post
273 650 588 725 praefatum
618 642 959 718 prodigium
982 634 1309 708 contigerit.
1334 632 1545 684 Verum
1585 640 1731 696 prae-

118 711 388 817 terquam
412 736 569 810 quod
589 711 822 790 sanctus
830 728 1020 783 Remis
1045 729 1179 781 ante
1202 736 1423 777 annum
1452 720 1584 773 1082
1600 711 1739 784 pris-

119 835 238 889 tino
283 828 463 884 statui
505 842 570 879 ac
602 823 751 878 forte
798 818 973 874 etiam
1022 811 1249 869 meliori
1280 808 1536 865 redditus
1584 816 1742 856 vero-

121 888 367 975 similius
408 931 477 969 ex
505 911 669 967 dictis
704 906 896 974 fuerit,
952 905 1010 959 id
1053 906 1185 975 post
1218 896 1549 973 prodigium
1601 888 1745 945 illud

1832 443 2028 496 sancto
2050 440 2133 493 vel
2153 438 2509 509 synchronos
2528 436 2613 489 vel
2638 434 2812 489 etiam
2828 434 3125 489 dumtaxat
3139 435 3435 508 subsequa-

1834 532 1917 585 les
1945 524 2147 583 litteris
2178 525 2581 596 consignatum
2615 540 2731 577 non
2764 522 3107 594 reperirent.

1842 622 1869 688 §
1899 619 1962 700 lli
1990 616 2135 700 Anu
2170 614 2424 700 guzberto
2450 613 2512 665 de
2543 612 2843 680 Novigento
2889 628 3012 692 vera
3064 610 3133 666 δ’.
3168 610 3442 668 Brunonis

1910 691 1965 742 in
1990 686 2328 741 solitudinem
2365 699 2591 737 secessus
2636 700 2799 736 causa
2843 686 3156 749 assignetur,
3185 691 3233 737 et
3275 702 3345 737 an
3376 685 3447 738 ad

1910 761 2051 813 hunc
2082 763 2279 828 praeter
2317 757 2565 828 emissum
2612 754 2912 828 monraolzici
2940 754 3151 807 habitus
3193 755 3449 810 induendi

1914 823 2099 884 votum
2126 831 2334 881 ratione
2363 827 2475 880 alia
2502 827 2743 895 graviori
2773 823 2963 877 Bruno
2993 825 3301 895 z'ndiguerit.

1917 917 2222 983 Launoius,
2293 915 2390 987 qui
2443 915 2599 969 edita
2658 914 2728 967 de
2784 930 2919 967 vera
2978 930 3147 968 causa
3200 931 3451 971 secessus

122 1007 419 1070 accidisse,
452 1001 665 1057 idcirco
684 999 968 1070 prieterea
999 1010 1117 1048 non
1145 990 1387 1054 videtur,
1419 982 1593 1056 quod,
1612 994 1745 1034 cum

124 1100 316 1153 Bruno
345 1093 408 1147 in
455 1088 729 1162 opinione
761 1100 986 1150 eorum,
1023 1081 1120 1153 qui
1151 1076 1479 1151 prodigium
1534 1084 1745 1142 propu-

124 1187 336 1258 gnant,
354 1181 564 1236 saeculo
582 1174 901 1231 valedicere
920 1169 1246 1226 firmissime
1259 1182 1326 1219 ex
1339 1164 1447 1217 hoc
1463 1156 1746 1222 statuerit,

125 1270 642 1347 propositumque,
669 1263 841 1318 rebus
864 1263 1173 1330 utcumque
1204 1249 1561 1323 compositis,
1592 1260 1749 1300 exse-

130 1366 294 1417 cutus
314 1356 729 1426 fuerit,parum
743 1348 1067 1404 verosimile
1083 1339 1551 1417 appareat,fuisse
1566 1336 1749 1399 illum,

131 1451 249 1505 viso
284 1443 561 1518 prodigio
620 1453 949 1513 passurum,
1013 1433 1229 1489 nedum
1272 1430 1605 1483 curaturum
1659 1422 1756 1475 aut

136 1512 318 1593 etiarn
347 1512 564 1589 Renios
604 1512 918 1593 aditurum,
964 1527 1043 1590 ut,
1076 1538 1217 1595 quas
1270 1518 1486 1573 ibidem
1518 1514 1621 1569 sub
1651 1512 1759 1566 Ma-

140 1644 308 1685 nassa
335 1622 635 1687 amiserat,
665 1617 969 1673 facultates
1007 1610 1428 1683 dignitatesque
1453 1616 1757 1673 recupera-

141 1720 248 1772 ret.
280 1713 479 1779 Quare
505 1708 551 1763 si
581 1723 686 1779 pro
713 1721 869 1771 vero,
902 1700 1058 1775 quod
1088 1698 1259 1763 infra,
1288 1699 1351 1749 ut
1380 1692 1514 1757 dixi,
1547 1686 1760 1746 exami-
1785 1683 1835 1740 B

145 1806 321 1871 nabo,
350 1797 586 1856 admitti
629 1796 839 1851 debeat
866 1790 1381 1865 praememoratum
1408 1779 1760 1854 prodigium,

146 1890 532 1949 verosimilius
558 1885 795 1959 quidem
826 1882 886 1937 id
916 1880 990 1935 ob
1024 1879 1148 1949 jam
1178 1876 1349 1938 dicta,
1374 1872 1430 1927 8.
1474 1872 1762 1933 Brunonc,

1847 1009 1904 1063 8.
1934 1005 2217 1062 Brunonis
2249 1004 2307 1058 in
2333 1020 2595 1058 eremum
2627 1001 3027 1056 dissertatione
3062 1002 3452 1074 prodigiosam

1849 1095 2098 1152 doctoris
2120 1092 2452 1148 Parisiensis
2470 1089 2781 1145 anastasim
2800 1091 3146 1145 commentis
3167 1096 3451 1161 accenset,

1847 1201 2043 1240 veram
2087 1180 2474 1237 conversionis
2524 1196 2624 1233 seu
2672 1195 2921 1233 secessus
2973 1178 3030 1234 S.
3088 1181 3367 1247 Brunqnis
3399 1181 3457 1236 in

1852 1288 2115 1329 eremum
2143 1285 2375 1324 causam
2399 1285 2432 1321 a
2463 1267 2731 1321 Guiberto
2766 1267 2836 1320 de
2851 1267 3189 1339 Novigento,
3223 1271 3457 1324 auctore

1853 1377 2066 1425 coaevo,
2100 1359 2243 1413 1ib.1
2282 1358 2352 1411 de
2392 1356 2520 1410 Vita
2558 1372 2681 1421 sua,
2721 1371 2847 1425 cap,
2904 1359 2960 1408 11
3014 1356 3165 1410 tradi
3206 1357 3464 1412 afﬁrmat

1856 1453 2154 1519 [ntegrum
2172 1444 2424 1501 Guiberti
2447 1446 2691 1510 textum,
2711 1459 2884 1513 quem
2909 1443 3194 1498 Launoius
3224 1445 3376 1498 hunc
3401 1443 3462 1500 in

1857 1539 2035 1594 finem
2085 1532 2500 1590 dissertationis
2545 1532 2791 1585 laudatae
2822 1547 2944 1602 cap.
2985 1536 3032 1597 1,
3061 1534 3088 1599 §
3113 1534 3146 1586 4
3182 1536 3464 1601 recenset,

1858 1629 1969 1681 huc
2002 1642 2119 1680 non
2150 1621 2492 1685 transcribo,
2525 1620 2624 1674 sed
2652 1636 2718 1673 ea
2766 1619 3064 1674 dumtaxat
3090 1620 3236 1675 illius
3273 1622 3465 1689 verba,

1862 1732 1989 1787 quae
2018 1713 2091 1768 ad
2121 1709 2564 1775 conﬁciendum,
2598 1707 2754 1779 quod
2782 1707 3065 1762 Launoius
3110 1710 3247 1776 vult,
3281 1697 3471 1765 facere

1863 1808 2176 1872 utcumque
2227 1800 2466 1869 queunt,
2501 1796 2645 1850 Sunt
2694 1797 2888 1849 autem
2921 1796 3070 1850 haec:
3109 1818 3136 1845 α
3167 1797 3293 1850 Fuit
3351 1814 3470 1852 non

1865 1893 2038 1962 longe
2061 1889 2131 1943 ab
2150 1888 2236 1942 his
2256 1886 2457 1940 diebus
2482 1886 2671 1938 Bruno
2700 1883 2935 1954 quidam
2966 1883 3024 1937 in
3040 1885 3179 1939 urbe
3202 1886 3473 1941 Remensi

150 1980 383 2039 Parisiis
414 1993 536 2032 non
562 1974 830 2038 docente,
881 1968 982 2024 sed
1019 1969 1268 2030 tantum,
1303 1962 1416 2016 sive
1447 1963 1510 2013 ut
1552 1955 1768 2011 amicos

151 2065 565 2133 inviseret,sive
579 2062 754 2117 aliam
768 2070 1196 2132 quamcumque
1210 2053 1283 2107 ob
1300 2064 1532 2105 causam
1552 2044 1770 2103 ibidem

153 2160 465 2233 praesente,
496 2150 785 2208 acciderit.

226 2247 351 2301 174.
388 2243 509 2297 Nec
555 2243 660 2305 est,
694 2253 794 2292 cur
825 2234 883 2289 id
913 2232 1182 2303 cuiquam
1218 2227 1433 2282 mirum
1482 2222 1774 2279 noviterve

153 2334 476 2391 conﬁctum
520 2328 817 2392 videatur;
858 2320 1075 2379 etenim
1124 2335 1192 2374 ex
1235 2316 1483 2388 ipsomet
1522 2312 1775 2385 quinque

153 2424 491 2497 primorum
522 2414 793 2472 Cartusize
812 2410 1049 2483 majoris
1078 2407 1339 2480 priorum
1357 2401 1658 2465 Chronico,
1678 2415 1779 2453 seu

156 2531 223 2568 ex
254 2508 512 2571 edendo,
547 2503 704 2577 quod
746 2502 804 2555 in
835 2501 944 2555 hoc
975 2497 1326 2560 continetur,
1361 2490 1554 2547 Sancti
1600 2486 1802 2552 nostri

158 2600 277 2674 (adi
306 2602 336 2667 §
352 2598 391 2669 1)
406 2595 512 2650 sub
532 2594 669 2647 Vitas
682 2590 919 2646 nomine
938 2586 1146 2657 elogio,
1164 2587 1298 2638 ante
1313 2582 1470 2652 cujus
1485 2580 1781 2633 auctorem

159 2686 419 2745 doctoris
442 2677 859 2751 redivivi,quod
871 2674 1095 2731 Parisiis
1112 2665 1782 2742 contigerit,prodigium

162 2791 341 2833 nemo
372 2770 576 2827 litteris
596 2767 963 2837 consignasse
987 2765 1241 2834 putatur,
1276 2754 1671 2828 colligendum
1700 2752 1782 2805 vi-

165 2866 360 2930 detur,
383 2860 441 2916 S.
474 2862 809 2914 Brunonem
842 2854 916 2919 ei,
942 2868 1075 2906 cum
1089 2866 1220 2904 casu
1237 2847 1539 2902 dumtaxat
1560 2840 1787 2897 Parisiis

1868 1979 1953 2033 vir
1984 1980 2041 2031 et
2083 1973 2412 2030 liberalibus
2442 1972 2750 2026 instructus
2776 1971 2992 2025 artibus
3031 1976 3089 2027 et
3123 1989 3476 2044 magnorum

1872 2065 2195 2121 studiorum
2226 2064 2438 2126 rector,
2485 2058 2582 2130 qui
2614 2059 3004 2114 conversionis
3054 2060 3218 2114 initia
3249 2078 3313 2115 ex
3344 2062 3479 2116 sub-

1867 2156 2020 2227 jecta
2035 2155 2235 2208 nactus
2249 2149 2547 2205 occasione
2563 2148 3223 2219 dignoscitur.Manasses
3244 2150 3481 2221 quidam

1874 2246 2003 2317 post
2031 2238 2275 2296 Gervasii
2308 2237 2675 2293 famosissimi
2731 2237 3139 2309 archiepiscopi
3187 2240 3485 2294 decessum

1876 2331 2166 2405 praedicta:
2200 2328 2354 2383 urbis
2382 2326 2655 2397 regimini
2683 2325 3006 2381 Simoniace
3033 2344 3091 2382 se
3118 2327 3367 2396 intrusit,
3400 2328 3487 2383 vir

1878 2421 2113 2494 quidem
2139 2418 2366 2483 nobilis,
2402 2416 2501 2469 sed
2550 2414 2693 2469 nihil
2724 2431 2957 2485 prorsus
2982 2418 3325 2483 serenitatis,
3358 2435 3487 2490 quae

1879 2509 2073 2580 prima
2122 2504 2544 2576 ingenuitatem
2578 2503 2760 2569 decet,
2795 2503 3032 2558 habens.
3080 2505 3290 2560 Tantos
3332 2506 3489 2561 enim

1881 2598 2061 2652 fastus
2086 2611 2153 2648 ex
2205 2593 2301 2647 illa
2333 2591 2585 2647 novitate
2616 2595 2979 2662 conceperat,
3014 2595 3077 2646 ut
3119 2593 3306 2664 regias
3331 2610 3494 2665 pere-

1884 2685 2181 2756 grinarum
2197 2680 2458 2753 gentium
2477 2678 2951 2749 majestates,imo
2970 2680 3335 2749 majestatum
3349 2682 3496 2738 fero-

1886 2773 2087 2827 citates
2111 2768 2327 2824 imitari
2388 2766 2772 2822 videretur....
2824 2768 2874 2820 Is
2902 2766 3077 2838 igitur
3106 2785 3240 2823 cum
3286 2769 3495 2825 milites

1887 2874 2259 2929 summopere
2291 2855 2607 2921 affectaret,
2668 2855 2884 2908 clerum
2919 2856 3259 2927 negligeret,
3291 2857 3494 2912 dixisse

166 2953 519 3015 versaretur,
554 2944 856 3000 adstitisse.
886 2939 1052 3006 Audi,
1084 2937 1200 3009 qui,
1227 2933 1496 3007 prodigio
1526 2931 1622 2986 illo
1656 2946 1787 2983 nar-

1893 2947 2206 3020 aliquando
2236 2944 2520 3011 refertur;
2560 2944 2816 3009 «bonus,
2871 2943 2970 3011 ait,
3013 2947 3162 2999 esset
3201 2946 3499 3001 Remensis

168 3046 318 3108 rato,
341 3053 511 3093 num.
535 3039 588 3103 5,
604 3034 872 3105 loquatur
896 3047 910 3085 :
930 3029 1049 3082 «Ea
1069 3028 1431 3096 tempestate,
1460 3019 1796 3092 inquit,erat

168 3130 251 3186 ibi
284 3105 543 3198 (Parisiis
564 3137 777 3192 nempe
795 3136 886 3185 eo,
908 3133 1020 3189 quo
1037 3112 1365 3186 prodigium
1396 3109 1620 3176 accidit,
1648 3105 1793 3177 loco)

170 3216 463 3289 magister
506 3212 717 3276 Bruno,
768 3206 1003 3262 natione
1036 3202 1437 3267 Theutonicus,
1472 3199 1542 3253 de
1574 3197 1797 3250 civitate

174 3304 422 3362 Colonia
464 3316 584 3355 non
627 3296 880 3353 obscuris
910 3290 1249 3365 parentibus
1306 3291 1493 3353 natus,
1549 3284 1798 3341 ecclesiae

173 3390 487 3451 Remensis
516 3385 825 3442 canonicus
841 3386 898 3437 et
928 3380 1147 3436 ibidem
1168 3377 1492 3431 scholarum
1522 3372 1801 3444 magister

172 3485 232 3539 in
263 3477 590 3549 theologia,
621 3473 738 3547 qui,
767 3487 939 3542 supra
995 3465 1218 3536 scriptis
1268 3464 1499 3519 vocibus
1530 3459 1802 3531 (doctoris

176 3585 418 3641 nempe,
451 3582 574 3621 sese
603 3563 967 3625 damnatum,
997 3573 1027 3610 e
1059 3555 1274 3608 feretro
1304 3549 1617 3619 vociferati)
1651 3549 1800 3602 salu-

177 3638 367 3715 briter
413 3653 653 3710 territus
696 3654 869 3720 atque
930 3644 1309 3714 compunctus
1375 3639 1671 3703 allocutus,
1720 3638 1806 3690 est

181 3746 474 3821 quosdam
496 3740 679 3797 socios
694 3738 768 3793 ibi
788 3737 1154 3809 praesentes,»
1174 3732 1285 3795 etc,
1302 3729 1384 3782 Ita
1406 3725 1697 3798 antiquior
1711 3723 1808 3778 illa

184 3815 387 3892 §ancti
418 3832 566 3896 Vita,
600 3828 757 3898 cujus
803 3826 1002 3879 auctor
1028 3833 1351 3891 anonymus
1382 3815 1438 3870 8.
1474 3816 1807 3868 Brunonem

186 3927 411 3998 utique,
436 3920 485 3975 si
505 3935 662 3984 eum,
682 3931 812 3971 cum
837 3908 1192 3985 prodigium,
1216 3905 1372 3978 quod
1402 3905 1617 3969 narrat,
1652 3900 1809 3956 Pari-

189 4016 283 4071 siis
316 4009 583 4067 docuisse
615 4003 1013 4067 existimasset,
1039 3997 1371 4052 scholarum
1409 4009 1526 4047 non
1561 3992 1809 4045 Remen-

189 4104 368 4168 sium,
412 4097 499 4153 uti
542 4094 728 4151 verbis
777 4088 1028 4146 recitatis
1075 4085 1231 4151 facit,
1275 4083 1377 4137 sed
1408 4079 1813 4136 Parisiensium

195 4190 549 4263 magistrum
562 4185 862 4240 vocaturus
885 4177 1057 4232 fuisse
1087 4173 1331 4238 videtur,
1347 4186 1478 4225 cum
1507 4170 1578 4224 de
1607 4186 1670 4223 re
1687 4184 1814 4239 qua:

1896 3058 1925 3087 »
1969 3032 2507 3104 archiepiscopatus,
2586 3030 2631 3084 si
2678 3046 2796 3084 non
2848 3031 3046 3084 missas
3101 3032 3235 3085 inde
3283 3032 3503 3088 cantari

1898 3147 1926 3175 ››
1962 3124 2275 3194 oporteret.
2297 3142 2323 3168 »
2360 3120 2533 3189 Hujus
2548 3134 2686 3189 ergo
2703 3134 2895 3172 mores
2911 3136 3142 3190 prorsus
3174 3120 3495 3190 improbos,

1899 3216 1957 3267 et
1987 3208 2405 3282 stupidissimos
2426 3207 2655 3262 habitus
2686 3222 2817 3260 cum
2851 3207 3041 3261 omnis
3069 3209 3343 3264 honestus
3368 3211 3503 3266 hor-

1898 3303 2073 3367 reret,
2107 3300 2297 3352 Bruno
2319 3300 2454 3350 tunc
2486 3295 2543 3349 in
2567 3294 2815 3349 ecclesiis
2839 3295 3028 3350 Galliae
3061 3297 3510 3369 Opiniatissimus

1901 3404 2033 3444 cum
2060 3386 2185 3441 aliis
2216 3383 2560 3457 quibusdam
2578 3382 2950 3437 Remensium
2982 3384 3323 3440 clericorum
3342 3386 3507 3441 nobi-

1901 3477 2048 3535 libus
2067 3472 2301 3528 infamis
2322 3471 2471 3526 illius
2488 3470 2621 3526 odio
2651 3471 2889 3526 excessit
2905 3472 2977 3526 ab
3000 3472 3161 3541 urbe,
3189 3494 3217 3523 ››
3242 3475 3512 3530 Remensi

1903 3580 2202 3620 nimirum.

1980 3654 2099 3707 176.
2118 3651 2402 3704 Hactenus
2421 3648 2750 3716 Guibertus;
2770 3665 2969 3703 verum
3001 3666 3152 3704 anne
3184 3650 3265 3705 ita
3293 3668 3512 3719 veram,

1907 3757 2021 3813 qua
2047 3739 2104 3793 S.
2166 3740 2358 3792 Bruno
2395 3737 2452 3790 in
2498 3752 2762 3790 eremum
2812 3738 3004 3807 pulsus
3035 3737 3226 3803 fuerit,
3285 3756 3515 3795 causam

1909 3824 2367 3883 commemorat?
2389 3826 2473 3877 Ita
2485 3823 2817 3888 omnino,ut
2837 3824 3241 3890 dixi,autumat
3258 3828 3520 3882 laudatus

1912 3915 2218 3980 Launoius,
2256 3930 2319 3968 ac
2342 3912 2629 3984 praecipue
2660 3911 2895 3983 quidem
2938 3915 3083 3981 tum,
3113 3914 3268 3985 quod
3300 3931 3367 3968 ex
3399 3916 3521 3987 ejus

1913 4003 2187 4075 opinione
2210 4001 2450 4055 Sanctus
2462 4002 2676 4063 noster,
2694 4016 2823 4053 cum
2846 4001 2918 4054 ob
2939 4000 3235 4072 improbos
3259 4003 3526 4059 Manassis

1914 4108 2108 4147 mores
2137 4089 2330 4144 Remis
2353 4087 2812 4154 excessit,statim
2836 4106 2957 4143 sese
2986 4089 3043 4144 in
3079 4106 3342 4145 eremum
3366 4108 3525 4147 rece-

1917 4181 2103 4253 perit;
2140 4182 2264 4233 tum
2293 4177 2547 4248 quod,ut
2580 4179 2762 4248 putat,
2783 4178 2965 4231 sancti
2987 4195 3050 4231 ex
3082 4179 3221 4233 urbe
3257 4180 3530 4235 Remensi

195 4285 253 4336 et
284 4257 520 4334 Parisiis
540 4275 701 4345 gesta
721 4268 793 4323 sit
824 4270 881 4321 et
904 4281 1032 4338 quae
1059 4261 1274 4316 ibidem
1308 4275 1341 4312 a
1360 4260 1555 4312 sancto
1574 4257 1816 4311 docente
1841 4261 1893 4320 D
1917 4269 2227 4323 discessum
2251 4264 2447 4319 habita
2464 4266 2534 4318 ab
2561 4281 2833 4335 eo,quam
2856 4282 3026 4336 supra
3045 4266 3169 4337 jam
3190 4269 3530 4336 memoravi,

196 4367 404 4423 fuisset
432 4362 761 4432 conspecta,
779 4366 1113 4439 sermonem
1137 4346 1414 4402 instituat.
1435 4344 1598 4409 Quod
1622 4348 1818 4399 autem

198 4473 321 4512 non
355 4455 589 4508 tantum
605 4449 912 4510 Puteanus,
949 4433 1180 4510 aliique,
1208 4433 1306 4507 qui
1321 4434 1512 4489 szeculi
1536 4451 1622 4487 xvr
1653 4433 1818 4486 initio

204 4542 559 4605 floruerunt,
594 4536 652 4591 8.
695 4531 976 4589 Brunonis
1015 4523 1343 4597 biographi,
1403 4538 1603 4577 verum
1645 4521 1822 4576 etiam

202 4630 385 4690 seculi
414 4645 505 4683 xiv
538 4630 597 4682 et
616 4642 682 4680 xv
712 4622 1036 4692 scriptores,
1066 4614 1218 4671 infra
1238 4610 1511 4667 laudandi
1526 4611 1824 4665 invenian-

204 4728 326 4789 tur,
358 4718 459 4791 qui
488 4718 749 4771 sanctum
793 4713 1054 4765 nostrum
1108 4721 1176 4760 eo
1224 4703 1345 4774 ipso
1376 4705 1664 4770 tempore,
1712 4715 1825 4771 quo

209 4790 561 4883 praedictum
594 4800 921 4875 prodigium
972 4793 1197 4851 Parisiis
1227 4790 1551 4862 contigisse,
1602 4803 1826 4841 memo-

210 4902 373 4965 rant,
396 4894 616 4951 ibidem
635 4888 911 4953 docuisse,
934 4882 1237 4939 memorise
1258 4879 1530 4952 prodant,
1554 4880 1655 4931 aut
1677 4879 1831 4930 certe

211 5006 285 5045 eo
312 4988 467 5051 loco,
499 4997 613 5055 quo
645 4978 704 5034 id
732 4975 967 5041 faciunt,
1005 4994 1032 5022 ‹‹
1069 4971 1396 5027 scholarum
1430 4964 1832 5021 Parisiensium

212 5054 604 5148 magistrum»
623 5061 1183 5140 appellent,fuisseve
1198 5054 1689 5121 innuant,factum
1703 5068 1835 5108 reor

213 5184 283 5223 ex
316 5179 412 5231 eo,
444 5159 622 5233 quod,
658 5170 789 5211 cum
833 5149 1161 5225 qrodigium
1208 5145 1361 5202 istud
1396 5142 1622 5198 Parisiis
1652 5141 1834 5197 conti-

218 5256 372 5329 gisse
412 5232 512 5305 aut
558 5242 763 5302 alicubi
815 5241 1101 5313 legissent,
1138 5239 1238 5292 aut
1286 5232 1595 5289 traditione
1643 5248 1837 5286 secum

221 5337 660 5400 communicata
706 5330 1076 5403 accepissent,
1124 5326 1401 5382 Sanctum
1448 5321 1605 5389 inde,
1638 5324 1839 5393 utpote

225 5447 405 5506 quem
417 5426 593 5483 simul
614 5422 965 5497 praesentem
986 5413 1253 5489 prodigio
1287 5410 1588 5475 adstitisse,
1618 5410 1839 5464 schola-

229 5497 482 5594 rumque
510 5512 853 5586 magistrum
878 5505 1060 5581 egisse
1088 5500 1437 5566 invenirent,
1461 5497 1674 5554 ibidem
1705 5503 1843 5555 tunc

1919 4373 2050 4411 cum
2085 4354 2382 4426 Radolpho
2420 4352 2598 4407 Viridi
2630 4357 2687 4407 et
2718 4354 2908 4408 Fulcio
2939 4354 3235 4410 Monoculo
3283 4357 3353 4411 de
3380 4356 3538 4413 falsis

1922 4444 2127 4500 mundi
2149 4441 2638 4504 oblectationibus
2670 4441 2899 4496 collatio
2915 4444 3290 4513 praecesserit.
3324 4446 3536 4501 Verum

1927 4549 2035 4588 nec
2066 4531 2326 4597 Sanctus,
2388 4546 2518 4584 cum
2564 4530 2759 4584 Remis
2792 4530 2864 4584 ob
2921 4530 3218 4601 improbos
3269 4534 3537 4590 Manassis

1925 4638 2119 4677 mores
2149 4618 2408 4683 excessit,
2443 4617 2635 4672 statim
2666 4634 2788 4672 sese
2814 4618 2872 4671 in
2898 4619 3268 4675 solitudinem
3295 4622 3536 4691 abdidit,

1928 4725 2034 4764 nec
2068 4707 2217 4762 illius
2248 4723 2315 4761 ex
2349 4706 2489 4760 urbe
2520 4706 2788 4760 Remensi
2820 4706 3131 4763 discessum
3163 4711 3391 4765 collatio
3416 4728 3537 4765 me-

1929 4800 2159 4852 morata
2184 4794 2492 4866 praecessit,
2519 4795 2837 4866 Utrumque
2854 4812 2885 4850 e
2916 4796 3047 4851 solis
3074 4797 3193 4853 fere
3222 4815 3393 4869 supra
3414 4799 3540 4869 jam

1933 4884 2098 4940 dictis
2134 4883 2269 4937 satis
2298 4883 2497 4954 liquet.
2532 4884 2609 4935 Ac
2632 4882 2822 4952 primo
2870 4884 3105 4954 quidem
3123 4902 3251 4939 cum
3278 4886 3538 4954 Sanctus,

1934 4977 1997 5027 ut
2019 4988 2180 5026 num.
2208 4974 2298 5025 111
2321 4969 2566 5024 dilucide
2580 4971 2837 5042 probavi,
2854 4989 3009 5028 anno
3028 4972 3160 5028 1076
3176 4975 3273 5027 aut
3283 4973 3545 5044 sequenti

1934 5059 2202 5116 Manassis
2224 5058 2441 5113 vitandi
2462 5074 2632 5112 causa
2648 5060 2858 5113 Remos
2891 5059 3228 5127 deseruerit,
3252 5064 3544 5133 certeque,

1937 5149 2021 5203 uti
2046 5147 2196 5202 infra
2218 5146 2545 5212 ostendam,
2591 5150 2725 5201 ante
2758 5163 2977 5202 annum
3012 5149 3138 5201 1081
3173 5146 3235 5201 in
3256 5163 3545 5217 eremum,

1938 5237 2145 5291 saeculo
2162 5235 2384 5301 relicto,
2417 5250 2536 5288 non
2563 5233 2789 5299 abierit,
2815 5234 3069 5288 moxhoc
3098 5233 3262 5289 illum
3292 5252 3325 5288 a
3350 5252 3451 5290 suo
3479 5254 3548 5291 ex

1940 5326 2081 5380 urbe
2094 5323 2362 5378 Remensi
2395 5321 2782 5393 obimprobos
2801 5321 3069 5377 Manassis
3098 5338 3293 5377 mores
3318 5339 3551 5380 excessu

1942 5430 2059 5469 non
2090 5412 2308 5480 fecisse,
2341 5409 2876 5467 manifestissimum
2906 5415 3010 5466 est.
3034 5411 3243 5466 Etvero
3273 5410 3551 5466 Sanctum

1946 5517 2064 5557 non
2096 5500 2207 5556 nisi
2261 5505 2389 5576 post
2431 5497 2704 5554 Manassis
2749 5499 3161 5572 archiepiscopi
3202 5517 3234 5554 e
3280 5496 3415 5552 sede
3449 5497 3555 5555 Re-
