4122 6058
478 308 619 370 103’

1324 304 1383 363 S.
1430 301 1773 362 BRUNONIS
1804 302 2434 363 CARTHUSIANORUM
2475 304 2943 365 lNSTITUTORlS

3698 308 3799 371 tot

476 433 664 493 mensi
695 431 1112 505 expulsionem,
1146 449 1246 488 seu
1286 432 1458 505 paulo
1499 435 1629 504 post
1667 447 1887 485 annum
1924 433 2079 499 1080,
2103 437 2158 495 Α
2180 432 2365 488 verbis
2388 449 2559 505 supra
2577 433 3116 503 recitatisamrmet,
3135 433 3411 491 Sanctum
3427 433 3795 493 «Brunonem

479 542 592 599 quo
618 526 741 579 haec
764 522 987 588 accidit,
1013 522 1071 576 in
1105 539 1369 577 eremum
1404 520 1809 587 secessisse,ab
1833 519 2083 590 ipsemet

473 614 742 670 Gniberto
774 614 899 668 loco
926 628 1098 683 supra
1115 612 1210 666 cit.
1227 611 1401 666 etiam
1420 609 1679 676 indicari,
1712 609 1912 663 volunt
1940 624 2082 663 non-

475 702 636 758 nulli.
670 703 753 755 Ita
769 704 1074 755 autumant
1103 700 1258 772 quod
1272 699 1385 765 hic,
1405 701 1714 770 postquam
1747 696 1932 750 verbis
1952 712 2082 768 pro-

472 792 625 847 xime
670 790 921 846 recitatis
964 789 1271 860 subjunxit,
1296 787 1869 859 «quem(Manassem
1892 785 2076 841 archi-

473 880 826 953 episcopum)
849 878 1221 949 postmodum
1236 892 1527 948 proceres,
1549 876 1733 929 clerus
1750 878 1921 945 atque
1938 874 2076 927 Bur-

470 985 831 1043 genses,cum
847 969 918 1022 ab
936 968 1173 1038 llugone
1209 965 1325 1039 (qui
1340 964 1557 1020 Diensis
1570 962 2075 1036 agnominabatur)

469 1057 896 1129 archiepiscopo
933 1053 1317 1127 (Lugdunensi
1366 1052 1578 1106 scilicet
1623 1054 1822 1123 postea
1861 1050 2075 1121 creato)

467 1145 792 1218 apostolicae
823 1145 970 1199 sedis
1000 1146 1211 1214 legato,
1246 1142 1366 1197 viro
1403 1141 1461 1195 in
1477 1141 1677 1196 fenore
1701 1139 1939 1210 justitize
1959 1140 2073 1193 cla-

464 1234 713 1319 rissimp,
748 1233 1098 1288 creberrimo
1143 1232 1515 1287 anathemate
1565 1229 1857 1295 feriretur,
1892 1232 1949 1283 et
1978 1228 2074 1282 ille

464 1316 900 1379 manu—militari
924 1322 1227 1375 thesauros
1244 1318 1502 1373 Ecclesiae
1524 1317 1840 1388 dilapidare
1867 1316 2074 1370 nitere-

465 1415 580 1479 tur,
615 1428 650 1466 a
668 1411 824 1479 sede,
844 1426 1019 1483 quam
1038 1410 1187 1463 male
1201 1408 1530 1473 obsederat,
1568 1407 1973 1478 pepulerunt,»
1994 1404 2074 1459 ita

465 1498 1148 1569 deinde,nonnullis,quae
1169 1511 1525 1568 quamquam
1544 1495 1862 1549 Manassem
1892 1492 2072 1565 respi-

466 1588 643 1655 ciant,
677 1588 787 1642 huc
817 1591 1016 1641 tamen
1048 1586 1237 1640 minus
1267 1584 1505 1651 faciunt,
1537 1581 1906 1654 interpositis,
1941 1597 2072 1653 pro-

466 1681 770 1749 sequatur:
803 1697 829 1725 »
863 1678 935 1730 At
966 1677 1177 1741 Bruno,
1206 1674 1346 1727 urbe
1379 1671 1673 1737 (Remensi
1713 1670 1947 1741 scilicet)
1981 1670 2077 1724 de-

2180 521 2569 576 conversionis
2592 522 2755 577 initia
2776 528 3010 579 nactum
3040 524 3211 579 fuisse
3233 542 3300 579 ex
3330 525 3670 580 occasione»
3688 526 3795 581 im-

2179 610 2494 680 proborum
2525 628 2755 665 morum
2772 613 3069 680 Manassae;
3094 614 3265 668 hosce
3282 617 3502 679 tamen,
3523 614 3597 669 ob
3611 631 3791 686 quam

2179 697 2419 752 Sanctus
2460 699 2518 754 in
2578 717 2843 755 eremum
2903 702 3217 768 secesserit,
3252 702 3621 775 perfectoque
3665 720 3791 759 sese

2178 788 2541 853 converterit,
2571 805 2802 843 causam
2826 790 3118 856 exstitisse,
3141 808 3257 845 non
3281 790 3470 845 edicit.
3498 792 3618 846 lmo
3649 808 3788 846 vero

2178 876 2531 930 contrarium
2560 875 2768 943 innuit,
2808 894 2939 931 cum
2970 878 3266 951 improbos
3296 879 3565 933 Manassis
3594 896 3792 933 mores

2177 964 2560 1018 conversionis
2579 965 2758 1020 sancti
2781 965 2953 1021 initiis
2967 967 3328 1021 occasionem
3347 967 3588 1034 dedisse,
3623 968 3792 1022 dum-

2177 1054 2331 1105 taxat
2359 1052 2568 1119 tradat,
2598 1054 2833 1125 haacque
2866 1055 2937 1109 ab
2978 1055 3102 1125 ipsa
3130 1056 3501 1110 conversione
3529 1056 3791 1126 perfecta

2174 1137 2288 1193 sint
2318 1139 2555 1194 diversa.
2592 1141 2662 1195 Ut
2697 1142 2918 1197 veritati
2957 1158 3213 1197 consona
3253 1140 3538 1213 scripsisse
3571 1142 3785 1199 intelli-

2174 1232 2343 1299 gatur
2372 1229 2691 1297 Huibertus,
2719 1247 2809 1285 res
2850 1231 2928 1286 ita
2958 1231 3335 1304 concipienda
3360 1230 3603 1286 videtur.
3647 1233 3788 1287 Bru-

2173 1332 2270 1383 no,
2306 1318 2498 1371 Remis
2546 1319 2619 1373 ob
2652 1319 2947 1391 improbos
2987 1320 3252 1375 Manassis
3285 1334 3476 1374 mores
3506 1320 3787 1376 excedere

2171 1406 2519 1476 compulsus,
2550 1406 2843 1461 fortunam
2884 1408 3133 1462 maxime
3167 1406 3489 1474 adversam,
3513 1425 3627 1481 qua
3650 1424 3786 1480 pre-

2174 1497 2391 1560 mente,
2427 1494 2497 1548 de
2539 1496 2655 1549 Deo
2705 1496 2959 1566 cogitare
3005 1496 3265 1569 vitaaqua:
3310 1496 3784 1552 emendationem

2174 1582 2477 1652 concipere
2492 1584 2768 1637 mortales
2785 1584 3147 1656 potissimum
3162 1584 3482 1652 solent,fuit
3493 1590 3783 1656 expertus,

2174 1669 2419 1742 hincque
2452 1671 2668 1725 factum
2700 1676 2764 1726 ut
2789 1690 2918 1727 cum
2954 1672 3253 1745 Radulpho
3288 1677 3346 1728 et
3373 1673 3562 1729 Fulcio
3585 1675 3785 1730 Mono-

464 1770 636 1833 serta,
695 1767 901 1820 saeculo
947 1764 1124 1819 etiam
1173 1762 1583 1817 abrenuntiare
1634 1759 1941 1830 proponit.,
1977 1758 2073 1830 qui
2099 1756 2148 1814 B
2173 1760 2299 1812 culo
2332 1759 2693 1814 celebremin
2725 1777 2839 1832 qua
2864 1777 2985 1815 sese
3006 1761 3162 1816 brevi
3187 1761 3591 1817 monachicum
3618 1762 3786 1818 habi-

463 1870 699 1909 suorum
724 1853 955 1909 notitias
969 1854 1212 1906 horrens
1235 1850 1307 1904 ad
1328 1849 1926 1919 Gratianopolitanum
1944 1864 2074 1920 pro-

461 1942 628 1997 cessit
652 1942 1005 1997 territorium
1032 1957 1046 2008 ;
1081 1960 1108 1988 »
1131 1954 1329 1994 verum
1346 1937 1456 1991 illis
1479 1937 1586 1991 hac
1612 1937 1671 1990 in
1704 1952 1788 2003 re,
1818 1936 1897 1991 uti
1920 1936 2072 1990 infra

463 2032 703 2097 docebo,
741 2028 1169 2085 assentiendum
1204 2042 1322 2081 non
1353 2028 1457 2080 est.

534 2124 655 2175 £77.
681 2119 828 2173 Nihil
846 2117 1101 2182 interim,
1122 2115 1302 2169 etsiid
1327 2115 1405 2169 ita
1422 2113 1512 2180 sit,
1539 2116 1741 2167 contra
1757 2130 1863 2168 nos
1892 2113 2069 2168 etiam

456 2207 547 2263 hic
577 2207 732 2273 facit,
761 2206 917 2278 quod
946 2206 1071 2260 loco
1103 2204 1198 2257 cit.
1258 2201 1540 2256 Launoius
1587 2204 1868 2273 prasterea
1911 2201 2070 2255 addit

458 2296 530 2351 de
556 2294 774 2351 clericis
822 2292 1218 2358 Remensibus,
1252 2307 1384 2344 cum
1418 2290 1627 2344 Sancto
1668 2290 1741 2343 ob
1771 2289 2068 2361 improbos

454 2383 723 2439 Manassis
753 2399 945 2437 mores
986 2398 1017 2435 e
1053 2380 1277 2435 civitate
1317 2379 1585 2435 Remensi
1635 2378 1898 2449 egressis,
1944 2377 2062 2449 qui,

458 2472 518 2528 ni
546 2476 683 2527 tunc
706 2472 894 2526 Bruno
915 2470 974 2524 in
1002 2486 1265 2523 eremum
1282 2466 1596 2533 secesserit,
1622 2466 1719 2521 diu
1744 2482 1900 2532 eum,
1928 2481 2067 2537 quo-

455 2576 704 2632 cumque
735 2558 1100 2625 concederet,
1119 2555 1385 2611 comitari
1412 2553 1735 2621 debuerint,
1765 2554 2064 2625 Deumque

454 2648 700 2703 interea—
731 2664 764 2700 a
809 2662 921 2717 quo
954 2647 1448 2710 converterentur,
1482 2645 1654 2713 atque
1708 2642 1766 2696 in
1798 2657 2063 2695 eremum

451 2754 583 2791 cum
614 2739 812 2791 sancto
846 2736 1218 2807 pellerentur,
1249 2748 1280 2786 e
1300 2731 1591 2786 machima
1609 2734 1936 2803 exspectare
1961 2747 1976 2797 ;
2002 2730 2061 2784 in

450 2840 714 2879 eremum
735 2824 891 2879 enim
908 2840 1039 2877 cum
1054 2822 1285 2887 Sancto,
1301 2820 1381 2875 uti
1394 2819 1548 2889 apud
1568 2836 1675 2873 nos
1689 2821 1833 2873 tom.
1854 2820 1873 2871 Ι
1895 2817 2059 2890 Apri-

446 2912 534 2980 lis,
572 2929 704 2985 pag.
726 2914 814 2978 4-0,
839 2927 1001 2965 num.
1027 2908 1221 2965 x1inS.
1250 2906 1524 2979 Hugonis,
1546 2904 2059 2977 Gratianopolitani

451 3000 721 3074 episcopi,
771 3000 898 3054 Vita
961 2998 1163 3069 Guigo,
1225 2996 1457 3069 quintus
1516 2995 1786 3051 Cartusia:
1821 2992 2060 3064 majoris

447 3089 628 3162 prior,
662 3092 926 3153 testatur,
968 3087 1377 3141 concesserunt
1407 3083 1682 3155 magister
1702 3082 2053 3147 Landuinus,

448 3178 612 3232 Lucae
634 3178 693 3232 in
721 3174 1118 3243 Hetruria(adi
1136 3174 1288 3245 apud
1317 3173 1607 3226 Labbeum
1637 3175 1778 3225 tom.
1810 3172 1831 3223 Ι
1855 3168 2058 3223 Biblio-

444 3268 624 3321 theca:
651 3283 814 3320 novae
834 3283 968 3320 mss.
989 3281 1121 3335 pag.
1149 3265 1253 3316 639
1269 3265 1517 3332 quatuor
1532 3260 1877 3331 primorum,
1894 3258 2055 3328 cujus

442 3372 605 3409 num.
631 3357 662 3408 6
696 3354 963 3409 notitiam
1004 3351 1156 3415 dedi,
1190 3348 1490 3403 carthusize
1524 3347 1761 3418 majoris
1791 3347 2048 3419 priorum

441 3441 787 3513 Chronicon)
820 3441 1038 3495 mundo
1073 3442 1257 3492 natus.
1284 3437 1560 3507 Stephani
1587 3436 1722 3502 duo,
1752 3436 2051 3506 Burgensis

441 3534 499 3586 et
529 3530 770 3597 Diensis,
814 3531 974 3600 llugo
1024 3528 1355 3597 capellanus
1392 3529 1450 3579 et
1480 3525 1592 3579 duo
1626 3524 1752 3579 laici
1783 3541 1882 3578 seu
1911 3540 2047 3578 con-

433 3620 599 3686 versi,
631 3620 889 3673 Andreas
919 3622 977 3671 et
1006 3614 1283 3670 Guarinus
1307 3632 1321 3682 ;
1355 3615 1563 3668 horum
1588 3616 1781 3667 autem
1810 3613 1997 3667 nullus
2016 3629 2047 3666 e

437 3707 725 3763 nobilibus
756 3707 865 3761 illis
879 3703 1257 3759 Remensibus
1307 3702 1542 3768 clericis,
1564 3699 1659 3772 qui
1682 3717 1812 3754 cum
1836 3701 2045 3755 Sancto

436 3797 510 3851 ob
562 3795 860 3866 improbos
914 3790 1183 3847 Manassis
1244 3806 1436 3845 mores
1500 3788 1692 3844 Remis
1735 3804 2044 3855 excessere,

434 3884 707 3939 exstitisse
736 3881 1043 3937 invenitur.
1081 3879 1245 3943 Quod
1275 3878 1452 3933 modo
1485 3878 1556 3932 ad
1589 3878 1979 3943 collationem,
2013 3892 2048 3929 a

434 3972 645 4028 Sancto
680 3988 814 4025 cum
860 3968 1159 4038 Radulpho
1191 3965 1363 4019 Viridi
1404 3969 1462 4019 et
1510 3964 1698 4018 Fulcio
1748 3965 2044 4018 Monoculo

432 4061 715 4124 habitam,
748 4054 1308 4128 pertinet,Brunonis
1338 4054 1487 4106 hanc
1511 4069 1576 4107 ex
1606 4052 1745 4106 urbe
1777 4052 2044 4106 Remensi

433 4150 508 4205 ob
530 4149 609 4203 im
616 4144 1094 4220 probosManassis
1108 4159 1298 4197 mores
1314 4141 1579 4195 discessui
1601 4158 1717 4195 non
1738 4140 2039 4211 prmivisse,

434 4237 569 4292 satis
598 4250 904 4309 superque,
939 4249 1066 4304 qua:
1100 4246 1261 4286 num.
1291 4234 1387 4284 125
1420 4233 1477 4283 et
1507 4247 1667 4301 seqq.
1693 4230 1750 4283 in
1783 4229 2039 4283 medium

2172 1850 2296 1901 tum
2329 1854 2782 1920 assumpturum,
2836 1850 3006 1915 vovit,
3064 1850 3435 1905 collationem
3490 1851 3780 1907 habuerit.

2171 1934 2261 1989 Sic
2299 1937 2509 2009 quippe
2541 1955 2672 1992 cum
2722 1942 2917 1993 votum
2949 1939 3088 1993 illud
3136 1940 3440 2011 completas
3472 1956 3505 1993 a
3568 1940 3783 1996 Sancto

2168 2029 2368 2094 postea
2388 2027 2774 2082 conversionis
2790 2027 3087 2082 initiorum
3101 2029 3225 2082 loco
3248 2028 3454 2082 merito
3473 2028 3543 2082 sit
3563 2029 3711 2084 habe
3722 2046 3789 2083 n-

2170 2111 2330 2179 dum,
2365 2113 2795 2185 collationique,
2830 2113 2887 2167 in
2921 2131 3036 2186 qua
3065 2114 3223 2169 idem
3254 2119 3453 2169 votum
3474 2114 3581 2169 fuit
3611 2115 3784 2169 emis-

2168 2201 2577 2274 sum,improbi
2599 2202 2867 2257 Manassis
2895 2217 3088 2257 mores
3104 2203 3465 2258 occasionem
3491 2203 3780 2271 dederint,

2167 2294 2320 2342 recte
2386 2290 2677 2363 scripsisse
2734 2290 3076 2362 intelligitur
3120 2291 3440 2358 Guibertus,
3503 2291 3784 2348 Sanctum

2166 2380 2427 2431 nostrum
2450 2395 2515 2433 ex
2530 2380 2929 2449 improborum
2950 2381 3218 2435 Manassa:
3234 2396 3464 2434 morum
3478 2382 3781 2436 occasione

2164 2466 2548 2521 conversionis
2578 2485 2693 2521 suae
2721 2467 2885 2522 initia
2914 2472 3148 2523 nactum
3170 2468 3362 2536 fuisse,
3395 2468 3509 2523 sive
3539 2469 3779 2524 interim

2164 2570 2230 2607 ex
2261 2559 2390 2610 voto
2406 2556 2501 2610 illo
2526 2573 2624 2610 seu
2649 2573 2713 2610 ex
2737 2557 3065 2623 collatione,
3093 2558 3151 2611 in
3174 2574 3308 2628 qua,
3341 2557 3449 2612 hoc
3480 2556 3587 2612 fuit
3600 2557 3777 2612 emis-

2163 2658 2311 2710 sum,
2336 2643 2554 2698 factum
2583 2645 2818 2698 tandem
2834 2645 2923 2710 sit,
2959 2648 3021 2700 ut
3051 2645 3290 2701 Sanctus
3307 2660 3517 2699 novam
3539 2645 3780 2701 Carthu-

2164 2729 2460 2785 sianorum
2493 2732 2840 2804 religionem
2872 2732 3201 2799 instituerit,
3234 2732 3349 2787 sive
3380 2749 3528 2787 nova
3546 2734 3776 2789 ratione

2160 2820 2469 2874 accedente
2491 2821 2564 2874 ad
2595 2821 2653 2875 id
2672 2821 3003 2876 faciendum
3031 2821 3204 2875 fuerit
3231 2822 3531 2893 impulsus.

2236 2911 2354 2961 {79.
2373 2909 2438 2962 Et
2453 2911 2786 2964 Brunonem
2809 2910 3043 2982 quidem
3067 2927 3097 2964 e
3120 2910 3271 2965 dicta
3291 2910 3597 2965 collatione
3610 2927 3775 2965 occa-

2157 2995 2380 3050 sionem
2410 3013 2571 3051 novze
2598 3014 2711 3051 sum
2746 2997 3427 3069 religionisinstituendm
3459 2998 3768 3071 accepisse,

2158 3084 2442 3138 Launoius
2472 3085 2529 3138 in
2564 3103 2665 3140 sua
2698 3086 2768 3140 de
2800 3103 2935 3141 vera
2974 3085 3031 3141 S.
3066 3088 3347 3142 Brunonis
3396 3088 3453 3142 in
3502 3104 3771 3142 eremum

2155 3189 2405 3226 secessus
2424 3190 2593 3228 causa
2611 3174 3011 3229 dissertatione
3036 3192 3160 3247 cap.
3218 3193 3256 3241 ι,
3281 3179 3308 3244 §
3332 3177 3399 3229 llI
3425 3176 3727 3231 contendit
3751 3193 3767 3244 ;

2152 3277 2350 3314 verum
2369 3266 2572 3316 contra
2592 3262 2663 3317 ad
2684 3262 2813 3317 novi
2834 3263 3343 3318 Carthusianorum
3361 3263 3579 3319 ordinis
3597 3264 3655 3318 in
3670 3264 3773 3318 sti-

2150 3349 2437 3403 tutionem
2452 3350 2591 3404 nihil
2616 3351 2859 3406 omnino
2878 3352 3248 3407 collationem
3265 3352 3421 3407 illam
3438 3353 3765 3420 contulisse,

2150 3437 2449 3491 annalium
2464 3438 3095 3493 Carthusiensiumlibri
3122 3441 3309 3512 quarti
3335 3441 3613 3494 hactenus
3642 3457 3765 3495 non

2148 3524 2361 3596 vulgati
2389 3530 2927 3599 auctoranonymus
2955 3531 3138 3599 putat,
3172 3528 3362 3599 operis
3386 3528 3467 3582 sui
3494 3545 3655 3583 num.
3692 3531 3764 3582 89

2148 3612 2300 3666 hunc
2330 3612 2385 3667 in
2420 3614 2658 3669 modum
2679 3615 3101 3681 Launoio,illud
3121 3616 3765 3687 contendenti,respon-

2148 3700 2316 3755 dens:
2345 3701 2491 3756 lbi...
2529 3703 2606 3770 (in
2635 3703 2877 3775 epistola
2909 3703 3122 3759 scilicet
3154 3703 3210 3759 S.
3240 3703 3520 3759 Brunonis
3551 3705 3623 3759 ad
3648 3705 3765 3759 Ra-

2149 3788 2430 3860 dulphum
2455 3790 2705 3845 Viridem
2734 3809 2838 3863 per
2879 3793 3073 3859 verba,
3107 3809 3269 3846 num.
3312 3796 3431 3860 125,
3453 3793 3557 3847 huc
3576 3797 3768 3847 trans-

2145 3878 2353 3949 cripta)
2373 3901 2399 3928 «
2420 3883 2646 3933 sanctus
2668 3882 2857 3935 Bruno
2877 3897 2990 3935 non
3012 3882 3265 3953 loquitur
3286 3882 3354 3936 dc
3373 3881 3610 3937 consilio
3630 3882 3766 3937 fun-

2145 3966 2321 4020 dandi
2349 3967 2585 4038 alicujus
2613 3969 2743 4022 novi
2776 3969 3013 4035 ordinis,
3042 3970 3141 4023 sed
3159 3973 3387 4024 tantum
3416 3970 3487 4024 de
3518 3974 3648 4025 voto
3670 3987 3766 4025 re-

2144 4054 2388 4125 cipiendi
2407 4057 2812 4111 monachicum
2825 4059 3109 4113 habitum.
3131 4058 3377 4122 Quidam
3402 4059 3763 4114 adversarius

2142 4142 2289 4198 hanc
2322 4144 2515 4199 forsan
2548 4145 2810 4201 irridebit
2834 4147 3283 4214 distinctionem,
3313 4164 3441 4219 qua:
3468 4146 3763 4202 nihilomi-

2143 4248 2250 4285 nus
2278 4232 2517 4300 facilius,
2537 4251 2712 4305 quam
2734 4236 2873 4289 illa»
2894 4236 3217 4308 (observata
3248 4235 3524 4290 nimirum
3559 4253 3592 4289 a
3616 4236 3762 4291 Lau-

432 4325 661 4391 adduxi,
695 4324 965 4379 evincunt
993 4338 1007 4389 ;
1043 4320 1258 4375 ibidem
1275 4318 1507 4373 interim
1542 4318 1705 4372 dictis
1742 4319 2041 4374 Guibertus
2063 4329 2115 4387 Ι)
2142 4321 2275 4376 noio
2307 4322 2365 4375 in
2407 4323 2710 4389 Brunonis,
2772 4341 2899 4395 qua
2947 4318 3212 4395 proxime
3263 4324 3510 4391 laudavi,
3544 4323 3759 4395 verbis)

433 4414 503 4469 de
534 4413 849 4484 Novigento
878 4412 1003 4465 loco
1036 4407 1297 4482 proxime
1330 4407 1425 4461 cit.
1461 4408 1639 4462 etiam
1668 4407 2035 4479 suffragatur,

436 4504 637 4574 utpote
665 4498 1004 4565 narrationi,
1035 4514 1151 4569 qua
1178 4496 1369 4551 Sancti
1402 4512 1465 4549 ex
1491 4496 1630 4549 urbe
1662 4496 1933 4551 Remensi
1963 4498 2036 4552 ob

432 4590 731 4662 improbos
788 4588 1055 4644 Manassis
1106 4602 1297 4639 mores
1338 4584 1623 4639 dicessum
1672 4585 1868 4652 refert,
1910 4589 2038 4658 post

427 4695 612 4753 pauca
628 4677 1121 4749 interpositaque:
1138 4675 1247 4728 huc
1266 4690 1382 4728 non
1396 4672 1633 4739 faciunt,
1660 4674 2032 4745 subjungens,
2054 4708 2077 4725 .

430 4790 459 4818 «
489 4769 563 4821 At
585 4768 797 4833 Bruno,
824 4765 965 4819 urbe
984 4762 1279 4835 (Remensi
1300 4764 1527 4834 nempe)
1555 4761 1799 4829 deserta,
1828 4763 2034 4817 szeculo

429 4855 605 4912 etiam
631 4852 1043 4910 abrenuntiare
1074 4849 1365 4923 proponit.
1397 4870 1424 4898 ››

504 4948 625 5001 178.
658 4945 787 4999 Jam
816 4958 951 4997 vero
989 4957 1121 4995 cum
1148 4938 1389 4994 Sanctus
1433 4955 1539 4994 nec
1564 4939 1756 4994 statim
1774 4954 1807 4992 a
1838 4955 1940 4993 suo
1966 4955 2033 4994 ex

424 5034 566 5090 urbe
599 5031 869 5088 Remensi
887 5031 961 5086 ob
990 5029 1285 5100 improbos
1304 5027 1573 5082 Manassis
1594 5044 1786 5082 mores
1804 5043 2033 5084 excessu

422 5122 484 5178 in
515 5137 777 5177 eremum
799 5118 1024 5185 abierit,
1055 5133 1159 5171 nec
1189 5116 1341 5170 hunc
1371 5114 1709 5169 habitacum
1733 5116 2032 5187 Radulpho

421 5214 481 5266 et
501 5210 713 5275 Fulcio,
737 5209 794 5264 in
810 5225 924 5279 qua
935 5207 1137 5261 hicum
1158 5205 1423 5258 Brunone
1456 5203 1776 5259 manachici
1806 5205 2034 5260 habitus

421 5296 753 5355 assumendi
770 5298 968 5350 votum
991 5292 1256 5359 emisere,
1281 5290 1508 5345 collatio
1530 5292 2033 5364 prmcesserit,quis

422 5386 721 5458 improbos
739 5382 1009 5439 Manassis
1036 5396 1227 5435 mores
1249 5395 1352 5451 pro
1374 5395 1527 5445 Vera,
1549 5378 1622 5432 ob
1649 5396 1823 5450 quam
1856 5380 2030 5435 Sanc-

422 5480 513 5530 tus
544 5474 602 5527 in
640 5487 906 5526 eremum
940 5468 1256 5534 secesserit,
1313 5484 1485 5522 causa
1515 5466 1827 5522 admittat?
1859 5468 2030 5536 Sane,

422 5565 485 5621 ut
507 5562 618 5617 hoc
675 5560 797 5625 ﬁat,
852 5555 1094 5611 minime
1135 5555 1287 5611 favet
1316 5556 1639 5611 Guibertus.
1681 5555 1835 5611 Licet
1874 5556 2030 5613 enim

2142 4410 2560 4465 «instituenda:
2605 4411 3118 4467 Carthusianorum
3175 4412 3469 4485 religionis
3499 4412 3749 4479 occasio,

2138 4499 2534 4555 observabitur
2554 4518 2588 4555 a
2609 4500 3097 4572 quovisattentius
3130 4504 3188 4555 et
3216 4501 3338 4555 sine
3373 4500 3552 4555 animi
3584 4504 3755 4556 motu

2136 4588 2308 4643 verba
2367 4590 2548 4642 sancti
2610 4589 2892 4644 Brunonis
2942 4588 3369 4644 considerante.
3432 4589 3751 4643 «Promisi-

2136 4697 2164 4725 »
2201 4693 2391 4743 mus,»
2418 4676 2623 4750 inquit,
2639 4698 2666 4727 ››
2686 4694 2749 4732 ac
2771 4678 3025 4733 vovimus
3045 4676 3279 4749 Spiritui
3303 4682 3499 4731 sancto
3528 4677 3584 4730 in
3607 4692 3751 4747 pro-

2136 4785 2163 4813 »
2194 4764 2348 4819 ximo
2379 4765 2616 4837 fugitiva
2647 4766 2836 4820 seaculi
2861 4766 3189 4837 relinquere
3220 4769 3279 4819 et
3309 4769 3527 4819 aeterna
3556 4768 3752 4837 capta-

2135 4873 2163 4901 »
2198 4870 2404 4920 re,nec
2420 4870 2537 4909 non
2562 4855 2969 4910 monachicum
2983 4854 3245 4908 habitum
3279 4853 3589 4925 recipere.»
3608 4853 3752 4917 Quis

2134 4957 2249 4994 non
2283 4941 2474 4995 videat
2503 4941 2658 4996 aliud
2690 4959 2809 4996 esse
2839 4959 3043 4997 vovere
3072 4942 3333 4997 habitum
3360 4941 3749 4997 monasticum

2134 5046 2447 5097 assumere,
2495 5030 2648 5085 aliud
2698 5030 2844 5084 inire
2876 5032 3178 5086 consilium
3219 5031 3536 5086 condendae
3578 5047 3749 5086 nova:

2132 5118 2464 5189 religionis?
2507 5119 2765 5190 Cumque
2796 5119 2991 5173 statim
3033 5118 3229 5186 addat,
3265 5142 3292 5169 ‹‹
3324 5119 3479 5191 quod
3501 5121 3752 5190 (votum)

2137 5229 2162 5255 α
2196 5209 2253 5259 et
2282 5205 2338 5259 in
2379 5206 2560 5261 vicino
2615 5210 2915 5278 peractum
2948 5210 3113 5274 esset,
3176 5206 3285 5261 nisi
3326 5211 3463 5261 tunc
3521 5207 3749 5263 Fulcius

2136 5316 2163 5343 «
2196 5293 2442 5349 Romam
2465 5295 2724 5362 abiisset;
2758 5316 2786 5343 ››
2820 5294 2906 5349 his
2936 5295 3118 5349 verbis
3139 5297 3273 5350 satis
3294 5295 3479 5350 innuit
3501 5311 3598 5349 eos
3617 5300 3748 5350 tan-

2132 5384 2256 5435 tum
2289 5382 2568 5453 cogitasse
2600 5382 2672 5437 de
2703 5384 3023 5437 monastico
3060 5384 3258 5439 habitu
3300 5366 3595 5439 induendo
3619 5402 3741 5439 non

2132 5468 2192 5523 in
2216 5487 2385 5536 novo,
2415 5486 2589 5541 quem
2624 5469 3015 5539 instituerent,
3068 5473 3298 5540 ordine,
3330 5473 3429 5528 sed
3457 5473 3515 5527 in
3546 5473 3745 5545 aliquo

2132 5557 2370 5613 alterius
2408 5556 2623 5612 ordinis
2664 5559 3070 5615 monasterio.»
