4122 6058
255 259 360 310 105

247 471 922 543 collatione,hujusmodi
939 474 1240 530 consilium
1255 477 1376 529 tam
1392 475 1502 530 cito
1515 475 1586 529 ad
1605 474 1872 529 effectum

248 560 573 631 perducere
618 579 734 616 non
764 563 1100 632 potuissent,
1135 567 1196 616 ut
1216 581 1414 618 revera
1446 581 1563 618 non
1592 564 1875 634 perduxe-

247 652 548 714 runt,cum
567 650 722 720 prius
737 652 917 706 multa
929 653 1031 708 sibi
1045 653 1402 725 disponenda
1415 653 1651 708 fuissent
1663 653 1735 706 ad
1753 657 1876 706 tan-

247 739 379 792 tum
393 753 540 809 Opus
557 739 1203 809 perficiendum,utsunt
1215 759 1397 813 genus
1413 746 1471 796 et
1488 743 1692 797 modus
1721 741 1869 807 vitaz,

249 827 756 893 habitus,azdificia
771 832 1138 902 quantumvis
1149 831 1572 899 humilia,locus
1585 831 1871 902 imprimis

251 917 327 971 ad
346 917 716 988 propositum
743 919 984 975 idoneus
1001 925 1057 976 et
1089 921 1199 976 alia
1211 922 1540 993 hujusmodi
1559 939 1674 977 non
1689 938 1872 993 pauca

247 1007 376 1059 tam
407 1005 563 1060 circa
591 1009 956 1080 temporalia,
986 1027 1164 1081 qnam
1195 1011 1530 1082 spiritualla,
1557 1012 1630 1065 ad
1661 1027 1872 1065 novam

251 1095 608 1166 religionem
636 1097 743 1151 rite
791 1098 1206 1154 instituendam
1239 1102 1496 1156 absolute
1528 1100 1868 1156 necessaria.

251 1185 546 1239 Praeterea
577 1202 644 1240 ex
673 1191 942 1242 contextu
993 1190 1301 1244 verborum
1333 1190 1588 1261 ejusdem
1620 1190 1872 1262 epistolae

250 1273 466 1327 clarius
496 1275 616 1328 sole
648 1279 908 1346 apparet,
939 1280 1126 1332 totum
1157 1279 1264 1332 hoc
1287 1279 1668 1351 propositum,
1691 1279 1751 1332 in
1767 1278 1874 1332 hac

252 1362 571 1417 collatione
628 1369 980 1436 susceptum,
1011 1384 1269 1421 successu
1311 1367 1590 1439 temporis
1621 1368 1693 1422 ad
1725 1367 1876 1422 nihi-

253 1453 378 1506 lum
413 1452 706 1518 recidisse,
743 1458 805 1508 ut
836 1454 1081 1525 ipsemet
1106 1456 1306 1510 beatus
1337 1457 1420 1510 vir
1450 1456 1700 1528 ingenue
1731 1457 1875 1511 fate-

254 1543 351 1594 tur
396 1541 489 1596 his
532 1541 718 1596 verbis
751 1559 764 1596 :
804 1566 830 1592 ‹‹
864 1543 1029 1606 Quod
1071 1543 1128 1598 in
1160 1543 1343 1600 vicino
1376 1549 1673 1615 peractum
1705 1549 1873 1612 esset,

259 1651 287 1678 ιι
320 1629 430 1683 nisi
451 1633 590 1684 tunc
623 1631 843 1684 Fulcius
875 1632 1120 1686 Romam
1149 1633 1399 1700 abiisset,
1447 1634 1520 1688 ad
1567 1634 1726 1705 cujus
1751 1635 1880 1688 red-

261 1741 288 1768 u
322 1718 516 1773 ditum
577 1720 913 1791 peragenda
971 1721 1317 1776 distulimus.
1362 1722 1484 1786 Quo
1519 1739 1747 1779 moram
1792 1723 1876 1777 fa-
1901 1744 1953 1804 Β

262 1829 289 1856 ι(
321 1808 515 1862 ciente
577 1808 815 1880 aliisque
861 1809 1376 1865 intervenientibus
1417 1812 1618 1877 causis,
1661 1812 1880 1866 divinus

264 1920 291 1946 ι(
323 1914 500 1952 amor
533 1899 814 1968 elanguit,
843 1898 1106 1970 refriguit
1137 1899 1386 1967 animus,
1420 1901 1722 1972 fervorque
1749 1918 1882 1956 eva-

266 2009 292 2035 ες
325 1987 476 2040 nuit.
511 2008 539 2034 ι»
587 1986 734 2051 Quid
747 1987 853 2041 dici
877 1988 1061 2058 potuit
1080 1989 1434 2044 evidentius?
1451 1989 1596 2054 Quid
1620 1991 1776 2044 enim
1799 1994 1884 2045 est

264 2075 482 2142 dicere,
527 2077 686 2148 quod
728 2099 755 2126 «
791 2077 1014 2131 divinus
1056 2095 1222 2133 amor
1281 2079 1556 2151 elanguit,
1617 2078 1884 2150 refriguit

266 2189 292 2212 «
324 2167 580 2231 animus,
618 2165 925 2237 fervorque
953 2168 1253 2235 evanuit,»
1289 2167 1392 2222 nisi
1438 2171 1634 2239 aperte
1669 2168 1879 2238 dicere,

264 2255 420 2327 quod
455 2272 574 2310 non
591 2257 778 2309 solum
808 2257 941 2309 tunc
960 2273 1075 2311 non
1092 2257 1881 2326 abrenuntiaveruntszeculo,

265 2344 362 2398 sed
395 2343 580 2398 etiam
597 2344 753 2414 quod
778 2343 1107 2414 Radulphus
1137 2349 1196 2399 et
1228 2345 1446 2401 Fulcius
1475 2345 1885 2401 abrenuntiau-

266 2435 320 2488 di
341 2433 654 2487 consilium
673 2433 1010 2503 abjecerunt
1043 2451 1056 2500 ;
1101 2438 1328 2490 sanctus
1359 2451 1492 2490 vero
1524 2436 1712 2490 Bruno
1744 2435 1885 2490 illud

263 2523 320 2577 in
352 2522 514 2576 aliud
546 2525 778 2592 tempus
807 2522 1070 2592 rejecerit
1090 2523 1118 2578 Τ
1167 2524 1332 2588 Quod
1365 2525 1616 2595 apertius
1656 2540 1760 2594 per
1790 2524 1887 2578 illa

261 2613 461 2677 verba,
525 2633 554 2658 ‹‹
586 2610 776 2665 fervor
805 2613 1056 2679 evanuit,
1091 2635 1117 2662 ››
1179 2613 1554 2684 significatur,
1604 2617 1675 2668 et‘
1701 2613 1887 2668 adhuc

263 2699 702 2772 apertissimum
745 2700 827 2767 ﬁt,
878 2700 921 2754 si
973 2701 1422 2767 consideremus,
1452 2705 1714 2756 sanctum
1749 2702 1884 2756 Bru-

267 2806 489 2844 nonem
525 2806 642 2843 non
673 2805 806 2843 cum
847 2790 952 2856 his,
988 2791 1329 2863 quibuscum
1361 2792 1730 2847 collationem
1777 2793 1888 2848 ha-

264 2879 476 2934 buerat
508 2883 568 2932 et
597 2884 851 2945 voverat,
905 2880 1006 2934 sed
1048 2897 1180 2934 cum
1211 2897 1308 2935 sex
1338 2881 1480 2947 aliis,
1516 2880 1611 2953 qui
1659 2898 1774 2936 non
1806 2882 1889 2936 in-

265 2969 596 3023 terfuerant
627 2969 939 3036 collationi,
968 2970 1173 3024 saaculo
1213 2969 1563 3024 valedixisse.
1599 2990 1626 3018 »

1848 254 2032 317 ACTA

329 384 455 438 180.
491 381 548 437 Si
580 383 738 438 enim
771 384 844 439 de
881 401 1029 440 nova
1055 385 1338 458 religione
1381 385 1440 442 in
1481 386 1587 441 hac
1632 385 1888 458 egissent
1895 411 1952 472 Α

3491 276 3590 334 106

1979 402 2170 444 cussus
2217 406 2336 445 non
2376 391 2563 447 solum
2597 392 2667 449 de
2718 393 3038 452 monastico
3068 395 3398 468 recipiendo
3429 400 3598 474 cogi-4

1977 477 2116 531 tavit
2145 479 2366 548 habitu,
2399 481 2500 536 sed
2531 483 2604 537 ad
2627 483 2965 540 sublimiora
2995 502 3029 540 a
3060 487 3176 540 Deo
3219 491 3448 544 vocatus
3478 508 3586 548 no-

1974 582 2109 620 vum
2151 570 2539 639 amplectendi
2556 588 2736 641 genus
2765 572 2891 628 vita:
2923 575 3254 645 asperrimas
3283 578 3585 635 consilium

1974 654 2120 722 iniit,
2155 660 2210 710 et
2241 657 2482 712 feliciter
2512 661 2838 731 complevit.
2873 681 2904 713 »
2935 663 3216 719 Hactenus
3238 665 3353 732 ille,
3387 666 3445 721 in
3477 669 3588 724 col-

1972 745 2208 814 latione,
2257 765 2432 819 quam
2491 749 2732 804 Sanctus
2761 767 2892 805 cum
2948 752 3247 825 Radulpho
3307 755 3484 810 Viridi
3529 759 3588 811 et

1972 833 2162 888 Fulcio
2192 836 2489 891 Monoculo
2542 837 2612 892 de
2666 837 2823 892 falsis
2856 841 3057 895 mundi
3107 842 3588 900 oblectationibus

1972 925 2372 996 aeternumque
2395 925 2681 981 duraturis
2711 927 2834 982 coeli
2853 928 3077 1000 gaudiis
3109 930 3330 998 habuit,
3364 932 3435 986 de
3482 951 3590 990 no-

1977 1027 2042 1066 vo
2073 1011 2427 1069 instituendo
2450 1015 2652 1070 ordine
2671 1018 2863 1070 actum
2890 1034 3007 1072 non
3033 1018 3228 1087 fuisse,
3261 1022 3470 1077 merito
3501 1039 3588 1078 sa-

1974 1117 2046 1154 ne
2080 1103 2456 1169 contendens,
2503 1107 2565 1158 ut
2599 1104 2842 1175 proinde
2885 1107 2981 1161 illa
3013 1124 3132 1164 non
3165 1109 3589 1167 exstiteritnovi

1974 1191 2308 1248 instituendi
2342 1195 2560 1250 ordinis
2593 1197 3115 1265 occasio,autcerte
3138 1217 3255 1255 non
3286 1201 3394 1256 nisi
3425 1203 3589 1257 valde

1973 1285 2233 1350 remota;
2259 1283 2376 1338 imo
2409 1301 2542 1339 vero
2569 1289 2629 1339 ut
2657 1289 2878 1354 votum,
2907 1287 2965 1342 in
2987 1289 3190 1344 eadem
3213 1290 3590 1358 emissum,ne

1979 1374 2154 1428 ullam
2185 1375 2419 1446 quidem
2445 1378 2640 1430 sancto
2667 1394 2828 1431 nova:
2849 1378 3149 1451 magisque
3173 1384 3416 1437 austerae
3439 1381 3588 1450 vita},

1979 1463 2209 1534 qualem
2233 1462 2290 1516 in
2325 1463 2636 1518 Carthusiaa
2667 1482 2732 1519 ac
2752 1467 2959 1523 deinde
2991 1467 3049 1522 in
3077 1468 3351 1524 Calabriae
3381 1470 3592 1526 eremis

1981 1548 2158 1616 duxit,
2188 1552 2606 1623 amplectendze
2633 1553 3049 1626 obligationem
3103 1556 3408 1630 imponere
3453 1575 3593 1631 quo-

1979 1654 2092 1710 quo
2124 1640 2298 1694 modo
2328 1641 2602 1712 potuerit.

2057 1729 2396 1783 182.Verum
2416 1752 2442 1779 ‹‹
2462 1729 2714 1784 Brunoni
2737 1752 2764 1780 »
2783 1732 2936 1803 quod
2956 1731 3015 1786 in
3037 1733 3152 1789 fine
3169 1733 3268 1801 ait,
3305 1737 3472 1791 «Deo
3497 1752 3592 1792 ex-

1981 1819 2221 1882 solvere,
2241 1835 2271 1868 »
2286 1817 2443 1888 quod
2458 1817 2515 1871 in
2533 1818 2838 1873 collatione
2861 1819 2958 1874 illa
2973 1822 3324 1892 promiserat
3340 1840 3403 1877 ac
3427 1841 3594 1879 vove-

1983 1905 2803 1979 rat,«differentifortiori,quo
2828 1909 3329 1965 vocationidivina:
3358 1913 3595 1968 tandem

1985 1995 2416 2065 obsequeretur,
2451 1993 2828 2052 incitamento
2842 2012 2986 2068 opus
3008 1998 3235 2066 fuisse,«
3259 2001 3598 2072 neutiquam

1983 2083 2312 2156 placet.Etsi
2329 2083 2484 2137 enim
2498 2083 2686 2156 reipsa
2703 2084 3128 2158 Sanctus,quod
3143 2087 3202 2143 in
3227 2089 3468 2160 praafata
3488 2091 3602 2146 col-

1984 2172 2218 2237 latione,
2275 2187 2429 2226 anno
2472 2188 2539 2226 ex
2580 2189 2752 2244 supra
2809 2173 2971 2228 dictis
3005 2173 3141 2230 1077
3173 2176 3600 2234 verosimillime

1984 2259 2200 2326 habita,
2218 2259 2564 2331 promiserat
2593 2262 2665 2315 ad
2685 2279 2905 2318 annum
2918 2267 2981 2317 ut
2995 2263 3306 2320 minimum
3329 2269 3483 2334 1081,
3519 2266 3601 2322 uti

1983 2346 2134 2401 infra
2165 2347 2442 2418 probabo,
2475 2365 2540 2402 ac
2569 2349 2759 2420 proin,
2791 2350 2836 2404 si
2859 2368 2976 2406 non
3002 2355 3130 2407 octo
3163 2357 3262 2408 aut
3286 2355 3486 2409 decem
3507 2373 3608 2410 an-

1986 2435 2094 2500 nis,
2123 2435 2298 2506 longo
2325 2436 2528 2491 saltem
2543 2436 2820 2508 temporis
2830 2438 3014 2508 spatio
3037 2437 3282 2511 implere
3299 2441 3602 2506 distulerit,

1987 2538 2105 2578 non
2138 2523 2302 2579 video
2330 2527 2551 2591 tamen,
2575 2541 2676 2578 cur
2704 2525 2778 2580 ad
2810 2528 3009 2582 votum
3043 2526 3430 2599 implendum,
3450 2547 3600 2586 novo

1987 2611 2295 2666 accedente
2309 2612 2533 2668 fortiori
2564 2613 3602 2688 efficacioriqueincitamento'debue-

1987 2699 2063 2755 rit
2092 2700 2331 2772 impelli.
2369 2701 2514 2757 Cum
2547 2701 2704 2757 enim
2751 2703 2866 2758 voti
2899 2704 3093 2759 emissi
3124 2703 3334 2761 Sancto
3367 2706 3603 2762 indubia

1990 2789 2049 2844 in
2077 2793 2337 2846 mentem
2360 2790 2603 2846 subinde
2632 2791 2875 2858 venerit,
2910 2809 3011 2849 cur
3040 2794 3115 2849 ad
3143 2793 3204 2849 id
3233 2793 3601 2868 implendum

1990 2878 2209 2933 moveri
2240 2877 2529 2950 nequierit
2552 2878 2685 2934 solis
2716 2879 2782 2934 iis
2805 2880 3144 2950 rationibus,
3168 2882 3372 2955 quibus
3390 2883 3600 2938 Radul-

1990 2967 2170 3039 phum
2205 2966 2478 3033 Viridem,
2513 2971 2574 3021 ut
2603 2967 2794 3023 eidem
2811 2971 2941 3023 voto
2970 2969 3299 3037 satisfaciat,
3319 2971 3378 3025 in
3403 2988 3505 3026 sua
3526 2971 3602 3029 ad

345 3061 472 3112 181.
511 3081 539 3108 ‹‹
554 3058 663 3112 Nec
682 3058 1060 3130 prodestcum
1080 3058 1333 3114 Launoio
1359 3075 1665 3129 reponere,
1704 3081 1731 3109 ‹‹
1755 3076 1886 3114 san—
1919 3064 1967 3124 C
1990 3055 2099 3110 huc
2117 3055 2360 3126 epistola
2389 3055 2654 3110 hortatur
2674 3056 2701 3110 ?
2725 3055 3078 3112 Gravissimze
3109 3074 3246 3113 sane
3291 3059 3380 3113 hae
3411 3070 3600 3128 erant,

271 3169 298 3196 α
315 3151 480 3200 ctum
503 3145 834 3202 Brunonem
855 3164 972 3204 non
992 3148 1062 3202 de
1081 3148 1370 3220 sualoqui,
1391 3148 1490 3202 sed
1511 3147 1581 3202 de
1603 3147 1888 3220 Radulphi

265 3235 814 3306 procrastinatione.
846 3258 872 3285 »
910 3237 1054 3291 Nam
1082 3237 1140 3292 in
1156 3237 1363 3307 plurali
1398 3253 1640 3292 numero
1671 3238 1889 3293 locutus

267 3327 353 3377 est
380 3324 598 3390 Bruno,
648 3347 674 3374 ‹‹
701 3325 774 3379 ad
807 3325 966 3396 cujus
982 3326 1232 3380 reditum
1250 3326 1585 3396 peragenda
1620 3347 1647 3376 ‹‹
1669 3325 1884 3380 distuli-

267 3427 423 3477 mus,
458 3433 485 3458 ››
525 3414 588 3465 ut
619 3411 781 3466 daret
815 3413 1079 3484 intelligi,
1115 3430 1230 3468 non
1262 3413 1630 3485 Radulphum
1677 3415 1885 3482 solum,

266 3499 368 3554 sed
399 3516 459 3553 se
492 3500 672 3555 etiam
703 3518 833 3556 cum
865 3519 931 3556 eo
973 3501 1273 3568 distulisse,
1314 3519 1378 3556 ac
1427 3502 1668 3574 proinde
1698 3503 1890 3556 fervo-

265 3605 395 3642 rem
428 3589 609 3642 etiam
633 3589 704 3643 ad
736 3593 963 3660 tempus
981 3593 1117 3644 tunc
1141 3590 1473 3646 evanuisse:
1507 3607 1642 3645 nam
1675 3591 1886 3647 subdit:

272 3700 296 3723 ιι
323 3675 453 3740 Quo
507 3693 736 3731 moram
787 3677 1032 3732 faciente
1086 3679 1324 3751 aliisque
1375 3679 1890 3736 intervenientibus

267 3765 476 3831 causis,
503 3765 726 3820 divinus
771 3783 938 3822 amor
968 3767 1248 3838 elanguit,
1277 3788 1305 3815 »
1353 3769 1465 3822 etc.
1491 3765 1604 3821 Sed
1623 3771 1682 3822 ut
1701 3768 1888 3824 adhuc

264 3853 438 3923 hujus
473 3853 558 3907 rei
589 3854 796 3908 veritas
827 3854 1193 3910 manifestior
1225 3855 1344 3921 fiat,
1378 3855 1646 3910 habenda
1681 3858 1768 3910 est
1793 3873 1889 3912 ra-

263 3943 342 3996 tio
364 3941 836 4014 temporis,quod
851 3943 1045 3998 adicta
1062 3944 1369 3999 collatione
1383 3944 1667 4014 dilapsum
1685 3950 1771 4000 est
1791 3963 1884 4000 us-

265 4045 377 4100 que
395 4030 472 4084 ad
489 4046 858 4101 annum,quo
872 4034 1099 4085 sanctus
1114 4032 1302 4086 Bruno
1317 4031 1374 4085 in
1393 4031 1764 4088 solitudinem
1793 4051 1885 4088 se-

263 4119 452 4173 cessit.
474 4117 774 4190 Siquidem
791 4121 1168 4188 constat,etid
1198 4121 1521 4189 maxime,si
1541 4121 1732 4176 Remis
1761 4123 1884 4178 haec

263 4206 499 4262 collatio
543 4207 742 4262 habita
781 4211 884 4274 est,
926 4212 988 4263 ut
1004 4213 1166 4263 extra
1197 4210 1435 4264 dubium
1463 4227 1583 4265 esse
1601 4213 1720 4266 vult
1746 4211 1885 4266 Lau-

1991 3148 2162 3216 atque
2184 3144 2257 3199 ad
2288 3143 2652 3216 urguendum
2685 3144 2966 3216 Radulphi
2992 3146 3441 3216 cunctationem,
3476 3146 3604 3202 ani-

1991 3249 2270 3304 mumque
2301 3233 2374 3287 ad
2405 3235 2738 3304 promptam
2764 3233 2879 3287 voti
2907 3236 3324 3292 exsolutionem
3356 3237 3604 3292 excitan-

1992 3322 2131 3376 dum
2175 3321 2507 3392 aptissimae.
2538 3322 2864 3376 lnculcabat
2892 3323 3105 3378 scilicet
3135 3324 3375 3380 Sanctus
3408 3325 3604 3397 princi-

1990 3427 2101 3482 pue
2135 3411 2454 3465 districtam
2501 3409 2618 3464 voti
2649 3411 2974 3465 exsolvendi
3023 3413 3462 3485 obligationem,
3511 3413 3602 3468 cui

1991 3516 2107 3554 non
2135 3499 2482 3554 satisfaciens
2522 3497 2854 3571 Radulphus
2881 3517 3079 3572 poenas
3110 3503 3233 3556 erat
3272 3501 3601 3556 incursurus

1991 3593 2256 3642 mternas.
2315 3587 2484 3655 Audi,
2523 3587 2619 3659 qui
2664 3588 2963 3659 Radulpho
3009 3590 3278 3661 loquatur
3309 3607 3322 3645 :
3355 3613 3382 3641 «
3407 3591 3599 3654 Quan-

1990 3694 2187 3750 quam,
2219 3676 2425 3749 inquit,
2457 3678 2633 3748 longo
2665 3679 2954 3732 terrarum
2980 3681 3184 3744 tractu,
3219 3682 3274 3734 et
3290 3679 3599 3749 prolixiora

1987 3766 2268 3837 temporis
2293 3765 2476 3836 spatio
2503 3781 2748 3836 corpora
2777 3766 2847 3820 ab
2879 3765 3123 3820 invicem
3154 3767 3411 3838 sejuncta
3440 3771 3595 3836 sunt,

1989 3855 2214 3910 animus
2270 3858 2468 3910 tamen
2498 3853 2912 3908 benevolentiae
2940 3857 3055 3909 tuae
3095 3855 3167 3910 ab
3217 3855 3402 3910 amico
3433 3856 3600 3912 avelli

1989 3961 2106 4000 non
2141 3944 2345 4016 potuit.
2370 3965 2397 3994 »
2438 3945 2524 4011 Et,
2553 3943 2747 4015 paucis
2776 3941 3148 4015 interpositis,
3178 3943 3258 3999 ita
3300 3945 3598 4017 prosequi-

1984 4040 2080 4092 tur
2112 4051 2127 4090 :
2184 4057 2211 4086 ‹‹
2244 4035 2306 4089 In
2336 4033 2544 4088 finibus
2583 4034 2778 4087 autem
2839 4031 3113 4087 Calabriae
3166 4050 3298 4088 cum
3329 4034 3600 4090 fratribus

1985 4124 2285 4195 religiosis,
2321 4127 2379 4178 et
2418 4122 2637 4194 aliquot
2669 4122 2815 4176 bene
2843 4120 3080 4175 eruditis
3113 4137 3376 4176 eremum
3409 4122 3596 4180 incolo

1986 4215 2056 4269 ab
2089 4214 2395 4269 hominum
2426 4210 2781 4266 habitatione
2809 4211 2944 4265 satis
2966 4211 3221 4283 undique
3238 4215 3592 4280 remotam;»

265 4296 981 4368 noius;constat,inquam,
1002 4297 1152 4352 inter
1174 4316 1302 4353 eam
1321 4299 1568 4354 etsancti
1604 4299 1885 4354 Brunonis
1903 4288 1956 4348 D
1984 4320 2049 4358 ac
2081 4302 2310 4369 deinde,
2335 4298 3197 4368 nonnullisiteruminterjectis,
3222 4299 3330 4355 ait:
3359 4323 3385 4350 «
3409 4300 3595 4366 Quam

263 4401 602 4439 secessum»
631 4385 942 4456 (sinempe,
968 4388 1122 4457 quod
1142 4387 1292 4442 infra
1317 4388 1761 4456 discutiendum,
1779 4406 1882 4443 an-

263 4490 340 4528 no
395 4475 533 4528 1084
559 4473 815 4545 primum
855 4476 1079 4530 meliori
1132 4476 1259 4530 vitae
1289 4493 1348 4531 se
1380 4475 1621 4547 dederit)
1657 4499 1684 4527 «
1716 4478 1880 4532 efﬂu-

265 4563 414 4616 xisse
465 4566 594 4617 octo
656 4566 756 4618 aut
786 4563 985 4618 decem
1019 4581 1222 4621 annos.
1257 4567 1401 4620 Nam
1449 4565 1707 4636 superius
1734 4565 1878 4621 vidi-

262 4668 417 4717 mus,
451 4655 718 4706 sanctum
770 4654 1100 4710 Brunonem
1151 4655 1343 4710 Remis
1390 4656 1687 4727 expulsum
1708 4655 1880 4710 fuisse

260 4740 418 4794 circa
448 4758 670 4796 annum
705 4741 861 4811 1076,
896 4747 954 4798 et
995 4743 1051 4798 in
1081 4745 1447 4816 subjiciendis
1482 4744 1876 4817 probabimus,

261 4846 401 4884 eum
430 4829 776 4902 religionem
808 4849 970 4888 suam
1001 4833 1080 4904 (in
1114 4834 1423 4889 Carthusite
1446 4851 1710 4890 eremum
1725 4853 1877 4890 anno

263 4917 407 4974 1084
431 4919 598 4974 illum
637 4921 954 4988 secessisse,
1008 4922 1159 4977 infra
1181 4924 1537 4995 probabitur)
1571 4924 1880 4982 instituisse

260 5025 422 5063 anno
461 5007 597 5064 1081-
626 5011 712 5064 vel
744 5028 897 5066 anno
933 5010 1090 5079 1086,
1114 5013 1434 5084 utipsemet
1451 5013 1732 5069 Launoius
1753 5018 1883 5088 post

261 5097 581 5152 Baronium
615 5097 855 5171 scripsit.
890 5101 1036 5171 Ergo
1059 5101 1349 5173 quidquid
1372 5103 1650 5157 reclamet
1679 5107 1882 5159 contra

255 5186 650 5241 clarissimum
680 5186 1002 5242 Sausszeum
1020 5189 1582 5246 Launoius.Brunoni
1606 5191 1879 5248 emissum

261 5281 466 5330 votum
509 5276 796 5330 exsolvere
836 5277 1122 5332 differenti
1159 5283 1217 5333 et
1246 5279 1693 5350 procrastinanti
1737 5298 1880 5354 opus

261 5365 373 5418 fuit
402 5363 630 5419 fortiori
655 5363 1055 5432 incitamento,
1085 5385 1196 5438 quo
1229 5369 1732 5425 vocationidivinaz
1755 5374 1878 5427 tan-

263 5452 398 5506 dem
434 5453 868 5524 obsequeretur.
906 5455 972 5508 Et
1001 5455 1142 5508 illud
1187 5457 1295 5509 fuit
1325 5457 1582 5510 damnati
1630 5459 1880 5516 hominis

271 5539 550 5596 horribile
597 5544 1011 5614 spectaculum,
1044 5561 1158 5616 quo
1187 5543 1430 5600 tandem
1470 5545 1740 5606 animitus
1769 5563 1880 5607 con

699 5641 933 5700 PATROL.
971 5639 1128 5699 CLII.

1983 4389 2555 4463 (contemplationem
2594 4387 2874 4453 videlicet)
2904 4389 2986 4455 tu,
3028 4387 3209 4443 frater
3237 4388 3591 4458 charissime,

1982 4479 2206 4534 utinam
2235 4477 2400 4532 unice
2451 4476 2739 4548 diligeres,
2781 4479 2843 4531 ut
2873 4475 2996 4547 ejus
3028 4477 3386 4548 amplembus
3441 4476 3593 4534 fotus

1982 4568 2173 4623 divino
2203 4567 2418 4622 caleres
2448 4582 2668 4621 amore.
2701 4585 2730 4614 »

2057 4658 2250 4712 183.Et
2260 4656 2430 4729 paulo
2449 4657 2605 4726 post:
2623 4676 2650 4705 ‹‹
2668 4655 2821 4726 Fuge
2837 4670 2997 4726 ergo,
3021 4654 3455 4730 fratermi,fuge
3486 4656 3589 4712 has

1979 4746 2270 4803 molestias
2309 4747 2367 4800 et
2393 4744 2652 4799 miserias
2681 4760 2904 4812 omnes,
2935 4746 2992 4798 et
3016 4745 3265 4800 transfer
3295 4749 3351 4800 te
3383 4763 3416 4800 a
3446 4748 3590 4800 tem-

1979 4838 2200 4909 pestate
2230 4833 2398 4905 hujus
2434 4831 2638 4887 mundi
2678 4830 2736 4886 in
2766 4833 2953 4886 tutam
3008 4835 3067 4886 et
3103 4831 3358 4904 quietam
3389 4834 3588 4901 portus

1981 4926 2309 4980 stationem.
2345 4941 2372 4971 ››
2397 4923 2474 4976 Ac
2509 4920 2719 4974 iterum
2739 4923 2868 4992 post
2895 4936 2908 4975 :
2947 4943 2976 4970 «
3007 4919 3370 4991 Quapropter
3396 4933 3587 4987 operae

1982 5014 2232 5088 pretium
2275 5013 2378 5077 est,
2422 5007 2683 5080 diligenti
2732 5006 3158 5063 examinatione
3209 5005 3583 5078 prudentiam

1980 5106 2143 5157 tuam
2169 5101 2279 5154 ista
2305 5098 2664 5172 perpendere
2701 5113 2714 5154 :
2763 5095 2920 5169 quod
2949 5096 2994 5150 si
3027 5111 3190 5150 amor
3224 5094 3323 5148 Dei
3367 5097 3422 5149 te
3466 5111 3584 5150 non

1979 5191 2503 5256 invitat,tantorum
2518 5185 2895 5259 praemiorum
2923 5183 3134 5238 utilitas
3163 5185 3221 5238 te
3245 5199 3363 5238 non
3382 5199 3586 5255 prove-

1978 5284 2091 5348 cat,
2129 5279 2336 5334 saltem
2368 5275 2675 5332 necessitas
2710 5275 2768 5329 et
2798 5272 2974 5326 timor
3011 5288 3315 5344 pcenarum
3353 5272 3426 5326 ad
3477 5271 3590 5326 hoc

1980 5369 2329 5440 compellere
2377 5366 2566 5421 debet.
2615 5363 2734 5418 Scis
2790 5376 3065 5432 namque,
3113 5377 3228 5431 qua
3275 5360 3588 5430 sponsione

1983 5458 2269 5529 obligatus
2299 5475 2376 5522 es,
2401 5457 2457 5509 et
2489 5469 2667 5523 quam
2701 5448 3071 5520 omnipotens
3105 5464 3168 5502 ac
3199 5447 3469 5502 terribilis
3495 5446 3586 5512 sit,

1982 5545 2073 5602 cui
2095 5546 2468 5622 temetipsum
2496 5554 2713 5603 munus
2738 5540 2968 5621 gratum
3001 5541 3060 5598 et
3075 5536 3315 5594 omnino
3338 5535 3594 5606 accepta-

3215 5636 3252 5694 4
