4122 6058
459 357 559 415 107

1303 349 1362 405 S.
1394 346 1741 405 BRUNONIS
1780 332 2417 402 CARTHUSIANORUM
2454 340 2921 400 INSTITUTORIS

3675 342 3779 399 108

443 482 563 541 bile
594 477 889 545 devovisti,
942 475 1033 533 cui
1059 491 1167 532 nec
1194 474 1435 532 mentiri
1477 473 1631 543 licet,
1673 487 1781 529 nec
1811 470 2060 543 expedit.
2083 476 2139 536 Α
2164 469 2238 525 ob
2251 468 2491 524 dilatam
2508 467 2606 524 diu
2629 466 2749 524 voti
2761 465 3181 524 exsolutionem
3197 465 3460 541 rigidiori
3479 470 3781 545 magisque

453 573 566 629 Nec
598 569 756 627 enim
783 566 1019 642 patitur,
1049 584 1106 621 se
1127 565 1338 638 injuste
1368 562 1618 619 irrideri.
1654 583 1683 612 »
1733 560 2066 634 Sequuntur

455 662 633 718 modo
665 659 859 726 verba,
895 673 1058 711 num.
1096 659 1193 711 125
1225 655 1337 709 huc
1367 652 1734 723 transcripta,
1761 650 2065 722 quibus,de

454 768 570 825 qua
596 750 708 817 hic,
743 746 967 803 collatio
996 747 1312 816 votumque
1353 743 1411 797 in
1443 742 1549 797 hac
1584 740 1856 796 emissum
1888 737 2067 794 conti-

454 844 643 906 netur,
670 855 735 894 ac
757 835 986 902 deinde,
1018 833 1188 887 nullis
1216 835 1497 903 praeterea
1527 827 1908 895 intermediis,
1939 827 2065 881 hzee

456 929 820 987 subduntur:
856 944 884 974 ι(
917 921 1065 987 Quid
1099 938 1237 993 ergo
1269 921 1548 990 superest,
1575 916 1930 985 charissime,
1958 914 2066 971 nisi

456 1016 647 1075 atanti
662 1013 836 1071 debiti
854 1010 1090 1067 nexibus
1103 1013 1157 1065 te
1175 1009 1338 1064 citius
1377 1008 1665 1079 expedire,
1691 1023 1765 1061 ne
1805 1021 1910 1078 pro
1940 1007 2065 1060 tam

457 1106 616 1181 gravi
646 1108 885 1175 tamque
916 1100 1190 1156 diuturno
1223 1096 1512 1152 mendacii
1534 1096 1775 1151 crimine
1806 1095 1955 1149 iram
1974 1093 2065 1148 in-

455 1212 651 1252 curras
676 1188 1083 1256 Potentissimi,
1120 1189 1178 1242 et
1213 1190 1452 1259 propter
1476 1187 1586 1241 hoc
1628 1185 1908 1239 cruciatus
1953 1183 2063 1237 im-

455 1300 675 1342 manes.
731 1279 864 1344 Quis
912 1293 1167 1349 namque
1218 1274 1467 1329 inultum
1516 1274 1890 1345 relinqueret,
1928 1289 1986 1327 se
2031 1288 2066 1326 a

457 1372 716 1448 quolibet
741 1368 846 1424 sibi
875 1365 1102 1422 subdito
1137 1362 1468 1419 defraudari
1494 1379 1736 1416 munere
1753 1361 2062 1434 promisso,

454 1461 709 1519 maxime
741 1458 786 1513 si
816 1457 875 1512 id
907 1471 1137 1525 magna:
1157 1453 1309 1508 foret
1331 1453 1435 1508 sibi
1451 1452 1848 1508 aestimationis
1862 1455 1918 1506 et
1932 1467 2063 1523 pre-

450 1551 536 1608 tii.
571 1548 934 1621 Quapropter
962 1544 1121 1610 cede,
1146 1559 1265 1597 non
1286 1542 1450 1610 mihi,
1469 1542 1570 1597 sed
1599 1542 1917 1614 prophetae,
1944 1540 2063 1597 imo

455 1637 710 1714 Spiritui,
746 1637 958 1692 Sancto
988 1631 1221 1699 dicenti,
1251 1654 1281 1683 «
1310 1634 1508 1687 vovete
1537 1635 1595 1686 et
1630 1630 1856 1685 reddite
1895 1649 1927 1683 «
1952 1632 2063 1686 D0-

458 1752 488 1783 «
519 1730 703 1795 mino,
734 1728 851 1781 Deo
882 1724 1092 1790 vestro,
1141 1737 1368 1788 omnes,
1428 1718 1526 1792 qui
1583 1719 1643 1774 in
1684 1719 1921 1774 circuitu
1944 1719 2066 1790 ejus

2164 559 2392 613 austero
2405 557 2532 612 vitae
2551 574 2764 630 genere
2778 556 3440 629 divinaebonitati,quam
3455 558 3588 613 hinc
3601 560 3781 614 offen-

2164 663 2286 702 sam
2310 646 2879 719 putarit,satisfacere
2891 645 3349 711 voluerit.Quare
3376 663 3481 702 nec
3495 664 3642 703 novo
3655 647 3776 702 for-

2164 736 2432 808 tiorique,
2465 752 2642 808 quam
2654 738 2801 790 esset
2812 734 2927 789 voti
2941 733 3133 789 emissi
3152 734 3378 807 religio,
3403 734 3644 790 Sanctus
3666 752 3776 791 no-

2164 828 2302 893 ster,
2335 828 2398 879 ut
2417 824 2478 878 in
2503 823 2814 879 Carthusia:
2847 825 3348 891 eremum,sa3culo
3368 824 3592 892 relicto,
3617 842 3776 880 sece-

2165 913 2731 983 deret,incitamento
2755 912 3065 984 indiguisse
3081 912 3325 969 videtur.
3354 913 3567 968 Verum
3599 913 3778 969 etsiid

2163 1005 2246 1060 ita
2270 1004 2361 1071 sit,
2391 1003 2730 1076 neutiquam
2754 1006 2952 1057 tamen
2983 1019 3339 1075 consequens
3369 1007 3474 1072 est,
3505 1006 3565 1058 ut
3584 1002 3776 1074 reipsa

2165 1093 2241 1148 ad
2261 1092 2534 1148 emissum
2562 1091 2885 1148 monachici
2934 1091 3161 1146 habitus
3210 1092 3540 1148 assumendi
3574 1095 3778 1148 votum

2163 1181 2371 1237 fortior
2432 1180 2857 1252 efficaciorque,
2894 1196 3007 1253 quo
3042 1180 3281 1235 tandem
3336 1181 3394 1235 in
3459 1180 3775 1236 Carthusia

2165 1288 2425 1325 eremum
2460 1272 2652 1343 pulsus
2672 1269 2865 1337 fuerit,
2896 1269 3158 1324 stimulus
3189 1286 3308 1325 non
3342 1271 3659 1325 accesserit.
3678 1271 3777 1324 At-

2164 1377 2275 1432 que
2298 1360 2356 1414 id
2378 1360 2616 1431 quidem
2636 1359 2931 1413 horrendo
2946 1358 3307 1413 celeberrimi
3322 1359 3655 1414 Parisiensis
3667 1359 3773 1414 do-

2163 1448 2355 1514 ctoris,
2372 1447 2489 1519 qui,
2516 1447 2589 1502 ad
2616 1450 2845 1519 tempus
2864 1447 3167 1514 redivivus,
3199 1464 3321 1502 sese
3353 1465 3387 1502 a
3410 1448 3601 1503 divina
3609 1447 3777 1520 justi-

2163 1536 2245 1590 tia
2270 1537 2638 1604 damnatum,
2671 1537 2729 1589 et
2758 1536 2974 1591 feretro
3002 1535 3396 1607 proclamarit,
3444 1537 3773 1608 spectaculo

2162 1627 2381 1682 factum
2412 1625 2660 1680 traditur
2682 1643 2715 1680 a
2741 1625 3066 1694 nonnullis;
3093 1626 3300 1698 quibus
3319 1625 3563 1698 proinde
3582 1643 3656 1680 an
3682 1642 3775 1681 as-

2163 1704 2532 1771 sentiendum
2564 1719 2720 1770 certo
2753 1714 2845 1783 sit,
2864 1714 3465 1787 nuncindagandum;
3498 1719 3561 1770 ut
3577 1719 3775 1771 autem

459 1840 488 1870 ι(
520 1815 736 1873 aﬂ‘ertis
768 1827 1036 1878 munera,
1070 1808 1313 1865 terribili
1365 1812 1423 1864 et
1453 1809 1527 1877 ei,
1561 1809 1658 1881 qui
1682 1808 1870 1863 aufert
1898 1808 2063 1880 spiri-
2093 1797 2144 1857 B
2164 1806 2312 1860 hanc
2345 1821 2463 1859 non
2492 1804 2650 1876 parvi
2684 1804 2970 1859 momenti
3000 1821 3150 1873 rem,
3197 1821 3325 1876 quae
3365 1804 3556 1859 smculi
3587 1804 3779 1876 proxi-

458 1926 487 1956 ‹‹
515 1907 644 1959 tum
665 1899 1015 1974 principum,
1048 1894 1290 1952 terribili
1320 1895 1475 1968 apud
1494 1912 1660 1967 reges
1690 1899 1918 1950 terrae.»
1954 1896 2066 1951 Cur

453 1993 576 2048 haec
598 1987 799 2045 omnia
826 1986 1074 2041 inculcat
1101 1983 1345 2055 Spiritus
1375 1983 1497 2051 Dei,
1530 1983 1639 2038 nisi
1666 1985 1730 2037 ut
1766 1985 1824 2037 te
1853 1999 2062 2039 voven-

449 2084 575 2137 tem
605 2078 917 2149 perurgeat
935 2073 1180 2129 reddere
1207 2072 1362 2144 quod
1386 2071 1627 2127 vovisti?
1655 2090 1688 2125 »

528 2168 651 2222 184.
676 2164 775 2219 Hic
791 2162 1179 2233 Radulphum,
1215 2177 1287 2215 ne
1298 2163 1538 2231 propter
1553 2157 1794 2226 divitias,
1813 2158 2062 2230 dignita-

453 2259 562 2324 tes,
590 2257 648 2310 et
661 2252 913 2308 maxime
926 2248 1360 2321 archiepiscopi,
1397 2265 1512 2321 qua
1522 2249 1798 2320 pollebat,
1811 2247 2063 2319 gratiam

457 2366 487 2397 «
519 2361 552 2400 a
580 2346 705 2398 tam
736 2338 968 2396 sublimi
998 2338 1248 2394 declinet
1274 2335 1596 2410 sponsione:
1609 2339 1666 2392 et
1697 2336 2061 2392 divinarevo-

456 2434 620 2488 cetur
648 2429 950 2496 charitate,
974 2448 1002 2477 »
1023 2423 1358 2501 gravissime
1376 2428 1598 2493 monet,
1616 2440 1681 2479 ac
1694 2424 1904 2480 deinde
1935 2426 2065 2497 post

451 2537 635 2596 pauca
650 2518 946 2592 subjungit
976 2532 989 2572 :
1028 2515 1302 2571 «Utinam
1320 2531 1439 2569 non
1470 2514 1792 2586 asperneris
1809 2513 2062 2569 amicum

451 2606 815 2668 monentem!
830 2607 1057 2662 utinam
1069 2621 1189 2660 non
1202 2603 1376 2661 surda
1390 2620 1527 2659 aure
1541 2603 1740 2659 audias
1753 2604 1927 2659 verba
1942 2602 2064 2674 Spi-

446 2699 590 2757 ritus
605 2699 706 2755 Dei
730 2697 745 2753 l
787 2696 1010 2752 utinam
1024 2693 1305 2749 desiderio
1321 2695 1627 2766 longaeque
1650 2692 2059 2765 exspectationi

446 2806 593 2846 mea:
623 2785 955 2853 satisfacias,
990 2783 1393 2851 dilectissime;
1419 2800 1493 2837 ne
1538 2781 1749 2837 diutius
1774 2782 2060 2837 crucietur

445 2894 552 2952 pro
583 2880 642 2931 te
672 2875 871 2931 anima
894 2889 1029 2929 mea
1053 2872 1203 2927 curis
1252 2870 1847 2943 sollicitudinibusque
1883 2874 2056 2943 atque

443 2967 655 3023 timore
679 2963 691 3019 !
719 2965 865 3019 Nam
878 2962 923 3018 si
952 2960 1357 3032 venerit(quod
1370 2962 1519 3016 Deus
1548 2958 1807 3031 avertat!)
1826 2963 1883 3014 te
1898 2960 2057 3032 prius

445 3071 619 3130 quam
648 3052 825 3109 debiti
855 3054 1056 3107 votum
1085 3049 1341 3117 solveris,
1374 3049 1447 3104 ab
1476 3049 1585 3104 hac
1614 3049 1888 3104 recedere
1915 3048 2051 3116 vita,

2164 1910 2261 1949 me
2307 1893 2486 1964 elapsi
2539 1893 2898 1963 eruditorum
2962 1894 3213 1964 plurium
3258 1893 3496 1965 ingenia
3525 1895 3781 1949 calamo-

2163 1998 2302 2055 sque
2324 1982 2594 2050 exercuit,
2628 1986 2759 2053 apte
2787 1982 3111 2050 discutiam,
3145 1985 3334 2038 totum
3376 1983 3447 2037 de
3474 1999 3562 2050 ea,
3596 1986 3661 2038 ut
3687 1982 3776 2038 di-

2162 2071 2366 2126 stincte
2387 2071 2572 2143 magis
2603 2070 2981 2143 ordinateque
3008 2072 3344 2142 procedam,
3374 2075 3689 2127 tractatum
3712 2072 3777 2128 in

2165 2160 2415 2215 diversos
2438 2160 2707 2215 articulos
2726 2176 2825 2215 seu
2857 2164 2918 2230 §§
2963 2160 3288 2233 dispertiar,
3322 2178 3428 2215 nec
3459 2178 3613 2228 raro,
3643 2179 3777 2234 qua:

2163 2248 2497 2304 disserenda
2522 2250 2776 2316 venient,
2808 2248 3093 2321 ipsismet,
3126 2266 3258 2304 cum
3293 2250 3601 2305 commode
3647 2250 3779 2305 ﬁeri

2162 2337 2221 2393 id
2252 2337 2485 2409 poterit,
2551 2338 2912 2393 Carthusiaui
2973 2337 3271 2410 anonymi,
3327 2338 3423 2410 qui
3460 2339 3777 2394 Annalium

2164 2427 2382 2483 ordinis
2413 2427 2496 2482 sui
2522 2428 2738 2482 librum
2761 2432 3035 2499 quartum
3059 2428 3337 2482 hactenus
3348 2445 3466 2483 non
3478 2430 3777 2501 vulgatum

2163 2517 2477 2584 contexuit,
2511 2517 2699 2572 verbis
2731 2517 3077 2590 exprimam,
3106 2519 3229 2571 tum
3265 2519 3330 2571 ut
3359 2517 3546 2589 operis
3580 2518 3776 2589 hujus,

2162 2606 2322 2678 cujus
2348 2606 2633 2661 desiderio
2662 2623 2780 2661 non
2812 2606 3113 2661 neminem
3153 2605 3339 2661 teneri
3362 2606 3781 2679 intelligo,spe—

2161 2694 2377 2749 cimina
2412 2695 2679 2767 quaedam
2729 2694 3053 2763 exhibeam,
3103 2698 3229 2749 tum
3261 2712 3333 2750 ne
3365 2695 3515 2750 forte
3547 2713 3800 2766 eorum,

2160 2801 2287 2855 quee
2317 2784 2391 2838 ad
2418 2783 2667 2838 doctoris
2695 2782 3026 2838 Parisiensis
3056 2784 3368 2838 anastasim
3410 2784 3778 2855 probandam

2155 2873 2215 2928 in
2244 2873 2340 2929 illo
2371 2873 2708 2941 afferuntur,
2730 2873 3045 2946 magnique
3068 2873 3190 2927 ﬁeri
3222 2873 3504 2944 intelligo,
3532 2873 3645 2929 vim
3664 2872 3780 2930 im-

2154 2961 2427 3018 minuisse
2447 2963 2756 3018 existimer.
2783 2963 2869 3016 Ab
2894 2961 2981 3029 iis,
3002 2979 3129 3034 quae
3158 2962 3376 3018 saeculis
3405 2961 3554 3018 binis
3581 2962 3781 3035 proxi-

2156 3069 2249 3107 me
2276 3053 2478 3126 elapsis
2510 3053 2621 3107 huc
2654 3052 2922 3107 facientia
2952 3052 3364 3120 evenere,duco
3378 3052 3699 3107 exordium.

443 3121 540 3200 me
567 3143 843 3200 continua
860 3139 1092 3198 tristitia
1129 3139 1251 3194 sine
1282 3139 1474 3211 aliqua
1512 3138 1633 3211 spei
1663 3139 2056 3195 consolatione
2080 3121 2127 3180 Ο
2157 3142 2185 3210 §
2217 3141 2277 3194 X.
2302 3121 2398 3195 Αἶι
2446 3141 2684 3197 doctoris
2720 3140 3049 3195 Parisiensis
3096 3145 3377 3204 anastasz's,
3430 3158 3536 3213 qua
3582 3138 3779 3195 Bruno

441 3234 837 3290 tabescentem
893 3230 1204 3301 relinques.
1237 3247 1271 3281 »
1325 3229 1405 3282 Ac
1458 3227 1698 3282 tandem
1744 3229 1847 3283 sub
1876 3229 2056 3282 ﬁnem

444 3322 701 3395 epistola:
742 3319 904 3375 addit
933 3336 948 3375 :
988 3340 1015 3369 ‹‹
1047 3318 1491 3372 Fraternitatem
1522 3321 1684 3371 tuam
1715 3317 1813 3372 diu
1839 3317 2057 3373 incolu-

445 3427 582 3466 men
618 3423 945 3464 memorem
976 3405 1195 3462 consilii
1228 3406 1431 3474 nostri,
1463 3422 1569 3461 nec
1594 3407 1711 3461 voti
1742 3407 2056 3463 immemo-

443 3514 570 3554 rem
604 3497 817 3569 vigere,
851 3494 1083 3549 sedulus
1108 3496 1373 3565 exopto.»
1401 3494 1529 3549 Haec
1552 3496 1685 3549 sunt
1715 3494 2058 3550 incitamen-

442 3588 525 3655 ta,
555 3585 615 3640 hi
635 3583 874 3651 stimuli,
903 3600 938 3638 a
971 3583 1260 3649 Brunone,
1290 3598 1404 3654 quo
1434 3582 1804 3653 Radulphum
1835 3584 1909 3638 ad
1939 3583 2056 3639 voti

445 3673 602 3747 quod
648 3673 708 3728 in
739 3670 1049 3727 collatione
1080 3686 1212 3725 cum
1241 3687 1309 3725 eo
1339 3670 1537 3725 habita
1568 3670 1860 3741 emiserat,
1913 3673 2063 3728 solu-

443 3762 667 3818 tionem
719 3760 1123 3833 pertraheret,‘
1152 3757 1406 3814 studiose
1463 3776 1600 3815 sane
1658 3777 1724 3816 ac
1782 3760 2061 3816 industrie

450 3849 713 3917 adhibiti,
738 3849 945 3922 quibus
970 3847 1222 3920 majores
1271 3847 1656 3921 acrioresque,
1689 3852 1752 3905 ut
1787 3849 1943 3904 idem
1969 3867 2064 3905 vo-

450 3943 576 3995 tum
612 3940 947 4007 exsolveret,
981 3936 1258 3993 Sanctum
1289 3940 1575 4005 nostrum,
1609 3938 1699 3992 cui
1728 3939 1964 3994 indubie
1994 3939 2062 3994 il-

449 4028 559 4084 lius
585 4026 908 4081 identidem
937 4025 1274 4079 recurrebat
1299 4025 1608 4093 memoria,
1632 4042 1774 4095 opus
1799 4026 2063 4082 habuisse

454 4114 580 4188 quis
606 4112 833 4169 edicat?
859 4113 1050 4166 Bruno
1081 4111 1275 4184 itaque
1294 4111 1541 4181 fortiori,
1576 4130 1748 4184 quam
1779 4114 1935 4187 quod
1951 4114 2067 4171 voti

456 4202 685 4258 emissio
719 4202 963 4273 ortaque
995 4199 1129 4256 hinc
1188 4199 1468 4271 obligatio
1513 4200 1811 4270 afferebat,
1870 4203 2069 4259 incita-

458 4294 681 4359 mento,
715 4293 778 4346 ut
807 4290 1160 4345 monachum
1192 4288 1480 4359 indueret,
1495 4290 1689 4363 sicque
1714 4295 1914 4348 votum
1940 4311 2067 4349 mo-

2227 3231 2398 3302 fuerit
2422 3247 2722 3293 conversus,
2748 3229 3375 3302 saeculoprmterz’to,quod
3391 3247 3494 3301 pro
3509 3229 3651 3300 falsa
3672 3231 3778 3286 ha-

2232 3320 2466 3383 beretur,
2489 3337 2516 3374 θ
2538 3318 2823 3373 Breviario
2843 3318 3085 3374 Romano
3115 3320 3286 3389 fuerit
3300 3325 3582 3389 expuncto,
3604 3326 3653 3373 et
3671 3322 3775 3391 qui

2227 3410 2368 3464 hanc
2387 3408 2471 3462 vel
2500 3416 2646 3471 tunc,
2664 3408 2750 3463 vel
2771 3415 2896 3463 aute
2920 3409 3167 3463 arrodere
3187 3410 3429 3480 primum
3459 3410 3778 3481 inceperim,

2228 3502 2277 3551 et
2302 3498 2401 3569 qui
2430 3497 2569 3552 hisce
2606 3504 2793 3551 contra
2812 3514 2917 3551 sese
2954 3498 3315 3568 opposuerim.

2220 3584 2473 3639 Secessui
2490 3583 2838 3639 S.Brunonis
2854 3583 2913 3638 in
2929 3584 3240 3640 Carthusiae
3256 3600 3519 3640 eremum
3534 3600 3634 3639 seu
3649 3599 3784 3640 cau-

2162 3690 2286 3729 sam
2310 3689 2411 3728 seu
2445 3673 2805 3728 occasionem
2826 3673 3133 3744 praebuisse
3159 3673 3408 3729 doctoris
3422 3673 3777 3741 Parisiensis,

2163 3764 2261 3835 qui
2279 3779 2443 3818 suam
2466 3762 2701 3835 proprio
2721 3779 2819 3817 ore
2836 3762 3276 3817 damnationem
3294 3780 3325 3818 e
3356 3763 3569 3818 feretro
3583 3766 3780 3818 astan-

2161 3852 2314 3907 tibus
2325 3850 2701 3917 denuntiarit,
2721 3851 3209 3906 luctuosissimam
3231 3851 3391 3906 illam
3434 3868 3499 3906 ac
3548 3850 3781 3906 notissi-

2163 3956 2324 3995 mam
2374 3938 2695 4007 historiam,
2730 3940 3065 4011 longissimo
3093 3957 3229 3995 sane
3269 3957 3558 3996 annorum
3590 3939 3780 4011 spatio

2165 4027 2447 4082 creditum
2483 4028 2611 4099 jam
2656 4028 2864 4096 fuerat,
2914 4046 3047 4084 cum
3097 4029 3336 4084 tandem
3383 4029 3602 4084 saeculis
3631 4029 3788 4084 binis

2164 4116 2427 4188 proxime
2468 4116 2674 4188 elapsis
2725 4117 2940 4172 inventi
2973 4121 3125 4185 sunt,
3146 4117 3244 4189 qui
3269 4117 3429 4173 illam
3465 4118 3640 4173 autin
3673 4117 3785 4172 du-

2166 4204 2327 4260 bium
2358 4220 2650 4273 revocare,
2686 4209 2783 4259 aut
2819 4206 2997 4260 etiam
3033 4205 3366 4279 conquisitis
3396 4207 3786 4278 undecunque

2171 4294 2528 4366 argumentis
2558 4293 2903 4367 impugnare
2915 4299 3049 4350 sunt
3080 4295 3222 4350 ausi.
3251 4298 3330 4350 Ac
3356 4295 3637 4368 «primus»
3658 4295 3786 4367 qui-

458 4379 683 4437 nachici
713 4379 943 4434 habitus
973 4376 1301 4433 assumendi
1341 4379 1676 4448 exsolveret,
1731 4381 2070 4455 neutiquam
2092 4379 2146 4438 D
2172 4383 2491 4454 dem,qu0d
2504 4382 2870 4455 sciamus,qui
2885 4400 3016 4439 eam
3035 4384 3174 4456 (ipsa
3187 4387 3320 4439 sunt
3335 4384 3788 4456 suppeditataab

459 4467 729 4541 indiguit.
760 4468 976 4522 Verum
1001 4483 1075 4521 an
1101 4466 1255 4521 idem
1283 4466 1460 4522 etiam
1493 4467 1563 4523 de
1596 4485 1746 4524 nova
1772 4470 2071 4543 magisque

462 4558 711 4623 austera,
745 4572 921 4628 quam
944 4555 1004 4611 in
1027 4555 1323 4611 Carthusia
1353 4573 1418 4611 ac
1446 4557 1654 4614 deinde
1704 4559 1765 4613 in
1816 4561 2075 4617 Calabria

462 4644 672 4713 tenuit,
695 4644 824 4700 vitae
848 4660 1057 4700 norma
1068 4644 1379 4701 dicendum
1408 4647 1437 4703 ?

544 4735 642 4789 l85
651 4775 664 4788 .
673 4733 817 4788 Cum
834 4733 1094 4800 Sanctus,
1112 4733 1193 4788 uti
1211 4734 1361 4789 infra
1373 4735 1590 4791 docebo
1600 4735 1913 4809 ,aliquanto
1926 4740 2074 4794 tem-

467 4821 625 4899 poris
637 4822 1161 4894 Spatio,antequam
1182 4822 1240 4877 in
1256 4821 1564 4879 Carthusiae
1579 4841 1732 4880 erem
1743 4844 1777 4880 u
1787 4842 1839 4880 m
1854 4828 2079 4883 secede-

469 4915 561 4969 ret
581 4911 642 4967 in
678 4910 853 4966 Siccae
898 4910 1156 4964 fontanae
1192 4910 1419 4966 deserto
1465 4914 1818 4969 monachum
1848 4931 1968 4983 seu,
2032 4916 2079 4972 si

471 5000 672 5068 mavis,
707 4999 1015 5055 eremitam
1042 4998 1445 5055 verosimiliter
1473 5001 1679 5072 egerit,
1708 5003 1835 5057 ﬁeri
1866 5009 2075 5075 potest,

478 5092 542 5144 ut
568 5088 954 5161 ibi,concepto
977 5087 1260 5160 paulatim
1278 5087 1489 5158 majori
1512 5088 1687 5144 divini
1705 5092 1919 5146 amoris
1940 5099 2081 5151 aestu

474 5180 756 5248 auctoque
776 5175 909 5231 hinc
920 5173 1276 5247 paenitentiae
1307 5176 1548 5246 agendae
1579 5176 1881 5250 desiderio,
1903 5181 2081 5239 vitam

476 5264 663 5336 magis
676 5266 967 5319 austeram
995 5264 1266 5319 ducturus
1278 5279 1409 5318 cum
1427 5262 1572 5332 aliis,
1596 5266 1801 5338 quibus
1813 5282 1939 5321 eam
1949 5268 2083 5323 dem

474 5353 837 5408 voluntatem
871 5352 1201 5424 inspirarat,
1230 5352 1289 5408 in
1321 5351 1631 5409 Carthusiae
1674 5371 1936 5431 eremum
1961 5375 2083 5413 sese

410 5456 421 5465 ’
476 5440 778 5510 receperit.
825 5438 974 5495 Fieri
1007 5442 1181 5497 etiam
1214 5443 1425 5513 potest,
1458 5444 1519 5497 ut
1551 5458 1619 5498 eo
1647 5445 1778 5513 post
1810 5445 2083 5503 emissum

476 5525 705 5582 habitus
734 5528 1062 5585 monachici
1093 5530 1421 5586 assumendi
1448 5533 1667 5600 votum,
1713 5533 1871 5589 nulla
1914 5536 2085 5607 plane

483 5612 598 5673 alia
633 5616 949 5676 accedente
975 5632 1165 5688 causa,
1199 5634 1323 5678 sese
1347 5618 1560 5678 idcirco
1582 5621 1910 5693 contulerit,
1934 5625 2090 5698 quod

2172 4473 2481 4526 Annalium
2526 4472 3010 4528 Carthusiensium
3033 4473 3161 4527 libri
3184 4473 3369 4545 quarti
3388 4478 3619 4528 auctore
3637 4490 3792 4528 ano-

2176 4577 2353 4635 nymo
2378 4560 2572 4633 verba)
2606 4561 2664 4614 in
2680 4561 2918 4616 dubium
2937 4562 3172 4633 coeperit
3188 4563 3511 4630 revocare,f
3513 4562 3593 4617 uit
3604 4563 3795 4617 Rena-

2174 4654 2265 4705 tus
2287 4650 2622 4705 Benedictus
2643 4650 2783 4722 (imo
2823 4650 3222 4719 verosimilius,
3256 4651 3339 4706 uti
3360 4651 3513 4706 infra
3542 4651 3788 4718 docebo,

2177 4739 2425 4795 secundo
2459 4740 2685 4793 tantum
2700 4739 2823 4793 loco
2842 4755 2974 4793 mox
2993 4738 3083 4793 hic
3096 4738 3485 4793 nominandus
3512 4738 3793 4811 Papyrius

2175 4828 2484 4891 Masscnus)
2538 4827 2624 4880 vel
2676 4826 2837 4895 alius,
2873 4826 2967 4899 qui
3001 4827 3123 4898 ejus
3173 4816 3411 4882 nomine
3452 4827 3795 4899 Legendam

2179 4914 2761 4981 Sanetorum,Gallica
2781 4919 2932 4970 veste
2946 4916 3245 4983 donatam,
3272 4916 3421 4970 circa
3446 4916 3621 4986 elapsi
3652 4931 3793 4988 pro-

2177 5003 2329 5058 xime
2351 5003 2541 5058 saaculi
2570 5019 2835 5058 occasum
2870 5003 2946 5073 {id
2974 5007 3077 5069 est,
3111 5021 3245 5058 cum
3276 5004 3399 5058 haec
3422 5005 3628 5058 smculo
3646 5020 3800 5074 pra:-

2178 5092 2350 5147 terito
2383 5092 2593 5163 scripta
2631 5092 2766 5158 sint,
2822 5096 2956 5147 ante
2988 5109 3207 5147 nanum
3252 5095 3405 5164 1600)
3459 5092 3795 5165 publicavit,

2184 5181 2281 5253 qui
2312 5181 2371 5235 in
2391 5182 2519 5236 Vita
2546 5181 2725 5236 sancti
2744 5181 3025 5235 Brunonis
3046 5181 3119 5236 ad
3142 5180 3471 5252 marginem
3499 5198 3530 5235 e
3551 5180 3800 5253 regione

2182 5268 2332 5325 illius
2389 5269 2737 5325 narrationis
2805 5269 3080 5341 ascripsit,
3173 5292 3199 5319 ι(
3260 5269 3582 5341 Guigonem
3648 5268 3799 5326 nihil

2187 5380 2217 5410 «
2247 5359 2531 5430 ejusmodi
2584 5360 2797 5414 habere
2836 5359 2893 5413 in
2923 5358 3049 5413 Vita
3080 5357 3259 5413 sancti
3285 5358 3538 5429 Hugonis
3573 5357 3801 5430 episco-

2187 5468 2218 5500 «
2241 5447 2321 5520 pi,
2348 5467 2379 5501 ›>
2427 5451 2485 5503 et
2510 5447 2763 5518 insuper,
2820 5470 2848 5499 «
2886 5447 3119 5503 clericos
3156 5447 3486 5502 Parisiensis
3543 5446 3803 5504 ecclesia:

2186 5557 2218 5591 (ι
2246 5536 2334 5593 his
2387 5536 2690 5608 refragari.
2744 5559 2775 5590 ,ι
2810 5536 2977 5592 Unde
3027 5535 3328 5604 sentimus,
3383 5536 3516 5591 huic
3543 5534 3806 5594 historiae

2186 5643 2487 5703 nunquam
2517 5643 2873 5702 quemquam
2892 5626 3342 5700 refragaturum,
3387 5624 3434 5683 si
3460 5626 3532 5684 de
3561 5626 3805 5685 canoni-
