3996 6012
192 398 284 453 109

1751 388 1934 446 ACTA

3402 394 3506 452 110

189 526 309 577 catu
322 519 632 576 Parisiensi
653 517 878 574 mentio
906 516 1366 588 nonirrepsisset
1382 515 1443 573 in
1465 531 1695 572 meram
1707 515 1794 570 rei
1815 519 1870 578 Α
1893 515 2080 584 biens,
2102 513 2254 588 typis
2277 513 2433 570 edita
2462 510 2631 581 thesi,
2663 513 2882 585 palam,
2924 514 3260 572 stimulante
3287 517 3507 592 Marsya

189 614 351 683 gestae
388 608 816 674 narrationem,
844 606 1001 678 quod
1034 606 1270 660 unicum
1294 610 1352 660 et
1375 607 1564 659 solum
1593 608 1795 676 postea

188 700 346 754 fuisse
372 699 600 753 videtur
623 697 798 752 totius
821 697 1207 751 seminarium
1233 697 1556 752 discordiae.
1587 697 1794 750 Utrum

189 804 314 842 vero
343 788 437 842 ille
452 788 631 843 homo
663 785 978 841 eanonicus
994 786 1081 838 vel
1101 785 1308 839 doctor
1334 783 1529 850 fuerit,
1553 782 1794 837 inferius

189 879 460 934 dicemus.
496 876 816 943 Secundus,
870 875 969 948 qui
998 874 1129 928 huic
1161 873 1442 928 dubietati
1489 872 1793 939 succinuit,

186 968 287 1023 fuit
315 967 596 1039 Gapyrius
624 967 936 1032 Massonus,
983 964 1081 1036 qui
1126 963 1269 1018 obiit
1312 979 1468 1018 anno
1523 965 1679 1031 1611,
1713 961 1797 1016 vir

187 1056 553 1112 accuratioris
583 1055 942 1110 litteraturae.

287 1152 340 1201 7.
378 1169 405 1196 ‹‹
439 1146 534 1200 Hic
565 1145 665 1199 lib.
693 1161 749 1198 Ill
780 1143 1082 1197 annalium
1114 1142 1496 1207 Francorum,
1529 1157 1665 1212 pag.
1693 1143 1799 1196 232

187 1253 359 1308 agens
387 1236 459 1290 de
491 1239 758 1304 tempore
792 1231 1150 1285 fundationis
1182 1231 1402 1285 ordinis
1431 1229 1800 1284 Carthusien-

187 1325 350 1390 sium,
375 1339 660 1394 posquam
696 1338 878 1392 pauca
906 1320 976 1374 dc
1011 1322 1210 1373 sancto
1255 1320 1524 1372 Brunone
1556 1322 1613 1371 et
1653 1319 1796 1371 Lau-

187 1414 357 1471 duino
382 1413 599 1478 retulit,
625 1413 746 1465 haec
773 1411 947 1464 verba
977 1409 1204 1462 subdit:
1243 1433 1270 1457 α
1317 1410 1516 1462 Petrus
1565 1407 1796 1461 Clunia-

190 1504 440 1567 «censis,
485 1501 837 1572 cognomine
886 1498 1298 1563 Mauriacenus,
1342 1497 1437 1568 qui
1479 1497 1680 1550 Crasso
1741 1499 1799 1550 et

188 1617 213 1642 ι‹
245 1591 530 1646 Ludovico
563 1589 717 1656 vixit,
751 1588 969 1644 ordinis
995 1588 1164 1658 hujus
1186 1590 1450 1640 auctores
1466 1586 1798 1639 Brunonem

188 1705 214 1731 ει
239 1684 295 1734 et
326 1679 696 1735 Landuinum
748 1679 1035 1743 nominat,
1069 1693 1317 1748 cumque
1349 1675 1665 1746 originem,
1692 1675 1802 1729 ins-

188 1794 212 1821 «
242 1770 482 1824 titutum
503 1786 568 1822 ae
603 1784 798 1825 mores
821 1765 1336 1821 Carthusianorum
1369 1763 1798 1819 accuratissime

1896 605 2013 660 viro
2065 603 2420 671 doctissimo,
2480 603 2537 658 in
2590 603 2798 657 scholis
2849 604 3188 677 theologicis
3240 609 3500 677 asseruit,

1898 693 2247 766 «Quidquid
2293 692 2364 747 de
2414 691 2670 746 defuncti
2721 691 2973 746 doctoris
3012 692 3166 748 trina
3211 711 3242 748 e
3288 695 3504 752 feretro

1899 806 1927 834 α
1959 783 2166 838 emissa
2196 799 2331 837 voce
2364 784 2664 853 vulgatum
2705 781 2915 848 fuerat,
2962 799 3083 836 esse
3137 785 3328 838 totum
3361 784 3506 840 ﬁcti-

1899 895 1928 923 ‹‹
1955 873 2099 927 tium
2113 869 2668 937 etcommentitium,
2684 869 2932 942 denique
2945 870 3160 927 anilem
3172 871 3448 929 fabulam.
3474 895 3504 925 ››

1895 960 2228 1016 Astantibus
2258 959 2501 1030 placuit:
2526 976 2665 1014 nam

1973 1074 2000 1100 ‹‹
2017 1051 2131 1105 Nec
2153 1051 2262 1104 hoc
2290 1049 2395 1103 ista
2435 1049 2538 1103 sibi
2574 1053 2804 1119 tempus
2830 1051 3154 1120 spectacula
3179 1052 3379 1123 poscit.
3400 1074 3429 1101 ››

1897 1140 2022 1195 Νοιι
2053 1139 2188 1194 inde
2214 1141 2410 1192 tamen
2431 1138 2919 1210 (utverasanaque
2943 1139 3294 1212 loquamtur)
3308 1142 3407 1196 sed
3440 1159 3508 1198 ex

1899 1228 2022 1282 aliis
2038 1227 2365 1281 excellentis
2387 1226 2710 1297 eruditique
2733 1226 2951 1296 ingenii
2988 1227 3133 1281 datis
3175 1229 3505 1300 specimini-

1897 1318 2001 1371 bus
2017 1316 2207 1386 cupita
2244 1316 2453 1370 merito
2483 1316 2727 1369 donatus
2748 1316 3060 1370 estlaurea.
3081 1315 3208 1383 Qui,
3232 1318 3510 1374 sibicom-

1899 1407 2132 1474 placens
2162 1422 2227 1458 ex
2243 1403 2562 1475 approbata
2581 1407 2785 1458 contra
2803 1404 3040 1459 redivivi
3066 1405 3368 1463 historiam
3391 1410 3514 1464 the-
3592 1409 3600 1414 ”

1898 1494 1966 1558 si,
1989 1494 2138 1547 hanc
2174 1494 2434 1548 validiori
2457 1493 2812 1548 stabiliturus
2841 1495 3350 1566 argumentatione
3373 1499 3516 1555 adiit

1901 1585 2170 1637 Romam.
2195 1583 2300 1649 lbi,
2325 1583 2530 1654 quibus
2541 1583 2752 1654 potuit,
2773 1583 2877 1637 viis
2891 1584 3254 1640 etlaboribus
3285 1586 3512 1656 institit,

1900 1675 1962 1725 ut
1993 1671 2134 1724 illud
2173 1671 2508 1742 prodigium
2540 1687 2571 1725 e
2598 1671 2845 1726 Romani
2872 1673 3144 1729 breviarii
3175 1676 3516 1734 lectionibus

1900 1760 2356 1826 abscinderetur,
2411 1759 2690 1814 simulans
2740 1761 2994 1816 maxime
3023 1779 3093 1818 ex
3143 1781 3235 1833 eo,
3269 1767 3424 1837 quod
3453 1767 3514 1824 in

186 1882 212 1908 σι
236 1853 1445 1924 ἀθεετὶὺειῐ,ηυηδωωιθηῐίοιιθηιῖοδηο[ιἰοί
1468 1852 1799 1908 Parisiensis
1822 1844 1874 1902 B
1899 1849 2296 1920 acceptatione
2341 1848 2471 1902 festi
2513 1849 2697 1902 sancti
2728 1850 3011 1905 Brunonis
3063 1853 3291 1908 Parisiis
3321 1859 3514 1912 actum

187 1971 211 1997 ιε
241 1947 402 2012 facit,
437 1946 532 2018 qui
561 1946 712 1999 inter
741 1946 1033 2000 solemnes
1061 1942 1296 1997 inferias
1316 1942 1524 1996 dicitur
1557 1957 1796 2012 respon-

186 2059 210 2086 α
241 2035 390 2090 disse
424 2038 760 2088 mortuus.»
806 2034 935 2086 Hazc
966 2032 1080 2097 ille,
1125 2031 1285 2101 cujus
1331 2033 1523 2086 totum
1557 2029 1796 2084 dubium

181 2124 402 2178 videtur
432 2123 576 2177 verti
607 2123 758 2176 circa
788 2121 1088 2177 silentium
1109 2119 1263 2174 Petri
1296 2122 1353 2173 et
1389 2117 1795 2172 canonicatum

180 2211 437 2266 damnati
470 2210 732 2265 liomicis.
761 2209 882 2264 Sed
904 2213 962 2263 et
985 2207 1190 2266 Renati
1223 2206 1533 2273 Benedicti,
1569 2209 1627 2261 et
1655 2206 1794 2260 Mas-

183 2301 301 2356 soni
337 2299 874 2354 animadversiones
901 2315 1019 2352 non
1045 2298 1193 2350 tanti
1225 2297 1385 2352 fuere
1410 2295 1704 2367 ponderis,
1734 2297 1797 2349 ut

183 2389 478 2460 potuerint
506 2388 815 2460 impedire,
845 2403 960 2458 quo
1014 2386 1206 2439 minus
1237 2401 1502 2440 summus
1535 2383 1794 2454 pontifex

176 2477 480 2548 Gregorius
519 2477 625 2543 XV,
678 2475 896 2530 indicto
942 2491 1047 2545 per
1078 2474 1407 2528 universam
1483 2472 1791 2526 Eeclesiam

176 2569 352 2622 sancti
376 2568 660 2622 Brunonis
676 2567 841 2632 festo,
865 2565 1103 2635 singulis
1119 2563 1284 2618 annis
1299 2580 1332 2617 a
1362 2563 1792 2634 quibuscunque

175 2657 392 2711 clericis
418 2660 476 2710 et
498 2656 784 2726 religiosis
813 2654 1077 2719 colendo,
1092 2652 1217 2722 ejus
1238 2651 1502 2706 Officium
1521 2650 1792 2722 componi

175 2750 230 2800 et
266 2764 300 2799 a
323 2762 490 2799 sacra
513 2745 730 2798 rituum
753 2741 1205 2815 congregatione
1227 2740 1595 2811 recognitum
1621 2743 1679 2795 et
1697 2755 1794 2812 ap-

175 2835 486 2906 probatum
519 2833 577 2886 in
606 2831 890 2886 Breviario
925 2832 1186 2884 Hamano
1214 2827 1621 2900 apponi(anno
1642 2827 1791 2882 scili-

174 2927 260 2977 cet
309 2923 465 2992 1623)
512 2921 874 2992 praeciperet,
905 2920 1065 2989 cujus
1105 2917 1338 2972 secundi
1375 2917 1643 2971 nocturni
1676 2920 1792 2972 tres

173 3012 453 3066 lectiones
484 3028 552 3065 ex
577 3011 699 3081 ejus
728 3010 854 3063 Vita
885 3009 1205 3078 desumpta:
1241 3009 1395 3073 sunt,
1427 3023 1673 3077 quarum
1709 3023 1792 3060 se-

173 3101 361 3155 cunda
393 3104 581 3154 totam
617 3100 766 3153 hanc
797 3097 1058 3153 continet
1083 3095 1392 3150 anastasim
1425 3096 1528 3149 sub
1549 3095 1789 3150 nomine

171 3190 472 3260 cujusdam
507 3188 790 3259 magistri,
825 3188 982 3241 nulla
1004 3187 1157 3240 facta
1177 3184 1443 3256 specifica
1492 3183 1790 3239 mentione

177 3280 514 3334 doctoratus
541 3279 628 3331 vel
655 3276 1044 3331 canonicatus.

245 3369 369 3422 188.
410 3365 718 3420 «Urbanus
740 3381 968 3438 quoque
998 3367 1251 3430 octavus,
1283 3361 1542 3434 Gregorii
1571 3378 1791 3417 succes-

176 3472 290 3523 sor,
342 3471 498 3510 novo
540 3455 770 3509 decreto
810 3453 1074 3508 Officium
1125 3451 1308 3506 sancti
1350 3451 1633 3506 Brunonis
1659 3467 1791 3505 cum

175 3544 514 3599 narratione
546 3543 846 3614 stupendae
898 3541 1159 3597 Historia:
1208 3539 1493 3594 breviario
1529 3541 1792 3595 Romano

171 3632 345 3687 inseri
378 3632 578 3696 voluit,
617 3635 678 3685 ut
706 3634 950 3685 testatur
995 3629 1344 3684 clarissimus
1392 3628 1702 3682 Sausszeius
1733 3629 1792 3683 in

176 3722 420 3792 epistola
456 3720 795 3776 didascalica
821 3720 910 3773 his
931 3719 1155 3774 verbis:
1194 3741 1220 3768 «
1240 3716 1461 3772 Prodiit
1482 3717 1716 3772 interim
1733 3717 1791 3772 in

181 3831 208 3857 ιι
235 3811 432 3863 lucem
455 3808 804 3863 breviarium
843 3809 1194 3872 Romanum,
1221 3805 1310 3860 cui
1340 3823 1408 3860 ex
1436 3805 1649 3860 Urbani
1677 3806 1793 3860 Vlll

179 3919 207 3944 (ι
237 3897 475 3952 decreto
498 3897 764 3952 Officium
777 3896 957 3950 sancti
981 3893 1262 3950 Brunonis
1291 3892 1491 3948 recens
1509 3893 1791 3949 insertum

179 4005 207 4033 (ε
236 3985 449 4039 fuerat.
482 3987 545 4039 In
577 3987 685 4040 hoc
718 3985 972 4039 narratio
1004 3984 1121 4050 illa,
1174 3982 1332 4038 brevi
1380 3982 1640 4054 quidem,
1690 3982 1792 4037 sed

179 4098 206 4126 ει
228 4079 438 4144 aperta
467 4073 1056 4128 continebaturserie.
1073 4075 1146 4126 At
1168 4071 1474 4126 Parisiensi
1500 4071 1785 4126 breviario

179 4186 208 4213 απ
251 4169 380 4219 tum
411 4161 894 4233 recognoscendo
929 4178 1038 4232 ego
1089 4177 1220 4214 cum
1270 4160 1396 4214 aliis
1425 4158 1794 4214 illustrissimi

180 4273 208 4300 α
237 4250 474 4307 Domini
497 4249 910 4320 archiepiscopi
933 4253 992 4304 et
1011 4248 1354 4302 venerabilis
1381 4247 1616 4318 capituli
1646 4248 1796 4302 dele-

182 4362 210 4389 u
241 4341 393 4411 gatis
419 4356 663 4410 operam
679 4338 1111 4410 impendebam.
1133 4329 1481 4391 ’lnstiterunt
1501 4337 1609 4390 hac
1631 4352 1794 4391 occa-

181 4451 209 4477 α
237 4429 402 4484 sione
417 4427 778 4483 Carthusiani
809 4426 1178 4492 Parisienses,
1210 4428 1273 4478 ut
1298 4424 1480 4479 sancti
1511 4424 1794 4480 Brunonis

183 4540 210 4564 ε(
237 4518 456 4572 festum
491 4533 555 4570 ac
578 4515 843 4570 Ofﬁcium
859 4515 950 4569 die
983 4515 1107 4584 ejus
1139 4513 1792 4584 nataliconsignaretur,

183 4628 209 4656 α
237 4606 532 4678 siquidem
563 4605 621 4658 in
647 4604 930 4660 breviario
957 4605 1154 4658 nostro
1171 4603 1448 4657 hactenus
1469 4604 1662 4657 locum
1677 4619 1796 4658 non

182 4718 209 4743 ιι
239 4696 550 4750 habuerat.
581 4694 846 4748 Honesta:
878 4709 1084 4747 eorum
1115 4690 1492 4762 postulationi
1515 4690 1700 4745 visum
1715 4695 1801 4746 est

182 4806 211 4832 α
241 4782 714 4839 concedendum.
740 4781 1030 4852 Ascriptus
1046 4780 1156 4834 fuit
1171 4781 1348 4851 igitur
1367 4783 1596 4834 sanctus
1611 4781 1798 4834 Bruno

184 4870 559 4927 «Lutetianis
608 4869 804 4936 Fastis,
846 4869 945 4923 sed
975 4885 1043 4924 eo
1096 4872 1285 4940 pacto,
1340 4871 1402 4922 ut
1455 4867 1801 4922 narrationis

182 4981 211 5008 α
242 4960 544 5032 praedictae
588 4959 646 5012 in
681 4957 862 5013 Officii
906 4957 1029 5026 ejus
1077 4955 1418 5011 lectionibus
1464 4955 1802 5027 neutiquam

184 5073 211 5099 ε(
239 5050 468 5103 mentio
501 5047 687 5112 ﬁeret,
707 5063 882 5118 quam
906 5061 1267 5116 suppressam
1285 5045 1455 5115 paulo
1487 5047 1615 5116 post
1628 5045 1804 5099 etiam

185 5160 214 5187 ει
245 5139 451 5194 videre
485 5135 646 5191 licuit
675 5135 733 5190 in
785 5135 1048 5190 Romano
1095 5133 1422 5187 divinorum
1473 5131 1807 5187 Officiorum

187 5250 215 5275 α
243 5226 474 5282 codice.
505 5246 530 5273 η
568 5226 695 5279 Ηωο
717 5225 836 5290 ille,
870 5223 928 5277 in
961 5223 1121 5292 cujus
1142 5221 1326 5276 verbis
1359 5219 1646 5291 detegitur
1675 5237 1809 5276 vera

184 5315 364 5368 totius
389 5313 690 5368 discordia:
703 5329 893 5378 causa,
915 5328 1090 5383 quam
1108 5310 1354 5365 diximus
1370 5325 1561 5379 supra,
1590 5311 1807 5364 nullam

182 5403 362 5458 aliam
402 5403 600 5467 fuisse,
656 5405 870 5474 praeter
917 5400 1280 5456 mentionem
1337 5399 1409 5452 de
1467 5397 1811 5452 canonicatu

183 5490 409 5548 {actam
439 5492 498 5546 in
527 5491 870 5563 quibusdam
886 5491 1056 5561 hujus
1078 5488 1335 5544 Historiae
1364 5487 1808 5541 narrationibus.

258 5583 390 5636 189.
431 5601 460 5631 α
493 5580 759 5645 Posthac,
792 5578 1062 5633 revolutis
1106 5576 1326 5648 aliquot
1355 5574 1541 5642 annis,
1566 5575 1816 5630 Joannes

189 5668 484 5725 Launoius
525 5667 795 5724 ultimam
838 5665 1170 5722 doctoratus
1199 5665 1461 5720 lauream
1500 5664 1655 5720 recte
1697 5678 1818 5721 am-

1818 4389 1870 4446 D

1898 1939 2106 2003 fuerat,
2140 1939 2360 1992 clerum
2375 1939 2433 1992 et
2452 1936 2882 1992 Carthusienses
2892 1938 3237 1996 Parisienses
3265 1943 3325 1997 id
3344 1960 3514 2016 expe-

1896 2029 2040 2082 tere.
2077 2027 2173 2081 Ha:
2205 2029 2341 2081 sunt
2362 2029 2536 2094 artes,
2567 2027 2773 2099 quibus
2798 2027 2872 2083 ad
2893 2027 2952 2084 id
2975 2029 3357 2088 obtinendum
3380 2051 3516 2090 eum

1896 2115 2070 2171 fuisse
2103 2132 2296 2182 usum,
2321 2115 2373 2169 ei
2406 2115 2716 2186 exprobrat
2733 2117 2888 2188 (pag.
2925 2119 3026 2172 114
3048 2120 3109 2173 et
3143 2119 3265 2193 115)
3319 2125 3519 2180 auctor

1897 2203 2263 2276 (Theophilus
2286 2203 2634 2274 Raynaudus
2648 2203 2951 2276 nimirum]
2978 2207 3230 2262 Herculis
3247 2208 3518 2267 Commo-

1895 2294 2051 2348 diani
2077 2293 2164 2347 his
2196 2292 2382 2348 verbis
2409 2309 2423 2348 :
2451 2314 2478 2344 «
2510 2294 2579 2346 Et
2608 2294 2819 2365 potuit,
2853 2315 2882 2344 »
2927 2295 3136 2368 inquit,
3174 2319 3203 2349 «
3248 2299 3518 2358 recisioni

1897 2403 1927 2432 «
1964 2382 2044 2436 illi
2076 2382 2413 2437 facilitatem
2447 2398 2762 2450 accersere,
2798 2384 2954 2455 quod
2986 2387 3069 2452 tu,
3128 2386 3224 2458 qui
3259 2404 3516 2458 praesens

1897 2492 1926 2522 «
1957 2471 2185 2538 aderas,
2219 2471 2424 2543 quibus
2440 2471 2591 2525 nosti
2607 2471 2848 2540 artibus,
2875 2477 2934 2528 et
2946 2477 3267 2546 praesertim
3297 2495 3512 2550 magno

1897 2581 1926 2608 «
1955 2559 2188 2630 fragore
2213 2559 2548 2614 Parisiensis
2579 2559 2717 2614 cleri
2755 2563 2814 2615 et
2844 2561 3158 2620 academia:
3183 2564 3511 2638 infamiam,

1896 2672 1925 2700 ‹‹
1957 2651 2015 2704 et
2043 2649 2142 2703 abs
2159 2652 2214 2703 te
2234 2649 2479 2703 conficta
2490 2647 2732 2703 civitatis
2753 2650 2928 2721 regiae
2947 2654 3103 2718 vota,
3125 2656 3189 2708 ut
3207 2670 3276 2710 eo
3309 2673 3511 2713 narra-

1896 2760 1924 2789 ‹‹
1954 2739 2056 2806 tio,
2110 2737 2336 2792 etiamsi
2368 2754 2504 2792 vera
2551 2741 2720 2805 esset,
2774 2741 3190 2811 praeteriretur,
3243 2747 3510 2817 urgebas.

1896 2849 1924 2877 α
1946 2828 2061 2880 Hoc
2088 2830 2454 2898 postremum
2489 2827 2813 2882 docuerunt
2855 2829 3063 2885 litterae
3097 2835 3231 2887 tuae.
3285 2835 3508 2904 Priora,

1897 2938 1923 2966 ‹‹
1956 2932 2082 2986 quas
2104 2914 2615 2987 germanissimam
2635 2916 3012 2972 mutationis»
3031 2919 3110 2990 (in
3128 2920 3326 2977 Officio
3344 2924 3513 2980 nimi-

1891 3021 2020 3062 rum
2065 3003 2124 3058 S.
2178 3003 2464 3058 Brunonis
2517 3004 2708 3076 factae)
2745 3022 3038 3062 «causam
3069 3009 3392 3080 continent,
3450 3016 3511 3068 et

1894 3115 1922 3143 ‹‹
1954 3093 2076 3149 aliis
2106 3096 2164 3147 et
2195 3092 2337 3146 mihi
2367 3092 2822 3165 sapientissimus
2851 3112 2883 3149 e
2921 3097 3384 3170 Congregatione
3425 3101 3505 3156 ri-

1823 3163 1870 3224 (ἶ
1894 3205 1922 3234 ‹‹
1955 3186 2118 3238 tuum
2151 3163 2458 3253 theologus
2488 3182 2707 3254 liquido
2754 3163 3203 3239 confirmavit?»
3233 3188 3300 3242 Et
3330 3191 3504 3260 paulo

1890 3275 2057 3342 post:
2094 3292 2122 3320 «
2153 3270 2476 3328 Dicendum
2498 3270 2654 3338 alibi,
2689 3270 2787 3342 qui
2817 3275 2875 3327 te
2931 3274 3264 3330 Parisiensis
3304 3277 3505 3335 Romae

1895 3383 1923 3411 ‹‹
1943 3359 2176 3431 juverit;
2209 3358 2426 3415 faciens
2452 3362 2516 3413 ut
2552 3375 2893 3430 persuasum
2938 3361 3272 3432 haberetur,
3307 3367 3506 3424 Patres

1896 3472 1924 3500 ‹‹
1964 3449 2370 3504 Carthusianos
2402 3449 2852 3520 expunctionem
2888 3451 3060 3524 hujus
3091 3455 3442 3512 narrationis
3470 3473 3504 3513 e

1897 3536 2228 3593 «breviario
2259 3539 2552 3608 expetere,
2588 3557 2616 3586 »
2653 3540 2764 3592 etc.

1969 3631 2088 3682 190.
2116 3648 2144 3676 ‹‹
2177 3625 2282 3689 Qui
2304 3641 2479 3681 sacrm
2493 3625 2710 3680 rituum
2733 3631 3170 3701 congregationi
3191 3639 3503 3706 prmerant,

1893 3716 2068 3772 totius
2106 3713 2373 3769 breviarii
2424 3713 2586 3783 jussu
2644 3714 2860 3769 Urbani
2891 3717 3024 3785 VIII,
3059 3740 3088 3768 »
3151 3723 3248 3792 qui
3303 3727 3502 3783 tamen

1893 3809 2064 3860 antea
2088 3803 2234 3875 (vide
2266 3818 2430 3856 num.
2448 3803 2568 3867 188)
2585 3801 2850 3856 Officium
2870 3804 3236 3876 S.Brunonis,
3254 3811 3506 3870 doctoris

1893 3891 2222 3949 Parisiensis
2266 3889 2578 3944 anastasim
2629 3892 3038 3961 complectens,
3089 3897 3349 3954 brevario
3392 3902 3504 3957 Ho-

1893 3998 2068 4036 mano
2097 3979 2271 4034 inseri
2285 3979 2733 4051 jusserat,«tune
2751 3979 3150 4038 incumbentes
3162 3989 3508 4059 recognitio-

1893 4071 1974 4137 ni,
1988 4069 2093 4124 viri
2107 4068 2361 4141 religiosi
2380 4072 2438 4122 et
2452 4067 2807 4140 incorruptae
2839 4069 3206 4142 integritatis,
3225 4093 3341 4132 non
3359 4079 3504 4136 Lau-

1893 4159 2012 4216 noii
2073 4159 2290 4213 artibus
2343 4157 2591 4228 decepti,
2647 4158 2747 4212 sed
2796 4159 3237 4230 sapientioribus
3287 4166 3508 4224 inducti

1892 4247 2233 4314 rationibus,
2261 4263 2379 4300 non
2397 4247 2568 4317 hujus
2583 4247 2770 4302 solum
2790 4248 3049 4331 H‘istorize
3081 4255 3504 4327 narrationem,

1895 4338 1996 4393 sed
2013 4341 2070 4392 et
2099 4334 2580 4408 egregiam'illam
2605 4335 3038 4410 piissimamque
3058 4339 3509 4404 fideiconfessio:

1895 4444 2054 4493 nem,
2087 4427 2159 4480 ab
2182 4427 2305 4496 ipso
2334 4426 2601 4479 Brunone
2634 4425 2807 4480 morti
2837 4427 3102 4497 proximo
3129 4433 3415 4502 prolatam
3449 4440 3510 4493 et

1895 4514 2082 4571 tertia
2115 4511 2350 4567 secundi
2385 4511 2652 4566 nocturni
2675 4513 2906 4567 lectioni
2939 4515 3102 4584 jussu
3125 4519 3382 4591 Gregorii
3421 4525 3511 4580 XV

1897 4604 2198 4666 insertam,
2220 4599 2389 4654 simul
2419 4617 2485 4654 ex
2511 4599 2718 4655 eodem
2745 4601 3048 4672 breviario,
3069 4605 3213 4662 sicut
3245 4613 3302 4665 et
3327 4615 3512 4670 multa

1899 4692 2012 4747 alia
2041 4708 2107 4745 ex
2130 4688 2251 4744 aliis
2281 4688 2529 4774 aliorum
2549 4691 2882 4744 sanctorum
2904 4692 3242 4752 lectionibus
3258 4702 3511 4774 expungi

1900 4779 2264 4834 curaverunt.
2290 4773 2353 4828 Hi
2375 4779 2574 4848 postea
2605 4793 2638 4830 a
2658 4776 3073 4848 Christophoro
3099 4773 3517 4854 Puteona,Car-

1901 4865 2106 4922 thusiae
2139 4866 2420 4919 Romana:
2453 4865 2671 4935 priore,
2715 4865 2958 4920 nomine
2997 4871 3297 4926 reverendi
3334 4874 3517 4929 Patris

1905 4955 2219 5011 Cartliusiae
2247 4953 2455 5025 prioris
2485 4956 2542 5008 et
2571 4953 2748 5008 totius
2775 4955 2996 5010 ordinis
3013 4957 3262 5015 ministri
3278 4977 3517 5032 genera-

1905 5045 2194 5113 lis,oblato
2225 5043 2422 5098 libello
2449 5043 2710 5114 supplici,
2729 5043 3072 5116 interrogati
3089 5046 3160 5100 de
3181 5048 3516 5118 liujusmodi

1906 5130 2188 5186 recisione
2221 5130 2335 5184 tale
2366 5130 2655 5185 dederunt
2686 5136 3520 5212 responsum,testeTheophilo

1911 5219 2249 5289 Raynaudo,
2293 5240 2320 5267 ‹‹
2355 5221 2615 5273 mentem
2657 5236 2831 5274 sacra:
2865 5222 3329 5290 congregationis
3377 5245 3524 5284 nun-

1917 5331 1944 5360 «
1975 5324 2151 5380 quam
2193 5306 2385 5373 fuisse,
2431 5307 2762 5378 improbare
2794 5311 2897 5361 aut
2941 5308 2998 5362 in
3028 5308 3266 5366 dubium
3317 5332 3521 5373 vocare

1914 5416 1947 5449 ‹‹
1974 5397 2324 5451 narrationis
2349 5397 2519 5468 hujus
2548 5397 2871 5465 veritatem;
2893 5397 2993 5452 sed
3014 5401 3325 5457 consultius
3338 5405 3521 5463 visum

1919 5509 1947 5537 ‹‹
1979 5503 2121 5552 esse,
2156 5503 2286 5540 eam
2310 5503 2659 5558 expungere,
2694 5486 2850 5557 quod
2889 5504 3015 5543 mos
3045 5490 3302 5545 Ecclesiae
3349 5495 3520 5566 ferat,

1919 5575 2021 5629 «in
2051 5574 2226 5628 sacris
2257 5574 2467 5629 Officiis
2501 5574 2869 5644 Sanctorum,
2902 5577 2998 5650 qui
3028 5578 3325 5651 religiosas
3355 5583 3522 5641 fami-

1919 5684 1949 5716 «
1978 5661 2086 5720 lias
2136 5660 2532 5735 instituerunt,
2576 5679 2879 5724 recensere
2925 5667 3132 5726 eorum
3174 5669 3350 5744 Vitas,
3406 5689 3525 5734 non
