3996 6012
464 398 563 462 111

1319 394 1377 453 S.
1423 392 1769 453 BRUNONIS
1799 389 2432 451 CARTHUSIANORUM
2472 394 2939 451 lNSTlTUTORlS

3693 401 3791 455 112

469 552 499 582 «
530 543 749 596 causas,
770 540 840 582 ex
868 522 1072 598 quibus
1085 522 1160 580 ad
1176 521 1596 578 instituendum
1626 520 1894 577 ordinem
1906 534 2075 576 suum
2097 524 2154 583 A
2179 522 2248 576 94
2278 523 2337 575 et
2365 537 2485 592 seq.
2511 521 2812 587 nonnulla,
2848 537 2977 592 quae
3006 517 3193 575 verbis
3200 518 3326 591 jam
3341 517 3792 578 recitatisAuna-

470 640 501 671 α
530 616 747 673 fuerint
788 614 1038 686 impulsi.
1071 633 1099 662 »
1160 612 1226 667 Ft
1265 614 1395 684 post
1439 627 1623 684 pauca
1670 609 1852 677 addit,
1878 626 1912 664 a
1956 608 2078 663 viro

466 704 910 779 sapientissimo,
956 703 1156 757 Romae
1212 703 1350 755 tunc
1397 701 1690 766 morante,
1753 697 2076 769 accepisse:

471 795 669 850 «Cum
718 790 950 848 aliunde
993 788 1322 845 breviandm
1358 789 1549 842 essent
1586 786 1863 842 lectiones
1896 784 2080 842 Ofﬁcii

472 907 502 937 α
531 882 713 940 sancti
744 879 1032 947 Brunosis,
1076 877 1217 933 nihil
1262 876 1595 944 occurrisse,
1654 874 1811 948 quod
1866 872 2081 930 minori

471 996 501 1025 ‹‹
530 970 906 1027 incommodo
932 966 1223 1023 removeri
1257 968 1478 1037 posset.
1515 965 1804 1020 Caeterum
1855 979 2079 1019 sacram

474 1084 503 1113 ‹‹
539 1056 1069 1131 Congregationem
1091 1054 1161 1109 de
1181 1052 1559 1108 convellenda
1589 1053 1712 1124 ejus
1734 1050 2082 1107 narrationis

472 1172 502 1204 ‹‹
533 1148 793 1215 veritate,
821 1146 908 1202 vel
936 1144 1008 1200 de
1037 1158 1106 1198 ea
1127 1140 1508 1213 depretianda
1536 1157 1610 1196 ne
1646 1140 1924 1214 cogitasse
1955 1138 2080 1213 qui-

472 1262 506 1291 a
528 1238 719 1295 dem.»

548 1330 641 1383 191
657 1368 670 1381 .
690 1350 718 1378 (ι
731 1325 857 1381 Non
875 1320 1137 1378 absimile
1153 1318 1485 1393 quidfpaulo
1498 1321 1633 1375 ante
1647 1320 1884 1373 testatus
1894 1317 2084 1372 fuerat

469 1413 770 1472 Bartoldus
798 1407 1082 1474 Nihusius,
1116 1405 1264 1462 scrib
1277 1422 1380 1461 ans
1410 1405 1484 1461 ad
1524 1404 1946 1477 amplissimum
2001 1401 2081 1456 vi-

469 1519 604 1562 rum
626 1500 921 1555 Andream
952 1494 1330 1551 Sausseaium»
1366 1493 1504 1565 (adi,
1533 1508 1710 1565 quam
1744 1490 2086 1548 didascalica

470 1591 643 1663 huius
666 1583 1188 1661 epistola,Colouiea
1209 1582 1545 1655 Agrippina:
1562 1581 1754 1653 annojl
1766 1583 1866 1635 645
1883 1594 2086 1635 excusa

470 1680 534 1737 in
552 1679 745 1735 fronte
765 1675 1020 1747 praefert,
1035 1671 1358 1744 epistolam)
1387 1692 1415 1720 «
1437 1670 1526 1725 his
1551 1670 1766 1725 verbis:
1790 1667 2084 1724 «Sciscita-

473 1788 507 1823 ‹
536 1771 628 1823 tus
670 1765 752 1821 fui
783 1765 982 1819 Romae
1012 1777 1117 1833 per
1144 1761 1355 1815 Ianum
1398 1758 1622 1813 Nicium
1666 1758 2029 1830 Erythraaum
2054 1772 2086 1811 e

2179 619 2321 674 lium
2339 617 2831 673 Carthusiensium
2850 617 2979 672 libri
3006 617 3196 689 quarti
3224 620 3425 673 auctor
3446 634 3788 690 anonymus,

2179 705 2240 761 in
2254 707 2516 763 medium
2532 707 2862 776 adducit,de
2880 706 3386 762 Carthusianorem
3400 706 3574 762 initiis
3596 708 3795 763 disser—

2178 795 2401 850 tatione
2422 812 2583 850 num.
2605 798 2635 849 8
2667 794 2747 851 sic
2781 795 3073 850 scribens:
3108 797 3307 851 «Item
3334 796 3600 866 (Romani
3619 813 3793 853 sacres

2180 881 2399 938 rituum
2432 882 2933 955 Congregationis)
2967 900 3235 938 censores
3249 885 3602 939 sustulerunt
3626 886 3796 940 eBre-

2179 971 2355 1027 viario
2405 973 2846 1027 celeberrimam
2896 973 3054 1028 illam
3102 972 3360 1046 corporis
3407 976 3465 1028 et
3503 973 3794 1046 sanguinis

2183 1061 2389 1116 Christi
2431 1061 2489 1116 in
2506 1061 2857 1117 Eucharistia
2888 1062 3329 1133 professionem,
3358 1079 3393 1117 a
3423 1062 3688 1117 Brunone
3715 1062 3795 1117 fa-

2181 1154 2336 1206 ctam
2356 1151 2460 1206 sub
2474 1150 2776 1223 [mortem,
2819 1168 2995 1223 quam
3024 1167 3199 1206 nemo
3242 1152 3323 1206 ita
3351 1167 3547 1206 vecors
3573 1150 3701 1220 erit,
3732 1154 3795 1206 ut

2182 1239 2393 1297 sentiat
2423 1240 2633 1296 idcirco
2675 1240 2967 1307 delevisse,
3018 1240 3173 1312 quod
3206 1240 3349 1295 falsa
3369 1240 3469 1296 sit:
3505 1239 3603 1313 qui
3633 1239 3790 1295 enim

2181 1330 2358 1385 Turre
2389 1329 2448 1384 in
2483 1330 2747 1386 Calabria
2790 1330 3064 1385 morienti
3094 1329 3415 1397 astiterant,
3447 1330 3796 1401 scripserunt

2184 1420 2257 1474 ad
2284 1420 2466 1475 socios
2496 1419 2555 1474 in
2589 1419 2890 1475 Carthusia
2911 1422 3361 1487 commorantes,
3395 1422 3455 1474 et
3495 1419 3635 1473 alios
3664 1421 3791 1474 toto

2184 1507 2324 1562 orbe
2356 1507 2671 1562 monachos
2713 1507 3061 1561 moriturum
3092 1507 3149 1560 in
3177 1508 3299 1562 haec
3325 1508 3501 1563 verba
3539 1509 3795 1563 locutum

2186 1613 2307 1650 esse
2331 1611 2391 1650 :«
2409 1596 2593 1651 Credo
2619 1611 2832 1668 panem
2856 1598 2914 1650 et
2939 1595 3161 1663 vinum,
3196 1613 3323 1668 quae
3363 1598 3793 1663 consecrantur,

2187 1704 2220 1737 «
2248 1684 2307 1739 in
2322 1686 2510 1751 altari,
2530 1702 2651 1739 esse
2673 1686 2803 1756 post
2829 1685 3326 1739 consecrationem
3357 1701 3559 1739 verum
3591 1701 3797 1757 corpus

2188 1791 2220 1826 ς
2253 1773 2484 1829 Domini
2508 1774 2688 1828 nostri
2720 1775 2851 1828 Jesu
2879 1773 3085 1828 Christi
3108 1777 3376 1828 etverum
3393 1774 3796 1845 sanguinem.»

471 1875 506 1910 α
547 1870 708 1912 sacra
725 1848 1208 1921 Congregatione,
1227 1863 1357 1919 qua:
1374 1845 1592 1900 Ritibus
1615 1842 2086 1916 dirigendisinvi-
2117 1851 2123 1910 ξ

2265 1864 2384 1917 193.
2415 1863 2544 1917 Haec
2574 1862 2925 1930 Columbius,
2952 1865 3009 1917 et
3040 1866 3168 1933 post
3197 1863 3351 1917 hunc
3392 1842 3800 1918 Carthusianus

477 1968 508 1998 «ι
535 1944 675 2015 gilat
694 1957 760 1996 ac
793 1941 1022 2012 praeest,
1057 1936 1195 2008 quid
1226 1935 1324 1990 illa
1378 1935 1659 1990 censeret.
1695 1934 1762 1988 Et
1800 1949 1955 2000 ecce,
2003 1947 2092 1986 re-

473 2052 507 2087 e
536 2030 874 2102 spondetur,
910 2038 1282 2096 nequaquam
1334 2020 1507 2088 istud,
1558 2021 1716 2093 quod
1763 2020 2030 2087 diximus,
2059 2034 2091 2073 e

475 2141 510 2176 ‹
541 2116 825 2176 breviario
846 2114 1205 2178 submotum,
1227 2110 1383 2183 quod
1402 2110 1762 2181 judicaretur
1783 2126 1914 2165 esse
1934 2108 2095 2164 fabu-

475 2229 510 2264 ς
539 2209 750 2272 losum,
788 2202 889 2257 sed
930 2201 1043 2255 alia
1084 2199 1155 2254 de
1192 2214 1382 2254 causa.
1434 2216 1466 2250 »
1516 2198 1646 2252 Hazc
1689 2200 1886 2253 autem
1927 2212 2096 2252 causa

480 2296 692 2353 diserte
737 2306 803 2345 ac
840 2287 1058 2361 liquido
1092 2285 1359 2359 proditur
1401 2283 1461 2339 in
1507 2286 1677 2353 libro,
1721 2284 1780 2341 in
1822 2285 2098 2340 Vaticana

476 2362 833 2442 bibliotheca
853 2377 1164 2442 asservato,
1200 2373 1272 2428 de
1287 2372 1459 2428 rebus
1484 2372 1543 2428 in
1560 2372 1809 2429 Romani
1829 2370 2095 2428 breviarii

474 2467 871 2542 recognitione
906 2462 1141 2518 mutatis
1166 2477 1181 2530 ;
1224 2461 1323 2516 ubi
1346 2462 1499 2516 inter
1528 2464 1657 2517 acta
1686 2460 2097 2533 Congregatio-

477 2559 589 2626 nis,
619 2554 832 2612 habitae
854 2551 946 2607 die
970 2550 1121 2606 lovis
1155 2551 1219 2603 16
1251 2547 1509 2603 Januarii
1545 2551 1702 2616 1631,
1736 2549 1847 2603 hoc
1897 2548 2097 2603 decre-

476 2650 605 2705 tum
619 2643 866 2716 legitur:
900 2659 933 2692 ‹‹
959 2637 1085 2694 Fuit
1100 2637 1444 2703 resolutum,
1465 2636 1623 2708 quod
1655 2636 1726 2691 de
1756 2635 2096 2691 lectionibus

478 2756 513 2792 ς
542 2736 600 2791 S.
629 2728 913 2788 Brunonis
933 2728 1273 2782 amoveatur
1300 2724 1463 2792 illud,
1498 2725 1655 2797 quod
1679 2724 2097 2798 poniturfuisse

479 2844 514 2879 α
540 2838 771 2880 causam
788 2836 905 2875 sua:
924 2813 1312 2872 conversionis
1327 2814 1402 2870 ob
1434 2815 1723 2885 majorem
1755 2813 2097 2869 brevitatem

484 2936 516 2975 μ
548 2915 606 2967 et
637 2909 771 2983 quia
802 2906 945 2962 nihil
975 2904 1113 2960 facit
1136 2902 1211 2958 ad
1232 2902 1598 2957 sanctitatem
1633 2902 1689 2958 S.
1726 2903 2030 2958 Brunonis.
2065 2921 2098 2955 ι)

479 3003 611 3059 Haec
641 3016 710 3055 ex
738 2996 910 3052 citato
942 2993 1089 3048 libro
1136 2991 1443 3061 desumpta
1473 2993 1606 3045 sunt
1636 2990 1708 3045 ab
1727 2990 1951 3046 erudito
1977 2990 2099 3046 viro

482 3086 799 3149 Emanuele
831 3078 1223 3145 Schelstratio,
1257 3077 1519 3149 ejusdem
1551 3077 1916 3134 bibliothecae
1946 3078 2099 3133 Vati-

2191 1966 2516 2022 anonymus
2546 1951 2806 2023 proxime
2837 1950 3129 2017 laudatus;
3177 1967 3207 2004 e
3236 1951 3445 2022 quibus
3472 1968 3631 2018 sane,
3658 1950 3803 2006 aliis-

2193 2056 2304 2111 que
2336 2037 2685 2110 aposteriori
2722 2039 2831 2092 hoc
2854 2037 3068 2109 seripto
3095 2054 3268 2110 supra
3289 2038 3568 2106 adductis,
3588 2040 3805 2093 luctuo-

2192 2145 2316 2182 sam
2349 2127 2598 2183 doctoris
2631 2127 2891 2182 damnati
2922 2126 3245 2195 historiam,
3295 2127 3451 2199 quod
3478 2128 3619 2182 falsa
3644 2130 3806 2199 puta-

2193 2221 2374 2282 retur,
2408 2234 2439 2272 e
2472 2216 2755 2271 Breviario
2790 2218 3051 2271 Romano
3082 2234 3201 2271 non
3236 2216 3404 2272 fuisse
3430 2218 3636 2271 saeculo
3669 2232 3807 2289 prae-

2195 2306 2365 2362 terito
2388 2309 2757 2378 expunctam,
2776 2305 3166 2360 indubitatum
3180 2306 3679 2377 apparet.Verum,
3704 2303 3807 2358 etsi

2196 2395 2256 2450 id
2277 2394 2361 2449 ita
2387 2394 2480 2462 sit,
2500 2395 2724 2465 reliqua
2744 2398 2944 2448 tamen
2960 2392 3179 2460 omnia,
3196 2409 3322 2464 quae
3362 2392 3547 2447 verbis
3560 2390 3811 2447 recitatis

2196 2484 2353 2539 idem
2381 2483 2792 2538 Carthusianus
2828 2498 3156 2553 anonymus
3202 2480 3397 2549 tradit,
3424 2480 3648 2534 veritati
3690 2483 3811 2534 tam

2196 2574 2353 2628 certo
2382 2587 2499 2627 non
2531 2574 2873 2626 consonant.
2914 2572 2993 2625 Ac
3023 2570 3214 2642 primo
3258 2570 3515 2642 quidem,
3549 2568 3708 2640 quod
3739 2567 3812 2622 ad

2197 2661 2525 2733 scriptores,
2560 2659 2876 2715 Parisiense
2925 2660 3175 2717 doctoris
3211 2661 3283 2715 ad
3312 2663 3542 2732 tempus
3574 2655 3810 2713 redivivi

2197 2748 2528 2822 prodigium
2552 2748 2610 2802 in
2640 2748 2880 2802 dubium
2912 2765 3181 2803 revocare
3227 2748 3484 2821 primum
3529 2764 3810 2819 agressos,

2198 2838 2470 2910 pertinet,
2508 2852 2817 2909 perperam
2840 2837 3221 2892 verosimilius
3254 2839 3360 2893 hos
3398 2837 3553 2892 inter
3590 2837 3812 2890 Renato

2200 2925 2511 2981 Benedicto
2556 2927 2749 2981 locum
2793 2925 3071 2998 primum,
3102 2927 3358 2981 Massano
3400 2925 3679 2981 duntaxat
3731 2938 3815 2976 se-

2199 3014 2453 3071 cundum
2486 3014 2769 3069 concedit.
2796 3016 2907 3069 Etsi
2922 3015 3079 3071 enim
3093 3016 3547 3071 Massonusanno
3574 3013 3814 3068 demum

2206 3107 2334 3160 1611
2370 3104 2549 3159 vitam
2609 3121 2741 3158 cum
2787 3108 2975 3160 morte
3019 3104 3415 3171 commutarit,
3445 3120 3575 3158 suos
3612 3106 3815 3157 tamen

486 3172 953 3266 “EVM???”
982 3166 1404 3266 δάξθῗιθίηῐίδω
1596 3168 1986 3266 Ρτοθωδίοῗίδ
2002 3184 2101 3239 ge'
2125 3173 2172 3233 Ο
2203 3194 2557 3249 Francorum
2591 3194 2862 3261 Annales,
2895 3193 2954 3248 in
2988 3194 3193 3266 quibus
3235 3166 3499 3248 animum
3541 3191 3638 3246 illa
3668 3190 3742 3245 de
3755 3205 3817 3244 re

487 3264 699 3326 neralis
722 3259 939 3318 ordinis
960 3255 1165 3323 nostri,
1191 3260 1226 3309 ά
1252 3271 1365 3327 quo
1399 3259 1457 3309 et
1482 3255 1557 3309 ad
1582 3271 1687 3310 nos
1718 3271 1904 3326 nuper
1916 3259 2103 3311 trans-

490 3353 667 3412 missa
687 3350 838 3405 sunt.
873 3347 998 3402 Non
1021 3344 1216 3416 igitur,
1241 3342 1399 3416 quod
1446 3342 1709 3398 fabulosa
1749 3348 2102 3411 censeretur,

2207 3282 2447 3336 dubium
2480 3281 2808 3349 declaravit,
2841 3299 2957 3337 ann
2984 3285 3119 3339 1578
3144 3282 3201 3336 in
3219 3282 3406 3337 lucem
3436 3279 3585 3353 typis
3605 3277 3816 3344 emisit,

2206 3385 2454 3441 cumque
2479 3369 2730 3424 Renatus
2752 3369 3091 3424 Benedictus
3114 3369 3225 3424 arti
3247 3368 3456 3423 critica:
3486 3384 3698 3439 parum
3724 3366 3821 3421 de-

488 3441 572 3499 uti
605 3437 964 3494 conabantur
984 3430 1356 3531 pémuafieref
1380 3429 1478 3531 qfli
1498 3428 1919 3531 οξηθθίίοίξθω
1943 3446 2109 3531 mgf"
2211 3428 2382 3527 derit:
2416 3458 2798 3513 verosimilius
2842 3462 3104 3531 apparet,
3138 3476 3168 3513 e
3194 3428 3672 3529 legendze;num.
3725 3455 3823 3509 186

487 3538 651 3602 bant,
684 3535 805 3589 haec
846 3528 1088 3586 historia
1127 3544 1159 3583 e
1188 3525 1476 3581 breviario
1522 3525 1784 3581 Romano
1812 3524 2111 3600 'expuncta

2209 3524 2480 3615 laudatae,
2524 3524 2896 3613 editionibus,
2919 3524 3045 3603 non
3077 3524 3281 3619 priori,
3307 3563 3434 3619 quae
3476 3562 3631 3601 anno
3669 3547 3824 3610 1577,

492 3626 600 3691 est,
632 3620 735 3678 sed
757 3619 830 3676 ob
854 3618 1143 3689 majorem
1158 3614 1525 3682 brevitatem,
1549 3617 1608 3668 et
1627 3614 1762 3687 quia
1785 3614 1927 3671 nihil
1943 3616 2113 3670 facie-

2210 3628 2461 3700 ipsomet
2504 3630 2742 3681 curante
2772 3628 3013 3695 Renato,
3046 3627 3279 3699 prodiit,
3313 3624 3829 3697 sedposterioribus

491 3715 593 3771 bat
621 3710 695 3767 ad
715 3707 1082 3765 sanctitatem
1114 3703 1297 3759 sancti
1320 3703 1622 3759 Brunonis.
1658 3704 1769 3760 Nec
1801 3710 2114 3777 propterea
2215 3716 2514 3782 duntaxat,
2560 3716 2698 3770 anni
2734 3731 2948 3787 nempe
2981 3717 3133 3782 .585,
3163 3714 3381 3786 solique
3412 3730 3590 3785 penes
3621 3730 3717 3768 me
3735 3727 3829 3766 ex-

494 3816 673 3860 sacra:
702 3792 1183 3869 Congregationis
1209 3809 1379 3855 mens
1406 3792 1516 3848 ἲιιὶῑ
1544 3793 1876 3865 pPOhibel‘e,
1896 3812 1991 3862 ne,
2017 3793 2114 3867 qui
2215 3802 2391 3859 stanti
2417 3801 2555 3856 anni
2589 3803 3019 3874 1593,quas'alii
3048 3819 3340 3869 curavere,
3374 3803 3827 3869 notulam,num.

497 3890 733 3957 vellent,
767 3901 900 3941 eam
922 3881 1038 3937 suis
1067 3880 1362 3937 breviariis
1383 3879 1729 3936 insererent.

2221 3894 2320 3948 186
2335 3893 2746 3959 memoratam,
2760 3892 2819 3946 in
2836 3893 3099 3963 margine
3112 3892 3284 3947 fuisse
3300 3889 3834 3963 adjectam.Deinde

578 3979 697 4032 192.
748 3992 781 4026 α
833 3972 1021 4035 Quam
1074 3968 1147 4023 ob
1200 3984 1329 4022 rem
1384 3970 1606 4037 postea,
1693 3983 1907 4040 nempe
1952 3966 2119 4023 annis

2217 3997 2376 4048 vero,
2416 3996 2548 4034 cum
2579 3979 2698 4035 «de
2720 3980 3060 4035 lectionibus
3086 3980 3143 4035 S.
3184 3980 3467 4035 Brunonis
3490 3980 3653 4047 illud,
3682 3975 3831 4052 quod

505 4065 644 4121 1648
693 4063 751 4115 et
796 4061 933 4114 1652
982 4054 1280 4111 breviariis
1330 4054 1567 4110 Lutetiae
1596 4054 1965 4127 [Parisiorum
2007 4056 2122 4111 edi-

2222 4065 2611 4123 conversionis
2658 4068 2781 4139 ejus
2831 4085 3063 4123 causam
3096 4068 3270 4124 fuisse
3309 4068 3565 4139 ponitur,
3599 4088 3628 4117 »
3681 4080 3835 4121 anno

503 4152 580 4209 tis
636 4168 669 4202 α
725 4145 893 4220 Apud
937 4142 1275 4199 societatem
1314 4143 1795 4215 typographicam
1819 4143 2122 4217 [librorum

2228 4158 2384 4224 1631,
2438 4156 2804 4224 utieverbis,
2840 4174 3002 4211 num.
3042 4160 3132 4212 191
3183 4156 3349 4223 datis,
3410 4155 3776 4227 intelligitur,
3807 4168 3837 4206 e

508 4259 545 4294 ι
575 4235 759 4296 Ofﬁcii
815 4230 1201 4297 ecclesiastici,
1236 4246 1305 4284 ex
1346 4229 1576 4285 decreto
1611 4231 1850 4287 Concilii
1887 4232 2124 4288 Triden-
2226 4243 2511 4300 Breviario
2541 4244 2804 4300 Romam
2847 4264 2879 4297 (ς
2898 4244 3071 4301 fuerit
3097 4248 3381 4311 amotum,
3407 4260 3571 4299 ,non
3596 4244 3735 4299 satis
3754 4257 3840 4296 ca.

519 4351 551 4383 ι(
590 4324 702 4382 ῐίῐιί
764 4318 1312 4393 ίῐῐιΡΓίωθΠάοιἮΠιν
1358 4335 1393 4406 ξ
1467 4318 1731 4375 restituta
1791 4321 1898 4387 est.
1967 4320 2182 4406 111111077
2225 4332 2343 4406 pio,
2368 4333 2464 4405 qui
2482 4333 2610 4401 iter,
2641 4334 2797 4406 quod
2829 4333 3134 4400 Launoius,
3170 4335 3234 4387 ut
3259 4329 3838 4405 idpsumaBreviario

510 4412 887 4474 reclamante.
932 4408 1061 4463 Haec
1102 4404 1431 4462 necessario
1482 4406 1785 4478 praefanda
1838 4407 2125 4476 duximus,
2154 4404 2678 4493 D'expungenduni
2737 4425 2986 4490 curaret,
3027 4422 3273 4475 Romam
3314 4404 3579 4490 ,uwepit,
3623 4414 3839 4474 differri

514 4506 581 4559 ut
608 4503 789 4556 lector
822 4496 1307 4569 pramoneretur,
1344 4511 1463 4550 non
1512 4494 1773 4551 debuisse
1810 4512 1846 4551 a
1893 4496 2123 4552 doctore

2232 4510 2429 4577 etiam,
2462 4513 2526 4565 ut
2570 4511 2756 4566 verbis
2793 4528 2957 4565 num.
3017 4512 3112 4565 189
3163 4508 3415 4564 recitatis
3442 4509 3529 4575 ﬁt,
3561 4507 3742 4580 possit
3782 4505 3839 4559 in

519 4588 777 4649 LMDOiO
840 4583 1013 4640 δδεθΐί
1038 4625 1052 4652 ν
1121 4600 1154 4638 θ
1206 4582 1547 4638 “(itionibus
1609 4583 1789 4638 Sancti
1851 4585 2132 4640 Brunuuis
2232 4601 2481 4670 tempus,
2513 4615 2627 4670 quo
2667 4599 2714 4653 is
2738 4597 3001 4654 damnati
3031 4596 3280 4653 doctoris
3301 4595 3635 4650 Parisiensis
3664 4594 3840 4649 histo-

520 4674 890 4737 ⁸οῙιιῐΙὶῙῐιοάί)
950 4673 1206 4728 deletum
1262 4671 1453 4740 fuisse:
1523 4672 1806 4745 (quuid
1857 4673 1933 4728 ad
1993 4674 2134 4730 ίῙῙυά
2232 4687 2593 4753 riam,veluti
2623 4686 3084 4742 commentitiam
3106 4703 3173 4741 ac
3201 4686 3416 4740 anilem
3443 4685 3702 4740 fabulam
3718 4684 3841 4755 jam

522 4763 855 4843 prodigium
881 4762 1195 4834 spectabat,
1244 4759 1534 4835 aliamque
1577 4762 1797 4817 nullam
1846 4762 2123 4835 potiorem

2233 4776 2568 4832 traduxerat
2588 4775 2995 4846 thesilpublice
3040 4774 3354 4847 proposita,
3380 4773 3535 4845 quod
3559 4789 3716 4827 anno
3743 4771 3847 4826 cir-

526 4868 761 4911 causam
789 4848 1168 4906 submovendi
1198 4848 1415 4921 aliquid
1445 4865 1476 4904 e
1499 4849 1783 4905 Breviario
1806 4851 2138 4907 ecclesiasti-

526 4942 609 4999 cis
636 4938 929 5013 praescribi
969 4936 1203 5008 regulis,
1260 4940 1639 5009 praterquam
1714 4937 2137 5010 deprehensam

529 5031 863 5095 falsitatem;
896 5024 1392 5098 quandoquidem,
1431 5028 1495 5080 ut
1530 5026 1660 5096 jam
1689 5026 1954 5095 vidimus,
1999 5029 2143 5083 cele-

529 5117 788 5177 berrima
820 5114 919 5170 illa
958 5113 1217 5186 corporis
1253 5116 1312 5169 et
1349 5114 1646 5186 sanguinis
1681 5114 1888 5170 Christi
1940 5116 2000 5170 in
2038 5118 2143 5171 Eu-

532 5204 802 5264 charistia
848 5201 1152 5275 professio,
1186 5216 1222 5256 a
1267 5204 1465 5256 sancto
1523 5202 1792 5257 Brunone
1830 5203 1982 5258 facta
2035 5204 2140 5259 sub

531 5297 808 5361 mortem,
842 5291 913 5347 ab
952 5289 1085 5363 ipsis
1125 5304 1304 5344 sacra).
1334 5288 1783 5360 Congregatloni
1821 5291 2143 5361 praepositis

532 5383 711 5441 etiam
740 5380 964 5436 sublata
1001 5378 1106 5447 est,
1141 5394 1317 5452 quam
1349 5393 1523 5433 nemo
1552 5377 1631 5431 ita
1659 5394 1856 5433 vecors
1899 5378 2028 5446 erit,
2078 5382 2142 5433 ut

530 5469 742 5526 sentiat
769 5467 981 5524 idcirco
1021 5468 1274 5523 deletam
1320 5465 1515 5535 fuisse,
1547 5465 1705 5539 quod
1750 5466 1894 5521 falsa
1918 5466 2020 5536 sit,
2075 5470 2139 5523 ut

527 5557 847 5633 prudenter
857 5557 991 5612 ante
1012 5570 1118 5611 nos
1138 5556 1369 5612 monuit
1386 5557 1641 5613 Joannes
1663 5554 1929 5612 Columbi
1949 5555 2137 5613 Socie-

414 5726 423 5731 ξ
527 5644 662 5711 tatis
698 5645 850 5716 Iesu,
879 5643 943 5703 in
984 5659 1089 5702 sua
1116 5642 1352 5717 scilicet,
1391 5642 1454 5702 in
1494 5659 1612 5718 qua
1650 5645 1937 5718 printerea
1985 5662 2130 5707 num

2236 4865 2379 4919 citer
2412 4866 2544 4918 1635
2576 4864 2813 4931 factum,
2868 4864 3114 4935 ipsemet
3143 4862 3334 4919 innuit
3377 4862 3433 4916 in
3478 4861 3842 4934 praefatione,

2238 4969 2415 5025 quam
2445 4968 2559 5007 suae
2589 4952 2659 5006 de
2684 4970 2824 5008 vera
2870 4969 3039 5007 causa
3068 4968 3317 5007 secessus
3347 4950 3403 5006 S.
3446 4950 3731 5006 Brunonis
3784 4947 3843 5001 in

2240 5048 2503 5087 eremum
2515 5048 2669 5087 anno
2696 5034 2828 5087 1646
2842 5033 2993 5104 typis
3004 5033 3260 5104 primum
3277 5032 3425 5085 data:
3457 5028 3845 5085 dissertationi

2240 5120 2538 5192 praemisit.
2566 5120 2778 5175 Adhaac
2809 5121 2913 5176 etsi
2938 5121 3244 5192 Gregorius
3282 5119 3389 5186 XV,
3424 5135 3557 5173 cum
3585 5134 3748 5174 sacra
3776 5114 3849 5170 ri-

2241 5208 2406 5261 tuum
2430 5206 2822 5278 ‘Congregatio
2875 5207 2932 5263 S.
2968 5205 3252 5263 Brunonis
3279 5204 3559 5272 ofﬁcium,
3601 5200 3849 5260 doctoris

2242 5294 2573 5350 Parisiensis
2592 5295 2902 5351 anastasim
2956 5297 3368 5368 complectens,
3397 5309 3555 5348 anno
3581 5296 3720 5348 1622
3748 5308 3844 5364 ap-

2240 5383 2557 5456 probasset,
2580 5400 2733 5439 anno
2745 5385 3029 5456 sequenti,
3055 5384 3121 5439 ut
3133 5385 3204 5440 de
3218 5399 3287 5438 eo
3307 5384 3566 5439 ofﬁcium
3596 5379 3848 5437 semidu-

2237 5472 2367 5544 plex
2379 5471 2450 5526 ab
2465 5471 2735 5527 omnibus
2752 5472 2964 5546 ubique
2977 5473 3242 5529 ﬁdelibus
3257 5473 3487 5528 recitari
3508 5472 3688 5527 libere
3709 5484 3775 5524 ac
3784 5466 3850 5522 li-

2234 5559 2343 5616 cite
2368 5560 2567 5633 possit,
2592 5561 2729 5617 data
2750 5561 2909 5619 bulla
2929 5562 3274 5619 concesserit
3301 5577 3367 5617 ac
3384 5554 3850 5626 indulserit,illud

2231 5651 2434 5711 tamen
2479 5649 2736 5710 ofﬁcium
2773 5650 3002 5709 Parisiis
3053 5650 3167 5707 ritu
3194 5648 3533 5707 solemniori
3568 5644 3848 5705 celebrari
