4122 6058
233 123 337 172 H3

1807 133 1986 194 ACTA

3454 145 3554 220 114

221 243 464 314 jussisse
492 244 716 300 videtur
746 247 1012 305 Urbanus
1042 251 1178 321 VIII,
1205 253 1284 309 uti
1317 273 1385 311 ex
1399 260 1650 316 tractatu
1679 278 1713 316 a
1739 263 1845 317 Pa-
1867 269 1922 326 Α
1947 273 2310 338 argumenta,
2344 286 2463 326 non
2487 269 2782 329 immerito
2806 259 3040 346 asserat,
3063 259 3207 336 talia
3231 285 3430 340 tamen
3458 288 3549 343 hee

224 331 417 386 tribus
447 333 837 391 Carthusianis
880 338 1177 410 hujatibus
1200 359 1431 402 mecum
1457 352 1850 407 communica-

227 419 287 473 to
318 421 602 494 intelligo.

304 554 569 609 l94.Alia
585 556 827 610 minoris
841 561 1145 627 momenti,
1186 581 1312 635 qua:
1335 566 1394 620 in
1423 585 1594 640 supra
1611 570 1848 628 recitata

227 638 594 696 Carthusiani
608 647 885 717 anonymi
898 650 1071 704 verba
1089 651 1378 709 observari
1392 657 1576 711 adhuc
1592 665 1843 730 possent,

224 729 441 784 omitto
469 734 524 783 et
544 734 887 802 progredior
905 738 1078 793 modo
1097 740 1168 793 ad
1190 743 1493 814 scriptores
1507 729 1843 821 prmcipuos,

213 815 346 886 jam
380 820 721 873 memoratis
751 822 1172 896 adjungendos,
1201 832 1320 883 tam
1341 832 1437 903 qui
1469 815 1717 889 doctoris
1739 815 1844 891 Pa;

218 903 498 973 risiensis,
532 925 657 978 quae
686 909 962 966 Sanctum
999 919 1262 971 nostrum
1289 917 1351 973 in
1384 919 1696 977 Carthusia:
1720 941 1844 979 ere-

221 1008 392 1046 mum
429 997 1062 1065 pepulerit,anastasim
1096 1005 1525 1077 improbarunt,
1557 1028 1729 1082 quam
1749 1014 1846 1085 qui

218 1086 434 1136 contra
463 1081 1021 1156 tutarieamdém,ut
1043 1110 1263 1164 veram,
1285 1103 1487 1153 contra
1526 1101 1844 1157 Launoium

214 1175 354 1223 sunt
385 1175 602 1227 conati.
639 1177 716 1229 Ac
758 1179 945 1247 primo
982 1182 1241 1251 quidem,
1274 1203 1406 1240 cum
1435 1189 1537 1242 hos
1583 1189 1848 1246 intersint

216 1261 516 1326 nonnulli,
571 1263 666 1333 qui
707 1265 870 1331 mihi,
922 1273 1121 1341 utpote
1163 1273 1442 1330 hactenus
1485 1277 1709 1345 inediti,
1773 1279 1842 1334 ad

217 1362 470 1401 manum
496 1365 614 1404 non
641 1350 775 1418 sint,
809 1359 866 1407 et
885 1360 1083 1410 tamen
1109 1360 1498 1432 abganonymo
1535 1366 1846 1421 Annalium

217 1434 718 1493 Carthusiensium
753 1442 879 1496 libri
920 1446 1110 1515 quarti
1148 1453 1381 1504 auctore
1422 1459 1843 1524 memorentur,

214 1522 342 1595 ipsa
367 1526 455 1579 vel
491 1525 701 1582 idcirco
731 1530 1022 1600 scriptoris
1051 1535 1218 1606 hujus
1248 1539 1566 1606 verba,huc
1588 1546 1846 1612 spectan-

1911 395 1922 414 κ
1948 370 2066 408 non
2092 355 2274 425 fuere,
2310 361 2371 412 ut
2400 360 2472 414 ab
2489 361 2758 416 omnibus
2779 379 3073 421 assensum
3096 371 3454 428 extorserint.
3475 378 3552 430 Ac

1947 443 2232 517 imprimis
2257 449 2490 520 quidem
2533 445 2889 510 Mabillonius
2918 456 2977 511 in
3000 459 3270 530 operibus
3293 463 3406 517 suis
3431 465 3555 520 loco

1948 549 2064 586 non
2092 551 2206 589 uno
2237 536 2731 608 historiamillam,
2753 542 2798 596 si
2827 560 2943 598 non
2964 562 3068 617 pro
3099 554 3433 606 commento
3460 569 3559 608 seu

1946 620 2159 689 fabula,
2185 640 2290 694 pro
2333 629 2663 682 narratione
2705 631 2977 703 equidem
3022 635 3198 691 habet
3239 638 3558 695 admodum

1946 709 2166 767 incerta
2195 731 2259 768 ac
2299 715 2489 770 dubia.
2516 718 2647 772 'Nec
2689 720 2739 773 ei
2785 722 2968 793 magis
3019 724 3234 793 favent,
3283 728 3379 798 qui
3428 732 3559 799 post

1945 799 2335 856 Mabillonium
2361 805 2656 876 scripsere.
2691 808 2948 864 Historiae
2982 811 3275 869 litterariaz
3307 816 3559 869 Francia:

1947 892 2229 957 auctores,
2254 891 2461 964 aliique
2485 895 2714 963 eruditi,
2749 898 2844 968 qui
2867 898 3034 953 editis
3061 901 3117 954 in
3149 902 3334 956 lucem
3371 904 3560 976 operi-

1947 975 2054 1029 bus
2081 994 2245 1032 suam
2274 979 2343 1033 de
2380 981 2710 1053 prodigiose
2744 984 2839 1040 illo
2872 990 3078 1042 eventu
3111 975 3445 1060 opinionem
3473 993 3561 1048 vel

1947 1064 2135 1117 obiter
2199 1067 2494 1136 duntaxat,
2556 1073 2645 1124 vel
2693 1089 2761 1126 ex
2816 1074 3077 1130 instituto
3123 1079 3561 1148 quodammodo

1947 1150 2331 1209 declararunt.
2364 1157 2519 1212 Licet
2553 1163 2748 1214 autem
2783 1162 3210 1233 Papebrochius
3236 1166 3293 1220 in
3339 1166 3560 1222 Conatu

1946 1241 2514 1300 Chronico-historico
2540 1250 2744 1317 part.i,
2783 1264 2915 1320 pag.
2946 1253 3202 1317 32,num.
3239 1256 3301 1308 17
3319 1255 3560 1324 scripse-

1945 1329 2040 1397 rit,
2063 1329 2430 1386 Columbium
2461 1351 2566 1405 pro
2595 1336 2926 1406 prodigiosa
2956 1338 3207 1394 doctoris
3233 1342 3564 1398 Parisiensis

1946 1419 2193 1473 anastasi
2234 1441 2260 1471 «
2295 1424 2466 1476 testes
2490 1423 2703 1477 habere
2732 1425 2802 1477 ab
2831 1441 2982 1480 anno
3018 1429 3172 1495 1391,
3220 1431 3375 1496 1383,
3405 1434 3560 1499 1313,

1945 1504 2064 1560 imo
2103 1511 2235 1562 1298
2264 1512 2322 1562 et
2355 1513 2510 1579 1150;
2543 1511 2620 1566 sic
2675 1515 2738 1565 ut
2785 1513 3020 1569 ultimus
3059 1517 3245 1571 solum
3297 1518 3466 1573 distet
3493 1523 3564 1574 49

216 1589 318 1677 tia,
340 1615 688 1671 transcribo.
708 1615 797 1670 Sic
819 1589 1057 1675 habent:
1079 1645 1106 1671 ‹‹
1125 1589 1846 1699 intei‘edsjzrquiﬂfabuulo-
1867 1589 1917 1650 B
1944 1609 2129 1699 ,aimos
2149 1611 2182 1648 δ
2214 1600 2406 1699 {morte
2437 1597 3010 1699 sénfufundftgrié’.
3029 1603 3184 1699 0.1m?
3209 1610 3389 1699 atii]?!
3513 1628 3561 1699 1”

213 1717 342 1754 sam
377 1718 500 1755 non
533 1719 653 1757 esse
687 1705 934 1760 doctoris
967 1709 1316 1780 Parisiensis,
1349 1732 1468 1769 sese
1501 1715 1838 1774 damnatum

216 1803 247 1841 e
265 1789 490 1843 feretro
509 1790 826 1861 vociferati,
858 1795 1180 1866 historiam,
1202 1803 1447 1872 probare
1471 1808 1604 1858 sunt
1628 1807 1839 1874 conati,

214 1895 246 1926 ς
269 1875 495 1947 primas
530 1877 694 1933 facile
722 1889 1046 1938 mereretur
1069 1887 1398 1944 Franciscus
1420 1892 1838 1961 Ganneronius,

217 1965 545 2019 monachus
568 1967 894 2024 Montis-Dei
936 1974 1371 2044 eruditissimus,
1418 1979 1462 2033 si
1495 1998 1636 2053 opus
1673 2000 1840 2036 suum

217 2051 511 2107 ineditum
547 2055 827 2112 hactenus
853 2059 1006 2114 inter
1038 2063 1288 2134 privatos
1324 2051 1568 2136 parietes
1619 2087 1735 2124 non
1766 2073 1842 2126 la-

214 2140 439 2195 tuisset.
477 2143 596 2210 Hic,
642 2145 740 2200 ubi
788 2147 1020 2217 audivit,
1075 2152 1391 2209 Launoium
1435 2158 1664 2228 publica
1694 2158 1840 2214 thesi

214 2231 521 2301 proposita
545 2233 732 2287 nisum
754 2235 926 2290 fuisse
938 2240 1206 2309 probare,
1237 2244 1436 2297 omnia
1467 2262 1587 2300 esse
1617 2246 1835 2314 fictitia,

214 2334 345 2389 quae
382 2319 453 2373 de
480 2321 717 2377 homine
733 2323 1009 2380 damnato
1040 2328 1318 2384 hactenus
1332 2336 1567 2404 vutgata
1582 2335 1834 2403 fuerant,

212 2412 453 2480 arrepto
487 2411 710 2466 calamo
760 2417 1067 2470 tractatum
1099 2419 1234 2472 satis
1289 2423 1549 2493 amplum
1591 2425 1834 2494 scripsit,

211 2513 416 2568 quem,
444 2521 474 2546 ‹‹
499 2498 772 2554 Vindicize
800 2519 1075 2573 geneseos
1098 2506 1615 2565 Carthusiensium»
1642 2513 1836 2568 inscri-

210 2589 405 2656 ptum,
440 2587 598 2642 misit
629 2588 686 2642 in
709 2590 1068 2648 Carthusiam
1085 2613 1240 2652 anno
1273 2600 1428 2653 1640.
1459 2601 1691 2672 Aliquot
1706 2606 1836 2674 post

211 2675 384 2728 annis
415 2677 677 2732 Andreas
705 2678 1033 2750 Sausszeius,
1059 2685 1213 2740 edito
1240 2687 1640 2762 Martyrologio
1665 2691 1832 2746 Galli-

208 2778 376 2818 cana:
411 2766 664 2821 ecclesiae
705 2769 960 2840 primum
1015 2774 1272 2841 celebris,
1308 2793 1538 2832 causam
1571 2784 1831 2835 nostram

208 2855 552 2924 tutatus,obj
563 2855 816 2912 actiones
831 2860 1287 2917 adversariorum
1303 2869 1608 2922 nonnullas
1625 2868 1833 2924 diserte

210 2940 365 2994 elisit
383 2942 599 3014 scripta
623 2943 720 2999 illa
744 2945 1070 3003 doctissima
1089 2951 1161 3005 ad
1185 2952 1515 3008 Bertoldum
1536 2955 1831 3011 Nihusium

208 3027 480 3099 epistola,
524 3046 697 3100 quam
728 3032 845 3105 ipse
901 3035 1163 3092 Nihusius
1207 3038 1457 3095 Coloniae
1498 3043 1830 3116 Agrippina

206 3131 368 3170 anno
412 3119 549 3171 1645
602 3120 751 3192 typis
796 3121 954 3177 dedit
994 3125 1098 3179 sub
1160 3125 1531 3199 inscriptione
1566 3131 1828 3201 Epistolee

204 3202 598 3260 Didascalicae.
637 3229 664 3256 «
711 3209 772 3263 In
819 3226 888 3264 ea
915 3228 996 3279 se,
1042 3213 1176 3266 licet
1219 3232 1519 3287 suppresso
1566 3218 1824 3286 nomine,

205 3313 233 3340 α
269 3292 688 3363 impugnatum
734 3299 986 3353 sentiens
1040 3301 1322 3357 Launoius
1362 3305 1823 3361 dissertationem

204 3400 234 3427 ς(
265 3379 454 3434 edidit
495 3398 648 3438 anno
707 3387 842 3441 1646
871 3407 900 3435 ››
933 3389 1012 3442 De
1060 3406 1197 3443 vera
1253 3407 1422 3446 causa
1470 3411 1719 3449 secessus
1765 3395 1821 3450 S.

201 3466 495 3522 Brunonis
547 3469 606 3524 in
667 3489 950 3529 eremum.
1009 3476 1266 3532 Launoio
1318 3479 1512 3534 statim
1570 3482 1826 3551 reposuit

199 3556 554 3630 Theophilus
585 3561 927 3632 Baynaudus
970 3564 1097 3619 Soc.
1129 3565 1278 3634 Jesu,
1311 3568 1414 3622 sub
1445 3567 1683 3624 nomine
1713 3570 1823 3624 Ho-

200 3646 398 3700 norati
436 3647 704 3704 Leotardi
735 3651 978 3723 incripto
1009 3654 1224 3722 libello,
1285 3677 1313 3705 «
1357 3656 1621 3712 Hercules
1653 3658 1823 3713 Com-

200 3755 229 3782 κ
261 3735 642 3791 medianas.»
671 3739 832 3794 Haud
863 3741 958 3795 diu
989 3747 1119 3812 post
1151 3743 1525 3816 archangelus
1554 3746 1821 3802 Moncho-

197 3837 333 3890 zon,
367 3824 662 3894 professus
697 3827 1011 3885 Carthusiaa
1048 3831 1365 3900 Tolosanaz,
1411 3821 1630 3905 grande
1663 3837 1822 3889 volu-

199 3928 342 3966 men
384 3916 659 3984 exaravit,
704 3917 769 3972 R.
829 3920 891 3973 Ρ.
947 3921 1200 3991 Pegonio
1235 3923 1469 3992 majoris
1512 3923 1821 3978 Carthusiaa

197 4000 389 4072 priori
416 4002 692 4074 dicatum,
710 4007 799 4060 cui
823 4008 974 4062 hunc
997 4009 1226 4063 titulum
1249 4011 1493 4081 praefixit
1510 4029 1522 4066 :
1539 4033 1566 4061 ››
1589 4013 1824 4067 Carthu-

199 4111 232 4139 ιι
262 4090 469 4145 sianus
509 4094 837 4166 Alitiphilus
882 4097 1338 4170 [Alethophilus],
1382 4117 1486 4172 pro
1533 4101 1681 4156 avita
1722 4101 1820 4156 de-

202 4199 230 4227 «κ
265 4183 512 4234 certans
547 4183 853 4240 traditione
879 4185 949 4240 de
977 4186 1335 4244 institutione
1361 4189 1555 4245 ordins
1582 4191 1822 4246 Carthu-

201 4287 230 4314 α
258 4283 488 4323 διθηδιε.
519 4291 547 4319 n

275 4402 402 4453 195.
441 4419 469 4449 ‹‹
502 4401 565 4454 In
593 4401 700 4456 hoc
721 4405 989 4461 volumen
1020 4424 1135 4462 non
1161 4408 1348 4463 solum
1369 4409 1622 4466 rationes
1649 4414 1705 4466 et
1731 4429 1821 4466 ar-

195 4490 491 4558 gumenta
520 4490 895 4561 praefatorum
917 4499 1242 4564 auctorum,
1275 4498 1376 4552 sed
1405 4501 1462 4553 et
1483 4515 1683 4554 eorum
1704 4503 1822 4555 tra-

196 4579 392 4629 ctatus
430 4576 706 4649 integros,
745 4580 815 4635 de
844 4583 1016 4638 verbo
1065 4585 1138 4639 ad
1185 4585 1423 4640 verbum
1492 4589 1822 4661 exscriptos,

194 4665 514 4735 congessit,
537 4669 732 4722 multis
750 4670 1118 4728 nihilominus
1134 4675 1342 4729 additis
1371 4693 1439 4730 ex
1468 4676 1702 4748 ingenio
1722 4696 1822 4734 suo

197 4753 500 4824 exquisitis
545 4757 884 4814 rationibus.
928 4762 1089 4817 Latet
1132 4763 1459 4820 etiamnum
1509 4766 1617 4820 hoc
1659 4783 1822 4837 opus,

197 4841 372 4896 nobis
400 4842 522 4896 fere
551 4845 685 4900 solis
727 4850 951 4903 notum.
981 4850 1237 4923 Denique
1277 4853 1529 4908 Joannes
1564 4853 1823 4908 Columbi

199 4930 336 4986 Soc.
364 4932 499 4986 Jesu
529 4934 868 4990 novissimus
903 4938 1164 4994 omnium
1195 4941 1412 4995 athleta
1433 4941 1698 5009 surrexit,
1728 4942 1825 5014 qui

198 5020 428 5076 recenti
441 5020 950 5090 dissertatione,De
965 5026 1472 5085 Carthusianorum
1487 5029 1662 5084 initiis
1675 5031 1829 5086 edita

201 5114 396 5164 annol
410 5112 512 5165 668
525 5127 672 5167 nova
687 5113 987 5185 validaque
1005 5121 1352 5186 argumenta
1365 5119 1828 5191 certissimasque

203 5198 584 5254 auctoritates
599 5201 882 5272 prioribus
895 5205 1222 5276 superjecit.
1243 5228 1270 5256 »
1292 5208 1402 5262 Ista
1427 5207 1833 5264 Carthusianus

206 5305 560 5360 anonymus,
576 5289 672 5361 qui
692 5292 817 5359 etsi,
848 5308 882 5345 a
905 5292 1207 5349 Columbio
1237 5310 1384 5350 nova
1409 5295 1711 5368 validaque
1728 5314 1833 5368 pro

206 5377 471 5435 doctoris
497 5379 733 5437 redivivi
776 5380 1019 5439 historia
1049 5383 1341 5439 ﬁrmanda
1384 5383 1630 5443 adducta
1665 5384 1838 5442 fuisse

1863 2909 1908 2970 C
1934 2910 2200 2982 allegata)
2245 2934 2272 2961 ‹‹

1943 1681 2190 1753 hincque
2209 1684 2279 1738 de
2311 1702 2402 1753 eo,
2437 1689 2500 1739 ut
2525 1687 2594 1740 de
2627 1687 2748 1757 ipsa
2772 1688 2923 1742 dicta
2955 1689 3193 1746 historia
3224 1692 3364 1747 nihil
3397 1694 3561 1748 dubi-

1943 1771 2446 1843 tante,Janningus
2459 1773 2515 1826 in
2533 1791 2633 1828 sua
2652 1776 2908 1844 proActis
2924 1781 3562 1852 sanctorumApologia,

1943 1873 2095 1912 anno
2149 1862 2282 1914 1685
2325 1861 2476 1932 typis
2523 1864 2772 1933 vulgata,
2829 1866 3028 1920 amicae
3092 1869 3560 1940 expostulationis

1943 1961 2102 1997 num.
2133 1947 2201 2000 2-1
2223 1947 2444 2001 locutus
2493 1948 2711 2016 fuisset,
2744 1949 2865 2020 ipse
2909 1954 3107 2007 tamen
3148 1957 3347 2025 postea
3378 1956 3560 2026 Pape-

1941 2030 2211 2086 brochius
2240 2033 2298 2087 in
2333 2035 2445 2088 suis
2471 2036 2545 2090 ad
2574 2036 2991 2093 exhibitionem
3025 2056 3293 2096 errorum
3325 2059 3563 2113 respon-

1939 2117 2215 2186 sionibus,
2251 2138 2403 2176 anno
2448 2125 2580 2178 1697
2640 2123 2826 2192 editis,
2880 2127 3118 2182 articulo
3156 2133 3240 2196 15,
3279 2133 3307 2198 §
3353 2134 3440 2198 ‘20,
3490 2148 3560 2186 ea

1939 2205 2134 2259 scribit
2161 2208 2363 2278 quibus
2395 2226 2535 2276 sese,
2571 2210 2673 2263 etsi
2707 2211 2905 2281 etiam,
2934 2230 3065 2284 qna;
3098 2215 3555 2288 Janningusloco

1939 2310 2074 2348 mox
2099 2295 2193 2348 cit.
2231 2295 2470 2363 dixerat,
2503 2297 2834 2368 confirmet,
2869 2302 3060 2356 omnis
3102 2303 3252 2358 circa
3302 2304 3556 2361 historia:

1937 2381 2063 2435 ilius
2088 2382 2388 2438 veritatem
2438 2386 2690 2458 scrupuli
2721 2392 3017 2460 expertem
3060 2407 3180 2448 non
3221 2408 3362 2461 esse,
3404 2393 3554 2448 indi-

1935 2486 2066 2525 care
2098 2472 2340 2526 videtur.

2010 2561 2128 2613 196.
2178 2559 2266 2614 Sic
2296 2561 2454 2616 enim
2485 2562 2704 2618 ibidem
2736 2581 2898 2620 num.
2942 2569 3040 2622 291
3092 2568 3326 2625 scribit:
3354 2593 3383 2621 «
3424 2571 3552 2626 Htec

1934 2646 2048 2702 duo
2083 2648 2416 2704 testimonia
2445 2671 2471 2699 ››
2500 2651 2551 2722 (e
2580 2652 2788 2707 tabulis
2830 2654 3184 2712 fundationis
3215 2657 3550 2725 Carthusiaa,

1936 2752 2087 2790 anno
2116 2738 2252 2791 1084-
2289 2737 2526 2809 signatis
2557 2743 2615 2794 et
2644 2757 2674 2794 e
2702 2741 3228 2813 Grandimontensi,
3255 2747 3352 2818 qui
3391 2764 3547 2804 anno

1933 2826 2070 2878 1115
2089 2827 2349 2879 exaratus
2382 2826 2471 2894 sit,
2499 2827 2692 2882 codice
2727 2846 2762 2883 a
2797 2831 3108 2902 Polycarpo
3141 2833 3212 2887 de
3241 2835 3297 2888 la
3327 2834 3547 2891 Riviere

2313 2913 2358 2966 si
2388 2913 2781 2983 subsisterent,
2821 2918 2963 2972 nihil
2993 2919 3177 2987 video,
3222 2921 3359 2992 quid
3391 2923 3547 2978 ultra

1931 2999 2146 3070 requiri
2177 2999 2354 3070 possit
2373 3001 2446 3054 ad
2468 3019 2761 3057 summam
2795 3005 3342 3076 certitudinem;sed
3374 3009 3542 3064 silen—

1930 3087 2076 3140 tium
2107 3087 2391 3157 Columbi,
2425 3088 2664 3160 triginta
2692 3092 2858 3146 annis
2879 3095 3008 3165 pest
3034 3094 3368 3167 Launoyum
3410 3098 3542 3153 scri-

1929 3173 2116 3228 bentis
2133 3191 2381 3246 eumque
2413 3178 2740 3245 refutantis,
2757 3197 2942 3253 neque
2967 3183 3077 3237 duo
3099 3182 3206 3237 ista
3223 3185 3543 3255 producen-

1928 3262 1999 3316 tis
2029 3267 2352 3336 suspectam
2385 3265 2528 3319 mihi
2550 3267 2688 3321 facit
2720 3269 3016 3344 Polycarpi
3050 3272 3248 3339 fidem,
3279 3277 3336 3328 et
3355 3275 3541 3329 Theo-

1926 3351 2088 3423 phili,
2104 3353 2148 3405 si
2167 3369 2300 3407 eum
2319 3356 2698 3425 transcripsit,
2722 3358 3348 3432 credulitatem.lgitur,
3365 3364 3537 3418 velim

1926 3441 2132 3507 nolim,
2152 3457 2328 3511 cogor
2354 3442 3005 3516 Launoyuminspicere,
3034 3451 3091 3502 et
3120 3465 3254 3520 pag.
3285 3453 3381 3505 135
3403 3451 3536 3521 lego

1925 3528 2081 3597 quod
2112 3528 2168 3580 in
2193 3530 2442 3599 allegata
2467 3551 2492 3579 «
2519 3531 2718 3586 charta
2749 3550 2820 3586 ne
2842 3551 2988 3589 unus
3017 3535 3252 3607 quidem
3283 3554 3425 3608 apex
3454 3541 3540 3593 est

1926 3638 1955 3668 «
1988 3615 2056 3670 de
2081 3616 2314 3670 doctore
2336 3617 2422 3670 vel
2448 3619 2726 3674 canonico
2754 3621 3077 3689 Parisiensi,
3107 3644 3135 3672 »
3170 3624 3326 3695 quod
3346 3625 3534 3696 ipsum

1926 3722 1953 3750 ‹‹
1986 3701 2235 3772 ingenue
2268 3703 2556 3772 professus
2574 3708 2658 3758 est
2683 3707 2843 3777 prior
2866 3709 3150 3778 generalis
3170 3711 3528 3782 requisitus.»

1922 3789 1988 3843 Et
2005 3807 2136 3861 pag.
2162 3793 2280 3845 137:
2303 3792 2396 3844 «In
2413 3791 3205 3852 GrandimontensiChronico
3223 3798 3296 3853 ad
3308 3814 3530 3854 annum

1925 3900 1952 3928 ‹‹
1981 3882 2099 3946 115,
2131 3895 2244 3950 quo
2293 3880 2511 3951 pagina
2531 3883 2791 3950 vacabat,
2822 3883 3044 3939 diverso
3069 3886 3397 3941 charactere
3437 3904 3532 3942 re-

1925 3989 1952 4016 ‹‹
1974 3967 2242 4039 contique
2267 3984 2465 4036 manu,
2519 3969 2578 4023 in
2616 3972 2759 4045 .loco
2793 3988 2911 4027 non
2959 3990 3081 4041 suo,
3114 3975 3390 4047 scriptum
3425 3980 3529 4044 est,

1925 4056 2136 4128 «quod
2187 4057 2443 4128 sequitur
2479 4075 2492 4112 :
2539 4059 2763 4114 Parisiis
2804 4061 3079 4117 horribile
3140 4065 3530 4134 spectaculum

1842 4141 1895 4198 D
1925 4167 1953 4197 ‹‹
1980 4143 2246 4215 cnntigit,
2276 4148 2411 4212 etc.,
2431 4150 2602 4217 prout
2626 4148 2872 4202 vidimus
2887 4149 3050 4222 ipsi.»
3070 4151 3198 4204 Haec
3223 4151 3336 4206 ille.
3369 4152 3531 4207 Unde

1923 4250 2092 4289 causa
2119 4234 2383 4301 habetur,
2418 4251 2519 4288 cur
2551 4236 2884 4292 testimonia
2927 4237 3081 4293 istzec
3123 4240 3535 4311 contempserit

1925 4321 2562 4394 Columbus,Polycarpi
2579 4326 2794 4380 malam
2814 4326 2990 4380 fidem
3009 4327 3176 4382 tacite
3190 4344 3531 4399 agnoscens;

1923 4414 1982 4466 et
2008 4427 2108 4465 cur
2135 4426 2244 4480 ego
2273 4410 2414 4464 nihil
2445 4412 2515 4466 de
2544 4412 2661 4479 illo,
2704 4413 2843 4468 nihil
2871 4415 2940 4469 de
2969 4415 3281 4486 Theophilo
3329 4417 3532 4485 sciens,

1923 4500 2226 4554 contentus
2252 4498 2460 4554 fuerim
2481 4499 2856 4573 tantisperiis,
2880 4502 3083 4573 quibus
3113 4503 3293 4558 utitur
3311 4502 3538 4559 Colum-

1919 4588 2060 4655 bus;
2086 4585 2270 4640 donec
2299 4589 2529 4658 tempus
2559 4588 2748 4661 exigat
2780 4606 2848 4644 ex
2878 4591 3134 4662 professo
3177 4595 3424 4646 tractare
3454 4609 3540 4647 aro

1924 4678 2268 4747 gumentum
2301 4674 2470 4742 istud,
2506 4679 2563 4730 et
2591 4677 2844 4762 Launoyi
2869 4678 2944 4732 ad
2971 4679 3304 4734 testimonia
3319 4681 3540 4751 reliqua

1921 4763 2328 4836 responsiones
2343 4765 2939 4822 examinare.lnterim
2962 4767 3214 4823 fortassis
3241 4767 3538 4839 alii,quam

1924 4853 2290 4923 Polycarpus,
2330 4853 2668 4910 sinceriores
2723 4857 2904 4911 multo
2953 4859 3122 4929 plura
3165 4859 3336 4926 atque
3390 4855 3538 4910 anti-

1926 4941 2148 5013 quiora,
2182 4940 2402 5014 ipsique
2434 4943 2517 4996 rei
2543 4947 2720 5014 gestae
2741 4944 3018 4999 viciniora
3032 4943 3346 5012 invenient,
3363 4961 3539 5016 quam

1926 5027 2145 5084 invenit
2178 5027 2509 5099 Columbus,
2532 5033 2666 5088 licet
2677 5035 2799 5088 tota
2812 5032 2987 5087 totius
3008 5031 3233 5086 ordinia
3247 5031 3545 5104 diligentia

1931 5118 2188 5188 adjutus;
2231 5123 2294 5172 ut
2337 5120 2594 5192 Launoyi
2624 5120 3002 5176 contradictio
3049 5119 3215 5190 (sicus
3253 5122 3540 5193 optamus)

1931 5205 2160 5280 penitus
2188 5206 2548 5277 dissolvatur,
2583 5213 2641 5264 et
2677 5226 2744 5264 ex
2778 5209 3045 5264 omnium
3072 5208 3280 5264 animis
3312 5207 3544 5262 abolea-

1936 5300 2030 5350 tur
2053 5295 2332 5353 dubitatio
2365 5298 2434 5352 de
2465 5299 2705 5353 veritate
2730 5297 2892 5352 istius
2905 5297 3180 5354 historiae.
3212 5319 3241 5349 »

2015 5385 2151 5443 19⁸1.
2194 5387 2476 5446 Hactenus
2503 5386 2952 5461 Papebrochius,
3007 5385 3106 5458 qui
3152 5401 3285 5443 cum
3314 5397 3437 5441 sese
3463 5381 3557 5441 iis.
