4122 6058
470 206 570 263 “5

1315 200 1375 259 S.
1405 199 1753 262 BRUNONIS
1785 197 2419 260 CARTHUSIANORUM
2455 197 2925 256 INSTITUTORIS

3681 200 3787 255 HO

465 325 672 401 quibus
701 321 964 383 damnati
989 322 1240 394 doctoris
1262 324 1566 384 historiam
1592 326 1925 385 Columbius
1945 343 2075 399 pro-
2092 329 2149 389 Α
2175 323 2608 381 ciferationibus
2636 323 2894 396 singulos
2932 322 3054 379 dies
3086 321 3432 379 attribuunt.
3479 323 3549 379 Et
3571 339 3706 380 vero
3741 323 3792 380 si

465 415 606 472 bare
634 414 788 470 nisus
810 417 915 482 est,
947 413 1118 469 fuisse
1150 413 1452 487 tantisper,
1484 416 1670 471 donec
1714 433 1809 471 res
1840 434 1907 471 ex
1940 433 2073 487 pro-

467 505 616 561 fesso
646 504 1094 572 examinaretur,
1129 507 1490 575 contentum,
1522 506 1753 572 scribat,
1798 507 2076 576 pluraque

470 595 658 649 adhuc
685 611 748 649 ac
775 594 1124 666 antiquiora,
1154 611 1330 666 quam
1356 611 1389 648 a
1421 595 1722 649 Columbio
1754 594 1972 649 fuerint
1998 594 2080 647 in-

468 686 661 750 venta,
682 682 1034 748 testimonia,
1053 698 1166 754 quo
1184 682 1436 754 Launoyi
1453 683 1827 738 contradictio
1850 683 2080 754 penitus

474 770 834 839 dissolvatur,
858 776 914 826 et
931 788 997 826 ex
1015 771 1282 826 omnium
1307 773 1518 826 animis
1540 771 1822 827 dubitatio
1841 770 2081 826 deistius

471 859 725 916 historice
756 861 997 916 veritate
1027 860 1346 929 aboleatur,
1375 861 1680 932 alleganda
1715 864 1927 933 speret,
1961 876 2083 915 sese

475 949 637 1004 omni
658 948 808 1004 circa
827 950 977 1004 hanc
990 951 1256 1022 scrupulo
1277 954 1577 1022 expertem
1601 967 1719 1006 non
1732 950 1926 1018 fuisse,
1950 947 2085 1003 satis

477 1037 731 1096 indicare
760 1038 1006 1094 videtur.
1057 1040 1168 1093 Nec
1199 1039 1336 1107 scio,
1383 1058 1457 1096 an
1486 1056 1771 1112 propenso
1803 1039 1969 1105 adeo,
2021 1053 2086 1092 ac

472 1125 850 1182 nihilominus
863 1127 1022 1195 facit,
1041 1127 1099 1182 in
1115 1129 1468 1199 oponionem
1491 1146 1716 1196 eorum,
1732 1127 1829 1200 qui
1850 1127 2089 1181 horren-

473 1215 616 1272 dum
648 1216 898 1271 doctoris
918 1216 1180 1284 redivivi,
1207 1217 1553 1272 damnatum
1575 1233 1696 1272 sese
1724 1217 2089 1288 proclaman-

470 1303 565 1372 tis,
597 1305 986 1376 spectaculum
1037 1304 1182 1359 veris
1219 1305 1470 1360 historiis
1517 1309 1839 1372 accensent,
1890 1303 2089 1358 fuisset

473 1391 676 1460 iturus,
701 1393 746 1448 si
767 1409 916 1464 quae,
934 1409 1062 1447 cum
1078 1394 1200 1447 haec
1216 1393 1513 1462 scriberet,
1548 1395 1621 1449 ad
1647 1408 1940 1449 summam
1955 1390 2087 1444 huic

471 1483 652 1537 ﬁdem
678 1483 1103 1538 conciliandam
1147 1484 1496 1555 antiquiora,
1545 1500 1721 1554 quam
1751 1483 1998 1537 adducta
2056 1497 2091 1534 a

475 1571 796 1639 Columbio,
828 1571 1163 1627 testimonia
1189 1572 1446 1627 fortassis
1464 1572 1808 1626 invenienda
1829 1571 2089 1643 putabat,

2177 417 2568 470 memoratum
2585 415 2972 484 spectaculum
2984 431 3102 468 non
3117 414 3340 486 publice
3352 431 3547 470 coram
3561 414 3794 486 ingenti

2179 504 2373 576 populi
2388 503 2880 569 multitudine,scd
2893 503 3044 558 intra
3055 503 3305 575 privatos
3318 505 3523 559 domus
3536 504 3795 560 defuncti

2181 594 2429 665 parietes
2445 594 2831 660 evenerit,nec
2859 593 3036 648 tribus
3054 593 3253 647 diebus
3280 594 3647 660 diversis,sed
3675 609 3798 647 una

2182 683 2503 754 eademque
2534 681 3030 736 doctorisinfausti
3067 683 3666 749 vocesredierintmon
3685 682 3802 737 erit

2183 789 2342 838 sane,
2376 788 2477 825 cur
2508 773 2778 825 constans
2807 770 3158 840 scriptorum
3185 771 3451 826 omnium
3467 787 3799 826 comvorum

2185 860 2257 914 de
2288 859 2652 914 memorabili
2684 859 2828 914 adeo
2851 859 3090 914 historia
3119 860 3411 915 silentium
3440 877 3804 931 magnopere

2186 948 2259 1004 sit
2288 948 2643 1015 mirandum,
2663 947 2877 1019 sicque,
2894 949 2966 1002 ob
2988 965 3164 1020 quam
3190 950 3313 1004 haec
3327 950 3808 1004 difﬁcillimacre-

2187 1039 2308 1094 ditu
2340 1039 2599 1111 apparet,
2645 1037 2950 1091 difﬁcultas
2969 1039 3307 1109 gravissima
3333 1044 3650 1094 evanescet.
3691 1039 3805 1094 Ve-

2186 1144 2318 1182 rum
2358 1143 2488 1180 cum
2518 1125 2822 1198 scriptores
2849 1127 3022 1196 longe
3050 1128 3260 1196 plures,
3283 1127 3808 1183 horrendumillud

2191 1214 2439 1271 doctoris
2451 1214 2712 1268 damnati
2724 1217 3110 1286 spectaculum
3125 1217 3352 1288 publice
3370 1217 3425 1270 in
3444 1217 3689 1272 Ecclesia
3704 1219 3811 1270 aut

2189 1305 2392 1358 saltem
2407 1319 2603 1358 coram
2618 1303 2840 1375 ingenti
2856 1304 3160 1359 hominum
3176 1304 3546 1360 multitudine
3561 1305 3807 1371 factum,

2189 1393 2462 1458 scribant,
2479 1410 2794 1463 quamnam
2811 1393 2847 1446 ii
2870 1393 3165 1447 fidemhac
3184 1394 3243 1448 in
3268 1411 3330 1448 re
3343 1398 3813 1459 mereantur,seu

2191 1498 2262 1534 an
2296 1486 2383 1535 sat
2409 1481 2696 1535 credibilis
2717 1481 3167 1553 verosimilisque
3209 1482 3387 1537 videri
3407 1488 3580 1555 queat
3601 1499 3811 1538 eorum

2193 1569 2470 1636 narratio,
2504 1570 2694 1640 primo
2727 1570 3039 1641 inquiram,
3073 1574 3276 1642 postea
3303 1588 3527 1639 eorum,
3562 1571 3813 1643 quirem

475 1660 550 1714 ad
579 1664 843 1715 nostrum
870 1677 1049 1732 usque
1079 1662 1310 1731 tempus
1338 1663 1639 1716 inventum
1663 1678 1781 1715 non
1809 1659 1878 1714 iri
1896 1658 2095 1730 prmvi-
2119 1666 2170 1724 Β
2194 1659 2347 1713 intra
2391 1659 2640 1730 privatos
2684 1659 2888 1714 domus
2930 1659 3189 1715 defuncti
3230 1661 3477 1732 parietes
3531 1660 3812 1727 evenisse,

477 1746 672 1816 disset,
691 1752 1028 1820 contraque,
1052 1751 1116 1802 ut
1137 1749 1312 1804 modo
1323 1748 1564 1816 factum,
1588 1749 1978 1820 detegendum
1994 1749 2094 1802 sci-

473 1839 665 1906 visset,
685 1837 941 1909 quinque
954 1837 1280 1910 primorum
1295 1837 1611 1892 Carthusia:
1631 1837 1892 1910 priorum
1913 1837 2091 1891 Chro-

475 1925 670 1993 nicon,
708 1942 809 1980 seu
862 1928 1228 1981 «tractatum
1259 1927 1340 1980 De
1371 1926 1701 1980 narratione
1731 1924 1970 1979 historia
2011 1923 2096 1979 in-

476 2013 796 2069 choationis
842 2015 900 2067 et
927 2013 1312 2085 promotionis
1342 2013 1560 2068 ordinis
1595 2011 2028 2080 Carthusiensis,
2060 2033 2089 2062 »

479 2117 656 2174 quem
688 2101 1022 2156 Columbius
1053 2118 1118 2156 ac
1161 2105 1291 2174 post
1320 2119 1453 2156 eum
1484 2101 1910 2172 Papebrochius
1939 2118 2092 2156 anno

480 2190 708 2245 circiter
740 2192 897 2258 H50,
915 2205 1015 2244 seu
1041 2189 1208 2244 annis
1221 2189 1345 2244 fere
1367 2190 1647 2245 duntaxat
1673 2189 2095 2261 quinquaginta

477 2281 612 2352 post
644 2300 670 2330 «
690 2276 748 2332 S.
784 2277 1067 2334 Brunonis
1092 2298 1120 2328 »
1147 2281 1402 2333 mortem
1423 2277 1702 2350 scriptum
1729 2278 2092 2346 existimavit,

481 2369 641 2422 certo
659 2370 794 2422 ante
813 2367 1087 2421 saeculum
1103 2366 1344 2420 tertium
1365 2365 1678 2433 decimum,
1697 2367 1916 2438 aliquot
1931 2367 2097 2421 annis

473 2454 603 2527 jam
630 2453 1281 2526 inchoatum,scriptum
1300 2471 1418 2510 non
1447 2455 1686 2523 esse,uti
1713 2472 1839 2528 quae
1861 2460 2098 2512 num.l2

485 2545 544 2597 et
574 2559 735 2615 seqq.
769 2543 827 2597 in
845 2542 1106 2596 medium
1128 2543 1362 2610 adduxi,
1387 2543 1741 2598 sufficienter
1759 2544 2092 2598 ostendunt.

479 2631 694 2686 Verum
727 2632 1126 2704 qualecunque
1156 2631 1250 2696 sit,
1283 2632 1441 2704 quod
1473 2632 1544 2686 de
1568 2633 1827 2688 luctuosa
1847 2632 2097 2687 doctoris

483 2718 746 2776 damnati
762 2719 1097 2775 narratione
1129 2719 1552 2792 Papebrochius
1565 2720 1735 2791 tulit,j
1748 2720 1998 2775 udicium
2009 2761 2022 2787 ,
2039 2720 2098 2774 id

483 2824 611 2877 nos,
635 2824 749 2880 quo
778 2809 968 2863 minus
1003 2808 1181 2863 libere
1209 2808 1269 2862 in
1295 2807 1463 2880 hujus
1510 2809 1814 2864 veritatem
1845 2809 2100 2880 inquira-

482 2913 635 2965 mus,
667 2895 953 2968 impedire
993 2912 1112 2951 non
1149 2896 1340 2951 debet.
1379 2899 1428 2950 Α
1469 2897 1842 2969 scriptoribus
1880 2897 2094 2969 itaque,

2193 1750 2470 1814 statuunt,
2491 1747 2828 1819 opinionem
2853 1748 3223 1804 discussurus.
3239 1751 3286 1804 A
3313 1750 3658 1822 scriptorum
3680 1749 3818 1804 Car-

2194 1837 2574 1891 thusiensium
2598 1837 3118 1910 antiquiorum,qui
3162 1839 3520 1894 horrendum
3539 1842 3815 1894 eventum

2196 1941 2392 1979 coram
2437 1925 2662 1996 ingenti
2719 1926 3026 1981 hominum
3075 1928 3449 1983 multitudine
3479 1927 3812 1998 contigisse,

2195 2013 2496 2068 memoria:
2525 2013 2851 2085 prodidere,
2889 2016 3232 2076 testimoniis
3267 2016 3653 2083 recensendis,
3681 2033 3813 2070 ser-

2195 2106 2347 2169 vato,
2375 2118 2488 2174 quo
2519 2104 2638 2157 lata
2658 2107 2810 2169 sunt,
2836 2103 3039 2159 ordine
3066 2105 3360 2172 chronico,
3397 2104 3814 2171 ducoinitium,

2197 2191 2449 2246 aliorum
2476 2190 2652 2258 infra,
2696 2193 2795 2264 qui
2824 2191 3242 2248 Carthusiensis
3263 2193 3481 2249 ordinis
3511 2210 3630 2249 non
3656 2197 3816 2262 sunt,

2194 2283 2496 2336 relaterus.

2267 2373 2390 2426 199.
2424 2369 2539 2425 Etsi
2568 2370 2894 2443 primorum
2929 2370 3184 2444 quinque
3213 2371 3525 2427 Carthusiae
3549 2371 3816 2443 priorum

2199 2458 2464 2514 Chronici
2491 2476 2591 2513 seu
2619 2462 2895 2514 tractatus
2947 2461 3025 2514 De
3057 2461 3389 2514 narratione
3417 2460 3671 2514 historiae
3730 2461 3819 2516 in-

2197 2546 2518 2603 choationis
2553 2551 2611 2602 et
2641 2548 3028 2618 promotionis
3045 2549 3264 2603 ordinis
3287 2549 3816 2604 Carthusiensisau-

2197 2639 2322 2691 ctor
2351 2639 2474 2691 tam
2504 2637 2794 2709 antiquus,
2829 2654 2894 2692 ac
2941 2637 3276 2692 Columbius
3303 2637 3417 2710 (adi
3468 2655 3629 2692 num.
3665 2642 3728 2693 l2
3757 2641 3819 2692 et

2196 2727 2314 2780 tres
2344 2725 2530 2797 seqq.)
2548 2725 2608 2780 in
2625 2728 2809 2781 suaDe
2826 2725 3532 2781 Carthusianoruminitiis
3545 2726 3816 2782 disserta-

2198 2813 2357 2868 tione
2379 2813 2616 2884 putarit,
2644 2831 2760 2868 non
2781 2814 2874 2881 sit,
2905 2814 3127 2868 caeteris
3152 2817 3374 2869 tamem
3405 2814 3696 2882 omnibus,
3714 2814 3817 2887 qui

2199 2901 2453 2957 doctoris
2478 2903 2551 2956 ad
2573 2905 2804 2974 tempus
2834 2903 3068 2957 redivivi
3094 2903 3397 2958 historiam
3434 2903 3638 2958 litteris
3659 2921 3819 2960 com-

485 2983 586 3058 qui
612 2984 774 3039 illam
795 2983 1017 3039 duobus
1040 2984 1261 3039 saeculis
1289 2983 1550 3056 proxime
1571 2985 1777 3057 elapsis
1791 2987 1875 3040 vel
1893 2989 2096 3040 utcun-
2122 2987 2169 3046 C
2199 2991 2572 3058 mendarunt,
2603 2991 2901 3046 communi
2921 2991 3218 3062 opinione,
3242 2991 3346 3046 etsi
3363 2990 3423 3046 id
3436 2992 3509 3046 ob
3532 2993 3656 3047 loco
3683 3009 3820 3063 pro-

489 3089 603 3146 que
627 3073 984 3145 improbare,
1016 3074 1105 3128 vel
1135 3076 1340 3128 contra
1375 3073 1554 3129 tutari
1585 3078 1718 3129 sunt
1765 3074 1976 3142 conati,
2023 3076 2097 3131 ad

484 3161 834 3232 scriptorum
857 3161 1251 3233 antiquiorum
1264 3178 1369 3234 pro
1387 3162 1592 3218 eadem
1607 3162 1939 3218 testimonia
1962 3179 2095 3234 pro-

486 3248 741 3321 gredior,
763 3248 1165 3321 adducamque
1185 3267 1303 3304 non
1334 3251 1521 3305 solum
1541 3250 1889 3322 antiquiora,
1907 3252 2098 3322 qualia

491 3336 1048 3403 Columbius,verum
1076 3337 1407 3409 etiamque:
1428 3339 1662 3393 asaaculi
1678 3339 1867 3410 quarti
1889 3338 2096 3393 decimi

489 3441 556 3480 ac
577 3423 868 3496 sequentis
896 3424 1268 3496 scriptoribus
1298 3425 1433 3481 data
1447 3429 1600 3494 sunt,
1619 3426 1810 3482 minus
1835 3427 2094 3498 antiqua,

485 3511 663 3584 idque
689 3516 816 3567 tum
848 3513 1169 3585 quodinfra
1189 3513 1315 3568 usui
1334 3514 1577 3570 subinde
1593 3515 1709 3570 sint
1729 3515 1944 3582 futura,
1973 3519 2098 3570 tum

488 3600 743 3656 maxime
767 3602 923 3674 quod
939 3602 1020 3656 ita
1036 3603 1250 3658 factum
1268 3602 1560 3658 inveniam
1587 3605 1658 3659 ab
1679 3621 1971 3676 anonymo
1990 3608 2103 3660 An-

490 3691 714 3746 nalium
747 3691 1236 3748 Carthusiensium
1266 3693 1395 3748 libri
1425 3693 1613 3765 quarti
1644 3697 1895 3763 auctore,
1929 3713 1962 3749 a
1986 3711 2100 3766 quo

490 3787 566 3826 ne
596 3771 690 3826 hic
722 3771 1050 3840 deflectam,
1097 3773 1244 3828 rafio
1288 3773 1653 3844 potissimum
1705 3792 1867 3829 num.
1904 3778 2005 3831 185
2041 3775 2100 3830 in

489 3857 608 3915 ﬁne
639 3859 774 3915 data
830 3861 1054 3917 suadet.

494 3950 524 4016 §
552 3949 638 4003 XI.
669 3948 1017 4019 Scriptorum
1047 3948 1520 4006 Carthusiensium
1571 3949 1771 4006 saeculo
1807 3967 1899 4005 xv:
1956 3951 2100 4005 anti-

563 4020 910 4093 quiorum‘de
935 4020 1166 4093 doctoris
1195 4021 1531 4076 Parisiensis
1577 4024 1675 4093 qui
1701 4023 2103 4077 damnationem

567 4105 724 4142 suam
747 4106 774 4142 e
795 4089 993 4158 feretro
1013 4091 1232 4162 publice
1264 4095 1552 4216 canduerit,
1582 4089 1831 4148 Eznastasi
1872 4094 2103 4148 testimo-

567 4160 656 4213 nia
683 4161 1016 4216 referuntur.
1048 4167 1098 4215 et
1116 4164 1254 4216 quid
1313 4181 1340 4216 ε
1368 4163 1663 4216 adiunctis.
1711 4165 1833 4216 huic
1863 4171 1978 4216 υοςι
2003 4165 2103 4216 ad-

563 4160 656 4236 nia
683 4160 1030 4236 referuntur,
1048 4167 1098 4215 et
1116 4164 1254 4234 quid
1275 4160 1340 4220 de
1368 4163 1663 4235 adjunctis,
1711 4165 1833 4219 huic
1853 4171 1978 4236 post
2003 4165 2103 4219 ad-

558 4230 739 4301 jectis,
766 4233 1106 4287 censendum.

562 4318 689 4373 Non
715 4334 938 4387 omnes,
969 4321 1066 4391 qui
1086 4321 1447 4378 horrendum
1472 4321 1723 4378 doctoris
1748 4323 2100 4393 Parisiensis,

497 4405 840 4462 damnatum
855 4425 996 4476 sese,
1012 4425 1044 4464 e
1061 4409 1276 4466 feretro
1289 4411 1608 4480 vociferati,
1641 4415 2030 4483 spectaculum
2044 4413 2102 4468 in

503 4495 722 4552 'jtteras
751 4497 981 4565 misere,
1000 4498 1219 4553 ordinis
1246 4499 1662 4556 Carthusiensis
1683 4501 1986 4574 scriptores
2007 4501 2102 4556 iis-

503 4584 640 4639 dem
689 4584 831 4640 illud
865 4585 1151 4656 adiunctis
1180 4588 1449 4643 vestitum
1499 4590 1572 4643 ob
1607 4591 1798 4644 oculos
1839 4607 2102 4661 posuere,

495 4672 746 4744 hincque
764 4690 870 4728 nec
894 4674 1046 4728 inter
1075 4691 1193 4745 eos,
1224 4693 1258 4730 a
1279 4676 1484 4748 quibus
1512 4677 1799 4750 hodieque
1831 4679 2102 4747 creditur,

495 4759 558 4816 in
581 4759 779 4828 modo,
813 4777 926 4832 quo
960 4762 1177 4816 factum
1204 4763 1296 4833 sit,
1329 4764 1464 4818 satis
1491 4766 1779 4820 convenit.
1810 4765 1920 4819 Alii
1947 4765 2104 4821 enim

495 4866 564 4904 ex
593 4849 683 4904 his
711 4849 938 4920 publice
964 4849 1103 4905 illud
1135 4851 1194 4906 in
1225 4852 1470 4907 Ecclesia
1506 4857 1604 4908 aut
1632 4855 1839 4908 saltem
1880 4853 2105 4926 ingenti

494 4954 692 4993 coram
706 4938 1115 4994 circumstante
1127 4941 1436 4996 hominum
1455 4943 1847 5010 multitudine,
1861 4943 1957 4996 alii
1976 4961 2108 4998 con-

491 5027 587 5080 tra
613 5026 884 5097 privatim
915 5027 975 5081 in
1007 5029 1138 5082 aula
1168 5029 1373 5084 domus
1400 5029 1677 5095 defuncti,
1704 5031 1836 5085 solis
1860 5032 2048 5103 hujus,
2073 5050 2105 5087 e

491 5113 699 5186 quibus
725 5116 935 5182 Bruno,
975 5117 1216 5188 ejusque
1248 5117 1468 5189 aliquot
1496 5119 1632 5172 socii
1674 5119 1910 5186 fuerint,
1956 5120 2102 5175 ami-

487 5200 570 5255 cis
622 5201 1020 5271 praasentibus,
1069 5204 1322 5259 evenisse
1351 5206 1569 5260 volunt.
1601 5206 1709 5260 Alii
1744 5207 1956 5260 iterum
1988 5225 2104 5263 una

488 5289 813 5362 eademque
841 5290 955 5358 die,
980 5309 1214 5364 unoque
1244 5294 1387 5348 item
1421 5311 1485 5349 ac
1508 5295 1716 5349 eodem
1747 5295 2101 5350 recitationis

487 5375 666 5432 ofﬁcii
682 5382 950 5450 tempore
976 5380 1417 5438 vociferationes
1446 5382 1691 5438 infelicis
1717 5383 1967 5438 doctoris
1980 5387 2098 5440 tres

475 5463 730 5525 diversas
752 5463 992 5525 rediisse
1024 5467 1323 5528 afﬁrmant
1344 5488 1373 5540 ;--
1384 5469 1483 5529 alii
1502 5472 1705 5529 contra
1730 5470 1970 5544 singulis
1999 5486 2096 5530 vo-

2197 3079 2351 3134 xime
2377 3079 2472 3133 cit.
2506 3079 2935 3151 dictainfraque
2957 3080 3028 3134 de
3045 3079 3814 3151 CarthusianoMojorevensi

2199 3167 2444 3221 dicenda
2473 3167 2715 3221 omnino
2732 3171 2958 3222 certum
2972 3184 3089 3221 non
3113 3168 3204 3234 sit,
3228 3166 3519 3240 antiquior
3541 3168 3812 3226 habetur.

2197 3257 2344 3310 Ante
2380 3255 2605 3327 reliqua
2643 3255 2838 3326 itaque
2899 3255 3098 3311 omnia
3137 3256 3567 3327 suppeditatum
3622 3257 3694 3311 ab
3740 3272 3813 3312 eo

2197 3345 2423 3416 hucque
2435 3347 2698 3415 spectans
2710 3343 3110 3399 testimonium
3125 3344 3444 3416 integrum,
3460 3344 3615 3416 quod
3630 3345 3689 3400 id
3718 3345 3816 3400 hic

2198 3432 2443 3487 subinde
2472 3435 2609 3486 ante
2656 3433 2850 3488 oculos
2888 3433 3091 3488 haberi
3135 3433 3363 3499 debeat,
3396 3449 3464 3488 ex
3501 3433 3816 3506 antiquiori

2201 3521 2394 3577 Sancti
2425 3521 2571 3588 Vita,
2589 3520 3024 3575 Commentario
3039 3520 3192 3587 huic,
3210 3524 3272 3575 ut
3286 3521 3412 3592 jam
3441 3521 3662 3589 monui,
3678 3526 3815 3578 ante

2202 3606 2342 3661 duas
2355 3607 2492 3661 alias
2510 3607 2700 3662 minus
2721 3609 2984 3681 antiquas
3009 3609 3329 3677 subdeuda,
3347 3610 3456 3664 huc
3470 3610 3812 3666 transcribo.

2203 3694 2498 3749 Sichabet:
2534 3697 2729 3750 «Anno
2752 3696 3072 3751 Dominicae
3095 3697 3514 3752 Incarnationis
3544 3699 3702 3765 1082,
3725 3699 3816 3753 vel

2203 3782 2354 3836 circa
2383 3778 2568 3850 illum,
2599 3783 2738 3837 dum
2756 3785 3019 3839 solemne
3033 3785 3288 3839 studium
3320 3787 3558 3841 ﬂoreret
3587 3786 3818 3841 Parisiis

2201 3870 2493 3943 praecipue
2524 3871 2579 3925 in
2597 3871 2962 3945 philosoPhia
2984 3876 3041 3926 et
3071 3873 3366 3945 theologia
3395 3878 3452 3929 et
3475 3875 3606 3945 jure
3637 3891 3816 3929 cano-

2203 3958 2354 4026 nico,
2382 3959 2526 4014 sicut
2548 3960 2901 4030 generaliter
2929 3961 3241 4029 consuevit,
3257 3964 3370 4017 tale
3386 3962 3716 4035 prodigium
3731 3962 3816 4018 ibi

2203 4048 2413 4103 dicitur
2431 4049 2724 4105 accidisse.
2751 4049 2998 4114 Quidam
3017 4049 3175 4106 enim
3193 4051 3395 4106 doctor
3409 4052 3819 4123 praacipuus,et

2202 4137 2338 4206 vita,
2370 4141 2433 4193 ut
2464 4138 2788 4207 videbatur,
2823 4139 2982 4194 fama
3007 4144 3182 4212 atque
3208 4141 3475 4195 doctrina
3489 4144 3545 4196 et
3576 4141 3819 4198 scientia

2124 4245 2178 4304 D
2203 4225 2355 4281 inter
2371 4243 2574 4282 omnes
2591 4227 3204 4283 doctoresParisienses
3215 4230 3819 4286 excellenterhonora—

2203 4317 2294 4370 tus
2321 4317 2379 4370 et
2395 4314 2740 4370 mirabiliter
2762 4315 3068 4387 gratiosus,
3085 4317 3243 4386 gravi
3275 4320 3333 4372 et
3361 4317 3822 4374 ultimainfirmi-

2203 4407 2322 4459 tate
2356 4408 2702 4477 praeventus,
2739 4422 2857 4460 non
2902 4405 2998 4460 diu
3030 4406 3386 4460 decumbens
3418 4407 3572 4462 diem
3616 4407 3820 4463 clausit

2205 4496 2551 4548 extremum.
2584 4493 2845 4564 Cumque
2889 4496 3010 4548 tota
3061 4493 3173 4562 dei,
3217 4510 3329 4566 qua
3377 4494 3678 4550 defunctus
3706 4499 3817 4567 est,

2205 4599 2372 4637 more
2405 4581 2703 4636 Parisiensi
2730 4581 2789 4636 in
2823 4583 2971 4648 aula,
3001 4572 3206 4637 funere
3241 4583 3302 4637 in
3333 4583 3549 4638 feretro
3577 4584 3818 4639 decum-

2205 4673 2399 4739 bente,
2432 4671 2675 4726 fuissent
2703 4670 2974 4726 continue
2997 4671 3301 4727 decantata
3313 4671 3504 4727 divina
3527 4673 3735 4741 ofﬁcia,
3755 4674 3816 4730 in

2205 4760 2454 4816 crastino
2470 4776 2664 4827 mane,
2679 4760 3260 4832 congregataibidem
3277 4761 3641 4817 universitate
3657 4762 3818 4816 Pari-

2206 4849 2378 4904 siensi
2409 4853 2529 4904 tam
2554 4849 2902 4904 scholarium
2931 4865 3107 4920 quam
3137 4849 3462 4915 doctorum,
3493 4852 3558 4904 ut
3574 4853 3695 4905 tam
3715 4850 3821 4906 ho-

2207 4937 2586 4993 norabiliviro
2618 4939 2942 4992 solemnem
2974 4941 3033 4992 et
3051 4937 3461 4992 honorabilem
3491 4939 3822 5010 prteberent

2204 5027 2481 5083 funeralis
2503 5026 2678 5082 officii
2694 5027 3049 5098 sepulturam
3061 5069 3074 5093 ,
3091 5043 3223 5080 cum
3239 5043 3476 5082 reveren
3485 5027 3541 5081 di
3553 5026 3657 5082 viri
3672 5028 3822 5084 fere-

2203 5119 2380 5181 trum,
2405 5116 2463 5171 in
2494 5132 2607 5187 quo
2634 5115 2805 5170 funus
2825 5115 3075 5185 jacebat,
3109 5115 3341 5182 vellent,
3364 5115 3586 5170 elevare
3619 5115 3693 5170 ad
3722 5133 3817 5171 ec-

2203 5205 2434 5260 clesiam
2467 5204 2868 5271 deferendum,
2915 5203 3124 5270 subito,
3168 5204 3388 5258 cunctis
3433 5204 3815 5274 stupentibus,

2202 5293 2299 5365 qui
2315 5297 2576 5349 mortuus
2590 5293 2890 5348 videbatur
2919 5295 2977 5347 et
3001 5294 3368 5360 erat,elevato
3390 5291 3819 5364 capite,resedit

2196 5382 2259 5438 in
2285 5383 2522 5450 feretro,
2551 5384 2628 5448 et,
2652 5381 2922 5438 omnibus
2955 5381 3340 5450 audientibus,
3355 5383 3472 5437 alta
3494 5384 3553 5436 et
3570 5381 3817 5439 terribili

2196 5486 2334 5530 voce
2364 5469 2655 5529 clamabat
2671 5487 2684 5527 :
2700 5489 2732 5524 «
2741 5470 2770 5528 ,Ι
2774 5471 2900 5528 usto
2920 5469 3025 5528 Dei
3038 5468 3258 5545 judicio
3285 5472 3582 5529 accusatus
3600 5486 3754 5543 sum,
