4122 6058
278 193 377 244 H7

1841 203 2020 259 ACTA

3486 220 3585 273 H8

259 316 342 408 et,
367 315 478 408 hoc
513 314 686 408 dicto,
721 321 892 390 caput
910 319 1196 392 deposuit,
1218 325 1276 377 et
1297 323 1567 379 decubuit
1595 326 1876 393 mortuus,
1903 343 1959 400 Α
1980 343 2146 382 suum
2174 328 2469 399 lectorem,
2503 334 2566 387 ut
2593 356 2621 384 «
2645 331 2974 390 Tractatum
2999 339 3337 408 sequentem
3350 339 3421 396 de
3448 356 3584 396 nar-

258 401 410 457 sicut
439 403 614 474 prius.

331 495 458 547 200.
470 515 498 543 ‹‹
517 494 640 558 Qua
650 513 787 552 voce
809 498 997 552 cuncti
1014 501 1240 556 attoniti
1256 505 1312 556 et
1327 503 1508 557 territi
1525 504 1875 560 deliberave-

254 583 550 654 runt,ipso
582 585 677 640 illo
698 587 787 641 die
806 589 960 642 nullo
979 590 1156 644 modo
1183 591 1306 646 fore
1331 594 1746 664 sepeliendum,
1775 594 1875 648 sed

251 687 439 742 usque
459 672 516 726 in
537 667 850 730 crastinum
869 679 1469 735 reservandum.Mane
1485 699 1623 753 ergo
1639 700 1878 754 sequen-

249 759 461 822 ti,cum
482 763 791 818 multitudo
811 766 1065 821 maxima
1077 769 1451 836 convenisset,
1469 773 1527 825 et
1553 771 1769 826 dictum
1790 773 1875 827 fu-

246 866 386 916 nus,
405 849 550 905 sicut
564 853 742 924 prius,
759 855 982 909 "vellent
1012 857 1084 911 ad
1111 857 1410 912 ecclesiam
1427 859 1753 930 deportare,
1779 862 1874 917 de-

241 936 505 1003 functus,
551 941 695 996 sicut
734 943 912 1014 prius,
975 946 1194 1001 elevato
1249 947 1456 1018 capite,
1513 949 1781 1005 dolorosa
1810 954 1867 1006 et

242 1027 498 1082 terribili
537 1047 673 1085 voce
713 1032 1010 1089 intonuit:
1050 1037 1255 1091 «Justo
1292 1035 1392 1092 Dei
1413 1037 1634 1108 judicio
1651 1040 1870 1109 judica-

241 1136 279 1168 (ι
301 1120 400 1170 tus
421 1135 570 1174 sum.
593 1141 621 1169 ››
648 1120 835 1184 Quam
865 1140 1063 1178 vocem
1106 1126 1438 1194 multitudo,
1471 1144 1597 1198 qua:
1644 1128 1864 1196 aderat,

240 1209 405 1262 clare
437 1208 767 1280 intelligens
797 1213 852 1266 et
867 1212 1105 1267 audiens
1117 1215 1333 1285 stupuit
1347 1216 1472 1286 plus
1494 1233 1670 1286 quam
1688 1217 1862 1288 prius,

241 1301 303 1352 et
334 1299 684 1353 alterutrum
718 1301 1142 1372 conquirentes,
1197 1304 1334 1375 quid
1383 1305 1486 1359 sibi
1517 1307 1733 1360 vollent
1773 1306 1863 1361 in-

239 1404 431 1442 nuere
461 1392 584 1442 tam
615 1387 827 1444 insoliti
864 1393 920 1443 et
961 1390 1238 1462 inexperti
1271 1393 1524 1448 defuncti
1558 1397 1860 1463 clamores,

235 1477 434 1530 adhuc
457 1477 1012 1546 determinaverunt,
1048 1479 1236 1551 ipsum
1267 1482 1342 1536 ad
1367 1483 1522 1538 aliud
1547 1485 1861 1539 crastinum

235 1584 428 1638 usque
462 1568 1229 1637 nullatenustumulandum,
1251 1572 1441 1627 Tertio
1462 1590 1597 1628 vero
1623 1573 1713 1628 die
1729 1591 1860 1628 cum

1983 438 2011 465 ‹‹
2043 417 2266 472 ratione
2295 420 2552 477 Historia
2593 423 2976 480 inchoationis
2999 427 3054 479 et
3079 428 3460 497 promotionis
3491 446 3583 484 or-

1982 526 2009 553 ‹‹
2037 505 2182 558 diuis
2207 506 2618 564 Carthusiensis
2637 528 2754 566 non
2778 511 3116 583 negligatad
3141 514 3585 571 aediﬁcationem

1982 617 2008 642 ‹‹
2039 594 2306 664 scribere,
2339 599 2423 652 vel
2454 600 2666 670 legere,
2697 603 2784 656 vel
2807 601 3024 655 audire.
3056 623 3084 650 »
3120 605 3203 657 Ita
3233 603 3348 672 ille,
3380 608 3586 659 tracta-

1977 686 2098 737 tum
2133 706 2160 733 «
2185 687 2261 739 De
2291 688 2512 758 origine
2544 694 2601 745 et
2634 691 2874 746 veritate
2907 692 3177 763 perfectae
3203 693 3521 765 religionis,
3549 714 3579 744 n

1975 788 2170 842 quem,
2195 777 2255 826 ut
2285 792 2454 847 supra
2482 778 2694 846 docuit,
2729 780 3058 835 Columbius
3077 782 3581 837 nosterGuilielmo

1973 861 2042 915 de
2067 862 2275 917 Elbura
2301 881 2398 918 seu
2440 866 2511 920 de
2543 868 2870 940 Hyporegia
2895 869 3145 938 ascribit,
3182 870 3386 926 Bosoni
3414 887 3580 942 aper-

1969 949 2186 1004 tissime
2217 953 2553 1009 attribuens.
2599 956 2738 1011 Hinc
2787 974 2918 1012 cum
2951 975 3016 1013 ex
3049 959 3427 1031 argumentis,
3462 960 3583 1031 qui-

1969 1037 2073 1092 bus
2104 1041 2378 1095 tractatus
2400 1042 2494 1097 ille
2527 1045 2733 1099 Bosoni
2765 1046 3166 1101 attribuendus
3209 1048 3577 1119 probaretur,

1969 1127 2185 1198 aliquid
2211 1129 2359 1186 forte
2390 1149 2496 1201 pro
2517 1136 2801 1204 tempore,
2827 1152 2939 1205 quo
2970 1137 3225 1208 quinque
3247 1136 3572 1208 primorum

1969 1214 2279 1271 Carthusiai
2320 1219 2580 1289 priorum
2637 1222 2958 1277 Chronicon
2987 1225 3264 1295 scriptum
3315 1224 3405 1293 sit,
3438 1241 3574 1297 pro-

1965 1304 2089 1374 pius
2122 1306 2564 1363 determinando
2600 1310 2990 1382 colligendum
3017 1328 3332 1382 sperarem,
3366 1313 3424 1367 in
3452 1314 3575 1368 haec

1965 1392 2098 1447 data
2125 1394 2196 1448 ad
2222 1396 2662 1452 Carthusianum
2691 1387 3092 1468 Parisiensem,
3127 1419 3287 1456 num.
3306 1403 3372 1458 28
3401 1418 3575 1474 supra

1964 1482 2281 1550 laudatum,
2339 1486 2579 1556 epistola
2600 1486 2885 1558 inquisivi,
2919 1490 3183 1562 huicque,
3216 1508 3347 1545 cum
3381 1507 3450 1545 ea
3499 1491 3570 1545 de

1961 1587 2023 1624 re
2054 1571 2126 1624 ad
2158 1573 2516 1628 Carthusiam
2549 1575 2752 1630 litteris
2797 1578 3149 1645 recurrisset,
3179 1579 3290 1634 fuit
3329 1595 3569 1650 respon-

234 1660 489 1727 propter
517 1656 625 1711 ista
652 1658 918 1729 prodigia
951 1659 1071 1714 fere
1106 1663 1226 1715 tota
1256 1661 1451 1717 civitas
1479 1662 1857 1729 convenisset,
1888 1663 1937 1721 B
1961 1675 2109 1726 sum,
2165 1666 2512 1732 argumenta
2555 1664 2790 1734 quidem
2823 1665 2921 1721 illa
2966 1666 3246 1738 ignorari,
3294 1667 3394 1722 sed
3426 1667 3567 1722 nihil

232 1750 295 1800 et
320 1747 522 1811 funus,
551 1747 768 1801 cunctis
809 1749 1164 1818 praeparatis,
1217 1751 1430 1806 vellent
1471 1752 1544 1807 ad
1570 1753 1857 1807 tumulum

233 1834 576 1906 deportare,
612 1836 1082 1902 defunctus,sicut
1106 1837 1281 1908 prius,
1305 1839 1433 1908 jam
1454 1840 1620 1896 terlio
1661 1840 1859 1896 altissi-

230 1940 336 1978 mo
371 1926 432 1979 et
464 1923 832 1980 maestissimo
873 1927 1132 1982 clamore
1162 1928 1460 1999 personuit
1485 1946 1497 1983 :
1528 1952 1555 1979 ‹‹
1585 1931 1740 1985 Justo
1754 1931 1854 1985 Dei

243 2035 272 2064 ς(
293 2013 525 2083 judicio
572 2013 996 2070 condemnatus
1046 2033 1196 2070 sum.
1225 2037 1252 2066 »
1283 2017 1406 2081 Qua
1436 2018 1696 2073 horribili
1729 2036 1853 2075 sen-

228 2101 422 2156 tentia
442 2102 827 2174 audita,quasi
847 2121 1049 2159 omnes
1076 2104 1362 2161 immenso
1385 2107 1619 2162 fuerunt
1641 2107 1853 2163 timore

229 2197 290 2247 et
319 2196 586 2247 tremore
629 2192 899 2264 percussi,
929 2193 1069 2248 certi
1102 2193 1236 2249 facti
1265 2195 1334 2250 de
1365 2196 1853 2252 condemnatione

233 2281 390 2336 tanti
420 2280 544 2348 viti,
574 2281 670 2353 qui
706 2281 862 2336 inter
891 2282 1030 2337 alios
1077 2287 1137 2338 et
1162 2301 1334 2356 super
1386 2286 1524 2339 alios
1555 2285 1854 2340 videbatur

228 2370 545 2425 honestate
566 2370 718 2436 vitae,
747 2370 1006 2426 claritate
1037 2372 1230 2440 famae,
1255 2373 1548 2445 dignitatis
1579 2376 1856 2430 excellen-

223 2458 310 2512 tia
343 2463 404 2513 et
450 2458 754 2528 multiplici
791 2459 1025 2515 scientia
1081 2478 1145 2515 ac
1176 2462 1456 2532 sapientia
1484 2463 1848 2534 praefulgere.

229 2547 312 2601 Ea
338 2550 697 2618 tempestate
727 2553 853 2603 erat
899 2548 976 2603 ibi
1035 2549 1312 2620 magister
1358 2551 1566 2619 Bruno,
1614 2552 1849 2606 natione

205 2635 640 2700 Theutonicus,
687 2637 758 2690 de
797 2637 1023 2692 civitate
1060 2637 1296 2693 Colonia
1327 2656 1443 2694 non
1477 2641 1726 2695 obscuris
1757 2658 1852 2712 pa-

223 2724 497 2780 rentibus
523 2728 713 2791 natus,
745 2726 997 2780 ecclesiae
1012 2727 1314 2782 Remensis
1335 2727 1641 2783 canonicus
1672 2732 1729 2783 et
1751 2729 1852 2784 ibi-

225 2813 367 2868 dem
416 2813 749 2868 scholarum
785 2814 1062 2885 magister
1081 2815 1140 2869 in
1177 2816 1488 2887 theologia,
1523 2817 1619 2888 qui
1649 2834 1848 2889 supra-

223 2901 460 2974 scriptis
490 2902 722 2956 vocibus
752 2903 1058 2958 salubriter
1098 2904 1331 2960 territus
1363 2909 1534 2976 atque
1565 2922 1846 2978 compun-

1959 1745 2255 1817 intcresse,
2281 1767 2413 1805 cum
2447 1751 2628 1807 dictus
2671 1756 2966 1821 tractatus,
2996 1759 3059 1809 ut
3084 1759 3144 1810 ut
3172 1755 3471 1811 Guilielmo
3495 1756 3566 1811 de

1958 1835 2282 1908 Hyporegia
2303 1840 2732 1908 attribueretur,
2765 1843 2973 1898 Bosoni
3006 1844 3204 1912 etiam,
3231 1847 3430 1915 utpote
3461 1844 3564 1898 sub

1955 1927 2112 1997 cujus
2141 1927 2401 1998 anspiciis
2433 1928 2524 1983 hic
2557 1929 2719 1984 illum
2765 1931 3037 2003 equidem
3085 1932 3396 1988 elaborarit
3419 1949 3562 2004 quo-

1955 2015 2270 2070 dammodo
2305 2017 2483 2086 possit
2515 2018 2738 2073 ascribi.

2024 2106 2237 2159 202.181)
2253 2106 2360 2160 hoc
2377 2123 2650 2179 responso
2665 2124 2780 2163 non
2797 2110 3045 2164 multum
3059 2109 3280 2165 abludit
3289 2110 3564 2165 tractatus

1954 2194 2033 2247 De
2048 2193 2104 2247 S.
2124 2194 2451 2262 Brunone,a
2465 2196 2852 2252 Carthusianis
2863 2198 2958 2269 huj
2967 2198 3152 2253 atibus
3166 2215 3395 2253 mecum
3408 2214 3564 2252 com-

1954 2282 2229 2337 municati
2239 2287 2456 2350 ,auctor
2468 2291 2706 2341 num.22
2718 2286 2886 2356 hujus
2902 2286 3090 2359 operis
3103 2287 3186 2342 sui
3197 2286 3274 2342 sic
3287 2286 3557 2342 scribens:

1957 2393 1983 2418 ‹‹
2005 2371 2198 2442 Neque
2221 2391 2254 2426 a
2276 2374 2510 2428 Patrum
2532 2374 2668 2446 (qui,
2701 2393 2827 2447 quae
2858 2376 2931 2430 ad
2945 2376 3209 2430 ordinem
3239 2392 3405 2430 suum
3423 2375 3558 2430 Car-

1951 2458 2306 2514 thusiensem
2361 2462 2716 2532 spectabant,
2763 2479 2879 2518 non
2912 2463 3292 2533 publicarant)
3324 2461 3556 2518 tramite

1952 2546 2272 2601 deﬂexisset
2287 2549 2562 2616 Boso,nisi
2587 2550 2661 2604 ad
2681 2567 2848 2604 suum
2881 2551 3208 2605 lnstitutum
3225 2569 3259 2606 a
3289 2567 3560 2623 quorum-

1952 2633 2086 2688 dam
2109 2636 2340 2691 alterius
2361 2638 2580 2692 ordinis
2607 2638 3012 2710 religiosorum
3039 2639 3342 2695 calumniis
3372 2639 3556 2694 vindi-

1950 2724 2200 2780 candum
2232 2726 2425 2796 "hujus
2453 2726 2686 2782 humilis
2717 2743 2780 2782 ac
2800 2727 2981 2783 sancti
3005 2727 3216 2783 silentii
3253 2729 3409 2799 leges
3434 2729 3560 2782 tan-

1950 2813 2046 2867 diu
2076 2817 2321 2868 servatas
2352 2814 2563 2870 violare
2614 2819 2842 2872 coactus
2887 2816 3084 2872 fuisset
3121 2816 3275 2872 edito
3306 2818 3554 2870 tractatu

1948 2901 2254 2970 fusissimo,
2277 2903 2390 2958 sive
2411 2921 2512 2959 suo
2546 2908 2752 2972 marte,
2786 2909 2848 2960 ut
2877 2906 3149 2977 equidem
3190 2906 3409 2971 volunt,
3441 2905 3556 2961 sive

223 2994 355 3045 ctus
387 2992 668 3046 allocutus
701 2996 787 3047 est
813 2993 1092 3063 quosdam
1117 2993 1301 3048 socios
1329 2994 1407 3048 ibi
1435 2999 1746 3064 praesentes
1767 2996 1852 3050 in-
1874 2991 1920 3049 Ο
1949 3007 2049 3045 suo
2076 2991 2258 3062 jussu,
2293 3010 2424 3046 usus
2456 3009 2669 3065 nempe
2700 2995 2924 3049 calamo
2947 2994 3235 3064 Guilielmi
3264 2995 3335 3048 de
3363 2995 3552 3066 Hypo-

224 3079 318 3134 fra
341 3080 572 3150 scriptis
598 3081 688 3134 vel
719 3080 998 3136 similibus
1011 3083 1225 3137 verbis:
1251 3083 1352 3137 Eia
1370 3084 1849 3156 charissimi,quid

224 3168 554 3223 faciemus?
587 3169 800 3224 Omnes
839 3170 1029 3237 simul,
1057 3193 1084 3220 »
1117 3174 1224 3226 etc.
1271 3172 1582 3226 Annalium
1614 3173 1852 3228 Carthu-

224 3257 513 3312 siensium
542 3257 671 3312 libri
711 3259 902 3330 quarti
933 3263 1136 3315 auctor
1161 3277 1484 3333 anonymus
1530 3261 1687 3317 idem
1736 3263 1848 3316 huc

215 3346 348 3417 jam
376 3346 792 3417 transcriptum
815 3346 1237 3415 testimonium,
1267 3353 1438 3420 prout
1468 3350 1526 3404 id
1556 3351 1618 3404 in
1653 3350 1847 3406 codice

220 3435 529 3501 Thuaneo,
576 3451 744 3490 voces
793 3438 1100 3491 nonnullas
1131 3454 1164 3492 a
1210 3437 1462 3505 vocibus,
1510 3438 1714 3510 quibus
1756 3439 1848 3494 hic

225 3523 595 3595 exprimitur,
629 3523 896 3592 diversas,
945 3524 1029 3580 rei
1066 3528 1265 3581 tamen
1311 3527 1693 3581 substantiam
1727 3543 1846 3583 non

223 3612 633 3680 immutantes,
661 3616 994 3683 usurpante,
1023 3614 1298 3681 exstat,in
1314 3631 1457 3685 opus
1469 3631 1635 3670 suum
1657 3615 1849 3671 intulit

223 3717 481 3774 cumque
499 3700 710 3756 deinde
725 3701 942 3757 dictum
965 3705 1260 3758 auctorem
1283 3705 1711 3776 anonymum,§e
1732 3722 1846 3777 quo

223 3790 368 3845 illud
398 3789 760 3857 transcribit,
807 3807 1041 3862 magna:
1086 3793 1239 3864 apud
1298 3809 1521 3859 omnes,
1568 3795 1632 3847 ut
1675 3792 1844 3849 Com-

221 3878 505 3934 mentarii
521 3879 691 3950 hujus
723 3879 887 3934 initio
919 3880 1097 3935 etiam
1129 3880 1352 3948 monui,
1389 3881 1718 3938 subsecutos
1759 3899 1848 3937 or-

222 3967 376 4022 dinis
437 3967 851 4023 Carthusiensis
891 3969 1196 4040 scriptores
1256 3970 1613 4026 auctoritatis
1648 3970 1844 4040 fuisse,

222 4055 574 4122 observavit,
611 4058 922 4112 nonnullos
943 4075 1010 4112 ex
1039 4059 1131 4112 his
1157 4058 1335 4114 etiam
1367 4063 1645 4115 recenset.

292 4149 394 4202 20l
411 4185 426 4200 .
452 4147 531 4199 Ac
552 4145 808 4218 primum
836 4146 1070 4218 quidem
1096 4163 1192 4203 eos
1215 4147 1368 4203 inter
1397 4149 1587 4203 locum
1612 4145 1844 4214 Bosoni,

1949 3080 2128 3150 regia,
2178 3080 2588 3136 Carthusiensis
2636 3082 2781 3149 Itali,
2827 3082 2931 3138 viri
2963 3083 3135 3150 docti,
3170 3099 3344 3154 quem
3373 3081 3554 3137 tribus

1949 3168 2172 3223 circiter
2198 3173 2332 3223 ante
2353 3187 2520 3224 suum
2547 3170 2771 3226 obitum
2793 3171 2960 3226 annis
2990 3171 3064 3226 ad
3090 3171 3383 3241 majorem
3417 3169 3550 3226 Car-

1948 3257 2197 3312 thusiam
2230 3263 2580 3314 evocaverat.
2610 3261 2769 3314 Hunc
2783 3262 3090 3315 tractatum
3114 3259 3401 3331 inscripsit
3430 3283 3457 3311 ‹‹
3476 3262 3555 3315 De

1949 3345 2169 3416 origine
2201 3349 2260 3400 et
2301 3347 2539 3402 veritate
2577 3349 2847 3418 perfectae
2873 3348 3170 3420 religionis
3228 3349 3302 3404 ad
3355 3349 3554 3404 defen-

1949 3433 2205 3488 dendum
2231 3436 2498 3491 ordinem
2531 3437 3013 3492 Carthusiensem.
3042 3459 3070 3488 »
3104 3440 3187 3493 Ita
3206 3438 3299 3493 ille
3323 3457 3337 3508 ;
3357 3454 3555 3492 verum

1947 3522 2301 3594 quiscunque
2342 3525 2580 3579 demum
2634 3529 2905 3581 trastatus
2957 3525 3107 3581 illius
3162 3530 3360 3582 auctor
3396 3525 3556 3592 sit,is

1949 3611 2219 3681 equidem
2277 3611 2531 3684 quinque
2573 3612 2896 3683 primorum
2945 3614 3257 3670 Carthusiaz
3293 3614 3554 3685 priorum

1951 3699 2273 3754 Chronicon
2313 3701 2514 3770 magni
2563 3701 2718 3768 fecit,
2752 3717 2816 3756 ac
2845 3701 3014 3772 proin
3046 3702 3456 3773 transcriptum
3487 3720 3552 3758 ex

1945 3787 2055 3842 hoc
2084 3787 2331 3842 doctoris
2359 3788 2689 3843 Parisiensis
2702 3789 3053 3861 prodigium,
3087 3793 3285 3860 utpote
3313 3791 3388 3846 ad
3401 3793 3555 3864 quod

1944 3877 2257 3949 legendum
2279 3881 2378 3932 aut
2408 3877 2770 3932 scribendum
2801 3880 3079 3934 lectorem
3102 3878 3276 3934 etiam
3293 3881 3554 3935 hortatus

1947 3965 2038 4033 sit,
2066 3968 2280 4022 calculo
2307 3984 2408 4022 suo
2440 3967 2796 4041 approbavit.
2845 3969 2932 4023 Ad
2963 3967 3103 4023 alios
3148 3969 3347 4036 modo,
3378 3968 3472 4040 qui
3495 3969 3553 4024 id

1946 4054 2163 4125 pariter
2213 4056 2495 4124 fecerunt,
2531 4073 2861 4112 sermonem
2892 4060 3184 4113 converto.
3221 4056 3554 4113 Columbius

1945 4143 2004 4198 in
2026 4161 2127 4198 sua
2152 4146 2231 4199 De
2250 4145 2757 4200 Carthusianorum
2780 4145 2951 4201 initiis
2969 4145 3366 4201 dissertatione
3385 4163 3548 4201 num.

222 4233 546 4290 Carthusiae
562 4234 763 4306 priori,
781 4236 1150 4291 concedithis
1163 4237 1352 4291 verbis
1376 4253 1389 4291 :
1411 4238 1617 4292 «Inter
1645 4237 1770 4304 hos,
1813 4257 1840 4287 ››
1867 4221 1919 4280 D
1946 4235 2012 4287 56
2044 4233 2120 4287 sic
2151 4233 2346 4288 scribit
2377 4251 2390 4289 :
2422 4257 2449 4284 «
2483 4234 2887 4289 Carthusianus
2911 4233 3310 4306 Majorevensis
3338 4237 3549 4292 tracta-

222 4323 323 4394 qui
348 4323 570 4378 scilicet
594 4323 921 4394 primorum
952 4324 1207 4396 quinque
1229 4325 1540 4380 Carthusia:
1583 4325 1843 4396 priorum

222 4410 522 4477 Chronici,
571 4415 689 4478 aut,
725 4412 767 4466 si
791 4413 989 4479 mavis,
1025 4413 1382 4468 Carthusiani
1406 4412 1705 4486 anonymi,
1747 4413 1843 4485 qui

221 4498 282 4553 id
307 4499 656 4570 composuit,
686 4502 1094 4556 auctoritatem
1126 4503 1322 4572 magni
1354 4502 1637 4569 fecerunt,
1669 4521 1703 4555 α
1733 4501 1846 4574 pri-

219 4605 356 4642 mus
373 4589 618 4660 prodeat
630 4590 771 4644 Boso
787 4589 945 4660 prior
979 4591 1311 4657 Carthusize,
1337 4591 1420 4646 vir
1449 4608 1566 4646 non
1598 4590 1844 4663 vulgaris

218 4678 747 4750 sanctitatis,quam
766 4679 939 4733 etiam
957 4681 1107 4735 Deus
1131 4681 1425 4735 miraculis
1454 4680 1844 4734 manifestavit

219 4766 344 4831 Hic,
378 4770 442 4820 ut
482 4767 610 4837 jam
665 4767 931 4834 diximus,
964 4767 1023 4822 in
1072 4771 1322 4823 tractatu
1375 4791 1404 4819 ‹‹
1426 4772 1504 4824 De
1534 4769 1755 4840 origine
1786 4771 1844 4823 et

216 4856 466 4910 veritate
496 4855 768 4928 perfectae
794 4856 1110 4927 religionis,
1139 4878 1167 4907 »
1224 4857 1505 4912 hactenus
1534 4873 1841 4929 perperam

217 4944 510 4999 Guilelmo
542 4945 613 4998 de
646 4945 973 5016 Hyporegia
997 4945 1295 5014 attributo,
1331 4950 1393 5002 ut
1423 4964 1526 5001 suo
1559 4948 1684 5001 loco
1707 4963 1841 5018 pro-

218 5033 512 5101 babimus,
541 5033 834 5104 integrum
869 5035 1049 5088 nostri
1075 5035 1348 5106 anonymi
1375 5035 1695 5090 Chronicon
1710 5052 1842 5090 cum

219 5121 561 5176 narratione
596 5123 853 5192 ejusdem
870 5123 1114 5195 prodigii
1132 5124 1485 5195 (anastaseos
1514 5123 1728 5178 scilicet
1741 5123 1842 5179 do-

218 5211 400 5266 ctoris
420 5210 777 5279 Parisiensis)
799 5211 998 5266 retulit
1020 5211 1226 5267 iisdem
1248 5211 1451 5279 verbis,
1486 5213 1682 5283 paucis
1713 5216 1841 5266 tan-

220 5302 346 5355 tum
383 5300 608 5354 omissis
638 5301 724 5354 vel
752 5299 1014 5366 mutatis,
1049 5301 1150 5354 sed
1190 5317 1307 5354 non
1339 5301 1752 5368 essentialibus,
1789 5303 1846 5354 et

225 5391 290 5443 ut
319 5389 444 5461 ipse
495 5389 848 5457 ostenderet,
901 5391 1181 5461 quantam
1214 5385 1391 5443 fidem
1439 5390 1592 5460 apud
1642 5405 1847 5445 omnes

223 5476 373 5535 illius
403 5481 606 5536 auctor
629 5478 894 5535 obtinere
925 5477 1269 5546 mereretur,
1305 5476 1559 5548 primum
1580 5479 1847 5535 hortatur

1943 4325 2070 4377 tum
2119 4323 2518 4378 brevissimum
2542 4324 2764 4394 scripsit
2811 4339 2944 4378 cum
2969 4325 3079 4379 hoc
3098 4323 3263 4378 titulo
3298 4339 3312 4379 :
3345 4346 3373 4375 «
3399 4323 3549 4388 Quo-

1948 4433 1976 4462 «
2004 4411 2180 4466 modo
2227 4412 2369 4467 ordo
2401 4412 2812 4467 Carthusiensis
2865 4411 3106 4483 sumpsit
3161 4413 3484 4480 exordium,
3519 4433 3546 4462 »

1948 4523 1977 4552 «
2008 4503 2068 4555 In
2102 4518 2170 4556 eo
2219 4501 2517 4572 sequentia
2545 4500 2826 4555 verbatim
2867 4500 3258 4556 continentur.
3300 4501 3548 4556 Ventum

1948 4594 2084 4645 «est
2123 4589 2195 4644 ad
2240 4590 2368 4655 hoc,
2425 4592 2488 4643 ut
2520 4589 2774 4644 defuncti
2817 4605 3022 4660 corpus
3045 4589 3184 4661 poni
3227 4590 3465 4646 deberet
3491 4591 3547 4645 in

1949 4700 1976 4728 «
2007 4679 2288 4750 sepulcro.
2322 4678 2832 4732 Circumstantibus
2851 4676 3024 4748 igitur
3053 4675 3292 4746 clericis,
3327 4677 3422 4750 qui
3447 4679 3546 4732 de-

1948 4788 1975 4816 ‹‹
2007 4766 2235 4820 functus
2265 4770 2408 4834 erat,
2441 4767 2726 4835 clamavit,
2755 4766 2950 4821 dicens
2987 4783 3000 4822 :
3033 4788 3060 4817 (ί
3089 4767 3246 4821 Justo
3275 4766 3375 4822 Dei
3399 4765 3550 4835 judi-

1947 4875 1976 4904 ‹‹
2008 4853 2092 4908 cio
2122 4857 2412 4909 accusatus
2437 4871 2585 4922 sum,
2614 4858 2722 4909 etc.
2757 4876 2784 4904 ››
2821 4853 3092 4926 Sequenti
3115 4853 3289 4925 igitur
3319 4852 3548 4920 die,etc,

1948 4965 1975 4993 ‹‹
2009 4945 2222 4997 Iterum
2245 4943 2515 4998 clamavit
2545 4946 2806 5000 mortuus
2844 4948 2902 5000 et
2930 4944 3009 4998 ait
3039 4960 3052 4998 :
3090 4966 3116 4993 (ι
3142 4943 3169 4997 J
3177 4945 3300 4997 usto
3338 4941 3437 4997 Dei
3460 4941 3552 5012 ju-

1948 5031 2156 5087 «dicio
2204 5031 2494 5104 judicatus
2520 5033 2689 5100 'sum,
2749 5037 2905 5088 etc.»
2959 5035 3172 5087 Iterum
3231 5030 3548 5086 clamavit:

1945 5140 1977 5174 «
2001 5122 2157 5175 Justo
2184 5121 2283 5176 Dei
2325 5120 2542 5192 judicio
2582 5120 3000 5178 condemnatus
3035 5136 3185 5174 sum.
3219 5123 3380 5174 etc.»
3421 5121 3554 5173 Erat

1949 5233 1976 5260 ‹‹
2007 5213 2203 5266 autem
2236 5216 2370 5267 tunc
2409 5211 2690 5283 temporis
2720 5209 2955 5282 quidam
3001 5207 3278 5281 magister
3306 5207 3365 5262 in
3395 5209 3557 5263 theo-

1949 5319 1977 5348 «
2011 5298 2184 5370 logia,
2219 5300 2456 5356 nomine
2487 5300 2698 5364 Bruno,
2735 5313 2965 5368 magnae
3005 5294 3340 5361 sanctitatis,
3371 5297 3554 5348 etc....

1945 5405 1979 5439 α
2010 5387 2134 5457 Ipse
2153 5391 2424 5446 tractatus
2439 5387 2511 5441 ab
2529 5390 2762 5443 auctore
2774 5402 2876 5441 suo
2893 5386 3100 5444 dicitur
3110 5384 3350 5456 scriptus
3360 5383 3560 5438 «Anno

1950 5495 1979 5526 ‹‹
2006 5475 2318 5536 millesimo
2346 5475 2744 5534 ducentesimo
2775 5473 3161 5552 nonagesimo
3191 5476 3409 5532 octavo.
3444 5491 3473 5520 »
