4122 6058
467 332 565 388 H9

1321 322 1379 379 S.
1411 319 1757 381 BRUNONIS
1801 320 2433 380 CARTHUSIANORUM
2470 322 2935 380 INSTITUTOBIS

3690 325 3793 376 120

539 450 860 516 203.0uare
875 450 1251 521 cum,quanto
1265 450 1398 503 ante
1412 463 1631 503 annum
1652 449 1786 503 1313
1802 448 2082 519 temporis
2099 463 2154 522 Α
2186 469 2214 498 ‹‹
2236 447 2565 520 sibus,apud
2579 464 2720 520 quos
2730 463 2835 520 pro
2849 450 2986 502 tunc
3002 444 3426 502 concursusfuit
3438 443 3796 500 studentium

471 541 655 614 spatio
671 539 997 612 primorum
1019 537 1273 608 quinque
1297 537 1607 591 Carthusiaa
1630 536 1888 607 priorum
1903 538 2078 592 Chro-

472 630 646 686 nicon
694 629 1106 684 concinnatum
1132 626 1225 693 sit,
1268 626 1494 680 definiri
1510 630 1596 681 sat
1619 630 1796 692 certo,
1827 631 1889 681 u't
1911 642 2082 696 supra

468 718 658 784 docui,
689 717 832 771 haut
869 718 1063 788 queat,
1096 714 1266 785 hujus
1312 715 1504 770 forsan
1531 717 1730 769 auctor
1783 719 1916 769 ante
1951 715 2079 785 jam

467 804 768 861 laudatum
786 802 1225 858 Carthusianum
1240 801 1689 873 Majorevensem
1705 818 1804 856 seu
1825 805 1959 856 ante
1976 819 2079 856 an-

469 911 611 950 num
633 895 907 964 l298,quo
928 891 1019 946 hic
1039 892 1302 962 ipsemet,
1333 889 1770 961 sesescripsisse,
1805 891 2077 958 declarat,

466 980 763 1052 scriptioni
808 995 1050 1034 manum
1081 996 1196 1034 non
1228 978 1567 1033 admoverit.
1606 979 1678 1033 Ut
1705 982 1768 1034 ut
1795 979 1884 1046 sit,
1913 980 2082 1050 hujus

471 1069 741 1142 equidem
763 1067 1162 1124 testimonium
1189 1066 1337 1122 binis
1359 1067 1501 1134 aliis,
1523 1084 1650 1139 qua:
1678 1085 1744 1122 ex
1759 1068 2080 1141 primorum

471 1157 726 1230 quinque
773 1157 1085 1211 Carthusiee
1116 1155 1374 1227 priorum
1409 1155 1712 1223 Chronico,
1743 1160 1799 1210 et
1839 1157 2078 1224 Bosone,

469 1263 587 1314 scu,
607 1247 651 1301 si
684 1247 882 1314 mavis,
921 1246 1221 1301 Guilielmo
1264 1245 1334 1300 de
1368 1246 1691 1319 Hyporegia
1697 1247 1823 1318 jam
1849 1247 2078 1315 adduxi,

469 1335 680 1391 idcirco
700 1339 1004 1406 postpone,
1049 1334 1204 1406 quod
1241 1335 1454 1388 horum
1492 1335 1762 1406 equidem
1809 1335 1987 1407 priori
2016 1353 2082 1390 ex

471 1421 770 1478 communi
784 1421 1058 1493 Opinione
1075 1421 1459 1487 sitrecentius,
1477 1421 1668 1493 itaque
1685 1424 1758 1477 ab
1769 1422 2080 1476 Annalium

473 1509 960 1567 Carthusiensium
977 1508 1106 1564 libri
1122 1509 1311 1581 quarti
1323 1512 1553 1563 auctore
1567 1510 1778 1563 factum
1793 1509 2082 1564 inveniam

471 1598 570 1653 Hic
614 1612 810 1669 porro,
855 1596 951 1650 ubi
999 1595 1356 1650 Carthusiani
1403 1596 1802 1666 Majorevensis
1830 1597 2085 1651 testimo-

471 1686 635 1742 nium
663 1703 694 1740 e
730 1685 1030 1740 Columbio
1075 1684 1323 1739 breviter
1347 1684 1712 1751 memoravit,
1742 1685 1820 1739 ita
1853 1684 2086 1754 subjun-

2185 557 2212 585 ‹‹
2241 537 2656 609 omnium,quaa
2675 537 2776 590 sub
2797 534 3276 590 Christianissimo
3298 537 3449 601 sunt,
3470 533 3794 600 nationem;

2185 647 2212 674 «
2244 625 2313 679 de
2344 626 2440 682 illo
2460 625 2670 679 scilicet
2687 624 3072 696 quatriduano
3096 627 3348 690 mortuo,
3369 623 3486 694 qui,
3510 622 3671 676 factis
3687 637 3795 693 pro

2184 735 2211 762 «
2234 731 2293 768 se
2320 731 2434 769 una
2465 715 2555 768 die
2585 713 2938 769 funeralibus
2955 711 3207 767 secunda
3223 711 3316 765 die
3347 710 3706 785 sepeliendus
3722 708 3798 764 ad

2182 803 2456 874 «justum
2502 819 2560 856 se
2613 802 2712 857 Dei
2740 801 3025 872 judicium
3058 805 3345 866 vocatum,
3393 798 3801 869 tertiajudica-

2186 897 2380 958 «tum,
2411 896 2616 964 quarta
2641 890 2907 946 clamavit
2940 889 3300 953 damnatum,
3330 892 3500 960 prout
3523 889 3629 941 hoc
3642 883 3800 958 apud

2187 1005 2214 1032 ‹‹
2247 979 2674 1036 Carthusienses
2722 979 3110 1034 communiter
3157 977 3442 1049 reperitur
3495 977 3795 1046 scriptum.

2187 1093 2214 1122 ‹‹
2247 1071 2361 1125 Hoc
2388 1069 2545 1124 enim
2568 1068 2820 1122 terribile
2847 1069 3061 1122 factum
3090 1071 3147 1122 et
3177 1066 3573 1138 prodigiosum
3604 1081 3799 1119 resur-

2187 1183 2214 1209 ‹‹
2241 1159 2560 1213 rectionem
2592 1160 2980 1223 mortuorum,
3015 1161 3073 1211 et
3087 1157 3344 1211 futurum
3369 1154 3653 1225 judicium
3703 1168 3802 1207 au-

2186 1271 2214 1299 ‹‹
2240 1249 2530 1303 dientibus
2559 1253 2694 1303 tunc
2727 1247 3136 1314 etvidentibus,
3161 1262 3408 1318 quorum
3444 1248 3570 1318 post
3594 1245 3702 1298 hoc
3725 1243 3799 1296 de

2183 1356 2216 1389 ‹‹
2255 1337 2363 1392 hoc
2389 1336 2448 1390 in
2481 1352 2717 1390 omnem
2751 1339 2967 1389 terram
2997 1335 3166 1388 exivit
3193 1350 3369 1388 sonus
3391 1349 3614 1397 eorum,
3648 1331 3794 1384 ﬁde-

2187 1447 2215 1476 «
2246 1425 2459 1480 lissime
2489 1423 2683 1478 docuit
2707 1423 3153 1492 exspectandum
3179 1440 3192 1490 ;
3223 1439 3324 1476 suo
3352 1422 3592 1476 horrore
3620 1421 3796 1474 timo-

2187 1536 2215 1565 ‹‹
2246 1531 2371 1569 rem
2426 1512 2708 1567 incutiens
2739 1516 2796 1566 et
2821 1515 3104 1566 terrorem
3163 1511 3322 1566 omni
3365 1509 3586 1564 homini
3619 1507 3802 1582 pomi-

2187 1626 2214 1654 ‹‹
2241 1603 2486 1657 tentiam
2519 1600 2805 1672 agendam
2835 1604 3163 1672 statumque
3192 1603 3249 1654 et
3269 1599 3444 1654 vitam
3477 1597 3800 1652 emendan-

2185 1712 2216 1745 «
2245 1692 2460 1746 dum.»
2502 1691 2570 1743 Et
2624 1693 2752 1760 post
2780 1705 2961 1760 pauca
3003 1706 3015 1742 :
3073 1712 3100 1738 ‹‹
3127 1688 3222 1742 Vir
3257 1687 3411 1742 edim
3457 1685 3804 1741 venerabilis

471 1775 592 1847 git:
631 1775 838 1829 «Alter
872 1789 1100 1845 quoque
1146 1789 1470 1845 anonymus
1510 1773 1936 1834 Carthusianus.
1987 1772 2084 1844 qui
2105 1794 2156 1852 Β
2187 1802 2215 1831 ‹‹
2247 1781 2438 1834 Bruno
2471 1778 2730 1842 nomina,
2763 1780 2901 1831 tunc
2928 1775 3802 1848 prazsens,animadvertenscla-

470 1863 696 1917 Vivebat
720 1861 825 1916 30b
857 1859 1092 1915 ΕῙίδθιΓίο
1111 1860 1304 1932 ΡΓίοΓθ
1340 1860 1654 1916 (Σπιὶὶιιδίω
1675 1861 1825 1916 Circa
1863 1876 2080 1915 annum
2184 1889 2215 1921 ‹‹
2247 1884 2439 1922 mores
2467 1865 2594 1921 illos
2626 1865 2972 1921 Parisienses
3028 1881 3144 1920 non
3196 1864 3272 1918 illi
3307 1863 3582 1918 damnato
3613 1861 3687 1916 ad
3717 1877 3806 1915 sa-

478 1955 634 2018 1360,
667 1954 725 2006 et
764 1949 1088 2006 Chronicon
1129 1950 1389 2021 ejusdem
1445 1951 1689 2023 scripsit,
1748 1952 1861 2006 sive
1897 1951 2086 2022 potius
2187 1980 2216 2010 ‹‹
2243 1959 2423 2011 lutem
2445 1955 2635 2022 fuisse,
2669 1955 2769 2009 sed
2797 1953 2900 2007 sibi
2935 1957 2993 2008 et
3021 1954 3144 2008 aliis
3164 1952 3600 2007 coaudientibus
3633 1949 3801 2004 datos

472 2042 781 2114 praefatum
829 2039 921 2110 (de
965 2038 1218 2112 quinque
1266 2038 1479 2093 scilicet
1525 2039 1728 2110 primis
1775 2039 2085 2094 Carthusiaa
2190 2068 2218 2098 α
2243 2063 2347 2120 pro
2390 2043 2710 2098 mutatione
2728 2046 2906 2097 status
2936 2046 2993 2096 et
3023 2043 3172 2108 vitae,
3209 2065 3235 2091 »
3263 2046 3370 2097 etc.
3401 2043 3531 2096 Haec
3568 2039 3802 2104 Kalkar,

474 2129 778 2202 prioribus)
825 2130 1137 2182 tractatum
1167 2127 1254 2180 vel
1285 2125 1600 2181 chronicon
1632 2129 1712 2181 De
1741 2127 1972 2182 exordio
1999 2143 2088 2181 or-
2187 2135 2439 2208 quicum
2471 2133 2678 2186 obierit
2708 2132 3079 2203 octogenario
3095 2132 3302 2202 major,
3325 2132 3474 2185 hanc
3503 2127 3804 2184 historiam

475 2216 622 2273 diuis
655 2215 1070 2271 Carthusiensis
1105 2213 1459 2269 continuavit
1505 2218 1562 2269 et
1590 2215 1901 2286 ampliavit,
1933 2231 2089 2269 eam-
2181 2229 2307 2300 jam
2341 2224 2641 2289 didicerat,
2698 2224 2796 2276 aut
2828 2222 3044 2276 discere
3095 2224 3362 2292 potuerat
3418 2223 3550 2274 ante
3582 2235 3804 2273 annum

479 2305 614 2361 dem
661 2304 962 2359 historiam
993 2302 1198 2357 iisdem
1247 2303 1437 2357 verbis
1468 2303 1741 2370 narravit,
1775 2303 2089 2374 interjectis
2195 2318 2350 2381 131,0,
2387 2329 2574 2384 neque
2607 2313 2670 2366 ιιι
2694 2327 2896 2365 recens
2927 2311 2998 2364 ab
3029 2311 3224 2365 otiosis
3244 2308 3578 2364 hominibus
3603 2307 3806 2362 inven-

477 2397 677 2450 tamen
708 2392 990 2465 aliquibus
1044 2391 1481 2464 parenthesibus
1537 2392 1884 2464 mutatisque
1937 2392 2090 2446 hisce
2189 2409 2334 2472 tam,
2364 2419 2495 2456 cum
2529 2400 2700 2467 dicat,
2733 2415 2863 2453 eam
2892 2415 2951 2453 se
2985 2414 3302 2465 enarrasse,
3322 2400 3494 2468 prout
3511 2397 3620 2450 hoc
3650 2395 3807 2466 apud

478 2482 687 2551 verbis,
733 2499 945 2554 nempe
976 2481 1100 2536 aula
1134 2485 1190 2536 et
1221 2481 1453 2538 ecclesia.
1485 2481 1630 2535 Nam
1674 2480 1771 2534 ubi
1799 2485 1958 2535 vetus
1989 2496 2090 2534 au-

481 2573 609 2626 ctor
637 2570 812 2624 habet
839 2571 894 2623 in
925 2568 1073 2635 aula,
1107 2567 1202 2622 ille
1236 2585 1436 2623 recens
1453 2568 1642 2641 posuit
1671 2569 1728 2622 in
1756 2569 1965 2623 ecclesia
1991 2585 2007 2632 ;
2037 2569 2095 2622 et

483 2659 582 2715 ubi
621 2657 773 2730 apud
803 2658 1059 2728 priorem
1091 2657 1156 2710 ﬁt
1187 2657 1405 2712 mentio
1443 2656 1680 2723 ecclesiae,
1715 2657 1867 2728 apud
1911 2659 2097 2728 poste-

481 2748 700 2804 riorem
726 2746 937 2818 legitur
952 2745 1268 2815 sepulcrum,
1294 2745 1448 2799 unde
1471 2748 1631 2816 patet
1653 2745 1957 2816 scriptores
1974 2745 2093 2816 ple-

485 2853 695 2909 rosque
746 2833 1205 2890 circumstantias
1252 2833 1626 2888 historiarum
1667 2833 1978 2904 saepissime
2009 2849 2099 2886 ac-

486 2923 862 2982 commodare
891 2922 965 2976 ad
985 2937 1150 2976 usum
1181 2921 1480 2994 temporis,
1499 2937 1612 2993 quo
1635 2921 1908 2976 scribunt.
1939 2922 2098 2974 Hunc

2194 2491 2621 2549 Carthusienses
2649 2487 3039 2543 communiter
3054 2487 3339 2558 reperitur
3357 2485 3630 2559 scriptum
3644 2484 3699 2538 id
3720 2486 3809 2538 est

2194 2580 2347 2654 apud
2398 2577 2845 2643 Carthusienses,
2903 2575 3015 2630 sive
3056 2575 3114 2629 in
3175 2573 3661 2630 Carthusiensium
3703 2587 3809 2642 per

2193 2669 2456 2733 Galliam,
2485 2664 2876 2730 Germaniam,
2907 2663 3258 2735 Hispaniam,
3295 2663 3563 2733 Angliam
3594 2663 3651 2715 et
3665 2659 3808 2713 alias

2194 2757 2461 2828 regiones
2487 2754 2772 2809 domibus.
2824 2753 3016 2823 Neque
3042 2752 3227 2806 solum
3257 2751 3410 2823 apud
3441 2747 3809 2804 Carthusien-

2197 2863 2304 2911 ses,
2353 2843 2452 2898 sed
2475 2845 2532 2896 et
2563 2841 2714 2912 apud
2750 2845 2973 2895 exteros
3000 2857 3277 2912 quosque,
3331 2836 3808 2910 quandoquidem

2198 2933 2436 2988 inferius
2448 2929 2840 2997 ostendemus,
2870 2929 3018 2983 hanc
3034 2928 3332 2982 historiam
3345 2928 3472 2998 jam
3492 2927 3563 2982 ab
3589 2926 3812 2996 aliquot

487 3031 622 3071 vero
645 3016 939 3068 auctorem
970 3011 1174 3065 vidisse
1219 3011 1458 3065 citatum
1506 3010 1646 3065 illud
1673 3010 1996 3065 Chronicon
2027 3009 2098 3064 de
2139 3081 2176 3090 _
2199 3021 2524 3076 auctoribus
2549 3017 3035 3090 Anglissoriptam
3058 3017 3226 3071 fuisse
3241 3019 3374 3071 ante
3397 3014 3807 3070 annumJ370.

491 3101 728 3160 oxordio
753 3100 968 3156 ordinis
987 3098 1404 3154 Carthusiensis
1418 3099 1745 3170 colligimus
1766 3115 1832 3152 ex
1862 3099 1950 3152 his
1974 3114 2097 3152 ver-
2129 3081 2178 3141 (Τί
2271 3113 2394 3164 205,
2416 3081 2772 3161 «Ηθι-ιηεξηιιε
2793 3081 3174 3158 Stoonkonius
3203 3103 3315 3158 sive
3345 3121 3380 3158 a
3410 3103 3594 3168 poira,
3624 3101 3815 3172 patria

488 3192 576 3250 bis
607 3191 710 3246 sub
739 3188 969 3245 initium
992 3187 1348 3262 praefationis
1376 3205 1389 3243 :
1417 3209 1445 3238 «
1474 3188 1542 3241 Et
1571 3187 1704 3241 licet
1734 3186 1906 3258 primi
1933 3187 2100 3258 quin-

495 3303 525 3332 «ι
556 3296 668 3354 que
713 3280 932 3349 priores
989 3277 1082 3330 hic
1125 3275 1362 3330 inferius
1405 3273 1673 3345 descripti
1731 3274 1789 3328 in
1848 3275 2104 3346 pluribus

497 3394 527 3423 ‹‹
560 3368 854 3425 Chronicis
920 3365 1304 3436 reperiantur,
1365 3367 1563 3418 tamen
1625 3380 1976 3419 successores
2015 3382 2108 3420 eo-

499 3482 529 3511 ‹‹
555 3475 709 3525 rum,
739 3478 767 3506 ››
801 3454 1061 3510 etc.Cum
1085 3453 1240 3521 dicit,
1258 3452 1364 3506 «in
1391 3451 1648 3524 pluribus
1674 3453 2106 3519 Chronicis,»vi-

498 3547 666 3602 detur
692 3545 867 3600 etiam
883 3543 1212 3609 inuuere,se
1230 3539 1493 3595 habuisse
1515 3542 1826 3594 tractatum
1851 3542 2104 3610 Bosonis,

495 3636 587 3691 cui
613 3633 921 3707 praefatum
957 3630 1280 3686 Chronicon
1302 3629 1594 3696 inseritur,
1619 3632 1682 3683 ut
1704 3629 2006 3685 diximus.»
2024 3632 2108 3686 Ah

495 3725 606 3780 hoc
637 3721 912 3793 scriptore
945 3719 1194 3774 diversus
1215 3735 1332 3774 non
1359 3717 1604 3785 videtur,
1633 3735 1808 3790 quem
1835 3735 1988 3774 anno
2009 3718 2112 3772 cir-

498 3814 642 3871 citer
667 3815 804 3869 1390
843 3809 1150 3882 scripsisse,
1187 3805 1518 3864 Columbius
1547 3806 1606 3861 in
1635 3824 1737 3862 sua
1765 3809 1845 3863 De
1878 3808 2114 3863 Carthu-

496 3904 795 3960 sianorum
815 3899 990 3954 initiis
1011 3897 1412 3953 dissertatione
1458 3913 1622 3950 num.
1665 3897 1733 3951 54
1755 3897 1940 3952 docet.
1976 3898 2110 3951 Car-

495 3992 699 4048 thusiae
751 3990 1013 4062 priorum
1056 3988 1460 4057 chronologus,
1521 3986 1640 4050 aut,
1698 3983 1745 4038 si
1799 4001 1891 4038 res
1953 4001 2112 4038 secus

497 4077 700 4136 haberi
765 4077 918 4130 inter
981 4075 1285 4146 scriptores
1343 4072 1728 4143 Christianos,
1789 4072 1885 4144 qui
1961 4072 2114 4128 Pari-

499 4167 685 4222 siense
730 4163 981 4220 doctoris
1031 4162 1264 4217 redivivi
1288 4161 1618 4233 prodigium
1649 4161 1948 4218 memoriae
1977 4178 2115 4234 pro-

499 4255 716 4311 didere.

2203 3197 2626 3267 Scutdorpaaus,
2686 3192 2909 3247 Henrici
2937 3191 3198 3246 Kalkaris
3251 3208 3494 3257 coaevus,
3526 3190 3818 3262 professus

2206 3283 2517 3341 Carthusiae
2573 3281 2881 3337 Diestensis
2908 3280 3058 3334 circa
3083 3297 3304 3334 annum
3335 3282 3491 3346 1390,
3522 3282 3580 3333 et
3608 3277 3818 3332 deinde

2207 3375 2412 3429 domus
2434 3368 2800 3434 Trevirensis,
2852 3371 3026 3440 prout
3050 3368 3171 3422 hmc
3222 3367 3489 3422 ferebant
3527 3369 3817 3438 tempora,

2208 3479 2312 3535 per
2341 3460 2554 3515 multos
2577 3473 2760 3513 annos
2787 3455 3026 3511 vicarius
3048 3455 3389 3510 monialium
3416 3453 3821 3527 Brugensium,

2208 3549 2361 3622 apud
2391 3563 2532 3619 quas
2562 3562 2680 3600 non
2705 3544 2826 3598 sine
2846 3544 3162 3598 sanctitatis
3195 3543 3466 3616 opinione
3499 3542 3639 3598 obiit
3665 3557 3824 3596 anno

2213 3639 2349 3693 1428
2383 3637 2440 3690 in
2469 3637 2714 3689 tractatu
2755 3632 2939 3704 Super
2972 3631 3244 3686 Oratione
3286 3631 3608 3697 Dominica,
3643 3645 3823 3702 quem

2207 3725 2457 3780 Joannes
2487 3721 2904 3793 deWestphalia
2924 3721 3315 3792 typographus
3341 3736 3494 3775 anno
3527 3721 3662 3774 1484
3679 3735 3826 3790 prae-

2211 3815 2265 3868 lo
2287 3811 2533 3877 excudit,
2567 3809 2637 3864 de
2667 3813 2826 3864 tanto
2855 3809 3177 3881 spectaculo
3209 3808 3308 3863 dat
3333 3806 3728 3863 testimonium
3757 3805 3820 3860 in

2209 3902 2333 3956 haec
2357 3899 2564 3954 verba:
2598 3920 2626 3947 «
2649 3897 2924 3952 Similiter
2947 3897 3056 3951 fuit
3085 3897 3268 3952 deillo
3302 3897 3512 3952 misero
3541 3895 3819 3967 magistro

2211 4009 2244 4041 «
2274 3991 2513 4059 regente
2568 3985 2794 4040 Parisiis
2823 3986 2882 4039 in
2914 3985 3224 4057 theologia,
3273 3985 3343 4040 de
3374 4002 3486 4057 quo
3517 3983 3729 4055 legitur
3755 3981 3820 4036 in

2215 4100 2243 4127 «
2271 4075 2567 4132 Chronicis
2623 4073 2934 4130 Carthusiaa
2981 4091 2996 4130 :
3049 4093 3082 4126 ‹‹
3110 4073 3217 4138 Qui
3260 4090 3392 4128 cum
3425 4077 3821 4143 essetmagna

2213 4188 2243 4217 ‹‹
2275 4163 2546 4230 scientiae,
2573 4178 2639 4217 ac
2670 4162 2839 4218 bona:
2859 4165 2917 4216 et
2950 4165 3160 4217 sanctae
3189 4161 3318 4216 vitae
3351 4158 3822 4233 putaretur,obiit

2213 4274 2243 4306 (ι
2272 4255 2422 4308 circa
2463 4268 2682 4306 annum
2717 4253 2872 4317 1082,
2897 4250 2971 4304 ad
3007 4251 3166 4321 cujus
3191 4249 3485 4321 exsequias
3509 4265 3640 4304 cum
3667 4262 3820 4320 pene

571 4343 919 4399 204.Horum
936 4337 1112 4396 modo
1131 4357 1196 4395 ex
1210 4337 1585 4394 Carthusiano
1599 4341 1796 4393 nostro
1813 4355 2106 4412 anonymo
2129 4340 2182 4400 D
2213 4364 2240 4393 «
2271 4339 2608 4396 universitas
2640 4339 3051 4410 magistrorum
3077 4342 3135 4393 et
3163 4338 3491 4393 scholarum
3518 4335 3819 4392 convenis-

500 4431 708 4489 seriem
734 4445 1072 4504 prosequor.
1111 4450 1139 4480 «
1167 4427 1442 4482 Henricus
1484 4427 1717 4494 Kalkar,
1741 4427 1942 4482 doctor
1971 4444 2110 4499 quo-

500 4521 661 4578 niam
700 4518 1052 4586 Parisiensis,
1100 4516 1261 4588 prior
1291 4514 1720 4571 Carthusiarum
1754 4514 2108 4572 Coloniensis

499 4611 559 4664 et
604 4605 1056 4680 Argentinensis,
1084 4609 1143 4660 et
1172 4620 1276 4676 per
1316 4605 1509 4675 plures
1545 4619 1728 4658 annos
1754 4601 2106 4658 diversarum

499 4696 923 4772 provinciarum
965 4694 1222 4750 visitator
1251 4696 1310 4747 et
1338 4691 1782 4761 commissarius,
1834 4693 2108 4749 abdicatis

500 4787 772 4844 omnibus
802 4784 1024 4851 ofﬁciis,
1049 4800 1180 4838 cum
1213 4799 1273 4836 se
1301 4779 1685 4853 recepissetin
1713 4781 2103 4850 solitudinem,

497 4877 652 4934 inter
678 4877 890 4948 plures,
921 4890 1063 4947 quos
1088 4871 1291 4940 edidit,
1324 4871 1500 4926 libros
1543 4887 1726 4925 unum
1771 4872 2107 4944 conscripsit

501 4995 532 5026 «
559 4974 640 5030 De
667 4975 797 5028 ortu
835 4974 894 5026 et
925 4987 1231 5044 progressu
1254 4967 1470 5023 ordinis
1492 4966 1925 5034 Carthusiensis,
1951 4989 1978 5016 »
2013 4985 2107 5022 cu-

489 5063 585 5136 jus
634 5061 820 5116 multa
865 5059 1220 5132 exemplaria
1251 5058 1614 5112 asservantur
1658 5055 1717 5109 in
1748 5055 2106 5111 bibliothecis

499 5149 854 5208 Coloniensis
873 5152 932 5205 et
956 5146 1310 5204 Divionensis
1349 5143 1806 5210 Carthusiarum,
1840 5161 1905 5199 ac
1917 5145 2106 5201 civita-

494 5238 568 5295 tis
592 5237 924 5294 Basileensis
954 5240 1013 5292 et
1033 5235 1258 5291 alibiJn
1272 5233 1382 5288 hoc
1397 5234 1646 5287 tractatu
1660 5232 1828 5302 hujus
1843 5232 2104 5288 damnati

493 5327 772 5384 miserum
787 5325 1020 5382 exitium
1033 5319 2101 5390 concisioribuscomprehenditverbis,

494 5419 561 5472 ut
581 5417 874 5489 sequitur:
927 5435 956 5465 «
981 5413 1094 5468 Sed
1119 5430 1251 5469 ecce
1289 5412 1348 5467 in
1389 5409 1728 5476 tenebrosis,
1759 5426 1825 5464 ex
1859 5411 2103 5482 perfidia

495 5524 526 5555 «
557 5503 830 5571 maxime,
870 5500 978 5558 illis
1020 5502 1272 5557 ecclesia:
1307 5497 1836 5574 quassationibus...
1870 5499 1968 5553 Dei
1989 5500 2098 5555 mi—

493 5611 524 5644 «
552 5591 864 5650 sericordia
882 5605 1034 5650 nova
1051 5591 1146 5646 lux
1173 5607 1278 5664 per
1289 5591 1465 5648 ﬁdem
1492 5601 1572 5645 ex
1585 5589 1784 5644 exorta
1813 5586 2096 5646 Parisien-

2211 4452 2238 4481 ‹‹
2266 4433 2373 4497 set,
2404 4433 2461 4486 et
2491 4427 2719 4500 sepeliri
2750 4427 3008 4492 deberet,
3065 4428 3219 4481 clara
3265 4443 3421 4494 voce,
3455 4424 3671 4480 cunctis
3713 4440 3820 4478 au-

2211 4542 2238 4569 ‹‹
2272 4517 2580 4585 dientibus,
2633 4515 2773 4570 dixit
2803 4529 2818 4569 :
2865 4537 2893 4565 ‹‹
2923 4515 3102 4570 Justo-
3142 4513 3242 4569 Dei
3265 4514 3481 4586 judicio
3522 4515 3822 4569 accusatus

2209 4629 2239 4658 ι(
2264 4623 2414 4662 sum.
2448 4627 2476 4655 ››
2508 4603 2780 4677 Sequenti
2811 4603 2902 4658 die
2947 4604 3130 4658 multo
3167 4603 3422 4675 pluribus
3451 4600 3820 4674 congregatis

2206 4714 2240 4749 α
2271 4695 2410 4750 dixit
2441 4711 2455 4751 :
2493 4716 2520 4745 «
2545 4694 2701 4748 Justo
2736 4691 2836 4748 Dei
2855 4692 3072 4763 judicio
3093 4691 3382 4763 judicatus
3411 4707 3558 4746 sum.
3593 4711 3621 4740 »
3671 4689 3823 4754 Qua-

2207 4788 2445 4858 propter
2466 4785 2786 4838 reservatus
2810 4798 2986 4836 usoue
3013 4781 3084 4836 ad
3107 4780 3285 4836 alium
3316 4780 3492 4848 diem,
3529 4795 3661 4836 cum
3691 4781 3818 4834 tota

2205 4871 2401 4927 civitas
2424 4870 2802 4938 convenisset,
2843 4870 2982 4925 dixit
3027 4885 3225 4925 coram
3253 4867 3556 4925 omnibus:
3597 4889 3626 4917 ‹‹
3653 4867 3818 4924 Iusto

2205 4961 2306 5016 Dei
2349 4959 2568 5032 judicio
2611 4959 3032 5014 condemnatus
3078 4975 3229 5013 sum.
3256 4979 3285 5007 »
3321 4957 3460 5012 Ecce
3507 4979 3536 5007 «
3566 4955 3821 5028 qualiter

2207 5050 2350 5105 «ille
2374 5050 2518 5104 falso
2574 5052 2632 5103 et
2661 5049 2848 5103 solum
2893 5050 3242 5120 apparenter
3299 5046 3495 5100 lucens
3546 5044 3817 5116 expulsus

2208 5160 2236 5188 α
2265 5137 2372 5192 fuit
2402 5138 2473 5192 de
2503 5138 2627 5192 luce
2657 5153 2761 5191 sua
2785 5135 2860 5191 ad
2901 5152 3063 5190 veras
3099 5135 3386 5189 tenebras.
3420 5151 3452 5186 »
3503 5132 3663 5187 Idem
3693 5135 3821 5188 tra-

2203 5228 2386 5280 ctatus
2411 5221 2597 5281 editus
2613 5228 2698 5280 est
2718 5222 3068 5295 Rothomagi
3097 5239 3250 5278 anno
3286 5225 3422 5277 1512
3452 5237 3556 5294 per
3585 5220 3828 5278 Richar-

2203 5313 2343 5369 dum
2386 5315 2621 5387 Ooupil;
2662 5313 2762 5368 sed
2788 5328 3095 5385 perperam
3125 5315 3323 5366 auctor
3359 5310 3682 5382 appellatur
3703 5310 3823 5364 Ar-

2203 5403 2428 5471 noldus,
2455 5418 2629 5475 quem
2662 5419 2728 5456 ex
2752 5401 2963 5456 chartis
2987 5398 3394 5474 capitularibus
3432 5397 3648 5454 ordiuis
3671 5414 3822 5454 con-

2199 5493 2310 5546 stat
2334 5492 2686 5565 appellatum
2705 5489 2877 5546 fuisse
2907 5490 3325 5544 Hermannum.

2277 5585 2402 5638 206.
2435 5599 2469 5635 α
2493 5580 2778 5653 Aymarus
2808 5577 3014 5636 Savelli
3042 5576 3330 5650 professus
3382 5575 3620 5648 majoris
3673 5575 3822 5634 Car-
