4122 6058
271 279 366 330 121

1851 272 2034 333 ACTA

3500 287 3600 341 122

266 396 497 464 thasiae,
518 397 680 470 cujus
699 401 1136 471 procuratorem
1183 398 1302 471 egit
1327 414 1432 472 per
1474 415 1659 455 annos
1689 398 1891 471 viginti
1911 405 1964 462 Α
1990 404 2252 473 protectu
2283 403 2592 473 tenuisset;
2616 404 2707 459 hic
2735 403 2891 459 inter
2912 407 3123 459 caetera
3148 421 3263 460 suae
3294 405 3519 476 pietatis
3544 413 3604 465 et

267 486 612 559 etamplius,
634 487 708 542 ab
727 503 885 542 anno
897 486 1158 541 videlicet
1173 489 1308 542 1438
1333 486 1407 541 ad
1422 491 1674 542 mortem
1690 504 1888 559 usque,

270 593 448 649 quam
480 576 625 631 obiit
638 591 794 630 anno
832 578 987 643 1459,
1018 578 1142 631 toto
1171 576 1281 631 hoc
1304 578 1569 648 tempore
1595 577 1787 646 plures
1823 575 1890 629 1i-

269 665 425 731 bros,
451 680 599 736 quos
624 664 1109 736 Recognitionum
1123 668 1348 732 vocant,
1370 664 1593 736 scripsit
1616 665 1702 718 vel
1723 663 1894 719 scribi

267 751 510 807 curavit.
540 754 699 808 Inter
722 768 868 824 quos
890 769 1039 808 unus
1066 752 1250 807 adhuc
1274 755 1455 807 exstat
1476 751 1717 824 scriptus
1737 767 1892 806 anno

271 842 433 908 4455,
462 840 527 894 in
557 856 673 912 quo
700 841 823 895 haec
874 844 1072 896 nostra
1116 840 1355 896 historia
1403 840 1608 895 iisdem
1663 856 1895 912 prorsus

267 928 488 996 verbis,
532 929 742 1000 quibus
782 930 1032 984 habetur
1068 929 1127 983 in
1182 929 1361 984 veteri
1414 932 1610 983 nostro
1661 931 1894 982 auctore

266 1033 596 1087 anonymo,
624 1017 967 1088 exprimitur
991 1034 1122 1072 cum
1138 1019 1239 1071 tali
1255 1017 1628 1089 inscriptione
1652 1016 1723 1070 ad
1740 1015 1897 1070 fron-

264 1109 431 1160 tem:
467 1127 496 1155 «
524 1105 831 1170 Quomodo
864 1106 1005 1161 ordo
1048 1106 1464 1161 Carthusiensis
1493 1104 1695 1159 habuit
1726 1103 1897 1175 origi-

270 1218 299 1245 α
321 1210 489 1249 nem.
522 1215 552 1243 ››
585 1194 909 1266 Statimque
946 1200 1073 1265 post
1107 1197 1438 1250 enarratam
1464 1193 1765 1247 historiam
1807 1209 1895 1247 se-

268 1285 533 1356 quuntur
563 1283 769 1338 littera;
805 1282 1159 1338 fundationis
1185 1282 1496 1337 Carthusia:
1548 1282 1685 1336 anni
1736 1282 1890 1336 1084.

268 1371 438 1427 Unde
466 1375 760 1443 putamus,
788 1375 992 1427 natum
1018 1388 1277 1427 errorem
1312 1373 1378 1426 D.
1424 1370 1721 1443 Polycarpi
1749 1369 1818 1423 de
1840 1370 1896 1423 la

270 1461 524 1527 Riviera,
558 1460 712 1515 inter
728 1463 1009 1527 auctores,
1032 1460 1129 1532 qui
1158 1459 1489 1530 hujusmodi
1504 1458 1753 1530 prodigii
1779 1473 1898 1511 me-

272 1549 600 1617 minerunt,
626 1548 860 1604 easdem
880 1550 1098 1604 litteras
1108 1548 1478 1613 recensentis,
1498 1551 1699 1603 contra
1721 1562 1897 1618 quem

270 1642 612 1711 propterea,
640 1638 794 1692 velut
820 1639 989 1693 malae
1020 1639 1076 1692 in
1102 1637 1404 1693 scribendo
1422 1636 1555 1691 fidei
1570 1636 1894 1702 hominem,

271 1727 568 1782 Launoius
589 1728 762 1800 paulo
791 1727 976 1782 acrius
1001 1727 1193 1783 invehi
1218 1727 1366 1781 visus
1385 1729 1490 1780 est.

343 1818 476 1871 207.
513 1838 543 1865 «
580 1816 879 1888 Dionysius
908 1816 1214 1885 Richelius,
1245 1818 1418 1887 vulgo
1461 1814 1644 1869 dictus
1689 1814 1901 1868 Doctor

271 1905 577 1974 extaticus,
605 1905 704 1979 qui
721 1906 874 1962 inter
890 1923 996 1961 nos
1014 1906 1210 1962 floruit
1224 1907 1296 1962 ab
1313 1922 1467 1961 anno
1493 1903 1718 1972 circiter
1740 1903 1896 1970 1423,

272 1995 347 2049 ad
373 2011 604 2049 annum
632 1997 790 2064 1471,
817 2013 932 2069 quo
983 2014 1014 2051 e
1042 1996 1176 2051 vivis
1222 1994 1495 2062 discessit,
1530 1992 1589 2047 in
1627 1994 1896 2059 tractatu,

276 2105 307 2134 α
358 2085 443 2139 De
483 2085 776 2156 praeconio
807 2085 921 2140 sive
952 2086 1119 2140 laude
1161 2082 1576 2139 Carthusiensis
1607 2080 1843 2149 ordinis,
1865 2100 1895 2130 »

274 2171 431 2226 inter
478 2189 586 2228 sua
615 2175 889 2246 opuscula
925 2175 1130 2246 saepius
1161 2173 1315 2229 edito
1359 2173 1429 2228 de
1477 2187 1646 2227 causa
1686 2173 1899 2225 nostra;

272 2260 652 2316 institutionis
690 2262 931 2318 articulo
958 2263 1147 2335 primo
1172 2263 1296 2318 haec
1322 2262 1534 2316 habet:
1562 2282 1589 2311 ιι
1620 2258 1898 2331 Agnitum

274 2370 304 2399 ν
344 2351 524 2423 plane
555 2354 729 2423 atque
753 2352 1045 2407 famosum
1074 2354 1161 2406 est
1185 2352 1528 2407 miraculum
1556 2349 1699 2404 illud
1719 2365 1901 2402 resus-

274 2457 304 2487 ιω
348 2437 511 2493 citati
538 2439 766 2493 Parisiis
789 2440 1025 2507 mortui,
1055 2439 1116 2494 in
1137 2439 1432 2511 theologia
1455 2436 1736 2510 magistri,
1754 2436 1898 2490 facie

272 2546 307 2579 »
346 2529 522 2582 tenus
541 2525 796 2596 virtuosi,
814 2528 1139 2601 grandique
1156 2545 1390 2584 morum
1408 2529 1704 2582 venustate
1723 2525 1901 2581 forin-
1931 2536 1936 2541 '

274 2636 306 2664 η
347 2632 514 2671 secus
530 2615 805 2684 decorati,
825 2618 922 2690 qui
950 2618 1133 2673 altera
1161 2618 1349 2673 obitus
1379 2616 1465 2671 sui
1495 2616 1586 2670 die
1616 2632 1680 2670 ac
1710 2614 1902 2686 prima

274 2726 306 2755 ιο
347 2704 439 2759 sui
481 2707 906 2761 resurrectione
938 2706 1168 2778 erigens
1206 2723 1265 2762 se
1303 2706 1363 2761 in
1398 2707 1612 2761 feretro
1658 2702 1902 2758 terribili

275 2816 307 2844 ι»
347 2794 599 2868 protulit
630 2799 949 2868 apparatu:
984 2818 1013 2847 «
1042 2796 1201 2851 Justo
1244 2795 1347 2851 Dei
1389 2794 1569 2866 judici
1611 2795 1906 2848 accusatus

275 2903 307 2932 ››
347 2900 503 2937 sum.
534 2904 566 2932 »
601 2885 778 2940 Porro
800 2884 1062 2956 sequenti
1094 2883 1185 2939 die
1214 2882 1525 2939 terribilius
1550 2883 1662 2938 ait:
1692 2904 1720 2932 «
1745 2882 1904 2937 Justo

277 2992 307 3021 κ
350 2972 455 3027 Dei
468 2971 691 3043 judicio
701 2972 992 3044 judicatus
1008 2989 1157 3027 sum.
1187 2993 1216 3021 ››
1243 2970 1433 3026 Tertia
1458 2974 1653 3026 autem
1676 2970 1768 3026 die
1790 2972 1907 3024 ter-

277 3081 307 3111 »
348 3061 688 3117 ribilissima
714 3078 852 3117 voce
879 3061 1276 3134 deprompsit:
1313 3082 1340 3112 «
1369 3062 1526 3115 Justo
1558 3059 1660 3115 Dei
1691 3059 1909 3132 judicio

276 3170 309 3201 ιθ
346 3151 711 3206 aeternaliter
737 3168 865 3207 sum
892 3151 1252 3206 damnatus.»
1270 3150 1365 3222 Cuj
1377 3168 1438 3205 us
1463 3149 1757 3205 occasione
1783 3164 1914 3222 pro-

277 3262 307 3289 ιι
347 3240 494 3312 digii
543 3240 686 3295 ordo
718 3240 889 3315 caepit
919 3241 1351 3296 Carthusiensis.
1391 3240 1488 3295 Vir
1530 3240 1742 3314 quippe
1779 3242 1909 3296 altae

277 3350 307 3378 ι»
352 3330 846 3385 considerationis
867 3330 1145 3401 magister
1175 3331 1385 3397 Bruno,
1418 3350 1445 3380 »
1481 3334 1587 3384 etc.
1615 3330 1758 3385 Cum
1775 3329 1912 3385 dicit

278 3419 624 3491 Dionysius:
658 3441 686 3470 «
716 3420 993 3492 Agnitum
1033 3420 1227 3491 plane,
1258 3440 1286 3468 »
1322 3419 1653 3492 addensque
1684 3441 1712 3470 «
1736 3423 1908 3492 atque

280 3507 605 3576 famosum,
638 3529 667 3557 »
716 3508 922 3563 clarius
969 3509 1089 3564 sole
1131 3508 1368 3575 indicat,
1411 3509 1633 3562 nullum
1666 3509 1924 3564 omnino

281 3596 457 3650 fuisse
472 3596 719 3651 dubium
730 3599 867 3652 tunc
879 3596 1179 3668 temporis,
1203 3613 1316 3669 quo
1336 3596 1491 3665 vixit,
1521 3613 1733 3669 nempe
1754 3613 1908 3652 anno

288 3688 428 3745 1423
460 3687 537 3742 de
565 3686 716 3742 dicto
747 3688 1090 3760 spectaculo,
1116 3686 1216 3741 sed
1234 3686 1422 3758 potius
1440 3686 1826 3742 certissimum
1845 3702 1910 3741 ac

282 3776 657 3834 verissimum
685 3774 878 3844 fuisse,
924 3791 1057 3830 cum
1100 3773 1242 3830 illud
1295 3774 1506 3847 ubique
1550 3773 1910 3848 divulgatum

287 3869 483 3934 esset;
516 3864 645 3919 haec
682 3864 841 3919 enim
886 3863 1167 3918 vocabula
1202 3885 1230 3914 «
1254 3862 1518 3934 agnitum
1561 3865 1754 3936 plane,
1789 3885 1818 3914 »
1852 3867 1910 3919 et

287 3976 321 4008 ς
348 3955 653 4009 famosum
676 3970 707 4004 »
727 3951 1074 4025 significant.
1099 3951 1236 4015 Quae
1255 3951 1431 4006 etiam
1451 3955 1781 4023 congruunt
1798 3952 1907 4019 his,

289 4059 425 4115 qua:
451 4040 730 4096 Henricus
752 4040 986 4107 Kalkar,
1008 4056 1185 4112 quem
1206 4038 1451 4094 diximus
1469 4056 1640 4112 supra
1653 4040 1780 4111 jam
1795 4041 1909 4095 cla-

287 4132 478 4187 ruisse
508 4144 665 4184 anno
699 4129 855 4195 1340,
888 4127 1130 4195 dixerat,
1152 4143 1365 4199 nempe
1388 4128 1498 4184 hoc
1522 4129 1913 4185 communiter

288 4217 547 4293 reperiri
568 4217 845 4289 scriptum
876 4217 1031 4291 apud
1060 4216 1506 4273 Carthusienses.

365 4279 497 4364 .208.
545 4326 579 4361 α
610 4279 1021 4362 Bernadus.de
1050 4307 1221 4379 Egra,
1282 4307 1568 4379 professus
1610 4307 1912 4364 destructas
1931 4279 1985 4338 D

292 4398 512 4454 domus
541 4396 890 4468 Lignicensis
914 4395 975 4452 in
1006 4395 1227 4465 Silesia,
1250 4396 1405 4451 virin
1432 4396 1634 4451 divinis
1659 4396 1910 4469 Scriptu-

290 4488 374 4544 ris
398 4485 689 4542 studiosus
718 4488 776 4539 et
801 4485 1074 4551 eruditus,
1114 4485 1195 4540 ait
1220 4484 1586 4553 Trithemius,
1617 4486 1911 4560 dialogum

289 4574 629 4648 composuit
674 4589 831 4629 anno
869 4575 998 4629 1481
1055 4593 1084 4623 α
1111 4575 1192 4629 De
1249 4573 1513 4629 laudibus
1542 4577 1600 4630 et
1625 4574 1929 4632 miraculis-

288 4667 485 4723 beatte
506 4683 541 4717 α
564 4663 753 4719 Mariae
773 4661 1038 4734 Virginis,
1067 4685 1090 4711 ι
1134 4662 1481 4736 impressum
1526 4663 1726 4737 Lipsiae
1757 4681 1912 4720 anno

294 4757 441 4812 1493
466 4753 665 4809 statim
687 4755 819 4826 post
832 4754 1085 4807 mortem
1113 4751 1395 4822 auctoris';
1417 4752 1476 4808 in
1493 4770 1608 4826 quo
1628 4753 1913 4826 originem

290 4843 526 4901 ordinis
552 4840 967 4899 Carthusiensis
1012 4844 1247 4897 enarrat
1301 4841 1446 4910 fera,
1506 4845 1680 4914 prout
1707 4842 1916 4914 legitur

291 4935 354 4991 in
386 4933 677 4990 Chronico
719 4931 1051 5001 Carthasim,
1084 4932 1240 5005 quod
1270 4932 1344 4987 ab
1381 4932 1564 4989 altero
1595 4948 1913 5004 anonymo,

292 5026 404 5081 sub
429 5021 670 5079 Elizario
698 5021 965 5089 ﬂorente,
992 5021 1380 5095 conscriptum
1410 5021 1676 5077 diximus.
1713 5022 1914 5077 Henri-

292 5132 397 5171 cus
433 5110 679 5168 Arnoldi
709 5111 780 5167 de
817 5110 1093 5178 Alveldia,
1124 5110 1243 5182 qui,
1300 5127 1405 5184 per
1433 5110 1689 5183 quinque
1733 5127 1918 5168 annos

295 5201 515 5260 notarii
540 5217 783 5257 munere
813 5199 875 5255 in
908 5198 1212 5254 Basileensi
1267 5198 1510 5255 concilio
1559 5199 1914 5271 perfunctus,

295 5307 523 5349 nomen
542 5289 733 5346 ordini
754 5288 916 5344 dedit
931 5288 992 5343 in
1014 5287 1311 5344 Carthusia
1325 5287 1585 5359 ejusdem
1602 5287 1759 5343 urbis
1769 5288 1919 5345 circa

296 5399 456 5439 anno
490 5379 651 5449 1436,
678 5378 928 5452 vixitque
946 5393 1078 5432 cum
1112 5375 1274 5431 omni
1301 5376 1471 5431 laude
1499 5393 1678 5448 usque
1708 5377 1783 5433 ad
1811 5395 1915 5434 an-

297 5488 444 5527 num
456 5474 483 5526 1
493 5471 624 5538 487,
646 5471 956 5541 postquam
974 5464 1242 5538 regimen
1254 5463 1514 5535 ejusdem
1530 5464 1737 5521 domus
1752 5468 1919 5524 annis

298 5559 546 5636 triginta
572 5560 633 5617 et
673 5554 922 5633 amplius
953 5571 1092 5615 cum
1119 5552 1415 5627 utriusque
1432 5554 1624 5613 status
1660 5558 1920 5621 maximo

1994 491 2269 545 doctrinae
2291 495 2695 559 monumenta,
2729 494 2799 548 de
2829 493 3035 565 quibus
3062 495 3335 562 Petreius,
3375 495 3603 568 reliquit

1992 579 2169 634 etiam
2218 581 2404 636 Vitam
2451 582 2631 637 sancti
2664 582 2967 650 Brunonis,
2999 599 3173 656 quam
3222 583 3456 655 quidem
3484 602 3603 640 non

1992 667 2256 737 vidimus,
2307 670 2407 725 sed
2451 687 2581 725 eam
2633 670 2908 725 asservari
2953 670 3014 725 in
3058 670 3406 727 bibliotheca
3448 672 3607 728 urbis

1995 757 2346 826 Basileensis,
2390 762 2448 813 et
2477 759 2534 815 in
2560 776 2629 813 ea
2651 759 2777 813 ﬁeri
2814 760 3177 815 mentionem
3209 760 3471 816 damnati
3499 761 3606 815 ho-

1994 846 2188 913 minis,
2210 851 2453 902 testatur
2480 848 2828 903 reverendus
2853 851 3024 904 Pater
3042 849 3377 904 Mabilonius
3407 850 3466 905 in
3506 865 3608 905 suo

1992 935 2203 990 Itinere
2233 937 2573 991 Germanico
2602 937 2688 991 his
2721 938 2939 992 verbis:

2065 1028 2188 1079 209.
2249 1044 2281 1077 «
2310 1026 2373 1079 In
2407 1026 2620 1081 minori
2650 1026 2889 1094 Basilea,
2925 1044 3052 1099 quae
3094 1026 3305 1098 mojori
3342 1026 3612 1099 jungitur

1994 1133 2022 1163 ››
2066 1116 2241 1185 ponte
2271 1114 2455 1168 Rheni
2486 1115 2744 1181 sublicio,
2774 1119 2907 1169 ante
2950 1119 3141 1170 motus
3181 1116 3492 1170 Helveticos
3517 1116 3607 1170 in-

1995 1222 2023 1251 »
2066 1202 2241 1272 signis
2272 1202 2569 1258 Carthusia
2613 1205 2890 1271 exstabat,
2935 1222 2998 1258 ex
3046 1222 3159 1276 qua
3187 1205 3351 1259 multi
3382 1205 3608 1259 codices

1995 1309 2028 1342 »
2065 1290 2125 1344 in
2155 1290 2444 1361 publicam
2480 1291 2663 1359 illam,
2696 1309 2871 1363 quam
2896 1293 3154 1364 superius
3181 1292 3604 1365 descripsimus,

1996 1398 2028 1431 »
2067 1378 2477 1435 bibliothecam
2508 1381 2837 1452 transpositi
2866 1385 3017 1435 sunt.
3052 1384 3203 1436 Duos
3240 1384 3465 1436 tantum
3502 1397 3608 1436 no-

1995 1486 2029 1520 »
2066 1471 2190 1522 tare
2220 1468 2401 1539 juvat,
2428 1486 2632 1537 unum,
2668 1470 2764 1541 qui
2795 1469 3067 1541 Guigonis
3083 1472 3298 1524 statuta
3327 1469 3606 1535 continet,

1996 1575 2029 1609 »
2068 1557 2338 1625 alterum,
2371 1557 2469 1629 qui
2497 1558 2673 1612 vitam
2699 1558 2880 1613 sancti
2904 1558 3203 1625 Brunonis,
3235 1558 3609 1630 incipientem

1997 1663 2030 1697 λ)
2067 1645 2155 1699 his
2180 1645 2407 1700 verbis:
2454 1668 2483 1695 «
2513 1645 2677 1710 Quod
2708 1646 2956 1717 sapiens,
2985 1644 3395 1700 exhortationis
3424 1644 3614 1716 gratia

1922 1726 1973 1784 B
1999 1734 2154 1789 dicit.
2178 1753 2211 1787 »
2266 1736 2329 1788 In
2358 1734 2474 1789 ﬁne
2502 1735 2625 1789 haec
2670 1736 2945 1805 leguntur
2987 1752 3001 1789 :
3055 1735 3253 1788 Frater
3301 1733 3613 1788 Ludovicus

1998 1842 2031 1877 ιδ
2068 1824 2269 1888 Moser,
2299 1823 2617 1878 monachus
2635 1823 2923 1894 professus
2938 1823 3107 1893 hujus
3126 1822 3283 1876 vallis
3312 1822 3372 1875 Β.
3389 1822 3612 1893 Marga-

1998 1933 2027 1964 »
2068 1916 2208 1967 retas
2236 1912 2487 1979 Basileae,
2524 1911 2741 1967 ordinis
2768 1910 3200 1977 Carthusiensis,
3226 1910 3379 1965 hunc
3426 1913 3614 1965 trans-

1999 2020 2032 2055 »
2069 2000 2285 2073 umpsit
2301 2018 2367 2056 ex
2386 2001 2806 2072 chalcographo
2824 2000 3007 2055 Patris
3027 1998 3253 2054 Henrici
3272 1998 3343 2053 de
3361 1998 3619 2054 Alveldia

2000 2110 2029 2143 ι
2071 2091 2330 2163 ejusdem
2364 2091 2571 2145 domus
2599 2088 2898 2161 quondam
2926 2088 3153 2161 prioris,
3180 2104 3334 2143 anno
3371 2074 3615 2155 1486,18

1999 2200 2027 2229 ››
2071 2180 2162 2235 die
2183 2179 2409 2252 Aprilis,
2439 2194 2594 2233 anno
2612 2177 2837 2250 praefati
2865 2176 3048 2231 Patris
3068 2176 3297 2231 Henrici
3322 2175 3381 2230 in
3413 2175 3618 2230 ordine

1998 2288 2030 2322 »
2072 2267 2564 2323 Carthusiensium
2592 2283 2645 2321 L.
2683 2267 2813 2321 Hzaec
2833 2266 3044 2320 idcirco
3077 2268 3282 2320 notare
3306 2264 3487 2319 visum
3510 2266 3619 2331 est,

1998 2378 2027 2408 »
2070 2356 2225 2431 quod
2253 2356 2313 2411 id
2343 2373 2412 2411 eo
2442 2355 2633 2411 libello
2666 2358 2872 2427 agatur
2892 2354 2963 2409 de
2988 2353 3190 2408 funere
3215 2354 3440 2408 famoso
3466 2350 3617 2406 illius

1997 2466 2031 2499 »
2069 2445 2319 2501 doctoris
2362 2444 2712 2499 Parisiensis.
2761 2462 2794 2496 >>
2840 2444 2969 2498 Ηωο
3011 2442 3370 2498 Mabilonius.
3414 2442 3616 2496 Petrus

1999 2534 2342 2601 Dorlandus,
2375 2532 2602 2588 Henrici
2639 2530 2881 2586 Arnoldi
2919 2547 3153 2604 suppar,
3181 2530 3499 2585 monachus
3523 2528 3615 2584 in-

1997 2622 2329 2695 tegerrimaz
2352 2622 2502 2689 vitae,
2518 2620 2807 2693 professus
2827 2626 2884 2674 et
2896 2619 3035 2674 olim
3047 2618 3288 2672 vicarius
3305 2616 3616 2672 Carthusia:

2001 2710 2329 2779 Diestensis,
2358 2711 2417 2766 in
2444 2727 2559 2783 qua
2598 2712 2656 2763 et
2684 2708 2938 2781 piissime
2982 2707 3286 2762 defunctus
3334 2710 3420 2760 est
3460 2720 3616 2760 anno

2006 2805 2163 2869 1507,
2190 2801 2344 2855 inter
2360 2802 2591 2865 multas,
2615 2815 2756 2870 quas
2774 2796 3016 2869 posteris
3042 2795 3292 2867 reliquit,
3317 2794 3618 2849 elucubra-

2004 2891 2213 2959 tiones,
2238 2889 2562 2945 Chronicon
2591 2886 3014 2951 Carthusiense,
3040 2887 3263 2957 septem
3286 2882 3619 2938 distinctum

2007 2978 2186 3046 libris,
2217 2977 2477 3050 scripsit;
2506 2993 2680 3049 quem
2730 2979 2927 3030 noster
2978 2974 3233 3028 Petreius
3286 2972 3438 3026 notis
3490 2970 3620 3026 illu-

2010 3071 2254 3123 stratum
2280 3066 2531 3138 vulgavit
2561 3081 2715 3119 anno
2761 3066 2917 3118 1608.
2959 3064 3022 3116 In
3054 3079 3122 3116 eo
3151 3060 3320 3131 hujus
3366 3058 3620 3114 historias
3674 3092 3677 3095 λ

2009 3155 2411 3221 substantiam,
2470 3157 2695 3209 mutato
2750 3152 2987 3225 quidem
3036 3151 3203 3222 stylo,
3253 3147 3468 3216 retulit,
3519 3146 3622 3202 sed

2009 3246 2167 3300 nulla
2198 3244 2393 3298 addita
2423 3241 2871 3307 circumstantia,
2903 3256 3031 3312 qua:
3051 3237 3279 3293 differat
3291 3235 3464 3303 abiis,
3491 3251 3621 3307 quae

2008 3334 2378 3408 reperiuntur
2404 3350 2463 3387 1n
2492 3331 2774 3387 Chronico
2816 3328 3093 3401 anonymi
3122 3324 3421 3383 scribentis
3471 3324 3624 3380 circa

2008 3441 2231 3480 annum
2264 3425 2424 3489 1300,
2460 3421 2530 3476 de
2561 3436 2674 3492 quo
2706 3436 2898 3492 supra.
2929 3419 3042 3473 Nec
3073 3416 3250 3473 etiam
3277 3415 3415 3471 facit
3453 3429 3621 3469 men-

2007 3518 2230 3569 tionem
2278 3509 2538 3566 lectionis
2575 3511 2795 3581 quartae
2834 3506 3174 3578 Vigiliarum
3204 3521 3311 3579 pro
3355 3502 3620 3570 mortuis,

2008 3606 2071 3658 ut
2095 3603 2345 3668 incaute,
2388 3600 2497 3667 vel,
2542 3599 2774 3654 labente
2827 3595 3135 3663 memoria,
3189 3592 3433 3650 credidit
3473 3592 3619 3647 Lau-

2008 3708 2210 3763 noyus.
2244 3709 2272 3738 ››

2079 3781 2204 3835 210.
2248 3778 2435 3849 Atque
2480 3774 2542 3830 bi
2588 3773 2807 3831 ordinis
2850 3769 3265 3828 Carthusiensis
3313 3768 3621 3840 scriptores

2009 3870 2140 3923 sunt
2185 3866 2391 3921 saeculo
2430 3866 2587 3919 sexto
2632 3863 2857 3917 decimo
2901 3859 3273 3932 antiquiores,
3333 3874 3368 3911 a
3413 3855 3622 3928 quibus

2007 3955 2402 4030 prodigiosam
2461 3951 2710 4008 doctoris
2749 3948 3080 4005 Parisiensis
3138 3943 3450 4002 anastasim
3494 3959 3620 3999 me-

2010 4046 2211 4103 moriis
2241 4043 2534 4116 proditam
2565 4040 2828 4108 invenio;
2858 4039 3014 4094 hisce
3055 4040 3250 4093 autem
3278 4032 3620 4101 Dorlandus,

2011 4138 2075 4191 ut
2090 4138 2154 4190 ut
2172 4134 2380 4189 saeculo
2404 4134 2562 4187 sexto
2580 4129 2805 4186 decimo
2810 4129 2940 4200 jam
2955 4128 3222 4183 currente
3245 4123 3360 4180 vita
3369 4123 3619 4190 functus,

2011 4224 2223 4281 idcirco
2270 4225 2428 4277 recte
2485 4219 2661 4276 etiam
2711 4219 3149 4283 annumeratur,
3205 4212 3362 4285 quod
3414 4210 3621 4266 saeculo

2011 4311 2286 4369 anteriori
2305 4311 2591 4385 praecipue
2605 4307 2882 4375 ﬂoruerit,
2899 4322 3102 4378 eaque,
3120 4319 3248 4375 quae
3266 4301 3337 4357 de
3353 4302 3624 4355 Brunone

2009 4403 2207 4470 habet,
2240 4399 2448 4455 litteris
2466 4402 2604 4453 tunc
2618 4394 3027 4453 verosimilime
3042 4388 3416 4463 consignarit.
3440 4389 3621 4443 Porro

2010 4492 2247 4547 fuerunt
2283 4488 2480 4556 etiam,
2516 4486 2614 4559 qui
2646 4483 2987 4558 prodigiosa:
3019 4478 3269 4537 doctoris
3293 4473 3628 4533 Parisiensis

2013 4577 2290 4635 anastasis
2312 4575 2616 4631 historiam
2648 4570 2949 4643 adjunctis,
2985 4585 3112 4642 quae
3140 4566 3296 4643 apud
3320 4564 3628 4639 scriptores

2013 4666 2369 4740 antiquiores
2414 4664 2541 4736 jam
2587 4659 2901 4717 recensitos
2954 4674 3074 4713 non
3113 4660 3265 4724 sunt,
3321 4654 3625 4719 auxerunt,

2010 4757 2232 4828 hosque
2264 4751 2473 4810 deinde
2489 4751 2635 4808 sacri
2647 4748 2865 4806 ordinis
2886 4745 3299 4803 Carthusiensis
3323 4742 3628 4828 scriptores

2014 4825 2159 4913 duo,—
2183 4845 2472 4899 Puteanus
2491 4839 2756 4895 videlicet
2780 4840 2839 4893 et
2858 4838 3308 4901 Blomenvenna,
3328 4831 3425 4904 qui
3443 4825 3627 4884 sancti

2015 4932 2357 5007 patriarcha
2386 4928 2472 4986 sui
2505 4928 2684 4983 vitam
2722 4924 2913 4983 seculi
2941 4924 3082 4981 sexti
3111 4919 3322 4978 decimi
3362 4916 3526 4974 initio
3557 4930 3627 4971 ex

2014 5021 2277 5077 instituto
2322 5018 2766 5090 descripserunt,
2811 5017 2943 5071 sunt
2984 5011 3180 5069 secuti.
3228 5011 3316 5064 An
3356 5007 3533 5074 recte,
3557 5019 3626 5059 ex

2017 5109 2276 5165 dicendis
2316 5108 2592 5180 patescet,
2646 5106 3094 5161 Blomenvennae
3152 5097 3347 5165 verba,
3399 5110 3513 5167 quo
3559 5109 3629 5149 ex

2016 5200 2193 5266 hisce,
2216 5197 2369 5253 facta
2391 5212 2521 5253 cum
2556 5192 2837 5267 anonymi
2866 5186 3206 5260 antiquioris
3236 5200 3399 5240 num.
3436 5185 3538 5239 499
3569 5183 3630 5238 et

2017 5306 2139 5361 seq.
2185 5287 2314 5359 jam
2345 5285 2493 5342 datis
2532 5282 2860 5347 collatione,
2912 5292 3184 5350 quaenam
3219 5273 3319 5329 illa
3356 5271 3631 5361 adiuncta

2017 5359 2383 5447 sint,pateat,
2410 5372 2586 5430 modo
2597 5371 2712 5426 huc
2722 5365 3061 5425 transcribo.
3093 5362 3430 5419 Sichabent.
3450 5359 3631 5414 «Fac-

2016 5469 2146 5524 tum
2159 5468 2262 5535 est,
2281 5465 2421 5522 dum
2434 5458 2671 5536 optimis
2680 5459 2768 5515 his
2778 5455 2977 5515 studiis
2987 5453 3072 5511 vir
3087 5450 3429 5509 venerabilis
3436 5450 3629 5536 Bruno

1986 5590 1995 5594 -
2021 5533 2327 5618 insudaret
2348 5533 2715 5627 temporibus
2738 5542 3175 5623 S.GregoriiVIl
3188 5538 3440 5603 Romani
3450 5533 3640 5611 ponti-
