3996 6012
470 316 571 371 123

1322 317 1378 372 S.
1413 317 1757 373 BRUNONIS
1799 317 2429 374 CARTHUSIANORUM
2468 317 2935 375 lNSTlTUTORlS

3690 322 3790 376 124

462 438 585 496 ﬁcis
606 442 664 495 et
690 439 917 497 Henrici
963 441 1031 497 IV
1074 441 1441 515 imperatoris
1461 444 1612 499 circa
1639 460 1860 499 annum
1889 444 2083 500 salutis
2107 448 2160 505 Α
2181 443 2350 509 dicio,
2383 448 2445 499 ut
2475 445 2721 517 ipsemet
2744 447 2981 499 testatus
3001 446 3107 511 est,
3134 442 3611 513 condemnatum,
3634 447 3799 502 omni

464 532 675 585 nostra“:
695 530 1115 601 octogesimum
1148 534 1467 587 secundum
1485 550 1659 605 supra
1685 533 2079 601 millesimum,

463 632 597 672 cum
615 619 673 673 in
699 618 1000 675 Parisiensi
1017 620 1241 676 civitate
1270 623 1530 677 solemne
1551 622 1787 676 ﬂoreret
1806 621 2078 690 studium,

463 721 628 778 mque
680 708 1027 763 scholarium
1083 711 1450 766 multitudine
1488 715 1659 783 atque
1705 710 1937 783 copiosa
1986 728 2079 766 ca-

462 795 621 850 terva
650 797 953 852 doctorum
986 799 1334 854 solemnium
1366 800 1688 867 adundans,
1717 804 1780 855 ut
1798 801 1910 855 tale
1931 800 1991 855 in
2013 817 2082 856 ea

459 882 820 939 horrendum
838 888 1403 960 memorandumque
1426 888 1645 943 saeculis
1658 888 1875 943 cunctis
1895 888 2081 943 eveni-

458 976 969 1043 retspectaculum.
987 976 1233 1041 Quidam
1248 978 1407 1033 enim
1421 978 1696 1033 solemnis
1714 978 1916 1033 doctor
1928 978 2079 1033 inter

458 1064 696 1117 caeteros
743 1064 1005 1120 doctores
1049 1066 1389 1139 praecipuus,
1442 1065 1680 1121 scientia
1720 1069 1778 1121 et
1820 1066 2077 1122 moribus

458 1152 1071 1222 excellenterornatus,
1099 1172 1162 1210 ac
1176 1171 1295 1226 prae
1318 1155 1538 1210 caeteris
1551 1156 1890 1221 honoratus,
1917 1155 2075 1226 gravi

457 1239 711 1310 quadam
754 1240 1092 1297 inﬁrmitate
1135 1247 1480 1315 praeventus,
1528 1244 1674 1298 lecto
1723 1244 2075 1299 decumbens

455 1325 585 1382 vitae
615 1345 731 1384 sua:
753 1329 909 1384 diem
939 1332 1139 1386 clausit
1156 1335 1502 1387 extremum.
1521 1332 1621 1387 Cui
1634 1349 1765 1387 cum
1787 1333 2074 1387 solemnes

456 1414 528 1470 de
560 1433 724 1473 more
745 1424 1092 1490 pararentur
1110 1422 1412 1493 exsequiae,
1428 1422 1501 1476 ad
1513 1438 1646 1476 eum
1664 1421 2071 1476 honorandum

455 1505 725 1560 convenit
755 1509 1191 1579 magistrorum,
1221 1511 1576 1565 studentium
1615 1514 1672 1563 et
1703 1510 1948 1565 aliorum
2000 1509 2074 1563 ci-

452 1592 611 1648 vium
660 1595 968 1652 multitudo
1001 1598 1267 1671 copiosa;
1314 1599 1520 1670 quibus
1560 1598 1969 1653 comitantibus
2014 1602 2072 1652 et

450 1679 624 1736 funus
637 1686 1137 1756 prosequentibus,
1164 1687 1418 1741 defuncti
1440 1702 1646 1758 corpus
1662 1687 1735 1741 ad
1748 1686 2066 1751 ecclesiam,

449 1767 510 1824 in
541 1787 655 1842 qua
702 1774 1008 1844 sepulturae
1054 1775 1404 1830 tradendum
1454 1779 1596 1841 erat,
1651 1776 1908 1830 delatum
1961 1777 2065 1840 est,
2095 1774 2147 1833 B

448 1872 697 1931 cumque
728 1861 800 1915 ab
823 1861 1073 1917 invitatis
1105 1863 1514 1929 ecclesiasticis,
1541 1863 1781 1935 quitum
1803 1864 2064 1929 aderant,

450 1945 1095 2006 defunctorumsolitum
1108 1951 1514 2007 decanteratur
1525 1952 2068 2019 ofﬁcium,ventum-

448 2051 561 2108 que
584 2040 732 2092 esset
755 2038 828 2093 ad
840 2056 971 2093 eam
988 2040 1320 2107 lectionem,
1337 2058 1466 2113 qua:
1478 2041 1696 2113 incipit.
1721 2042 2064 2113 «Responde

447 2143 477 2173 »
521 2123 740 2193 mihi,»
767 2127 1031 2195 surrexit,
1064 2129 1161 2201 qui
1213 2133 1338 2184 erat
1384 2133 1666 2197 mortuus,
1710 2133 1787 2196 et,
1846 2132 2063 2185 elevato

445 2213 744 2284 paululum
761 2216 967 2288 capite,
984 2218 1196 2273 resedit
1210 2218 1267 2273 in
1282 2218 1517 2284 feretro,
1532 2218 1861 2291 cunctisque
1872 2218 2066 2274 viden-

444 2300 598 2357 tibus
616 2305 676 2357 et
696 2304 1059 2361 audientibus
1087 2323 1152 2361 ac
1172 2323 1291 2379 prae
1318 2308 1571 2363 novitate
1588 2307 1671 2362 rei
1702 2307 2061 2380 stupentibus

443 2390 562 2445 alta
576 2394 635 2446 et
662 2393 956 2449 horrenda
978 2411 1114 2450 voce
1137 2397 1390 2452 clamare
1407 2396 1608 2469 coepit:
1638 2418 1667 2448 «
1685 2398 1713 2451 «Ι
1720 2400 1843 2452 usto
1865 2397 1963 2452 Dei
1973 2397 2064 2469 ju-

441 2495 477 2531 ε
512 2478 661 2535 dicio
685 2486 980 2539 accusatus
1008 2501 1157 2540 sum.
1194 2504 1225 2536 »

512 2570 637 2624 211.
670 2588 703 2621 ς
734 2570 857 2634 Quo
881 2571 1054 2639 dicto,
1100 2572 1312 2628 iterum
1340 2573 1642 2644 decubuit;
1675 2574 1756 2629 hii
1788 2592 1923 2631 vero
1964 2574 2060 2647 qui

440 2655 566 2712 hinc
597 2658 901 2714 audierant
925 2664 984 2715 et
1016 2660 1295 2729 viderant,
1328 2679 1447 2720 non
1467 2664 1784 2730 modicum,
1818 2680 1924 2718 nec
1948 2664 2059 2718 im-

440 2745 673 2815 merito,
711 2748 918 2815 territi,
967 2749 1365 2819 decreverunt,
1412 2753 1670 2807 consulte
1715 2752 1951 2824 quidem
2003 2755 2062 2807 et

440 2834 701 2907 provide,
724 2839 1079 2909 sepulturam
1104 2840 1225 2911 ejus
1240 2839 1299 2894 in
1322 2840 1637 2895 crastinum
1652 2840 2055 2909 differendam,

438 2922 525 2977 rei
555 2923 771 2980 exitum
798 2928 1204 2997 prmstolaturi.
1239 2928 1340 2984 Die
1384 2928 1577 3002 itaque
1606 2929 1891 3003 sequenti,
1924 2946 2056 2985 cum

437 3013 668 3067 tantum
689 3016 1079 3086 spectaculum
1099 3016 1226 3087 jam
1248 3016 1445 3072 fuisset
1470 3017 1530 3072 in
1562 3020 1688 3073 tota
1715 3018 1909 3073 civitat
1934 3020 2055 3073 vul-

438 3102 662 3172 gatum,
711 3102 785 3157 ad
814 3102 1028 3160 dictam
1056 3105 1356 3161 ecclesiam
1401 3106 1670 3161 convenit
1704 3107 1959 3163 maxima
2000 3110 2059 3162 et

437 3188 597 3260 quasi
614 3189 1054 3248 innumerabilis
1083 3193 1375 3266 utriusque
1393 3212 1555 3250 sexus
1573 3196 1769 3267 populi
1797 3195 2055 3250 multitu-

435 3275 533 3344 do,
567 3277 662 3333 ubi
678 3279 1204 3353 reinceptisetinde
1237 3283 1585 3340 continuatis
1600 3284 2055 3357 exsequiis,dum

433 3367 673 3421 ventum
703 3371 790 3422 est
819 3368 893 3423 ad
922 3370 1178 3441 prmfataa
1203 3372 1462 3427 lectionis
1487 3373 1737 3440 initium,
1771 3373 1927 3428 idem
1954 3372 2053 3427 de-

432 3452 684 3523 functus,
716 3457 902 3529 capite
932 3459 1174 3527 elevato,
1209 3463 1272 3515 ut
1299 3460 1474 3531 prius,
1513 3463 1764 3517 clamare
1795 3461 1965 3534 coepit
1989 3477 2053 3515 ac

434 3540 658 3599 dicere:
692 3563 724 3597 α
743 3545 901 3601 Iusto
934 3547 1036 3602 Dei
1058 3547 1275 3618 judicio
1300 3549 1588 3620 judicatus
1615 3568 1764 3617 sum,
1790 3571 1818 3601 »
1852 3553 1929 3616 et,
1966 3549 2054 3604 his

435 3628 619 3698 dictis,
642 3631 798 3688 intra
817 3633 1097 3691 feretrum
1120 3636 1329 3693 iterum
1357 3656 1416 3694 se
1432 3639 1666 3712 recepit.
1691 3640 1904 3695 Verum
1931 3655 2052 3695 cre-

433 3718 515 3775 vit
532 3720 839 3779 admiratio
867 3741 987 3780 non
1017 3743 1193 3799 parva
1231 3727 1383 3783 inter
1413 3732 1685 3796 astantes,
1728 3747 1855 3785 rem
1888 3729 2053 3783 terri-

434 3806 633 3878 bilem,
668 3829 839 3885 supra
868 3832 1045 3887 quam
1082 3816 1238 3871 credi
1286 3820 1496 3890 potest,
1546 3821 1858 3891 stupentes.
1909 3816 2054 3881 Quia

430 3897 632 3954 tamen
664 3916 731 3955 ex
754 3900 843 3956 his
872 3903 1135 3959 nondum
1165 3905 1298 3960 facti
1337 3907 1569 3961 fuerant
1590 3907 1661 3961 de
1702 3908 1825 3977 ejus
1851 3921 2051 3978 repro-

432 3984 669 4043 batione
690 3990 851 4057 certi,
872 4007 1005 4046 cum
1026 3994 1201 4048 verba
1220 3993 1336 4060 illa,
1368 3997 1706 4049 «accusatus
1728 4011 1916 4061 suum,
1944 4015 1971 4043 »
1996 3997 2053 4049 et

430 4093 461 4124 »
488 4074 777 4145 judicatus
806 4095 957 4147 sum,
984 4101 1012 4129 »
1042 4086 1278 4153 possent
1303 4083 1480 4137 etiam
1504 4082 1563 4136 in
1587 4083 1803 4138 bonam
1824 4086 2051 4155 partem

431 4162 630 4235 accipi,
665 4164 827 4237 quasi
855 4166 977 4239 ipse
1003 4168 1195 4239 primo
1226 4170 1440 4242 injuste
1469 4170 1668 4226 fuisset
1707 4175 1843 4227 ante
1867 4172 2050 4227 tribu-

429 4267 524 4307 na.
560 4252 766 4310 Christi
791 4254 864 4311 ab
892 4272 960 4312 eo
990 4256 1088 4330 qui
1118 4258 1362 4330 perdere
1412 4263 1618 4315 cuncta
1655 4260 1908 4329 festinat,
1960 4260 2049 4316 in-

2183 533 2443 588 Ecclcsia:
2475 533 2768 604 suffragio,
2812 551 2918 588 nec
2949 550 3063 588 non
3098 536 3156 588 et
3185 531 3564 588 ecclesiastica
3612 535 3799 606 sepul-

2181 623 2311 676 tura
2341 622 2646 694 indignum
2680 622 3025 694 judicantes,
3057 622 3116 677 in
3161 621 3521 695 sterquilinio
3569 620 3797 695 sepeliri

2181 709 2462 765 fecerunt.

2250 850 2373 902 212.
2402 867 2430 895 ‹‹
2460 845 2671 901 Verum
2704 861 2837 899 cum
2862 843 2922 899 in
2947 842 3249 899 Parisiensi
3271 845 3330 898 et
3360 842 3580 899 caeteris
3599 842 3796 899 vicinis

2178 933 2427 989 ecclesiis
2453 937 2657 1006 quarta
2685 934 2852 989 lectio
2874 934 2930 987 in
2952 932 3195 1005 Agenda
3213 932 3619 988 defunctorum
3650 931 3793 987 inci-

2174 1023 2297 1096 piat
2322 1023 2428 1079 sic:
2454 1023 2705 1088 Quantas
2730 1023 2915 1078 habeo
2937 1021 3267 1094 iniquitates
3287 1024 3344 1077 et
3362 1020 3629 1095 peccata!
3656 1024 3791 1089 etc.,

2176 1111 2397 1168 omissis
2431 1111 2715 1183 prioribus
2750 1110 3110 1178 dictionibus,
3143 1110 3391 1165 scilicet:
3429 1129 3461 1163 α
3487 1109 3792 1181 Responde

2176 1200 2317 1256 mihi
2330 1222 2357 1250 »
2369 1242 2383 1268 ,
2406 1201 2589 1255 fertur
2601 1218 2635 1255 a
2652 1199 2961 1266 nonnullis,
2983 1199 3139 1271 quod
3158 1198 3269 1253 illa
3284 1197 3562 1253 dictiones
3576 1196 3793 1253 fuerint

2174 1306 2243 1345 ex
2255 1293 2393 1345 tunc
2411 1289 2704 1344 alectione
2724 1289 2823 1343 illa
2841 1288 3074 1343 delecta:
3100 1287 3174 1342 ob
3195 1289 3536 1360 perpetuam
3558 1285 3791 1341 etinde-

2174 1379 2404 1435 lebilem
2430 1380 2672 1451 pavendi
2685 1377 2885 1450 judicii
2927 1377 3297 1433 memoriam.
3319 1398 3347 1426 »
3381 1376 3786 1431 Narrationem

2171 1468 2320 1523 hanc
2342 1467 2701 1524 Puteanusin
2721 1468 2947 1523 edenda
2960 1467 3152 1523 Sancti
3169 1467 3295 1521 Vita
3312 1483 3474 1521 num.
3492 1467 3547 1533 4,
3568 1468 3625 1519 et
3636 1462 3789 1520 binis

2170 1575 2330 1629 seqq.
2349 1558 2523 1613 etiam
2538 1558 2769 1613 exhibet
2784 1561 2841 1612 et
2853 1556 3088 1629 quidem
3112 1555 3316 1610 iisdem
3331 1571 3563 1627 prorsus
3577 1552 3785 1620 verbis;

2170 1647 2324 1718 quod
2355 1648 2569 1703 mirum
2598 1664 2713 1704 non
2752 1663 2893 1713 esse,
2926 1646 3103 1712 exiis,
3139 1662 3266 1717 quae
3304 1645 3375 1699 de
3412 1641 3605 1699 Sancti
3635 1641 3782 1707 Vita,

2168 1752 2202 1789 a
2230 1737 2655 1792 Blﬁmenvenna
2680 1738 2967 1801 contexta,
2993 1738 3021 1804 §
3052 1736 3094 1802 Ι,
3123 1734 3380 1803 disserui,
3410 1750 3659 1806 pronum
3690 1732 3776 1786 est

2166 1823 2508 1896 intelligere.
2530 1826 2739 1881 Confer
2752 1842 2904 1880 nunc
2918 1826 3041 1879 htEC
3059 1823 3298 1879 recitata
3308 1825 3773 1888 Blémenvennaa,

2167 1929 2233 1968 ac
2256 1914 2426 1986 proin
2458 1932 2524 1969 ex
2546 1914 2710 1969 dictis
2731 1914 2904 1970 etiam
2929 1912 3191 1981 Puteani,
3209 1913 3386 1968 verba
3413 1929 3544 1967 cum
3565 1910 3776 1975 verbis,

2166 2019 2234 2058 ex
2256 2003 2509 2075 quinque
2535 2004 2862 2076 primorum
2880 2001 3190 2058 Carthusiae
3210 2001 3471 2074 priorum
3496 1997 3778 2055 Chronico

2164 2108 2327 2147 num.
2368 2096 2466 2148 199
2503 2095 2561 2147 et
2591 2110 2712 2165 seq.
2750 2094 2861 2148 huc
2899 2090 3274 2162 transcriptis,
3317 2089 3665 2161 videbisque,
3715 2086 3777 2142 in

2162 2181 2272 2237 hoc
2303 2181 2555 2237 doctoris
2578 2182 2908 2237 Parisiensis
2931 2181 3231 2236 historiam
3264 2197 3381 2235 non
3405 2178 3630 2244 iisdem,
3657 2176 3783 2249 qui-

2164 2270 2269 2326 bus
2301 2272 2451 2344 apud
2485 2273 2806 2328 Puteanum
2838 2274 2895 2326 et
2935 2272 3450 2337 Blﬁmenvennam,
3492 2264 3781 2337 adjunctis

2164 2361 2376 2416 vestiri.
2400 2361 2557 2416 Acin
2591 2361 2797 2434 primis
2826 2361 3062 2433 quidem
3106 2359 3320 2414 trinam
3349 2356 3599 2413 doctoris
3635 2372 3778 2411 ana-

2164 2449 2362 2505 stasim
2382 2450 2971 2521 vociferationemque
3013 2448 3279 2504 Chronici
3312 2446 3446 2501 dicti
3479 2448 3678 2501 auctor
3712 2443 3777 2498 in

2162 2538 2398 2594 ecclesia
2438 2539 2652 2593 factam
2696 2538 2990 2605 scribunt;
3040 2553 3242 2592 verum
3286 2534 3481 2588 isthazc
3523 2532 3777 2587 duorum

2158 2628 2370 2684 horum
2392 2628 2735 2700 scriptorum
2767 2645 2801 2682 a
2833 2626 3114 2682 Chronico
3137 2621 3539 2695 discrepantia,
3573 2624 3777 2694 utpote

2160 2718 2316 2789 apud
2346 2717 2701 2790 antiquiores
2735 2716 2909 2771 etiam
2947 2714 3063 2787 (ani
3094 2710 3456 2769 Carthusiani
3491 2709 3776 2782 anonymi

2159 2807 2352 2873 verba,
2386 2824 2548 2861 num.
2577 2809 2679 2862 203
2709 2806 2818 2859 huc
2839 2802 3185 2874 transcripta
3216 2801 3543 2874 (scriptores
3572 2815 3775 2854 occur-

2157 2912 2311 2962 rens,
2344 2894 2607 2967 infraque
2640 2894 2827 2949 adhuc
2868 2891 3251 2947 memoranda
3295 2907 3401 2947 nos
3429 2888 3522 2945 hic
3554 2885 3776 2967 morari

2156 3001 2275 3041 non
2309 2984 2499 3040 debet.
2514 2962 2647 3039 —Sed
2686 2982 2760 3038 ad
2799 2982 2939 3037 duas
2987 2980 3124 3035 alias
3159 2981 3463 3052 sequentes
3504 2962 3773 3033 animum

2075 3076 2123 3135 C
2157 3075 2409 3130 adverte.
2464 3072 2701 3127 Trinam
2752 3088 2783 3126 e
2831 3072 3044 3126 feretro
3090 3066 3561 3124 vociferationem
3606 3067 3770 3132 tunc,

2156 3180 2287 3218 cum
2311 3163 2384 3218 ad
2408 3162 2739 3228 lectionem,
2768 3161 2927 3231 cujus
2945 3158 3209 3214 initium:
3236 3154 3550 3228 «Reponde
3566 3152 3768 3220 mihi,»

2154 3250 2214 3305 in
2260 3250 2555 3305 recitando
2597 3250 3003 3304 defunctorum
3030 3244 3220 3301 ofﬁcio
3245 3242 3709 3308 ventumfuisset,
3735 3257 3773 3296 a

2154 3339 2390 3394 doctore
2411 3337 2691 3410 tantisper
2708 3335 2957 3392 redivivo
2977 3334 3146 3391 fuisse
3169 3334 3460 3399 emissam,
3484 3330 3581 3401 huj
3591 3346 3772 3402 usque

2153 3427 2332 3483 etiam
2361 3443 2566 3500 corpus
2593 3426 2653 3481 in
2698 3424 3056 3497 sterquilinio
3095 3423 3265 3478 fuisse
3292 3423 3622 3487 humatum,
3655 3420 3770 3473 Pu-

2153 3520 2357 3572 teanus
2388 3518 2447 3570 et
2477 3516 2904 3570 Bliimenvenna
2945 3512 3060 3586 (adi
3088 3512 3257 3583 hujus
3300 3511 3475 3566 verba
3502 3506 3769 3581 proxime

2154 3603 2411 3677 recitata)
2441 3604 2709 3673 tradunt;
2754 3603 2964 3659 horum
3018 3604 3213 3656 autem
3253 3600 3501 3655 duorum
3534 3596 3773 3667 adjunc-

2152 3695 2348 3749 torum
2364 3711 2492 3766 quae
2504 3692 2843 3749 horribilem
2859 3689 3109 3747 doctoris
3121 3687 3450 3745 Parisiensis
3461 3686 3769 3741 historiam

2153 3783 2430 3838 comitata
2474 3782 2609 3848 sint,
2664 3781 2883 3836 nullam
2922 3779 3094 3851 piane
3144 3777 3467 3850 primorum
3510 3774 3769 3847 quinque

2154 3870 2465 3926 Carthusiaa
2524 3869 2786 3942 priorum
2848 3867 3175 3924 Chronicon
3222 3865 3335 3939 (adi
3377 3865 3548 3937 hujus
3590 3862 3771 3919 verba

2153 3976 2316 4015 num.
2356 3962 2454 4015 199
2477 3961 2534 4013 et
2562 3975 2683 4031 seq.
2710 3956 2862 4029 data)
2891 3956 3253 4012 mentionem
3284 3954 3440 4010 facit.

2223 4085 2347 4140 213.
2385 4083 2593 4151 Quare,
2637 4099 2768 4137 cum
2813 4081 3157 4148 earumdem
3199 4078 3506 4151 scriptores
3540 4076 3768 4150 antiqui

2152 4171 2269 4240 alii,
2301 4171 2416 4227 sive
2449 4171 2809 4227 Carthusiani
2828 4172 2955 4243 jam
2980 4168 3233 4236 adducti,
3264 4168 3380 4223 sive
3409 4166 3565 4222 aliud
3585 4165 3771 4238 quod-

2151 4276 2376 4333 cunque
2409 4260 2552 4315 Vita:
2572 4259 2899 4315 institutum
2921 4257 3183 4330 professi,
3226 4256 3324 4329 qui
3351 4255 3505 4311 infra
3534 4270 3765 4311 memo-

428 4338 621 4397 debite
643 4346 955 4412 accusatus,
989 4348 1048 4401 et
1074 4347 1210 4403 inde
1239 4348 1396 4419 justo
1428 4348 1528 4405 Dei
1548 4349 1766 4420 judicio
1808 4350 1881 4405 ab
1929 4349 2050 4421 ejus
2073 4331 2128 4391 D
2148 4331 2451 4415 rabuntur,
2485 4348 2702 4420 pariter
2722 4364 2842 4403 non
2874 4346 3274 4412 meminerint,
3308 4362 3339 4400 e
3371 4343 3622 4399 doctoris
3654 4343 3763 4399 Pa-

427 4429 780 4488 calumnicsa
809 4434 1173 4491 accusatione
1213 4437 1508 4506 liberatus,
1559 4438 1776 4494 cunctis
1814 4439 2045 4511 placuit,

429 4520 489 4572 et
514 4517 574 4573 in
604 4525 946 4592 sequentem
976 4525 1215 4581 tertium
1239 4526 1395 4582 diem
1416 4527 1538 4599 ejus
1558 4529 1915 4600 sepulturam
1945 4528 2052 4583 dif-

422 4601 585 4661 ferri.
619 4608 809 4664 Tertia
838 4609 1031 4683 itaque
1065 4613 1157 4668 die
1186 4613 1370 4670 factus
1391 4618 1477 4670 est
1500 4631 1806 4671 concursus
1836 4615 2049 4671 nimius

424 4691 683 4749 virorum
721 4699 780 4750 et
808 4699 1140 4768 mulierum,
1180 4702 1261 4756 ita
1287 4705 1351 4757 ut
1399 4720 1548 4776 pene
1593 4706 1716 4759 tota
1754 4704 1945 4759 civitas
1974 4704 2048 4759 ad

423 4784 547 4837 tam
570 4784 983 4843 admirandum
1005 4790 1106 4844 Dei
1120 4790 1405 4861 judicium
1428 4794 1881 4865 praestolandum
1907 4809 2045 4848 con-

426 4870 652 4929 ﬂueret.
685 4874 755 4930 Et
783 4891 936 4945 ecce,
969 4894 1102 4932 cum
1136 4879 1315 4950 priori
1349 4897 1512 4936 more
1545 4881 1828 4953 exsequiae
1861 4881 2044 4937 conti-

421 4965 742 5019 nuarentur
764 4968 821 5021 et
840 4966 1068 5035 fierent,
1098 4969 1342 5023 surrexit
1365 4970 1537 5025 tertio
1558 4970 1715 5026 idem
1743 4970 2045 5026 defunctus

422 5054 482 5106 et
505 5051 730 5125 ingenti
760 5056 986 5128 mugitu
1007 5073 1073 5111 ac
1102 5057 1447 5130 desperabili
1468 5076 1626 5125 voce,
1654 5059 1873 5114 cunctis
1894 5076 2047 5115 mor-

422 5140 631 5198 talibus
662 5145 997 5213 metuenda,
1028 5145 1199 5201 dixit:
1239 5171 1259 5193 -
1283 5148 1440 5202 Justo
1465 5148 1798 5219 Deijudicio
1828 5148 2042 5203 conde-

422 5249 453 5281 »
471 5234 703 5287 mnatus
716 5251 842 5289 sum
852 5254 902 5288 .»
918 5234 1035 5290 Hoc
1048 5235 1222 5303 dicto,
1238 5239 1409 5309 caput
1420 5237 1676 5307 reposuit
1686 5237 2042 5308 sempiterno

422 5320 724 5392 absorptus
748 5320 1005 5379 interitu.
1032 5324 1171 5389 Quae
1215 5341 1322 5380 vox
1352 5328 1473 5380 tam
1500 5326 1785 5398 stupenda
1827 5329 1886 5380 et
1912 5327 2045 5381 hor-

419 5410 605 5464 renda
636 5414 695 5465 et
721 5427 754 5465 a
780 5414 988 5467 saeculo
1037 5413 1298 5469 inaudita
1345 5430 1568 5481 omnes,
1615 5414 1712 5486 qui
1756 5415 2039 5482 astabant,

417 5508 568 5571 pene
597 5499 895 5557 examines
940 5500 1228 5571 reddidit;
1280 5502 1379 5576 qui
1414 5504 1616 5559 tamen
1649 5518 1855 5559 omnes
1883 5519 2040 5574 eum,

418 5587 703 5661 tanquam
724 5602 766 5647 ἰ
784 5586 1037 5649 Domino
1061 5591 1466 5665 reprobatum,
1507 5590 1745 5666 ejusque
1768 5590 1926 5666 justo
1953 5592 2043 5666 ju-

2147 4436 2399 4492 risiensis
2428 4436 2687 4505 historia,
2714 4440 2778 4492 ut
2806 4439 2869 4491 ut
2897 4436 3073 4490 etiam
3106 4433 3356 4488 admissa
3376 4435 3439 4487 ut
3467 4447 3763 4499 vera,esse

2148 4525 2247 4581 illa
2297 4527 2702 4597 expungenda,
2748 4526 3032 4581 existimo.
3074 4525 3288 4579 Verum
3318 4522 3471 4577 unde
3520 4520 3764 4576 tandem

2147 4615 2286 4670 bina
2325 4614 2424 4669 illa
2463 4614 2754 4685 adjuncta,
2808 4630 2936 4685 quas
2982 4613 3135 4684 apud
3175 4611 3441 4682 antiquos
3487 4626 3555 4665 ex
3596 4608 3764 4663 dictis

2147 4703 2413 4774 nuspiam
2446 4703 2837 4774 reperiuntur,
2862 4702 3310 4767 Blémenvenna,
3341 4715 3441 4754 seu
3463 4697 3673 4769 potius,
3693 4713 3764 4752 ex

2146 4808 2259 4864 quo
2292 4792 2384 4846 hic
2416 4792 2516 4846 illa
2551 4790 2930 4864 deprompsit,
2968 4792 3256 4845 Puteanus
3297 4786 3534 4843 hausit?
3562 4788 3762 4841 Anna-

2144 4881 2289 4935 lium
2321 4881 2811 4937 Carthusiensium
2826 4880 2953 4935 libri
2982 4879 3172 4952 quarti
3199 4880 3475 4934 hactenus
3502 4892 3619 4931 non
3644 4876 3765 4931 vul-

2145 4969 2265 5041 gati
2284 4974 2485 5025 auctor
2496 4986 2821 5041 anonymus
2842 4968 3030 5040 operis
3045 4968 3131 5023 sui
3161 4984 3323 5022 num.
3342 4969 3408 5022 85
3432 4968 3761 5037 opportune

2144 5058 2557 5114 adinstitutum
2580 5074 2831 5129 praesens
2843 5056 2919 5112 sic
2931 5057 3156 5126 scribit;
3186 5079 3213 5108 «
3234 5054 3574 5111 Bertholdus
3590 5054 3764 5109 Rem-

2142 5147 2346 5202 boldus
2369 5147 2520 5220 typis
2561 5146 2797 5201 Lutetiae
2826 5164 2981 5202 anno
3016 5149 3150 5202 1508
3188 5144 3426 5201 tradidit
3462 5143 3652 5198 Vitam
3692 5141 3756 5198 S.

2144 5235 2449 5304 Brunonis,
2478 5250 2655 5306 quam
2691 5234 2841 5290 illius
2866 5234 2927 5290 in
2959 5234 3071 5290 divi
3096 5234 3255 5290 Pauli
3305 5232 3573 5305 epistolas
3602 5246 3762 5287 com-

2143 5324 2445 5394 mentariis
2476 5324 2741 5397 preafixit.
2791 5324 2967 5396 Hujus
3008 5325 3148 5379 Vitae
3188 5326 3388 5379 auctor
3429 5337 3757 5393 anonymus

2142 5413 2444 5470 historiam
2492 5413 2757 5468 damnati
2806 5413 2929 5468 fuse
2983 5412 3281 5485 descripsit
3317 5430 3331 5481 ;
3378 5411 3490 5467 Sed
3530 5411 3757 5483 primus

2142 5502 2412 5559 omnium
2434 5502 2740 5575 evulgavit,
2771 5502 3076 5559 hominem
3110 5502 3281 5562 illum~
3306 5501 3383 5557 ad
3412 5500 3587 5557 verba
3604 5500 3752 5556 ista:

2141 5612 2179 5646 κ
2192 5590 2497 5667 Responde
2516 5591 2665 5652 mihi
2683 5612 2718 5651 ι
2737 5597 2904 5651 voces
2924 5607 3045 5652 sua,
3059 5590 3451 5652 damnationis
3475 5589 3753 5651 emisisse.
