3996 6012
245 311 350 364 125

1823 305 2006 365 ACTA

3476 322 3575 376 l26

244 433 419 500 Quod
436 435 641 495 tamen
669 449 788 491 non
825 435 1001 508 plane
1044 436 1269 505 asserit,
1303 434 1405 492 sed
1446 436 1675 490 tantum
1699 432 1864 489 dubi-
1887 434 1945 495 Α
1963 431 2204 490 historia
2233 433 2507 508 quaelibet
2524 436 2673 510 fvera
2704 436 3117 509 pronuntietur
3151 443 3252 496 aut
3282 440 3448 510 falsa,
3481 443 3580 500 ad-

246 524 426 579 tando
453 524 652 580 addita
680 526 788 581 hac
819 528 1174 598 parenthesi,
1213 526 1433 598 «siqua
1456 523 1703 579 narratis
1725 522 1867 577 fides

245 630 281 666 α
309 613 649 669 adhibenda
679 615 773 669 sit.
806 637 835 665 »
883 616 1086 672 Noster
1112 633 1249 672 vero
1293 615 1484 681 Sutor,
1520 613 1617 685 qui
1656 612 1865 667 eodem

248 704 518 772 tempore
551 703 798 771 vivebat,
838 707 1010 776 paulo
1043 709 1351 777 postsuum
1376 706 1455 759 De
1487 701 1865 758 Carthusiana

244 790 365 845 vita
377 793 688 847 tractatum
704 793 1254 861 edidit,eorumdem
1266 793 1578 847 verborum
1592 788 1864 845 meminit

245 878 512 950 quidem,
573 902 601 930 «
632 881 754 949 sed,
786 881 993 955 inquit,
1026 881 1526 955 quemadmodum
1557 879 1863 950 scriptores

242 986 276 1018 «
296 968 572 1024 nonnulli
600 969 1018 1039 meminerunt,
1051 971 1273 1027 caeteris
1299 971 1411 1026 hoc
1453 968 1797 1024 tacentibus.
1828 986 1857 1016 »

244 1055 419 1112 Certe
439 1074 668 1125 omnes,
700 1063 990 1131 quotquot
1017 1061 1281 1133 superius
1311 1063 1573 1115 auctores
1604 1056 1861 1131 prodidi-

244 1161 401 1212 mus,
433 1146 492 1201 id
522 1149 847 1201 tacuerunt.
881 1148 988 1213 Qui
1019 1165 1154 1203 vero
1214 1148 1449 1215 fuerint,
1511 1146 1666 1218 apud
1720 1161 1864 1217 quos

243 1232 604 1306 Sutorhujus
615 1236 872 1307 adiuncti
891 1236 1655 1308 mentionemlengerit,non
1666 1234 1862 1289 habet.

245 1323 409 1377 Inter
422 1339 522 1379 eos
532 1327 755 1380 tamem
766 1342 1070 1381 censemus
1080 1326 1253 1381 fuisse
1266 1326 1575 1398 praefatum
1587 1324 1722 1378 Vilae
1740 1339 1867 1377 sau-

244 1412 322 1465 cti
340 1412 629 1468 Brunonis
648 1417 947 1470 auctorem
968 1414 1459 1486 anonymum.»Al
1468 1417 1655 1467 terum
1671 1412 1865 1483 itaque

245 1500 451 1555 ebinis
483 1517 659 1573 supra
696 1502 862 1558 dictis
910 1503 1194 1574 adjunctis
1226 1503 1417 1576 primo
1470 1503 1865 1557 memoratum

243 1587 538 1645 invenitur
558 1607 593 1645 a
610 1591 834 1647 duobus
864 1592 1054 1647 saeculi
1074 1591 1213 1647 sexti
1237 1591 1445 1647 decimi
1471 1590 1861 1662 scriptoribus,

247 1694 501 1750 quorum
518 1680 667 1734 alter
692 1697 825 1735 cum
848 1698 965 1736 non
989 1681 1392 1747 asseverando,
1426 1679 1527 1734 sed
1546 1678 1863 1735 dubitando

1956 521 2293 591 junctorum
2309 527 2609 593 duntaxat,
2633 526 2840 598 quibus
2862 527 3194 598 aprimaavis
3226 546 3288 583 ac
3311 530 3575 586 omnium

1964 610 2407 683 antiquioribus,
2442 632 2559 670 non
2596 619 2791 670 autem
2824 616 3001 671 etiam
3052 634 3277 683 eorum,
3310 619 3514 690 quibus
3543 636 3579 674 a

1961 702 2094 769 post
2122 702 2327 757 secutis
2374 703 2747 774 scriptoribus
2788 721 2895 777 pro
2938 705 3176 761 arbitrio
3220 705 3330 760 fuit
3355 706 3574 774 vestita,

1960 788 2108 842 ratio
2140 789 2212 843 sit
2238 791 2525 846 habenda.
2636 846 2641 851 ,

1962 878 1992 944 §
2027 878 2136 932 XII.
2185 879 2511 935 Testimonia
2558 884 2900 954 scriptorum,
2952 882 3137 937 sarculo
3182 884 3381 938 decimo
3434 890 3577 940 sexto

2032 968 2382 1034 (interiorum,
2406 970 2504 1040 qui
2530 966 2924 1025 Cartlmsz'ensz's
2956 970 3165 1026 ordinis
3193 988 3302 1025 non
3320 972 3569 1042 fuerunt,

2023 1054 2420 1124 producuntur.

2036 1144 2192 1199 Inter
2240 1149 2501 1201 auctores
2548 1147 2645 1219 qui
2705 1148 2923 1204 ordinis
2981 1148 3396 1205 Carthusiensis
3453 1166 3573 1206 non

1962 1229 2146 1299 fuere,
2179 1236 2352 1305 atque
2383 1239 2520 1289 ante
2550 1238 2823 1292 saeculum
2843 1240 3071 1293 sextum
3102 1238 3395 1293 decimum
3416 1238 3573 1294 Pari-

1963 1321 2132 1376 siensi
2165 1322 2415 1378 doctoris
2432 1325 2662 1380 redivivi
2688 1326 2969 1397 Tprodigio
2996 1327 3394 1382 testimonium
3424 1343 3573 1399 pra:-

1963 1409 2163 1477 buere,
2187 1411 2429 1467 Caesario
2446 1412 2879 1481 Eisterbacensi,
2893 1414 2989 1487 qui
3002 1416 3207 1470 saeculo
3229 1414 3572 1471 duodecimo

1964 1503 2300 1555 senescente
2316 1504 2374 1555 et
2385 1502 2678 1572 sequentis
2697 1502 2860 1557 initio
2877 1504 3093 1569 ﬂoruit,
3109 1504 3364 1576 primum
3380 1504 3573 1558 locum

1964 1589 2232 1643 concedit
2258 1590 2572 1645 Annalium
2595 1592 3081 1646 Carthusiensium
3108 1592 3238 1647 libri
3268 1592 3457 1664 quarti
3477 1608 3573 1647 au-

1965 1679 2442 1749 ctoranonymus.
2460 1682 2673 1736 Verum
2687 1698 2819 1735 cum
2837 1699 2906 1736 ea
2919 1682 3198 1737 duntaxat
3216 1680 3570 1749 testimonia,

243 1767 1239 1840 duntaxatloquatur,satisindicat,
1263 1771 1527 1825 auctores
1549 1768 1701 1841 apud
1721 1783 1865 1839 quos
1883 1756 1935 1817 B
1964 1784 2093 1839 quas
2120 1784 2225 1840 pro
2256 1769 2588 1841 prodigiosa
2617 1770 2868 1826 doctoris
2911 1771 3243 1826 Parisiensis
3297 1769 3570 1837 anastasi,

240 1855 355 1910 hoc
390 1856 733 1927 adjunctum
775 1857 1032 1931 legisset,
1065 1875 1295 1930 magnas
1335 1875 1442 1914 nec
1484 1855 1861 1929 antiquitatis,

241 1960 350 1998 nec
392 1945 749 2001 auctoritatis
777 1946 973 2016 fuisse;
1008 1948 1154 2002 alter
1194 1964 1351 2015 vero,
1395 1963 1528 2001 cum
1577 1948 1858 2012 auctores,

239 2032 401 2103 apud
430 2050 576 2104 quos
593 2034 735 2089 illud
749 2034 1083 2103 invenisset,
1099 2051 1219 2089 non
1237 2034 1524 2101 nominet,
1538 2033 1727 2089 facere
1741 2048 1859 2088 non

235 2124 450 2192 potest,
492 2124 556 2176 ut
586 2122 758 2179 hosce
786 2140 961 2196 supra
984 2123 1301 2192 recensitis,
1335 2123 1434 2196 qui
1463 2123 1727 2194 ejusdem
1758 2122 1859 2177 ad-

229 2207 422 2278 juncti
471 2227 594 2265 non
639 2211 1060 2281 meminerunt,
1106 2213 1290 2268 multo
1342 2211 1695 2267 recentiores
1740 2227 1859 2266 non

238 2296 418 2353 fuisse
448 2302 742 2371 putemus.

302 2388 430 2442 214.
459 2387 591 2442 Jam
618 2405 777 2453 vero,
809 2405 944 2444 cum
985 2388 1048 2445 id
1067 2388 1151 2445 ita
1177 2388 1271 2457 sit,
1304 2392 1522 2455 manet,
1547 2388 1856 2462 praefatum

235 2474 579 2540 adiunctum
608 2476 762 2548 apud
793 2477 1102 2549 scriptores
1141 2477 1515 2549 antiquiores,
1550 2477 1646 2549 qui
1675 2477 1854 2532 ferale

234 2563 493 2619 doctoris
514 2565 848 2621 Parisiensis
863 2569 1255 2638 spectaculum
1272 2567 1358 2620 vel
1372 2565 1637 2621 omnium
1655 2564 1852 2636 primi,

230 2653 321 2708 vel
350 2653 533 2708 etiam
558 2654 822 2725 proxime
850 2658 983 2727 post
1039 2656 1210 2711 hosce
1243 2655 1303 2709 in
1343 2654 1564 2709 litteras
1619 2653 1850 2722 misere,

232 2758 353 2796 non
376 2741 768 2799 inveniri.Nec
783 2747 890 2811 est,
904 2760 1007 2799 cur
1027 2744 1119 2798 hic
1136 2743 1850 2816 opponasTheodoricum,

232 2831 511 2885 abbatem
538 2831 1159 2904 Trudonopolitanum,
1193 2832 1311 2904 qui,
1339 2833 1853 2905 :quemadmodum

230 2920 505 2975 nonnulli
533 2920 716 2989 aiunt,
746 2921 808 2976 in
834 2922 1005 2989 libro,
1029 2942 1054 2972 ο
1088 2924 1171 2977 De
1202 2938 1363 2977 sacra
1394 2924 1730 2994 temporum
1758 2939 1851 2978 ra-

229 3007 393 3062 tione
416 3026 449 3060 »
478 3007 778 3081 inscripto,
809 3009 891 3065 ita
916 3012 1242 3066 memorat:
1290 3029 1322 3063 α
1351 3010 1575 3065 Abhinc
1623 3010 1850 3066 dierum
1871 3042 1919 3103 Ο

230 3100 569 3152 nostrorum
593 3097 1313 3171 annisseptem,Gregorio
1329 3099 1575 3169 septimo
1597 3099 1851 3171 primam

233 3184 576 3240 cathedram
591 3190 1066 3258 occupante,cum
1079 3203 1265 3242 essem
1282 3186 1512 3242 Parisiis
1526 3187 1850 3243 studiorum

233 3286 427 3341 causa,
454 3290 581 3329 rem
606 3274 720 3331 vidi
736 3276 1130 3348 prodigiosam
1167 3292 1232 3331 ac
1262 3276 1425 3331 omni
1455 3276 1746 3332 memoria
1762 3276 1848 3333 di-

234 3377 442 3435 gnam,
471 3379 579 3419 nec
603 3366 755 3420 solus
777 3364 1020 3420 miratus
1048 3382 1197 3433 sum,
1216 3367 1400 3421 Deum
1429 3365 1689 3421 laudans.
1709 3367 1852 3423 Mor-

231 3451 367 3506 tuus
396 3455 484 3507 est
511 3453 771 3521 clericus,
802 3454 1044 3509 nomine
1056 3454 1413 3509 Raimundus
1438 3454 1725 3523 Milleban,
1752 3456 1851 3511 tri-

222 3538 331 3594 bus
354 3540 563 3596 diebus
585 3542 831 3598 alternis
858 3542 1067 3598 eadem
1100 3542 1276 3597 Officii
1306 3544 1472 3612 hora,
1496 3543 1850 3615 quadiceba-

225 3628 323 3683 tu
340 3629 536 3698 lectio,
558 3647 689 3703 quae
704 3631 784 3687 sic
796 3631 1372 3705 incipit,«Responde
1386 3632 1589 3699 mihi,»
1604 3634 1849 3689 surrexit

222 3717 519 3786 eferetro,
542 3723 601 3774 et
620 3736 756 3775 voce
783 3720 1044 3775 horribili
1060 3720 1356 3775 clamavit:
1389 3740 1420 3774 α
1453 3721 1610 3776 Justo
1635 3722 1731 3776 Lei
1759 3722 1849 3793 ju-

230 3823 261 3859 s
274 3806 429 3862 dicio
451 3812 747 3863 accusatus
764 3808 1206 3877 sum,«secundo
1221 3824 1236 3864 :
1251 3808 1631 3877 «Judicatus,»
1653 3810 1843 3866 tertio:

227 3895 739 3965 «Condemnatus;
774 3913 888 3969 quo
921 3898 1095 3966 dicto,
1151 3898 1392 3954 cessavit
1423 3898 1615 3954 omnis
1662 3901 1847 3955 clerus

228 3988 494 4052 orare,et
525 3986 597 4040 ab
624 3986 865 4041 ecclesia
901 3986 1168 4058 protinus
1187 3987 1431 4042 cadaver
1461 3988 1710 4059 ejectum
1735 3991 1842 4056 est,

226 4076 286 4127 et
314 4072 547 4129 asinina
567 4075 864 4146 sepultura
894 4076 1200 4143 donatum;
1232 4098 1252 4120 δ
1287 4075 1397 4130 hoc
1420 4076 1586 4130 enim
1604 4080 1724 4131 tam
1756 4079 1842 4132 lu-

226 4161 532 4217 culentum
560 4180 666 4235 pro
697 4163 1032 4235 prodigiosa
1062 4163 1317 4219 doctoris
1343 4163 1673 4220 Parisiensis
1701 4182 1845 4221 ana-

224 4249 361 4305 stasi
386 4249 814 4317 testimonium,
848 4251 1005 4324 quod
1028 4252 1200 4320 hanc,
1225 4250 1272 4309 si
1315 4252 1677 4321 Theodorici,
1708 4269 1841 4310 ocu-

1961 1859 2270 1928 secutoque
2300 1857 2454 1924 hinc,
2484 1861 2548 1912 ut
2566 1859 2688 1929 ejus
2717 1859 3246 1931 biographialiique
3264 1858 3572 1929 scriptores

1944 1944 2315 2016 antiquiores
2356 1948 2443 2001 vel
2491 1963 2664 2017 supra
2685 1947 2814 2017 jam
2854 1946 3072 2001 laudati
3110 1948 3198 2001 vel
3247 1945 3399 2000 infra
3433 1960 3569 2000 mox

1960 2031 2220 2089 laudanti
2234 2034 2534 2091 memoriae
2547 2034 3021 2106 produnt,Sancti
3033 2034 3216 2090 nostri
3230 2033 3289 2089 in
3301 2049 3567 2089 eremum

1959 2136 2183 2177 secessu
2222 2125 2383 2178 extra
2421 2139 2661 2178 omnem
2712 2123 3164 2179 controversiam
3208 2122 3480 2189 militant,
3505 2120 3567 2177 in

1959 2209 2221 2264 medium
2247 2210 2340 2265 hic
2391 2211 2713 2282 producere
2740 2211 2813 2267 sit
2856 2209 3564 2283 fixum,reperianturque,

1959 2297 2056 2369 qui
2078 2299 2323 2356 Caesario
2347 2300 2418 2355 de
2440 2300 2744 2355 Parisiensi
2763 2300 3016 2356 doctoris
3036 2299 3277 2355 redivivi
3299 2297 3566 2370 prodigio

1952 2403 2293 2444 sermonem
2324 2405 2442 2444 non
2493 2406 2615 2444 esse
2645 2389 2845 2457 velint,
2875 2388 3169 2460 scriptoris
3198 2388 3369 2459 hujus
3406 2386 3566 2442 testi-

1955 2476 2243 2545 monium,
2259 2478 2332 2532 de
2355 2495 2468 2549 quo
2482 2482 2680 2533 tamen
2695 2478 2834 2550 quid
2843 2478 3197 2534 censendum
3214 2477 3286 2533 sit
3298 2479 3563 2549 separato

1956 2568 1984 2634 §
2014 2564 2167 2620 infra
2191 2566 2516 2634 discutiam,
2550 2567 2641 2622 hic
2664 2568 2839 2623 modo
2857 2584 2975 2623 non
3001 2567 3335 2633 recensebo,
3358 2565 3441 2620 uti
3456 2580 3562 2621 nec

1951 2670 2125 2725 supra
2155 2658 2571 2723 memoratum,
2602 2656 2778 2728 quod,
2811 2656 2918 2710 etsi
2946 2655 3323 2722 Theoderico,
3365 2653 3563 2710 abbati

1949 2743 2504 2815 Trudonopolitano,
2536 2762 2571 2799 a
2600 2744 2894 2800 nonnullis
2918 2744 3225 2811 tribuatur,
3256 2742 3561 2815 suppositi-

1951 2830 2097 2886 tium
2112 2835 2333 2900 tamen,
2347 2836 2411 2888 ut
2415 2834 2543 2905 jam
2561 2832 3334 2904 innui,commentitiumque
3349 2830 3560 2886 verosi-

1952 2920 2200 2976 millime
2228 2939 2371 2991 esse,
2401 2923 2554 2978 infra
2575 2922 2820 2979 dicenda
2846 2922 3127 2994 aperient.
3162 2923 3446 2977 Praetereo
3467 2919 3562 2975 hic

1951 3008 2150 3077 etiam,
2181 3010 2336 3083 quod
2366 3012 2441 3067 ad
2477 3013 2793 3067 Annalium
2826 3011 3318 3067 Carthusiensium
3357 3009 3490 3065 libri
3523 3010 3559 3064 4

1949 3100 2183 3154 auctore
2227 3116 2521 3171 anonymo
2556 3101 2849 3173 profertur
2889 3099 3309 3166 testimonium,
3356 3115 3389 3152 a
3428 3096 3561 3152 libri

1947 3186 2102 3243 infra
2128 3190 2517 3257 memorandi,
2541 3191 2639 3262 qui
2668 3210 2699 3242 ‹‹
2720 3192 2799 3245 De
2820 3192 3069 3262 quatuor
3093 3186 3347 3244 Paradjsi
3370 3184 3560 3241 ﬂumi-

1947 3276 2159 3333 nibus»
2186 3278 2538 3345 inscribitur,
2570 3282 2807 3349 auctore
2837 3278 3292 3351 suppeditatum.
3326 3274 3555 3331 Etenim

1947 3367 2266 3423 secundum
2304 3368 2416 3422 hoc
2435 3367 2766 3440 prodigiosa
2786 3367 3036 3424 doctoris
3063 3364 3396 3422 Parisiensis
3420 3380 3559 3420 ana-

1944 3456 2109 3512 stasis
2141 3474 2260 3513 non
2291 3455 2351 3511 in
2380 3456 2631 3512 Ecclesia
2645 3460 2746 3512 aut
2767 3456 2993 3530 publice
3018 3472 3218 3512 coram
3246 3454 3559 3510 innumera

1945 3544 2143 3618 populi
2173 3544 2567 3613 multitudine,
2589 3545 2691 3600 sed
2705 3544 2977 3617 privatim
2989 3545 3049 3600 in
3067 3542 3325 3599 defuncti
3338 3541 3557 3598 adibus

1946 3649 2144 3689 coram
2184 3634 2381 3706 paucis
2429 3634 2677 3705 solisque
2728 3634 2898 3705 hujus
2946 3633 3149 3689 amicis
3190 3630 3414 3699 evenit;
3463 3629 3558 3684 hic

1945 3726 2142 3778 autem
2163 3740 2232 3778 ea
2252 3723 2548 3790 duntaxat,
2563 3739 2692 3795 quae
2709 3722 3038 3778 horendum
3063 3721 3203 3777 illud
3223 3717 3555 3792 prodigium

1944 3812 2170 3884 publice
2225 3812 2445 3867 factum
2501 3812 2833 3883 perhibent,
2889 3810 3226 3865 testimonia
3265 3804 3556 3863 recenseri

1942 3917 2198 3975 praesens
2219 3900 2539 3956 institutam
2562 3899 2759 3972 exigit.
2793 3901 2876 3954 En
2908 3899 3107 3965 modo,
3130 3915 3260 3971 quas
3289 3898 3401 3952 huc
3421 3911 3551 3967 spe-

1946 3994 2126 4059 ctant,
2154 4008 2222 4046 ex
2262 3990 2575 4045 Annalium
2618 3988 3112 4045 Carthusiensium
3156 3988 3303 4042 libro
3343 3987 3551 4059 quarto

1942 4081 2219 4136 hactenus
2248 4096 2367 4134 non
2393 4080 2646 4150 vulgato,
2679 4078 3107 4149 saepissimeque
3147 4077 3273 4149 jam
3317 4074 3552 4130 laudato

1944 4169 2248 4241 descripta,
2280 4185 2398 4223 una
2426 4184 2554 4223 cum
2603 4166 3120 4234 observationibus,
3161 4181 3303 4237 quas
3342 4164 3552 4221 iisdem
3666 4164 3675 4169 ⁷

1941 4257 2073 4314 libri
2101 4250 2253 4313 illius
2266 4259 2466 4313 auctor
2496 4272 2826 4330 anonymus
2856 4254 3182 4311 admiscuit.

224 4337 350 4405 lati,
368 4341 436 4393 ut
462 4340 639 4394 verba
663 4338 907 4395 recitata
920 4340 1191 4407 innuunt,
1206 4339 1290 4395 rei
1308 4343 1485 4413 gestas
1505 4341 1685 4410 testis,
1708 4359 1842 4399 vere
1861 4334 1915 4395 D
2013 4348 2137 4403 216.
2152 4348 2391 4402 «Exstat
2406 4346 2750 4415 etiamnum,
2766 4345 3072 4417 iuquithic,
3105 4342 3258 4416 apud
3273 4343 3553 4399 Montem-

222 4430 394 4495 esset,
415 4430 580 4482 extra
600 4444 838 4484 omnem
861 4429 1314 4485 controversiam
1329 4433 1595 4501 poneret,
1626 4433 1839 4489 verosi-

222 4515 492 4583 millime,
525 4532 598 4571 ne
620 4516 810 4571 dicam
839 4516 1100 4585 indubie,
1133 4519 1600 4574 commentitium
1618 4524 1725 4589 est,
1756 4522 1839 4577 uti

221 4602 378 4658 infra
405 4604 905 4669 ostendam.Quod
919 4606 1096 4661 modo
1127 4606 1202 4661 ad
1224 4609 1504 4662 assertam
1534 4609 1836 4666 aPuteano

218 4694 280 4746 et
309 4692 742 4749 Blomenvenna
764 4694 998 4750 infausti
1021 4694 1271 4751 doctoris
1291 4696 1350 4751 in
1370 4696 1728 4769 sterquilinio
1747 4714 1836 4753 se-

216 4782 515 4852 pulturam
551 4784 831 4855 pertinet,
860 4800 977 4839 non
1010 4784 1210 4840 dubito
1228 4785 1487 4857 quidem,
1531 4786 1671 4858 quin
1687 4787 1836 4843 hanc

212 4870 295 4925 illi
319 4886 391 4925 ex
401 4872 751 4940 auctoribus,
798 4876 1031 4928 aetatem
1054 4890 1221 4929 suam
1242 4874 1595 4947 praegressis,
1626 4876 1835 4933 hause-

210 4959 583 5027 rint;verum
609 4978 780 5034 posce
798 4963 886 5018 vel
918 4962 1203 5036 eprimos,
1226 4965 1313 5019 vel
1348 4963 1527 5019 etiam
1570 4980 1602 5019 e
1635 4964 1836 5037 primis

212 5048 483 5120 proxime
514 5050 741 5117 secutis,
787 5051 884 5123 qui
933 5051 1253 5107 Parisiense
1304 5052 1558 5108 doctoris
1596 5054 1835 5110 redivivi

212 5138 613 5209 spectaculum
645 5137 850 5194 litteris
885 5139 1377 5209 commendarint,
1428 5140 1624 5209 fuisse,
1676 5144 1836 5199 nulla

214 5224 466 5281 omnino
507 5225 657 5283 ratio
703 5228 924 5283 suadet.
959 5231 1146 5301 Atque
1180 5229 1261 5284 ita
1305 5246 1373 5284 ex
1413 5230 1684 5286 omnibus
1704 5231 1833 5303 jam

214 5312 386 5367 dictis
404 5312 606 5386 liquet,
654 5330 687 5370 e
722 5315 945 5371 duobus
976 5316 1068 5371 hic
1093 5318 1219 5389 jam
1264 5306 1603 5374 memoratis
1637 5320 1833 5393 prodi-

212 5399 391 5471 giose
418 5401 669 5457 doctoris
700 5407 1032 5459 anastaseos
1064 5405 1369 5476 adjunctis,
1404 5409 1697 5481 utcunque
1726 5409 1832 5465 ha-

210 5486 467 5543 beantur
484 5505 592 5562 pro
616 5489 799 5561 falsis,
829 5493 1061 5566 explodi
1074 5493 1226 5549 hanc
1244 5496 1401 5550 velut
1424 5488 1833 5553 commentum

206 5588 317 5635 seu
336 5574 1836 5658 iahulammetltoaibaunoionoapohussmcumm

1940 4436 2043 4492 Dei
2063 4452 2317 4492 crassum
2340 4437 2636 4504 volumen,
2665 4435 2888 4509 optima
2920 4434 3269 4489 membrana
3297 4430 3549 4488 conscri-

1937 4529 2129 4599 ptum,
2148 4525 2606 4581 contineusVitas
2620 4527 2948 4580 sanctorum
2958 4523 3132 4596 ,quod
3143 4538 3339 4577 secum
3361 4520 3553 4577 attulit

1937 4616 2013 4671 ad
2036 4615 2424 4672 Montem-Dei
2457 4615 2706 4670 Joannes
2736 4614 3053 4669 monachus
3084 4613 3329 4669 abbatis:
3366 4608 3551 4667 sancti

1934 4703 2216 4777 Arnulphi
2245 4703 2531 4772 Metensis,
2565 4702 2662 4776 qui
2691 4702 2839 4759 circa
2865 4719 3085 4758 annum
3122 4705 3259 4759 1324
3284 4701 3549 4758 habitum

1937 4794 2400 4849 Carthusiensem
2417 4792 2624 4848 induit.
2663 4792 2753 4848 Sic
2781 4792 3114 4848 inscribitur
3133 4792 3343 4849 codex:
3377 4789 3547 4844 «Vita

1934 4893 1968 4928 θ
1988 4890 2166 4929 aurea
2178 4890 2349 4947 super
2361 4873 2656 4945 Legendas
2666 4873 3052 4946 plurimorum
3065 4876 3394 4928 sanctorum
3410 4883 3545 4923 cum

1934 4982 1968 5017 »
1997 4962 2343 5036 quibusdam
2377 4961 2771 5017 additionibus
2810 4961 2977 5017 valde
3006 4961 3258 5016 utilibus.
3282 4977 3317 5011 »
3346 4958 3417 5013 Et
3466 4953 3543 5011 ad

1934 5054 2150 5108 calcem
2173 5050 2378 5107 litteris
2403 5050 2599 5107 rubeis
2610 5051 2733 5106 haec
2749 5051 2821 5106 de
2834 5054 3103 5123 tempore
3118 5047 3312 5121 scripti
3332 5043 3544 5102 codicis

1932 5141 2225 5213 leguntur:
2253 5140 2488 5195 «Frater
2505 5140 2756 5196 Joannes
2778 5139 3098 5194 monachus
3123 5135 3316 5192 Sancti
3332 5134 3542 5190 Amul-

1933 5248 1967 5283 »
1999 5230 2096 5303 phi
2120 5228 2403 5297 Metensis,
2429 5229 2577 5284 ﬁlius
2608 5228 2908 5284 Bertrandi
2945 5226 3081 5283 dicti
3106 5227 3392 5294 Trancon,
3452 5239 3547 5281 co-

1934 5337 1968 5372 »
2001 5319 2379 5391 gnominatus
2405 5318 2478 5374 de
2498 5318 2711 5374 Sancta
2742 5318 2941 5384 Cruce,
2972 5314 3112 5371 fecit
3139 5313 3265 5370 fieri
3294 5317 3355 5369 et
3371 5312 3543 5369 scribi

1933 5426 1967 5462 »
1995 5408 2172 5463 istum
2197 5407 2434 5476 librum,
2468 5409 2527 5461 et
2555 5405 2665 5461 fuit
2679 5404 2874 5460 ﬁnitus
2898 5420 3054 5460 anno
3078 5402 3309 5461 Domini
3333 5406 3471 5460 l322
3485 5403 3543 5459 in

1930 5515 1967 5551 ιν
2000 5496 2194 5569 vigilia
2219 5495 2407 5553 sancti
2434 5493 2717 5550 Vincentii
2745 5492 2935 5550 levita:
2945 5496 3010 5550 et
3038 5492 3329 5567 martyris.
3353 5493 3541 5550 Finito

1926 5608 1969 5642 υ»
1995 5584 2167 5657 libro,
2190 5585 2423 5645 'sitlau's
2448 5585 2510 5642 et
2552 5580 2748 5657 gloria
2771 5580 3018 5642 Christo.
3048 5584 3312 5641 Anien.»
3340 5584 3406 5643 In
3431 5584 3545 5642 hoc
