4122 6058
531 321 626 375 127

1379 318 1436 373 S.
1463 316 1808 373 BRUNONIS
1848 311 2486 369 CARTHUSIANORUM
2524 315 2990 371 lNSTITUTORlS

3749 321 3853 375 128

521 435 696 507 igitur
709 436 1002 492 volumine
1019 437 1259 493 historia
1279 439 1537 494 damnati
1555 439 1808 493 nominis
1819 438 1897 492 sic
1919 436 2127 490 descri-
2157 441 2212 497 Α
2239 454 2269 486 ›>
2301 453 2434 490 cum
2460 435 2763 490 horridum
2781 435 2964 501 valde,
2998 434 3148 489 etab
3168 431 3501 489 hominibus
3531 439 3852 492 remotum:

520 525 674 578 bitur
703 543 836 580 cum
897 527 1160 598 sequenti
1199 527 1388 595 titulo,
1437 549 1468 580 «
1502 529 1598 582 Hic
1636 527 1855 597 incipit,
1885 525 2129 597 qualiter

517 629 552 665 »
583 615 726 669 ordo
777 615 1188 670 Carthusiensis
1234 617 1341 672 fuit
1385 617 1694 671 institutus.
1741 614 1896 668 Sicut
1939 619 2130 685 patres

517 718 551 753 »
581 701 764 756 nostri
803 710 1182 759 narraverunt
1227 706 1411 771 nobis,
1464 705 1573 759 fuit
1606 704 1844 776 quidam
1885 717 2130 773 magnus

520 807 553 841 »
584 791 839 859 clericus,
861 809 1069 864 regens
1090 798 1219 848 actu
1245 795 1450 848 Parisis
1484 795 1541 848 in
1577 793 1885 863 theologia,
1932 789 2134 862 magni

519 895 555 931 ι»
569 879 820 934 nominis
831 885 1001 952 atque
1013 883 1184 937 fama;
1203 900 1316 938 non
1333 879 1762 953 mediocris,qui
1781 882 1854 936 ad
1865 882 2134 935 ultimum

521 985 554 1019 »
577 968 704 1023 vitm
730 986 846 1023 suae
877 972 1184 1041 perductus
1217 976 1322 1039 est,
1361 973 1522 1043 cujus
1547 973 1881 1037 amissione,
1936 973 2134 1039 utpote

525 1056 725 1110 nutanti
763 1058 886 1125 viri,
941 1059 1222 1130 magistri,
1294 1077 1425 1114 cum
1487 1061 1582 1114 alii
1641 1059 1830 1114 clerici
1889 1056 2136 1112 universi

525 1162 558 1196 »
582 1151 897 1215 praesentes
919 1163 1036 1201 non
1066 1149 1360 1203 modicum
1394 1148 1712 1203 contristati
1739 1148 1811 1202 ad
1835 1148 1956 1217 ejus
1987 1162 2138 1200 exse-

526 1249 560 1284 »
591 1233 771 1303 quias,
814 1239 985 1304 prout
1037 1236 1214 1290 moris
1264 1241 1350 1290 est
1395 1236 1642 1304 Parisiis,
1700 1237 2133 1301 convenerunt;

523 1337 558 1371 ι»
589 1322 1129 1395 omnibusque,quae
1153 1325 1227 1378 ad
1247 1325 1541 1396 exsequias
1553 1325 1941 1396 pertinebant,
1957 1323 2139 1377 hono-

528 1425 562 1459 ιδ
582 1407 737 1463 rifice
761 1414 817 1463 et
853 1411 960 1465 rite
993 1413 1228 1483 paratis,
1263 1417 1502 1467 ventum
1545 1416 1630 1467 est
1660 1413 1731 1467 ad
1762 1413 1893 1480 hoc,
1942 1415 2006 1464 ut
2036 1411 2134 1464 de-

526 1513 560 1547 »
595 1496 778 1552 functi
801 1515 1007 1570 corpus
1041 1501 1279 1555 deberet
1307 1502 1446 1573 poni
1480 1501 1538 1554 in
1560 1502 1843 1572 sepulcro,
1892 1501 2134 1554 circum-

526 1603 561 1638 »
586 1587 759 1641 stanti
775 1589 994 1660 busque
1009 1590 1247 1656 clericis,
1269 1591 1364 1662 qui
1383 1591 1686 1645 defunctus
1705 1593 1850 1656 erat,
1869 1588 2139 1643 clamavit

529 1692 562 1726 θ
589 1675 783 1730 dicens
811 1694 824 1731 :
851 1697 881 1728 <‹
903 1679 1059 1732 Justo
1093 1681 1192 1732 Dei
1218 1679 1433 1750 judicio
1458 1684 1751 1734 accusatus
1780 1695 1980 1732 sum.»

600 1767 725 1819 217.
751 1783 784 1816 «
807 1765 972 1828 Quod
1001 1767 1300 1821 audientes
1332 1767 1465 1821 dicti
1497 1768 1759 1838 magistri
1792 1770 1847 1821 et
1868 1765 2139 1832 clerici,et
2158 1756 2210 1816 Β

529 1869 562 1903 ιδ
588 1868 705 1906 non
730 1853 1026 1908 immerito
1040 1856 1364 1926 stupefacti,
1390 1856 2144 1923 inito‘consilio,retulerunt

529 1957 562 1991 ne
594 1956 801 2011 corpus
827 1943 900 1996 ad
947 1943 1270 2009 ecclesiam,
1313 1944 1369 1996 in
1420 1944 1730 1998 crastinum
1763 1947 2140 1998 reservantes.

528 2044 561 2078 »
575 2026 965 2101 Sequentique
980 2030 1071 2084 die
1089 2049 1156 2085 ex
1173 2032 1450 2102 exsequiis
1461 2032 1672 2086 iterum
1686 2032 2144 2096 celebratis,cum

528 2132 562 2166 »
592 2117 803 2170 vellent
824 2133 1041 2187 ponere
1059 2136 1268 2191 corpus
1294 2121 1352 2173 in
1381 2123 1626 2188 tumulo,
1647 2122 1857 2175 iterum
1877 2121 2146 2175 clamavit

529 2221 563 2255 »
601 2208 864 2259 mortuus
885 2209 943 2260 et
954 2206 1050 2260 ait:
1079 2226 1110 2260 α
1129 2209 1156 2260 J
1163 2211 1288 2262 usto
1305 2209 1403 2262 Dei
1411 2209 1628 2279 judicio
1644 2209 1934 2280 judicatus
1955 2225 2142 2262 sum.»

528 2307 562 2341 ›
589 2290 745 2347 Tunc
788 2294 973 2365 magis
1003 2312 1069 2349 ac
1104 2296 1290 2367 magis
1337 2297 1609 2353 admirati
1652 2298 1785 2353 dicti
1829 2299 2039 2364 clerici,
2085 2300 2144 2352 et

529 2396 562 2430 »
591 2382 998 2454 conquirentes
1023 2383 1172 2438 inter
1196 2401 1255 2437 se
1278 2384 1416 2455 quid
1446 2402 1618 2456 agere
1641 2386 1941 2451 deberent,
1985 2387 2141 2441 dixe-

526 2485 558 2520 »
588 2473 726 2523 runt
745 2471 1004 2542 quidam,
1041 2473 1196 2543 quod
1227 2473 1508 2542 judicium
1554 2478 1781 2545 poterat
1814 2492 2020 2529 sonare
2077 2475 2138 2528 in

526 2574 560 2609 >>
592 2558 747 2613 bono
770 2563 828 2613 et
858 2560 915 2613 in
936 2561 1112 2615 malo.
1142 2561 1304 2616 Unde
1331 2561 1439 2616 fuit
1471 2579 1783 2618 commune
1811 2564 2134 2631 consilium,

527 2663 562 2698 θ
586 2648 648 2700 ut
677 2651 735 2702 et
783 2665 962 2720 usque
1000 2651 1058 2704 in
1107 2654 1450 2722 sequentem
1484 2651 1660 2718 diem,
1692 2652 1789 2724 qui
1839 2653 2139 2707 defunctus

523 2751 558 2786 »
591 2733 800 2803 fuerat,
834 2737 1214 2792 intumulatus
1253 2743 1596 2808 servaretur;
1647 2741 1880 2812 quodet
1920 2741 2138 2795 factum

525 2840 559 2874 »
588 2826 692 2876 est.
714 2824 1130 2898 Divulgatoque
1155 2827 1565 2898 praedictorum
1585 2846 1842 2896 rumore,
1877 2829 2140 2902 sequenti

519 2929 552 2964 ›
587 2911 679 2966 die
709 2915 978 2968 convenit
1009 2931 1158 2985 pene
1181 2915 1446 2971 universa
1466 2917 1679 2973 civitas.
1715 2919 1784 2972 Et
1812 2935 1942 2972 cum
1965 2935 2140 2990 pone-

2238 541 2270 575 »
2300 527 2584 578 steterunt
2613 527 2809 578 autem
2838 523 2934 576 ibi.
2960 523 3273 593 Evigilante
3320 525 3515 577 autem
3543 523 3695 578 dicto
3729 525 3855 597 epi-

2238 630 2269 663 »
2293 629 2485 684 scopo,
2527 615 2583 665 et
2611 612 2681 665 de
2702 612 2917 666 visione
2947 614 3173 682 septem
3204 610 3504 664 stellarum
3536 612 3854 683 cogitante,

2238 718 2273 754 »
2304 701 2465 754 adest
2486 700 2764 770 magister
2791 701 2980 753 Bruno
3001 715 3133 753 cum
3165 699 3330 754 sociis
3352 699 3487 753 suis.
3506 699 3857 756 Cadentibus

2238 807 2270 840 »
2303 793 2500 843 autem
2524 789 2687 842 dictis
2709 791 2930 858 septem
2953 787 3281 860 antefpedes
3303 787 3408 842 viri
3439 789 3858 855 sancti,confe-

2237 894 2268 928 »
2290 877 2458 930 rebat
2487 876 2548 930 in
2607 875 2780 930 corde
2810 891 2911 929 suo
2951 875 3020 929 de
3053 879 3275 948 septem
3320 876 3517 943 stellis,
3570 894 3708 932 nam
3742 879 3851 949 ipsi

2236 983 2268 1016 »
2299 968 2523 1035 septem
2545 966 2732 1017 erant.
2753 963 2977 1017 Levavit
2990 966 3186 1017 autem
3213 980 3309 1018 eos
3320 964 3574 1036 benigne
3597 965 3668 1019 ad
3688 965 3854 1020 escu-

2236 1071 2267 1104 »
2298 1053 2440 1108 lum.
2485 1053 2571 1119 Et,
2614 1050 2884 1120 inquisita
2925 1053 2981 1104 et
3040 1051 3348 1122 diligenter
3399 1053 3692 1108 intellecta
3743 1071 3860 1126 qua

2235 1159 2267 1194 »
2299 1157 2473 1195 causa
2492 1139 2952 1204 venissent,dixit
2973 1139 3072 1193 eis:
3113 1159 3145 1192 α
3180 1139 3305 1194 Scio
3337 1141 3530 1195 locum
3573 1145 3855 1211 vestrum,

2236 1255 2316 1292 sa
2337 1240 2454 1293 Deo
2483 1237 2647 1292 vobis
2677 1241 3068 1310 paratum,»et
3083 1237 3241 1292 duxit
3254 1254 3481 1293 eosnon
3507 1238 3628 1292 sine
3650 1240 3858 1310 grandi

2236 1345 2268 1379 »
2301 1328 2497 1380 labore
2539 1326 2613 1380 ad
2638 1327 2851 1392 locum,
2883 1326 2980 1379 ubi
3012 1329 3293 1380 steterant
3314 1329 3538 1398 septem
3569 1329 3767 1396 stella),
3801 1332 3862 1384 et

2236 1417 2563 1470 sait:«Ecce
2585 1417 2740 1469 locus
2755 1416 2958 1468 vester.
2986 1433 3018 1466 »
3045 1415 3126 1469 lbi
3158 1415 3482 1488 igitur,ipso
3507 1419 3703 1472 sancto
3734 1417 3857 1473 viro

2236 1524 2266 1556 s
2293 1505 2556 1575 juvante,
2583 1505 2883 1575 coeperunt
2907 1502 3193 1557 aedificare
3210 1503 3463 1574 primam
3481 1505 3722 1558 domum
3763 1523 3858 1560 or-

2237 1613 2269 1646 »
2296 1593 2442 1649 dinis
2482 1591 2916 1658 Carthusiensis,
2949 1608 3077 1662 quze
3105 1591 3312 1646 domus
3350 1592 3662 1648 Carthusiae
3707 1610 3863 1647 nun-

2238 1701 2269 1734 »
2292 1685 2556 1753 cupatur.
2581 1699 2612 1732 »

2311 1773 2470 1825 219.«
2486 1770 2614 1822 Haec
2637 1768 2737 1836 ibi,
2766 1785 2894 1839 qua:
2923 1784 3039 1823 non
3073 1767 3400 1840 discrepant
3429 1785 3462 1822 a
3486 1769 3725 1836 caeteris,
3759 1769 3864 1824 sed

2244 1859 2586 1923 notandum,
2617 1857 2774 1928 quod
2816 1859 3046 1910 sanctus
3080 1857 3271 1911 Bruno
3294 1856 3503 1911 dicitur
3531 1861 3751 1912 secreto
3774 1874 3865 1913 so-

2243 1946 2357 2000 cios
2377 1962 2507 2001 suos
2539 1944 3165 1999 allocutus.Verisimile
3184 1947 3268 1999 est
3290 1945 3490 2013 etiam,
3507 1945 3675 2016 hujus
3705 1945 3863 2000 codi—

2244 2033 2322 2088 cis
2340 2037 2636 2088 auctorem
2662 2033 2865 2087 vidisse
2895 2033 3242 2101 Chronicon,
3258 2051 3291 2087 a
3313 2037 3510 2087 nostro
3527 2050 3862 2105 anonymo»

2245 2122 2359 2193 (adi
2391 2123 2567 2176 verba
2601 2138 2763 2175 num.
2803 2125 2901 2176 199
2928 2123 2984 2174 et
3014 2137 3136 2192 seq.
3175 2138 3241 2174 ex
3282 2122 3391 2175 hoc
3413 2121 3775 2193 transcripta,
3805 2125 3867 2176 et

2245 2210 2728 2265 num.-l2etbinos
2757 2209 2944 2280 seqq.)
2968 2229 2998 2261 (ι
3025 2209 3245 2263 editum
3260 2208 3411 2262 circa
3440 2226 3660 2263 annum
3702 2212 3860 2264 1220.

2243 2301 2390 2353 Ante
2411 2297 2834 2370 quinquaginta
2854 2314 3039 2352 annos
3053 2297 3452 2352 asservabatur
3485 2297 3544 2351 in
3561 2297 3863 2351 Carthusia

2242 2386 2677 2442 Monsterolensi
2709 2403 2817 2440 ms.
2851 2385 3030 2440 codex
3067 2385 3317 2439 ecclesiae
3359 2383 3694 2456 Longiprati
3727 2387 3867 2439 Am-

2239 2475 2528 2530 bianensis
2559 2474 2834 2541 dimcesis,
2857 2474 2916 2527 in
2945 2491 3059 2544 quo
3081 2477 3219 2527 tunc
3235 2473 3534 2527 historiam
3553 2474 3858 2545 praefatam

2239 2564 2381 2635 legit
2411 2565 2646 2635 quidam
2688 2563 3008 2618 monachus
3053 2562 3403 2617 Montis-Dei.
3436 2563 3498 2616 In
3530 2563 3638 2616 hoc
3669 2563 3848 2618 etiam

2239 2653 2430 2707 cadice
2459 2653 2708 2724 plurima
2740 2655 2931 2706 metra
2960 2650 3169 2705 Gallica
3191 2667 3307 2704 una
3325 2667 3459 2704 cum
3492 2651 3732 2723 epistola
3760 2669 3865 2706 seu

2240 2744 2494 2795 tractatu
2525 2743 2604 2795 De
2624 2741 2740 2794 vita
2781 2739 3037 2795 solitaria
3066 2739 3140 2793 ad
3171 2739 3380 2793 fratres
3411 2738 3482 2793 de
3535 2739 3724 2794 Monte
3756 2740 3860 2796 Dei

2243 2831 2484 2885 nomine
2515 2828 2801 2884 Guillelmi
2824 2829 3292 2882 continebantur.
3328 2827 3429 2881 Hic
3458 2831 3653 2882 autem
3672 2829 3851 2883 codex

2239 2917 2404 2972 datus
2454 2917 2564 2972 fuit
2613 2917 2925 2972 Carthusia:
2970 2915 3402 2972 Monsterolensi
3444 2916 3595 2970 circa
3631 2933 3851 2970 annum

518 3017 552 3052 »
583 3003 717 3107 r‘ent
751 3001 1087 3107 defunctum
1124 3003 1183 3107 in
1221 3007 1516 3107 sepultura
1547 3011 1892 3107 praeparata,
1925 3007 2134 3062 iterum
2155 3046 2204 3107 α
2243 3011 2404 3107 i339,
2443 3010 2505 3107 ut
2525 3007 2584 3061 in
2617 3024 2684 3062 eo
2725 3008 2956 3107 legitur,
3009 3026 3041 3059 «
3075 3008 3185 3061 Par
3215 3005 3470 3107 {less-ires
3501 3005 3717 3107 prert
3746 3006 3852 3060 Ba-

517 3103 551 3137 »
573 3087 871 3144 clamavit:
898 3109 928 3142 «
949 3091 1106 3146 Justo
1141 3092 1241 3146 Dei
1264 3092 1482 3162 judicio
1506 3095 1928 3149 condemnatus
1945 3112 2134 3150 sum.»

518 3191 552 3225 ι
582 3173 726 3228 Dicti
743 3179 940 3231 autem
959 3177 1219 3248 magistri
1243 3180 1438 3235 audito
1452 3181 1560 3236 hoc
1602 3183 1776 3236 verbo
1804 3186 1861 3236 et
1887 3185 2134 3236 tractatu

517 3279 550 3313 »
580 3262 778 3317 habito
803 3265 1087 3334 diligenti,
1123 3266 1410 3334 dixerunt,
1442 3285 1577 3322 eum
1609 3286 1730 3323 esse
1763 3269 2129 3324 damnatum.

515 3348 687 3402 »ΕΙ-δι
711 3353 906 3405 autem
943 3357 1078 3406 tunc
1108 3354 1390 3424 temporis
1411 3355 1650 3426 quidam
1681 3357 1992 3411 canonicus
2025 3359 2132 3412 Re-

517 3453 551 3490 »
583 3438 817 3504 mensis,
853 3440 1131 3510 magister
1166 3441 1225 3496 in
1264 3443 1579 3514 theologia,
1632 3445 1871 3500 nomine
1918 3447 2130 3513 Bruno,

514 3541 548 3576 »
574 3540 803 3597 magum
825 3528 1141 3583 sanctitatis
1153 3533 1209 3583 et
1236 3530 1507 3601 profundi
1532 3549 1748 3599 sensus,
1772 3535 1889 3604 qui,
1914 3538 2134 3590 attente

514 3629 548 3663 ιν
577 3627 704 3666 rem
747 3615 1004 3669 auditam
1049 3616 1439 3685 considerans,
1475 3619 1694 3674 vocavit
1730 3621 2011 3692 quosdam
2063 3623 2133 3676 de

514 3716 548 3751 ι»
578 3700 931 3756 scholaribus
947 3703 1058 3757 suis
1073 3708 1292 3760 secreto
1315 3710 1374 3761 et
1393 3707 1473 3760 ait
1497 3708 1604 3762 illis
1629 3725 1641 3762 :
1669 3729 1699 3761 <<
1723 3710 1884 3778 Ecce,
1910 3710 2131 3780 videtis,

515 3805 549 3839 »
584 3790 817 3861 ..,.quid
832 3808 1004 3862 agere
1028 3793 1427 3850 debeamus.Si
1450 3797 1628 3854 homo
1655 3801 1833 3854 tanta:
1859 3800 2130 3868 scientias,

516 3895 548 3929 »
587 3882 763 3934 tantae
793 3881 942 3949 vitae,
973 3885 1148 3938 tantae
1172 3884 1367 3952 famae,
1399 3885 1535 3940 dicit
1551 3904 1608 3940 se
1649 3891 1998 3955 accusatum,
2035 3889 2134 3959 ju-

517 3982 550 4016 »
579 3966 856 4034 dicatum,
883 3969 1366 4038 condemnatum,
1401 3973 1540 4044 quid
1566 3990 1670 4026 nos
1699 3991 1931 4045 sperare
1965 3975 2134 4029 debe-

514 4071 548 4106 »
572 4071 722 4123 mus,
756 4057 954 4110 miseri
976 4059 1348 4127 peccatores?
1367 4078 1399 4110 »
1431 4079 1462 4110 «
1485 4059 1746 4130 Cumque
1773 4061 2034 4116 dicerent
2055 4062 2128 4117 ei:

514 4158 549 4193 ›
578 4141 865 4212 Magister,
910 4142 969 4196 in
1003 4143 1274 4198 omnibus
1303 4144 1491 4216 parati
1527 4162 1724 4200 sumus
1763 4151 1864 4204 tuo
1903 4151 2130 4223 acquie-

512 4245 545 4280 »
562 4245 719 4284 scere
746 4230 984 4286 consilio
1004 4232 1158 4300 ;»ait:
1178 4231 1553 4300 «Consulo,ut
1576 4237 1907 4304 mumdum,
1929 4243 1987 4293 et
2003 4256 2130 4311 qua:

2236 3114 2267 3148 >>
2289 3095 2442 3149 taille
2462 3095 2729 3150 Canoene
2758 3095 2829 3149 de
2853 3096 3119 3166 Longpre
3133 3111 3205 3148 en
3225 3092 3460 3148 Santers
3471 3110 3532 3148 as
3545 3093 3860 3148 Chartreux

2235 3203 2266 3236 »
2299 3183 2368 3236 de
2393 3183 2801 3238 Monstrevel.»
2819 3183 2894 3235 Ex
2914 3183 3002 3236 his
3032 3183 3233 3254 liquet,
3251 3183 3402 3236 hanc
3427 3180 3728 3236 historiam
3751 3181 3859 3236 sub

2234 3270 2465 3325 initium
2495 3271 2687 3325 saeculi
2719 3270 2906 3341 quarti
2937 3269 3145 3324 decimi
3169 3269 3342 3324 fuisse
3374 3268 3744 3335 notissiman,
3790 3286 3859 3324 ac

2233 3359 2400 3430 proin
2419 3359 2540 3430 ejus
2553 3357 2840 3428 originem
2858 3357 3319 3430 antiquissimam
3337 3356 3508 3410 fuisse
3531 3374 3544 3424 ;
3567 3373 3673 3411 nec
3695 3356 3854 3411 enim

2233 3447 2539 3501 verisimile
2591 3449 2697 3514 est,
2743 3463 2873 3501 eam
2929 3447 3136 3501 eodem
3197 3450 3464 3515 tempore
3490 3447 3577 3499 tot
3624 3444 3683 3499 in
3714 3444 3856 3500 locis

2235 3535 2496 3589 unanimi
2522 3551 2804 3588 consensu
2829 3534 3000 3588 fuisse
3029 3533 3438 3604 excogitatam.
3471 3551 3505 3584 ι)
3554 3532 3714 3587 Hisce
3745 3532 3852 3587 oh-

2233 3623 2487 3692 servatis,
2539 3622 2949 3678 Carthusianus
2989 3639 3316 3693 anonymus
3348 3620 3695 3676 testimoniis
3717 3619 3850 3691 jam

2235 3712 2494 3766 adductis
2517 3711 2782 3782 infraque
2813 3711 2997 3765 adhuc
3029 3709 3384 3765 adducendis
3407 3711 3657 3782 picturas
3682 3725 3746 3763 ac
3759 3712 3852 3763 ta-

2235 3799 2415 3854 bellas
2443 3799 3034 3871 antiquasinterserit,
3057 3815 3184 3870 qua:
3218 3814 3350 3852 cum
3377 3798 3558 3852 ferale
3575 3795 3849 3866 doctoris,

2237 3886 2579 3941 damnatum
2607 3904 2665 3941 se
2714 3886 3032 3954 vociferati,
3073 3887 3465 3958 spectaculum
3518 3885 3850 3953 exhibeant,

2237 3974 2829 4046 testimoniorumque
2886 3977 3014 4030 loco
3058 3975 3194 4029 hinc
3244 3991 3366 4030 esse
3411 3973 3850 4046 quodammodo

2234 4067 2469 4136 queant,
2498 4065 2675 4119 verba
2705 4065 2903 4133 etiam,
2930 4063 3135 4137 quibus
3157 4064 3215 4118 in
3247 4063 3404 4133 facit,
3437 4063 3699 4136 proxime
3721 4062 3852 4133 jam

2233 4152 2484 4206 recitatis
2515 4152 2605 4222 adj
2617 4169 2794 4223 ungo.

2303 4244 2425 4297 220.
2450 4239 2540 4294 Sic
2582 4241 2820 4296 habent:
2861 4240 3280 4296 «Innocentius
3303 4239 3471 4310 hujus
3491 4238 3743 4295 nominis
3757 4238 3849 4306 VI,

514 4335 547 4370 »
569 4321 702 4372 sunt
735 4319 957 4386 mundi,
985 4319 1298 4391 fugiamus,
1319 4323 1376 4375 et
1394 4321 1725 4380 hahitemus
1750 4325 1808 4380 in
1821 4327 2129 4382 solitudine
2151 4326 2204 4386 D
2231 4346 2492 4382 summus
2520 4329 2800 4400 pontifex,
2852 4329 2911 4383 in
2964 4330 3271 4384 refectorio
3306 4327 3618 4383 Carthusia),
3662 4327 3851 4383 Villa:-

516 4422 549 4458 »
570 4407 888 4462 secundum
911 4409 1052 4463 illud
1069 4409 1287 4476 :«Ecce,
1323 4410 1411 4464 elo
1424 4411 1593 4482 ngavi
1612 4412 1924 4483 fugiens,et
1946 4416 2130 4470 mansi

513 4512 546 4547 ne
579 4493 641 4548 in
664 4496 972 4552 solitudine
1015 4497 1184 4568 (Psal.
1206 4514 1315 4565 LIV,
1346 4498 1418 4570 8).
1457 4519 1486 4551 ι
1516 4501 1584 4554 Et
1611 4500 1953 4573 incipiamus
1984 4503 2134 4559 ordi-

517 4599 552 4635 ›
575 4597 714 4636 nem
747 4584 912 4638 nobis
942 4585 1294 4655 pmnitentiee
1327 4589 1384 4640 et
1409 4588 1789 4644 securitatis.»

587 4671 711 4725 218.
755 4689 788 4722 α
825 4672 892 4726 Et
923 4672 1162 4727 addidit:
1199 4692 1230 4726 «κ
1263 4675 1357 4728 Est
1404 4675 1569 4730 nobis
1612 4678 1849 4749 quidam
1905 4681 2134 4734 sanctus

517 4776 550 4811 ς
575 4759 874 4832 episcopus
906 4761 965 4815 in
994 4762 1254 4834 partibus
1275 4765 1620 4836 Burgundiaa
1641 4767 1700 4821 in
1733 4769 1959 4824 civitate
1989 4769 2135 4824 Gra-

517 4865 550 4900 »
573 4847 874 4922 tianopoli,
899 4850 957 4904 in
987 4852 1146 4923 cujus
1189 4851 1523 4925 episcopatu
1557 4859 1690 4910 sunt
1732 4857 1859 4912 loca
1883 4856 2131 4925 deserta,

518 4952 553 4989 ιδ
583 4940 642 4991 et
679 4952 828 5008 pene
861 4939 1291 5009 inaccessibilia,
1352 4943 1562 4998 Eamus
1602 4945 1676 5000 ad
1713 4963 1868 5014 eum,
1912 4950 1971 5000 et
2011 4946 2136 5017 ejus

518 5042 552 5077 ››
575 5026 812 5082 consilio
836 5029 1036 5084 omnia
1054 5030 1390 5085 faciamus.»
1402 5033 1700 5087 Venerunt
1716 5033 1892 5106 igitur
1913 5037 2135 5106 septem

519 5132 554 5167 >
585 5117 894 5173 unanimes
919 5122 977 5174 et
1002 5120 1169 5174 unius
1202 5121 1528 5175 voluntatis.
1557 5122 1815 5194 Cumque
1851 5123 2138 5178 intrarent

521 5222 555 5258 ›
585 5205 926 5276 praedictam
939 5209 1252 5277 civitatem,
1278 5209 1503 5278 accidit,
1525 5213 1589 5264 ut
1607 5215 1835 5266 sanctus
1851 5212 1937 5267 vir
1955 5213 2137 5267 dictus

521 5312 553 5346 »
576 5295 878 5368 episcopus
893 5297 1256 5354 obdormiret
1280 5298 1338 5352 in
1370 5315 1602 5353 camera
1639 5318 1760 5355 sua.
1792 5299 2057 5372 Viditque
2076 5301 2135 5356 in

522 5401 555 5434 »
588 5385 825 5452 somnis,
875 5387 953 5452 et,
989 5402 1140 5454 ecce,
1187 5392 1413 5459 septem
1449 5388 1627 5442 stella:
1674 5389 1963 5444 cadebant
2003 5392 2139 5444 ante

523 5489 555 5524 s
579 5473 755 5542 pedes
803 5474 926 5545 ejus
970 5476 1028 5526 et
1070 5479 1270 5545 postea
1323 5477 1712 5532 ascendebant
1749 5493 1855 5549 per
1891 5478 2140 5534 diversos

520 5577 554 5612 »
581 5559 808 5617 modtes
831 5563 891 5618 et
917 5561 1103 5620 multa
1132 5563 1363 5624 deserta
1394 5583 1573 5640 usque
1601 5567 1676 5624 ad
1706 5566 2024 5640 quemdam
2051 5568 2141 5625 lo-

2231 4418 2422 4485 Novze,
2454 4434 2630 4488 quam
2660 4416 2928 4472 fundavit
2957 4434 3112 4471 anno
3142 4419 3297 4482 1356,
3319 4416 3732 4488 jussitdepingi
3754 4433 3855 4472 or-

2230 4508 2358 4560 tum
2372 4509 2430 4560 et
2441 4522 2812 4577 progressum
2828 4505 3045 4560 ordinis
3063 4505 3498 4572 Carthusiensis,
3517 4504 3851 4577 Incipiendo

2233 4612 2268 4650 a
2303 4593 2485 4650 sancti
2520 4594 2804 4649 Brunonis
2847 4597 2904 4648 et
2950 4593 3240 4649 sociorum
3293 4593 3415 4665 ejus
3450 4593 3851 4660 conversione,

2233 4683 2426 4754 ibique
2459 4683 2783 4736 etiamnum
2814 4683 2965 4737 inter
2981 4682 3122 4736 alias
3149 4681 3392 4736 tabellas
3424 4698 3541 4736 una
3571 4681 3851 4750 cernitur,

2235 4771 2564 4842 exprimens
2606 4771 2745 4825 illud
2768 4769 3266 4842 expavescendum
3299 4768 3560 4824 damnati
3596 4769 3854 4823 hominis

2235 4859 2646 4931 spectaculum.
2669 4858 2783 4912 Etsi
2802 4859 3052 4930 picturas
3067 4861 3125 4913 et
3145 4860 3368 4912 colores
3389 4857 3448 4912 in
3476 4858 3582 4911 hac
3595 4855 3858 4911 hostoria

2237 4947 2656 5017 contempserit
2685 4951 2742 5001 et
2767 4946 3009 5000 irriserit
3051 4946 3357 5014 Launoius,
3394 4962 3513 5000 non
3548 4961 3859 5017 possumus

2235 5034 2490 5110 praefatis
2508 5035 2734 5089 tabellis
2765 5051 2884 5090 non
2914 5037 3168 5089 attexere
3202 5033 3857 5106 precatoriumlibrum,

2237 5140 2350 5196 quo
2398 5140 2533 5177 usus
2575 5126 2663 5178 est
2708 5123 2980 5190 Joannes,
3033 5122 3147 5176 dux
3188 5121 3574 5189 Bituricencis,
3617 5120 3861 5176 Joannis

2237 5212 2391 5285 regis
2420 5212 2676 5268 Francia:
2701 5212 2869 5279 filius,
2904 5213 3073 5266 natus
3122 5227 3276 5266 anno
3308 5213 3466 5277 1340,
3500 5213 3558 5264 et
3590 5213 3861 5265 mortuus

2239 5319 2394 5357 anno
2420 5304 2511 5357 141
2523 5303 2742 5360 6.Hunc
2753 5301 2966 5355 librum
2981 5300 3158 5354 modo
3172 5300 3232 5354 in
3247 5299 3546 5354 Carthusia
3558 5297 3862 5353 constituti

2240 5408 2359 5465 prie
2390 5391 2658 5445 manibus
2672 5390 2975 5456 habemus,
3005 5388 3200 5460 politis
3235 5387 3600 5459 venustisque
3625 5386 3858 5450 litteris,

2242 5478 2531 5535 deauratis
2568 5477 2889 5532 intersertis
2932 5476 3381 5545 characteribus,
3423 5479 3743 5542 exaratum,
3791 5492 3862 5531 ac

2244 5567 2504 5641 pluribus
2532 5565 2812 5636 exquisito
2856 5565 3036 5622 oleari
3085 5565 3353 5624 subactus
3397 5579 3572 5637 opere
3615 5563 3864 5636 depictis
