4122 6058
242 280 263 333 1
276 279 345 331 '29
1825 265 1884 321 At

1984 268 2007 320 λ
3472 293 3574 348 130

238 397 599 473 imaginibus
624 397 869 471 sparsim
889 401 1178 467 omnium,
1198 397 1354 454 inter
1368 412 1508 472 quas
1530 398 1659 453 octo
1682 392 1870 449 visun-
1887 394 1945 455 Α
1967 394 2163 448 autem
2208 392 2474 450 habimus
2517 400 2651 454 ante
2693 415 2763 454 xx
2789 415 2974 458 annos
3014 421 3050 460 a
3073 405 3371 466 Carthusia
3395 412 3579 473 Villa-

242 493 357 557 tur,
387 493 577 544 totam
608 488 997 544 conversionis
1027 487 1207 544 sancti
1254 486 1537 543 Brunonis
1564 482 1865 540 historiam
1966 480 2237 536 Francha
2270 486 2478 537 nostra
2509 486 2820 558 provincia
2846 490 3190 563 Aquitania.
3219 497 3419 556 Utrum
3440 519 3573 562 vero

241 579 656 650 exprimentes,
683 594 751 633 ex
766 578 970 651 quibus
993 582 1113 633 tres
1137 576 1563 649 elegantissime
1580 572 1864 645 triplicem
1967 586 2032 623 ex
2063 572 2453 644 manuscripto
2494 574 2708 643 codice,
2742 581 2840 632 aut
2889 596 2957 634 ex
2998 581 3275 656 impresso
3328 592 3576 649 auctoris

239 667 508 723 damnati
526 667 779 723 hominis
806 667 1118 723 anastasim
1144 668 1564 739 repraesentant
1589 680 1720 718 cum
1739 662 1867 716 sub.
1964 659 2231 723 tractatu,
2262 664 2527 733 excerpta
2546 663 2782 729 fuerint,
2809 668 3079 739 fatemur,
3108 689 3213 728 nos
3232 675 3521 747 ignorare.
3542 702 3571 732 »

235 757 559 830 scriptione
590 756 831 829 triplicis
878 756 1047 824 vocis,
1081 755 1460 810 accusationis
1504 754 1739 816 scilicet,
1775 751 1867 822 ju-
1966 835 1978 836 γ
2036 750 2157 803 222.
2197 770 2225 798 ‹‹
2251 749 2359 803 Per
2384 749 2441 804 id
2470 753 2749 824 temporis
2779 755 3003 827 (saculo
3033 776 3245 834 nempe
3282 766 3395 836 xw)
3426 767 3576 824 vive-

237 845 552 901 dicaﬁonis
584 847 642 899 et
657 845 1067 901 damnationis.
1098 844 1365 913 Quidam,
1390 844 1486 916 qui
1507 844 1718 898 librum
1745 857 1862 896 non
1964 835 2064 890 bat
2092 837 2256 891 Joan.
2285 838 2523 911 Iperius,
2556 842 2959 900 Benedictinus
2990 848 3233 906 abbatia
3269 852 3326 907 S.
3360 835 3576 913 Bertini

233 934 406 1001 vidit,
438 937 502 988 ut
532 934 654 1004 ejus
677 933 913 1005 pictura
939 933 1341 988 testimonium
1372 930 1664 1003 antiquius
1694 930 1850 983 lucu-
1961 924 2569 1015 audomaropolitana
2601 929 2876 999 diacesis,
2899 934 2996 1005 qui
3024 935 3083 991 in
3116 938 3396 997 Chronico
3428 945 3576 1015 ejus-

234 1022 573 1094 lentiusque
589 1021 880 1089 redderet,
904 1021 1148 1095 scripsit,
1175 1021 1483 1093 prmfatum
1514 1020 1719 1074 ducem
1744 1034 1863 1072 non
1966 1012 2100 1067 dem
2125 1015 2459 1070 monasterii
2473 1033 2649 1088 agens
2667 1018 2736 1073 de
2746 1019 3091 1079 fundatione
3114 1027 3331 1083 ordinis
3345 1012 3583 1088 Carthu-

235 1110 419 1166 fuisse
440 1114 737 1165 auctorem
754 1110 1106 1182 depingendi
1130 1110 1233 1164 has
1250 1108 1554 1181 imagines,
1574 1121 1715 1180 quas
1733 1105 1863 1160 ideo
1964 1100 2183 1167 siensis,
2218 1106 2428 1159 nostra
2470 1105 2723 1161 historiae
2770 1110 3058 1166 meminit.
3100 1114 3275 1186 Hujus
3312 1118 3579 1177 Chronici

238 1200 343 1255 diu
376 1203 518 1254 ante
540 1199 724 1271 pictas
744 1199 1009 1254 credidit.
1041 1199 1155 1255 Sed
1191 1199 1442 1269 ingenue
1468 1198 1737 1262 fatemur,
1772 1211 1866 1249 eas

1984 1188 2179 1261 [exstat
2207 1193 2383 1247 modo
2410 1194 2563 1266 apud
2592 1195 2945 1252 Marteneum
2973 1202 3114 1255 tom.
3154 1205 3225 1257 III
3259 1206 3581 1268 Anecdoto-

238 1304 365 1344 non
396 1286 572 1342 fuisse
599 1286 954 1360 antiquiores
982 1290 1151 1343 atate
1182 1286 1439 1358 ejusdem
1476 1284 1771 1357 principis,
1805 1284 1869 1336 ut
1967 1294 2097 1332 rum
2119 1279 2417 1353 insertum)
2433 1283 2692 1337 nondum
2708 1284 2859 1355 (cum
2878 1287 3092 1344 scilicet
3106 1291 3228 1346 hac
3249 1294 3581 1355 scribeban-

238 1391 311 1430 ex
340 1376 537 1447 primo
565 1376 801 1448 hujusce
829 1375 960 1459 libri
1000 1375 1139 1430 folio
1187 1378 1447 1447 apparet,
1480 1373 1577 1428 ubi
1625 1372 1704 1427 sic
1729 1369 1865 1425 scri-
1965 1365 2077 1459 tur)
2097 1368 2245 1439 typis
2261 1369 2443 1424 excusi
2467 1370 2748 1441 ipsissima
2769 1375 2961 1442 verba,
2983 1382 3204 1449 prouta
3221 1382 3267 1435 R
3286 1383 3453 1440 Patre
3468 1386 3583 1441 Ma-

238 1467 415 1536 ptum
445 1463 725 1535 legimus:
763 1485 792 1514 «
815 1463 917 1518 Ces
942 1454 1165 1518 'heures
1194 1463 1259 1517 ﬁt
1287 1462 1398 1517 fair
1440 1458 1869 1516 tres-excellent
1967 1454 2206 1510 billonio
2236 1457 2401 1511 nobis
2431 1458 2683 1514 officiose
2714 1464 3045 1520 transmissa
3066 1471 3217 1537 sunt,
3245 1470 3338 1525 hic
3358 1473 3585 1545 subjici-

240 1570 276 1604 »
314 1554 378 1607 et
410 1552 668 1623 puissant
713 1550 911 1623 prince
938 1552 1141 1618 Jehan,
1190 1551 1278 1605 ﬁls
1308 1551 1378 1605 de
1404 1566 1510 1621 roy
1533 1550 1604 1604 de
1630 1548 1866 1614 France,
1968 1559 2115 1598 mus.
2150 1566 2177 1593 ‹‹
2205 1546 2267 1598 In
2289 1546 2476 1601 studio
2501 1548 2801 1604 Parisiensi
2823 1552 3060 1622 quidam
3094 1555 3296 1613 doctor
3324 1559 3384 1614 in
3414 1561 3579 1618 theo-

241 1662 273 1690 ››
315 1639 431 1694 duc
461 1639 534 1694 de
560 1641 733 1711 Berry
782 1642 840 1694 et
882 1638 1263 1711 d’Auvergne,
1312 1640 1481 1693 conte
1526 1637 1595 1692 de
1640 1635 1866 1699 Poitou,
1892 1712 1938 1722 _
1968 1652 1997 1681 ››
2031 1631 2189 1722 logia
2236 1634 2400 1688 valde
2456 1636 2729 1691 solemnis
2764 1639 2926 1707 obiit,
2969 1643 3044 1697 ad
3081 1645 3240 1715 cujus
3287 1649 3581 1722 exsequias

242 1750 273 1777 ι»
316 1729 700 1801 d’Estampes,
731 1728 803 1782 de
849 1728 1207 1800 Bouloingne
1237 1729 1296 1781 et
1339 1726 1722 1798 d’Auvergne,
1750 1747 1778 1775 ››
1811 1726 1870 1782 id
1890 1712 1941 1772 B
1968 1738 2000 1772 »
2030 1721 2336 1776 multitudo
2377 1724 2787 1793 magistrorum
2822 1731 2879 1781 et
2908 1712 3256 1788 scholarium
3290 1712 3579 1795 convenit.

242 1821 353 1884 est,
392 1840 421 1868 «
452 1818 582 1872 Haec
612 1817 768 1872 hora
798 1815 1136 1888 precatoria}.
1181 1818 1497 1887 compacta
1548 1818 1681 1869 sunt
1708 1814 1870 1884 jussu
1965 1829 1998 1860 »
2034 1808 2101 1862 Et
2122 1809 2260 1863 dum
2277 1826 2483 1882 corpus
2500 1811 2827 1868 defunctiin
2849 1819 3148 1888 sepulchro
3165 1823 3303 1892 poni
3323 1824 3581 1896 deberet,

240 1924 277 1960 ι
315 1904 786 1961 excellentissimi
816 1921 881 1959 ac
898 1903 1283 1975 potentissimi
1311 1903 1583 1976 principis
1611 1903 1866 1969 Joannis,

242 2016 275 2046 »
314 1994 423 2049 ﬁlii
443 1995 601 2065 regis
629 1992 906 2054 Francia,
938 1991 1096 2046 ducis
1129 1991 1447 2064 Biturigum
1475 1995 1533 2045 et
1554 1991 1868 2054 Arvernia,

246 2106 275 2134 ιι
317 2100 389 2140 ac
422 2082 652 2139 comitis
696 2082 1020 2149 Pictonum,
1068 2080 1460 2152 Stamparum,
1510 2080 1762 2136 Bolonia
1814 2082 1871 2134 et

246 2195 275 2224 ιι
317 2173 610 2228 Arvenia.
633 2192 665 2224 »τι
697 2171 915 2227 Deinde
946 2187 1162 2227 nomen
1186 2169 1480 2241 scriptoris
1504 2169 1618 2223 sive
1638 2169 1871 2241 pictoris

243 2262 629 2341 subscribitur
650 2261 750 2329 sic,
788 2282 816 2312 «
845 2261 1081 2315 Flamel.
1107 2282 1135 2309 »
1170 2259 1341 2331 Cujus
1364 2276 1507 2330 opus
1528 2275 1751 2322 omnes,
1773 2258 1870 2331 qui

243 2352 472 2419 vident,
506 2350 812 2417 mirantur,
855 2350 998 2405 adeo
1028 2352 1091 2404 ut
1119 2351 1310 2405 locum
1341 2351 1634 2403 mereatur
1657 2349 1870 2404 habere

243 2440 406 2496 inter
435 2440 705 2512 egregios
729 2439 900 2510 hujus
930 2436 1211 2510 temporis
1240 2435 1505 2509 pictores.
1529 2455 1562 2489 »

317 2533 449 2586 221.
483 2529 651 2584 Redit
680 2527 854 2583 modo
894 2526 969 2581 ad
995 2527 1360 2596 scriptorum,
1394 2525 1492 2596 qui
1539 2523 1757 2579 ordinis
1787 2521 1871 2577 sui

244 2635 374 2674 non
405 2622 562 2685 sunt,
586 2615 920 2675 testimonia
949 2613 1354 2670 Carthusianus
1383 2630 1728 2685 anonymus,
1772 2612 1877 2667 ita-

246 2726 367 2784 que
398 2711 524 2764 hac
581 2721 880 2761 recensere
911 2702 1143 2777 pergit:
1179 2724 1206 2754 «
1235 2702 1567 2774 Ranulphus
1616 2700 1872 2773 Lygden,

244 2797 578 2855 monachus
606 2795 663 2850 in
709 2792 1058 2850 Occidentali
1105 2791 1425 2863 Anglorum
1469 2793 1631 2862 parte
1684 2789 1876 2844 oriun-

247 2888 381 2954 dus,
412 2884 515 2958 qui
541 2884 763 2939 vivebat
791 2897 944 2936 anno
984 2881 1141 2942 i363,
1172 2879 1326 2933 inter
1354 2878 1538 2949 plura,
1571 2894 1698 2949 qua
1737 2875 1873 2931 scri-

248 2977 389 3050 psit,
424 2969 883 3044 Polychronicon
915 2968 1114 3034 edidit,
1146 2967 1323 3056 libros
1352 2969 1575 3056 septem
1620 2966 1873 3056 comple-
1894 2997 1943 3056 C

247 3068 436 3131 ctens,
471 3062 532 3116 in
562 3076 810 3133 quorum
840 3057 1065 3124 ultimo,
1109 3055 1295 3127 capite
1335 3056 1368 3109 4
1397 3054 1467 3108 de
1507 3057 1704 3109 sancto
1739 3054 1874 3108 Bru-

250 3169 415 3208 none
479 3153 537 3205 et
592 3166 762 3204 causa
807 3144 1196 3217 conversionis
1251 3143 1373 3214 ejus
1434 3142 1513 3196 sic
1569 3142 1873 3214 loquitur:

246 3261 282 3295 »
314 3242 538 3307 Bruno,
589 3235 827 3293 Colonia
853 3233 1172 3306 Agrippina
1224 3231 1520 3298 oriundus,
1553 3231 1879 3286 litterarum

249 3350 281 3379 ι)
316 3329 515 3401 gratia
546 3325 853 3391 Lutetiam,
876 3322 1198 3377 studiorum
1225 3320 1462 3375 nomine
1481 3323 1615 3373 tunc
1634 3320 1881 3374 celeber-

250 3436 286 3471 »
316 3418 563 3483 rimam,
602 3430 660 3469 se
703 3410 963 3468 contulit.
1014 3409 1095 3464 lbi
1140 3407 1448 3464 canonicus
1490 3408 1672 3462 factus
1728 3407 1881 3462 inter

252 3527 286 3560 s
319 3506 680 3580 professores
704 3502 894 3556 locum
919 3497 1126 3553 tenuit.
1161 3494 1535 3569 Praeceptoris
1554 3498 1749 3549 autem
1771 3494 1876 3562 sui,

252 3618 287 3649 α
316 3594 411 3651 cui
465 3592 735 3647 defuncto
782 3589 909 3659 jam
958 3585 1239 3658 exsequiae
1291 3583 1663 3657 parabantur,
1721 3599 1878 3651 voce,

253 3706 284 3736 ι)
330 3682 495 3756 quia,
513 3679 698 3752 capite
720 3695 752 3732 e
778 3677 992 3732 feretro
1028 3677 1242 3739 exerto,
1274 3689 1335 3726 se
1368 3672 1709 3726 damnatum
1741 3687 1879 3742 que-

255 3794 286 3821 »
316 3772 585 3835 rebatur,
630 3769 843 3833 motus,
896 3764 955 3819 in
987 3778 1250 3818 eremum
1281 3760 1596 3833 quandam,
1635 3758 1883 3829 sexbaliis

256 3881 288 3912 ιο
325 3876 468 3916 eum
494 3855 922 3920 comitantibus,
946 3867 1225 3924 egressus,
1248 3849 1425 3904 vitam
1446 3848 1566 3919 egit
1586 3847 1812 3902 duram.
1834 3848 1883 3901 Α

256 3970 288 4000 »
324 3951 457 4004 loco
479 3962 654 4020 quem
669 3943 1022 4008 incolebant,
1043 3937 1555 3995 Carthusianorum
1577 3934 1764 3990 ordini
1786 3950 1886 3990 no-

258 4057 294 4092 »
329 4054 473 4093 men
502 4035 754 4090 inditum
786 4034 892 4098 est,
923 4030 1053 4102 post
1077 4042 1296 4082 annum
1327 4028 1548 4080 sextum
1581 4039 1684 4095 per
1715 4023 1889 4079 Urba-

259 4147 296 4179 ›
330 4141 477 4181 num
511 4122 852 4195 discipulum
872 4134 1060 4184 suum,
1082 4115 1179 4188 qui
1200 4115 1325 4186 jam
1346 4114 1622 4168 Romana
1640 4114 1889 4183 praerat

262 4237 293 4266 ιι
330 4212 619 4280 Ecclesia,
650 4210 949 4265 revocatus
978 4221 1141 4261 suam
1170 4204 1222 4258 ei
1254 4202 1313 4257 in
1351 4200 1610 4255 Ecclesia
1640 4199 1889 4271 negotiis

1968 1917 1998 1947 »
2033 1896 2544 1953 clamavitdicens:
2599 1922 2627 1949 «
2673 1901 2829 1956 Justo
2884 1904 2983 1958 Dei
3030 1905 3246 1976 judicio
3292 1918 3586 1973 accusatus

1970 2003 1999 2034 ››
2030 2001 2178 2039 sum.
2195 1984 2501 2057 Stupentes
2514 1987 2775 2059 magistri
2804 1989 2944 2046 illud
2972 1994 3047 2048 ad
3060 1996 3360 2054 ecclesiam
3372 2004 3585 2059 retule-

1969 2093 2000 2123 »
2034 2076 2190 2127 runt.
2205 2075 2268 2128 In
2284 2074 2532 2129 crastino
2560 2075 2736 2130 missa
2754 2094 2887 2133 cum
2907 2083 3187 2153 exsequiis
3205 2083 3417 2142 iterum
3439 2091 3585 2147 cele-

1969 2180 2000 2212 »
2034 2161 2232 2225 bratis,
2266 2163 2405 2217 dum
2434 2164 2707 2218 tumulari
2739 2166 2996 2237 deberet,
3029 2169 3241 2228 iterum
3272 2176 3539 2233 clamavit
3568 2195 3584 2237 :

1973 2269 1999 2303 α
2033 2251 2188 2304 Justo
2204 2250 2304 2305 Dei
2316 2251 2536 2322 judicio
2551 2252 2838 2322 judicatus
2858 2272 3005 2311 sum.
3025 2276 3049 2309 »
3072 2260 3268 2317 Altero
3283 2280 3416 2320 vero
3437 2282 3588 2322 cras-

1969 2358 2000 2388 »
2034 2338 2181 2400 tino,
2213 2338 2398 2393 missis
2426 2342 2484 2393 et
2511 2341 2791 2412 exsequiis
2818 2344 3138 2415 celebratis,
3158 2349 3295 2404 dum
3313 2351 3371 2406 in
3399 2357 3588 2427 sepul-

1970 2446 2002 2479 »
2027 2427 2165 2481 chro
2178 2428 2762 2498 proneretur,iterum
2775 2431 3059 2488 clamavit:
3070 2436 3361 2494 «JustoDei
3369 2440 3589 2512 judicio

1971 2534 2002 2564 »
2036 2514 2456 2569 condemnatus
2478 2534 2626 2570 sum.
2661 2538 2681 2566 ι
2715 2516 2805 2573 Sic
2822 2521 3140 2591 credentes,
3165 2542 3298 2581 eum
3318 2545 3449 2584 vere
3466 2547 3588 2589 esse

1971 2623 2002 2653 ››
2038 2602 2377 2657 damnatum
2394 2607 2770 2659 recesserunt.
2787 2607 3088 2665 Eratinter
3106 2617 3342 2671 cateros
3353 2617 3591 2688 quidam

1972 2710 2004 2741 >›
2039 2691 2242 2745 doctor
2272 2691 2567 2759 solemnis,
2599 2692 2838 2748 nomine
2884 2697 3095 2766 Bruno,
3139 2703 3450 2761 canonicus
3481 2708 3588 2763 Re-

1972 2798 2004 2831 »
2038 2778 2271 2833 mensis.
2292 2780 2407 2834 Hoc
2421 2783 2628 2835 eventu
2646 2783 2972 2853 pavefactus
2984 2786 3327 2856 quibusdam
3344 2793 3415 2848 de
3432 2796 3593 2851 scho-

1975 2888 2005 2918 ››
2038 2866 2251 2922 laribus
2271 2867 2384 2921 suis
2410 2866 2507 2922 ait:
2532 2890 2561 2919 «
2579 2868 2725 2932 Quid
2740 2870 3037 2940 faciemus,
3062 2891 3192 2931 cum
3212 2878 3389 2936 homo
3413 2884 3591 2939 tanta

1974 2974 2005 3006 »
2039 2954 2290 3010 scientia
2344 2954 2517 3019 dicat,
2563 2972 2623 3011 se
2653 2961 3001 3027 accusatum,
3047 2962 3372 3032 judicatum
3420 2973 3593 3042 atque

1976 3064 2007 3094 »
2042 3043 2382 3098 damnatum
2401 3044 2430 3098 ?
2450 3064 2477 3093 »
2510 3043 2724 3108 Quibus
2752 3063 2853 3100 suo
2870 3048 3106 3129 consilio
3133 3055 3284 3108 stare
3299 3058 3594 3128 sponden-

1978 3152 2009 3183 »
2043 3131 2193 3186 tibus
2222 3130 2331 3186 ait:
2362 3154 2389 3182 «
2420 3132 2694 3187 Mundum
2724 3133 3013 3205 fugientes
3032 3137 3091 3191 in
3113 3140 3422 3198 solitudine
3451 3144 3599 3201 inci-5

1978 3241 2010 3271 »
2045 3219 2272 3291 piamus
2294 3219 2560 3274 ordinem
2585 3221 2957 3292 poenitentia.
2983 3244 3012 3274 ››
3047 3227 3110 3280 In
3134 3227 3244 3283 hoc
3272 3233 3592 3303 proposito,

1982 3331 2010 3356 »ι
2043 3307 2319 3378 magister
2350 3309 2538 3363 Bruno
2570 3325 2701 3363 cum
2730 3326 2827 3365 sex
2845 3311 3011 3367 sociis
3027 3317 3326 3373 concordis
3348 3321 3506 3376 venit
3523 3321 3598 3378 ad

1979 3416 2010 3447 »
2043 3396 2499 3469 Gratianopolim
2544 3396 2833 3454 civitatem
2888 3398 3042 3455 inter
3088 3407 3371 3461 montana
3420 3408 3597 3465 Bour-

1978 3505 2010 3535 »
2049 3484 2304 3557 gondia.
2341 3505 2369 3533 »
3412 3498 3415 3505 λ

2054 3575 2179 3628 223.
2213 3591 2237 3626 ι
2272 3574 2334 3626 In
2363 3571 2464 3626 illa
2492 3572 2585 3627 die
2628 3572 2713 3627 vir
2738 3577 2966 3631 sanctus
3007 3576 3158 3633 illius
3187 3578 3428 3638 civitatis
3484 3584 3602 3657 epi-

1981 3681 2012 3711 »
2045 3676 2249 3731 scopus
2298 3660 2442 3714 vidit
2472 3660 2531 3715 in
2565 3661 2784 3716 somnis
2831 3667 3054 3734 septem
3095 3668 3285 3723 stellas
3330 3672 3601 3730 cadentes

1981 3770 2012 3801 »
2046 3752 2179 3802 ante
2193 3747 2369 3819 pedes
2383 3747 2432 3818 ej
2440 3765 2505 3801 us
2516 3748 2725 3803 dehinc
2736 3752 3109 3807 ascendentes
3120 3754 3275 3825 et[an
3290 3757 3603 3830 adl]deser—

1988 3856 2015 3889 ››
2053 3841 2320 3908 tausque,
2339 3835 2413 3890 ad
2442 3837 2760 3907 quemdam
2786 3838 2976 3892 locum
3000 3840 3382 3906 horrendum,
3399 3847 3472 3902 ab
3492 3849 3599 3905 ho-

1984 3944 2015 3977 »
2048 3925 2300 3979 minibus
2325 3927 2640 3987 remotum,
2667 3928 2726 3979 et
2743 3924 2820 3979 ibi
2841 3928 3141 3984 steterunt.
3166 3928 3374 3988 Statim
3392 3935 3602 3994 eodem

1985 4034 2016 4065 »
2050 4029 2225 4068 mane
2246 4013 2408 4068 adest
2437 4013 2715 4085 magister
2743 4014 2932 4068 Bruno
2963 4031 3094 4069 cum
3120 4018 3307 4087 sociis,
3335 4022 3605 4081 cadentes

1986 4122 2017 4153 ››
2052 4104 2186 4156 ante
2208 4100 2388 4172 pedes
2415 4101 2687 4174 episcopi.
2724 4101 3037 4158 Conferens
3061 4121 3195 4162 vero
3217 4107 3516 4182 episcopus
3540 4112 3602 4170 in

1988 4210 2018 4241 »
2053 4189 2224 4245 corde
2255 4205 2356 4244 suo
2386 4189 2457 4243 de
2485 4190 2707 4262 septem
2751 4189 2947 4257 stellis,
2983 4208 3119 4246 nam
3152 4196 3210 4248 et
3246 4195 3351 4267 ipsi
3382 4202 3605 4270 septem

262 4322 301 4356 ι
332 4300 606 4375 prastitit
634 4295 967 4370 aliquandiu
998 4308 1256 4366 operam.
1275 4290 1486 4343 Verum
1516 4304 1692 4342 sacra
1717 4287 1884 4343 curia

1990 4298 2018 4329 »
2053 4281 2239 4344 erant,
2267 4276 2517 4349 benigne
2560 4277 2765 4331 levavit
2793 4295 2891 4333 eos
2920 4279 2994 4334 ad
3036 4281 3312 4351 osculum,
3364 4288 3422 4340 et
3466 4287 3609 4345 scita

266 4410 303 4445 ι
333 4390 604 4445 laborum
649 4388 943 4458 pertasus,
977 4383 1051 4436 ad
1080 4382 1269 4435 locum
1302 4377 1630 4451 pristinum,
1675 4375 1890 4446 rejecto

267 4500 305 4533 δ
336 4478 508 4534 simul
538 4475 756 4531 Risensi
786 4468 1139 4544 ]Rhegiensi]
1174 4464 1686 4536 archiepiscopatu,
1719 4479 1891 4535 quem

267 4589 303 4619 ς»
337 4566 600 4639 accipere
623 4562 955 4635 jubebatur,
994 4556 1185 4613 rediit.
1231 4575 1260 4604 »
1317 4554 1484 4608 Errat
1530 4551 1624 4607 hic
1672 4553 1890 4618 auctor,

268 4673 410 4712 cum
441 4653 599 4720 dicit,
630 4654 892 4707 sanctum
922 4648 1252 4702 Brunonem
1284 4640 1627 4698 canonicum
1658 4639 1893 4694 Lutetia

268 4747 497 4802 factum
525 4745 583 4799 et
604 4742 734 4815 post
757 4736 1075 4810 prastitam
1101 4732 1330 4788 Urbano
1359 4745 1524 4801 papa
1551 4744 1791 4799 operam
1822 4726 1896 4781 ad

268 4836 471 4891 locum
483 4829 930 4904 pristinum,quo
942 4823 1165 4879 videtur
1180 4815 1892 4891 intelligereCarthusiam,

271 4920 542 4978 rediisse.
571 4916 686 4973 Sed
712 4911 1041 4986 hujusmodi
1070 4911 1259 4982 lapsus
1279 4908 1427 4962 leves
1456 4908 1608 4972 sunt,
1630 4920 1736 4958 nec
1764 4920 1894 4976 pos-

273 5013 417 5067 sunt
444 5008 497 5063 ei
527 5006 705 5062 ﬁdem
730 5002 1033 5058 detrahere
1062 4998 1214 5053 circa
1242 5012 1332 5062 ea,
1364 5010 1492 5067 qua
1535 4993 1606 5047 de
1636 4990 1895 5047 damnati

272 5096 526 5156 historia
540 5096 758 5150 narrat.
779 5092 909 5146 Hac
928 5104 1063 5144 vero
1084 5085 1219 5141 satis
1241 5080 1590 5139 conveniunt
1614 5096 1745 5135 cum
1762 5096 1897 5135 nar-

277 5186 512 5243 ratione
540 5180 755 5238 codicis
780 5176 1063 5243 Metensis,
1097 5174 1157 5229 in
1187 5188 1301 5245 quo
1329 5170 1505 5243 (infra
1532 5169 1747 5239 pluries
1773 5184 1896 5223 me-

278 5269 595 5342 morando)
627 5267 825 5325 infelix
853 5266 950 5321 ille
978 5265 1154 5319 homo
1209 5260 1418 5316 dicitur
1461 5256 1739 5328 magister
1783 5256 1898 5310 sive

281 5363 612 5440 praeceptor
628 5358 804 5414 trium
824 5356 1077 5419 illorum,
1104 5349 1201 5422 qui
1234 5349 1385 5404 circa
1410 5346 1560 5401 illius
1584 5346 1825 5401 cadaver
1840 5343 1901 5400 in

1992 4388 2022 4418 »
2056 4382 2244 4433 causa,
2278 4381 2383 4438 pro
2410 4381 2524 4436 qua
2538 4367 2837 4433 venerant,
2873 4366 3035 4422 duxit
3062 4384 3160 4424 eos
3189 4371 3263 4425 ad
3294 4372 3485 4430 locum
3507 4375 3606 4432 ubi

1993 4475 2022 4507 »
2056 4455 2335 4509 steterant
2347 4456 2569 4525 septem
2591 4454 2791 4519 stella,
2818 4453 3046 4510 dicens:
3074 4477 3100 4505 α
3127 4457 3609 4520 Eccelocusvobis

1993 4563 2022 4595 »
2060 4559 2095 4597 a
2123 4544 2240 4597 Deo
2262 4545 2512 4613 paratus.
2543 4559 2574 4592 »
2601 4540 2819 4595 Ibidem
2864 4541 3062 4613 igitur,
3096 4548 3295 4602 sancto
3341 4549 3608 4626 episcopo

1995 4652 2023 4682 »
2053 4631 2309 4702 juvante,
2343 4631 2642 4700 coeperunt
2669 4628 2955 4686 adiﬁcare
2984 4631 3236 4702 primam
3259 4634 3501 4694 domum
3521 4656 3611 4697 or-

2001 4740 2025 4771 »
2057 4717 2228 4783 dinis,
2264 4732 2393 4789 qua
2425 4715 2724 4771 Carthusia
2753 4723 3187 4790 nuncupatur.»
3218 4722 3348 4778 Hac
3378 4724 3495 4794 ille,
3523 4726 3607 4783 vi-

1995 4807 2220 4862 sionem
2249 4804 2430 4859 sancti
2456 4803 2712 4875 Hugonis
2740 4806 2912 4876 paulo
2944 4822 3104 4863 secus
3133 4808 3409 4878 referens,
3430 4829 3608 4886 quam

1995 4893 2280 4968 legiturln
2308 4893 2356 4964 ej
2367 4910 2429 4948 us
2439 4892 2584 4960 Vita,
2604 4909 2636 4947 a
2652 4896 2848 4948 nostro
2867 4894 3125 4966 Guigone
3140 4895 3313 4951 edita.
3325 4898 3438 4953 Nec
3455 4900 3613 4958 hunc

1998 4986 2292 5040 auctorem
2324 4981 2483 5036 novit
2513 4981 2817 5036 Launoius.
2854 4981 3009 5038 Obiit
3037 4983 3252 5054 Iperius
3272 5001 3426 5039 anno
3447 4988 3610 5046 1383.

1999 5071 2291 5144 Sequittur
2306 5068 2542 5125 Joannis
2566 5070 2891 5136 Gersonnis,
2919 5069 3279 5125 celeberrimi
3308 5070 3627 5132 illustrissi-

1999 5177 2111 5216 ma
2141 5156 2472 5216 Parisiensis
2523 5157 2835 5213 academia
2866 5157 3213 5226 cancellarii,
3265 5159 3633 5231 auctoritas;

2002 5265 2174 5323 quem
2205 5248 2487 5303 Launoius
2514 5249 2678 5317 putat
2703 5245 2959 5316 primum
2987 5245 3059 5301 de
3087 5245 3340 5302 doctoris
3363 5249 3649 5301 anastasi

2001 5337 2307 5410 scripsisse.
2331 5336 2545 5390 Verum
2574 5351 2703 5389 cum
2726 5348 2795 5387 ex
2811 5349 2986 5405 supra
3008 5333 3172 5389 dictis
3202 5334 3463 5399 constet,
3496 5345 3671 5386 eum

281 5410 649 5509 gratioiiibus
685 5410 1184 5519 pernoctaverarit.
1227 5436 1403 5508 Hujus
1445 5435 1691 5491 auctoris
1732 5432 1905 5488 verba
2007 5430 2096 5501 (ex
2123 5427 2248 5481 hac
2277 5422 2579 5480 scribentis
2606 5421 3150 5494 scilicet,’qui,quod
3169 5439 3235 5478 ex
3255 5435 3460 5491 supra
3474 5410 3693 5519 dicti:

286 5501 654 5612 ibawéiiﬁsa
685 5501 1017 5598 lLaunoius,
1056 5525 1194 5600 quia
1234 5501 1356 5582 non
1401 5520 1558 5578 novit
1583 5536 1742 5583 cum.
1778 5520 1909 5578 Hac
2009 5517 2316 5587 incertum,
2359 5523 2515 5569 anno
2551 5510 2778 5568 circiter
2823 5514 2962 5571 1220
2991 5509 3250 5586 quinque
3290 5501 3717 5582 prim‘m‘m
