4122 6058
497 325 588 379 131

1350 326 1407 383 S.
1437 328 1782 386 BRUNONIS
1823 329 2457 395 CARTHUSIANORUM
2494 340 2960 404 INSTITUTORIS

3716 368 3817 422 13'2

495 447 808 505 Carthusiae
855 448 1116 522 priorum
1173 451 1497 509 Chronicon
1552 455 1825 527 scriptum
1881 459 2098 526 statuit,
2120 461 2176 522 A
2201 481 2233 514 ε
2264 463 2320 518 S.
2355 467 2636 524 Brunonis
2658 490 2690 524 »
2716 472 2876 542 Vitae,
2899 491 3076 547 quam
3098 478 3439 540 Bertholdus
3463 485 3817 550 Bemboldus

493 537 854 595 Carthusiani
886 539 1161 610 anonymi
1186 541 1480 612 opinione)
1509 544 1674 598 annis
1683 546 1806 615 jam
1841 547 2100 602 ducentis

489 631 548 683 et
571 627 817 698 amplius
844 631 977 681 ante
1009 628 1272 682 Gersonis
1298 630 1539 696 obitum,
1566 651 1596 683 »
1629 633 1724 705 qui
1774 650 1927 689 anno
1965 638 2097 690 1429

489 716 753 786 contigit,
778 735 810 768 (ί
838 715 1040 770 litteris
1068 717 1237 771 fuisse
1270 719 1628 785 mandatam,
1659 726 1835 776 ruunt
1858 723 2095 780 Launoii

488 807 854 876 argumenta,
894 805 1099 877 quibus
1128 805 1268 859 tanti
1306 806 1409 861 viri
1441 808 1835 866 testimonium
1867 812 2097 885 dispun-

487 910 623 966 gere
649 893 805 947 nisus
831 897 933 947 est.
968 913 1001 945 »

558 984 679 1037 224.
711 1001 743 1034 ‹‹
776 982 888 1037 Sed
942 983 1012 1036 de
1071 999 1137 1036 eo
1189 982 1398 1037 iterum
1448 984 1618 1040 infra.
1667 987 1930 1042 Gersonis
1973 989 2091 1044 fere

483 1070 718 1143 mqualis
745 1071 852 1124 fuit
878 1071 932 1124 S.
969 1071 1268 1138 Antonius,
1299 1073 1392 1143 qui
1447 1074 1570 1128 fuse
1600 1075 1749 1130 hanc
1790 1077 2088 1133 historiam

482 1158 771 1214 describit.
804 1159 960 1212 Hunc
993 1160 1265 1213 Sanctum
1312 1162 1596 1216 Launoius
1639 1165 1835 1218 asserit
1887 1183 2009 1220 rem
2056 1184 2089 1221 a

478 1249 728 1303 Gersone
755 1248 1024 1301 traditam
1068 1249 1261 1301 multis
1305 1267 1334 1304 e
1363 1268 1462 1304 suo
1507 1255 1692 1306 marte
1724 1253 1963 1308 auxisse.
2017 1257 2089 1309 At

477 1336 831 1392 contrarium
863 1339 1020 1408 patet
1050 1355 1114 1392 ex
1128 1339 1312 1392 verbis
1342 1343 1617 1412 anonymi
1650 1343 2084 1412 Carthusiensis,

477 1425 574 1497 qui
587 1425 871 1479 scribebat
887 1425 1159 1497 (quinque
1182 1427 1506 1498 primorum
1538 1448 1746 1503 nempe
1776 1433 2084 1489 Carthusiae

474 1513 734 1586 priorum
756 1513 1100 1583 Chronicon)
1128 1515 1278 1570 circa
1299 1534 1517 1572 annum
1543 1519 1676 1589 (adi,
1708 1537 1833 1591 quae
1860 1522 1969 1576 huc
1998 1523 2088 1578 fa-

475 1601 652 1667 ciunt,
677 1618 838 1655 num.
862 1605 994 1656 12et
1011 1619 1167 1674 seqq.
1187 1605 1376 1675 allata)
1400 1606 1554 1673 1220,
1580 1609 1836 1679 superius
1858 1611 2044 1666 citatis
2067 1631 2080 1680 ;

471 1706 505 1744 a
526 1705 639 1760 quo
655 1689 1213 1744 Antoninusvidetur
1224 1708 1385 1746 suam
1405 1694 1785 1766 desumpsisse
1805 1700 2085 1754 narratio-

2200 569 2352 610 anno
2380 559 2513 611 1508
2544 560 2778 616 Lutetiae
2804 565 2952 636 typis
2978 569 3246 639 vulgavit,
3268 577 3570 632 auctorem
3595 595 3815 652 anony-

2198 657 2359 697 mum
2389 647 2656 710 quaedam
2691 651 2973 721 observat,
3022 673 3086 710 ac
3114 658 3324 714 deinde
3371 666 3608 719 nonulla
3635 667 3811 725 etiam

2195 728 2253 783 in
2286 749 2410 786 rem
2443 752 2606 791 suam
2640 738 2862 794 disserit
2893 743 2963 797 de
2992 745 3329 803 Theodorici
3358 752 3582 807 abbatis
3601 757 3818 813 Trudo-

2195 821 2538 893 nopolitani,
2569 843 2740 897 supra
2759 829 2883 899 jam
2911 832 3148 901 laudati,
3173 838 3539 908 testimonio;
3569 845 3726 914 quod
3754 852 3815 903 ta

2194 925 2329 964 men
2361 913 2779 984 genuinumne,
2836 937 2910 973 an
2934 924 3360 992 supposititium
3387 929 3478 997 sit,
3498 948 3620 986 sese
3645 934 3812 990 dubi-

2192 1001 2334 1064 tare,
2374 1003 2510 1055 satis
2534 1005 2759 1073 innuit;
2791 1010 2847 1061 et
2888 1011 3099 1065 merito
3131 1030 3292 1082 sane,
3327 1018 3408 1070 uti
3441 1036 3507 1072 ex
3559 1021 3647 1089 iis,
3681 1041 3811 1094 qua)

2191 1089 2218 1150 ἓ
2241 1091 2501 1160 sequenti
2518 1091 2574 1146 in
2591 1094 2849 1150 medium
2866 1098 3172 1168 adducam,
3190 1105 3562 1162 manifestum
3581 1111 3805 1168 evadet.

2192 1178 2220 1243 ἕ
2262 1177 2394 1231 XIII.
2438 1180 2535 1233 An
2566 1185 2928 1253 scriptoribus,
2961 1191 3057 1258 qui
3077 1207 3176 1259 pro
3211 1192 3442 1248 doctoris
3483 1197 3811 1256 Parisz'ensis

2259 1271 2514 1330 anastasi,
2564 1271 2827 1344 lmjusque
2884 1276 3152 1346 adjunctz's
3201 1286 3381 1338 testati
3427 1294 3572 1349 sunt,
3618 1293 3808 1345 merito

2260 1360 2523 1411 accenseri
2575 1367 2732 1431 queat
2792 1362 3131 1430 Teodoricus,
3187 1370 3350 1424 abbas
3413 1374 3804 1450 Trudonopoh'-

2257 1450 2434 1498 tanus.

2256 1532 2662 1591 Carthusianus
2695 1555 3042 1612 anonymus,
3077 1545 3174 1616 qui
3216 1549 3529 1608 Annalium
3573 1553 3806 1612 Ordinis

2182 1619 2268 1673 sui
2297 1621 2509 1676 librum
2543 1630 2814 1695 quartum
2865 1631 3143 1688 hactenus
3187 1653 3305 1691 non
3333 1641 3629 1710 vulgatum
3661 1661 3801 1700 con-

2181 1709 2394 1775 texuit,’
2413 1711 2734 1784 "scriptores
2768 1718 3142 1790 antiquiores,
3175 1725 3271 1795 qui
3300 1726 3406 1780 etsi
3437 1729 3799 1789 Carthusiani

468 1794 626 1844 nem,
655 1777 890 1832 mutatis
921 1781 1147 1832 tantum
1186 1781 1330 1851 stylo
1379 1785 1435 1835 et
1467 1783 1751 1854 aliquibus
1781 1787 1985 1856 verbis,
2020 1792 2082 1843 ut
2107 1785 2160 1844 B
2183 1813 2298 1852 non
2316 1797 2552 1867 fuerint,
2582 1803 2983 1862 testimonium
3010 1812 3209 1865 tamen
3233 1829 3338 1884 pro
3369 1815 3618 1874 doctoris
3634 1823 3799 1877 Pari-

463 1869 599 1921 sunt
649 1882 896 1920 ECCLESIA
944 1883 1048 1937 pro
1103 1883 1265 1934 AULA,
1315 1886 1622 1926 SEPULCRUM
1666 1891 1770 1944 pro
1809 1892 2077 1945 ECCLESIA,

467 1957 524 2008 et
552 1954 676 2008 aliis
694 1955 890 2024 paucis
913 1954 1214 2009 similibus.
1247 1957 1410 2020 Quod
1429 1960 1664 2030 quidem
1692 1966 1825 2016 ante
1847 1981 1980 2018 eum
2000 1965 2082 2020 fe-

463 2046 622 2097 cerat
637 2043 780 2096 alter
800 2059 1143 2114 anonymus,
1174 2044 1268 2115 qui
1285 2045 1610 2102 Chronicon
1641 2050 1950 2106 Carthusiae
1969 2055 2079 2108 col-

459 2129 761 2199 legitcirca
775 2147 994 2184 annum
1017 2134 1171 2198 1360,
1187 2135 1250 2185 ut
1265 2150 1364 2187 suo
1379 2135 1502 2189 loco
1507 2135 1529 2206 j
1539 2153 1633 2190 am
1651 2141 2073 2208 annotavimus,

459 2217 724 2288 Nihilque
751 2233 981 2288 prorsus
1002 2219 1225 2274 addidit
1256 2219 1312 2274 S.
1338 2221 1621 2278 Antonius
1648 2229 2073 2300 praeter-sepul-

453 2309 647 2362 turam
675 2305 978 2360 asininam.
1009 2307 1204 2363 Oratio
1231 2325 1458 2382 quoque
1486 2311 1541 2366 S.
1573 2315 1852 2369 Brunonis
1881 2317 1952 2371 ad
1982 2336 2073 2372 so-

456 2395 593 2462 cios,
622 2411 796 2466 quam
841 2395 1125 2449 Launoius
1174 2398 1358 2469 carpit
1387 2399 1546 2470 quasi
1590 2419 1625 2455 a
1672 2401 1727 2456 S.
1775 2406 2069 2462 Antonino

453 2483 781 2548 confictam,
809 2482 1098 2554 reperitur
1126 2486 1278 2554 apud
1304 2491 1563 2543 nostrum
1591 2491 1895 2560 Bosonem,
1918 2514 1949 2548 »
1971 2500 2069 2552 aut

450 2573 605 2626 certe
620 2569 843 2642 (videsis
857 2570 1008 2624 dicta
1030 2589 1189 2626 num.
1206 2574 1256 2643 8)
1276 2575 1426 2645 apud
1446 2579 1721 2632 tractatus
1740 2582 1818 2635 De
1841 2584 2065 2655 origine

451 2661 510 2713 et
539 2657 778 2712 veritate
799 2658 1067 2730 perfecta}
1097 2660 1394 2730 religionis
1415 2668 1731 2733 auctorem,
1758 2688 1787 2720 α
1810 2671 1906 2740 qui
1934 2689 2063 2728 eam

449 2764 517 2803 ex
543 2746 749 2801 eodem
777 2763 1072 2816 anonymo
1099 2751 1394 2803 mutuatus
1413 2751 1620 2820 fuerat,
1655 2759 1715 2810 ut
1739 2758 1912 2813 etiam
1935 2777 2064 2831 pro-

446 2833 585 2889 bare
612 2837 696 2887 est
712 2849 779 2888 ex
805 2834 1000 2888 codice
1027 2835 1318 2902 Thuaneo,
1348 2837 1406 2892 in
1427 2857 1538 2910 quo
1559 2845 1678 2897 tota
1698 2844 2057 2917 describitur,

445 2925 617 2994 prout
637 2921 697 2975 in
715 2921 1120 2977 vetustioribus
1141 2925 1429 2980 codicibus
1451 2930 1768 3000 legebatur.
1789 2935 1900 2989 Nec
1921 2954 2055 3008 pro-

439 3013 640 3083 pterea
669 3026 798 3063 cum
830 3010 1125 3065 Antonino
1159 3015 1480 3084 carpendus
1502 3019 1659 3074 venit
1678 3021 1771 3075 ille
1788 3028 1945 3078 vetus
1962 3043 2056 3080 au-

439 3100 583 3165 ctor,
601 3097 696 3170 qui
719 3097 884 3168 juxta
900 3115 1127 3167 morem
1153 3102 1472 3158 multorum
1494 3105 1897 3166 historicorum
1921 3131 2051 3168 san-

437 3189 594 3241 ctum
627 3187 957 3240 Brunonem
987 3187 1286 3260 descripsit
1304 3208 1434 3246 suos
1456 3194 1847 3266 alloquentem
1869 3202 2051 3258 socios

433 3278 492 3329 et
516 3274 590 3328 ad
613 3274 815 3328 mundi
845 3277 1244 3347 contemptum
1279 3279 1708 3351 adhortantem,
1736 3303 1854 3341 non
1887 3291 2047 3361 equi-

432 3362 841 3432 demipsismet
858 3363 1010 3416 beati
1035 3363 1150 3416 Viri
1164 3365 1370 3432 verbis,
1387 3369 1487 3422 sed
1517 3371 1816 3440 similibus,
1841 3380 1903 3429 ut
1926 3377 2046 3450 ipse

430 3451 821 3520 proﬁteretur,
837 3450 916 3503 sic
928 3450 1180 3505 scribens
1203 3469 1216 3507 :
1243 3472 1272 3504 ς
1291 3455 1423 3509 Erat
1445 3456 1522 3510 ibi
1537 3461 1811 3532 magister
1831 3466 2041 3535 Bruno,

427 3556 460 3590 ›
490 3537 586 3610 qui
620 3537 958 3608 supradictis
987 3539 1216 3593 vocibus
1261 3543 1566 3599 salubriter
1589 3549 1823 3605 territus
1867 3555 2040 3626 atque

424 3644 459 3678 ν
491 3629 887 3697 compunctus,
921 3627 1196 3682 allocutus
1228 3634 1312 3684 est
1343 3634 1626 3703 quosdam
1667 3639 1870 3712 socios:
1887 3661 2036 3712 suos,

423 3733 458 3768 ι)
487 3714 708 3769 ibidem
746 3718 1076 3784 praasentes,
1119 3715 1186 3770 iis
1216 3720 1300 3773 vel
1323 3719 1601 3778 similibus
1632 3729 1837 3797 verbis,
1861 3750 1890 3780 »
1923 3736 2032 3788 etc.

495 3807 653 3858 «225.
673 3804 807 3857 Post
819 3804 1217 3860 testimonium
1230 3808 1690 3868 sanctiAntonini
1707 3817 2032 3892 (Launoius)

421 3892 601 3958 addit,
639 3909 698 3946 se
727 3892 1020 3965 praeterire
1049 3896 1306 3950 consulto
1346 3897 1678 3969 Dionysium
1708 3904 2030 3963 Carthusia-

421 3982 2028 4064 num,JoannemNauclerum,HartmannumSchedelem,

419 4069 769 4139 Polydorum
789 4067 1127 4137 Vergilium,
1143 4069 1364 4125 Sixtum
1381 4072 1694 4131 Senensem
1711 4080 2030 4140 Gabrielem

417 4155 748 4210 Prateolum
776 4157 834 4208 et
858 4157 1208 4211 recentiores
1238 4159 1400 4227 alios,
1429 4179 1571 4233 quos
1598 4167 1798 4222 asserit
1828 4189 1858 4221 <<
1892 4172 2032 4229 nihil

415 4262 448 4296 ν
480 4242 665 4297 ferme
712 4245 960 4297 mutasse
1008 4245 1067 4297 in
1098 4247 1429 4303 narratione
1465 4252 1762 4323 Antonini,
1817 4258 1949 4314 licet
1977 4263 2031 4316 al

2180 1884 2379 1940 siensis
2401 1891 2646 1945 anastasi
2665 1895 3079 1969 principuisque
3106 1900 3254 1955 hanc
3279 1905 3568 1961 comitatis
3589 1909 3801 1980 adjun-

2179 1973 2282 2027 ctis
2305 1977 2624 2045 praebuere,
2659 1980 2716 2035 in
2774 1984 3034 2040 medium
3072 1988 3442 2062 adducturus,
3475 1997 3666 2068 operis
3710 2001 3800 2056 sui

2179 2064 2526 2119 num.‘73ita
2553 2070 2827 2138 praifatur
2850 2089 2862 2127 :
2890 2093 2921 2125 «
2950 2075 3229 2148 Expositis
3257 2064 3802 2152 superius—testimo-

2177 2149 2284 2203 niis
2303 2152 2373 2204 ab
2401 2155 2726 2212 auctoribus
2743 2159 3158 2219 Carthusiensis
3180 2168 3551 2238 professionis
3570 2175 3803 2233 desum-

2174 2238 2305 2310 ptis,
2340 2240 2412 2294 ad
2443 2243 2776 2302 testimonia
2795 2250 3109 2306 transimus
3133 2260 3437 2314 auctorum
3489 2266 3798 2322 extraneo-

2173 2343 2323 2394 rum,
2343 2329 2455 2383 sive
2474 2331 2571 2401 qui
2589 2333 2658 2387 de
2688 2335 3071 2395 Carthusiensi
3091 2343 3294 2400 ordine
3317 2364 3434 2402 non
3462 2355 3613 2407 sunt.
3639 2356 3799 2411 Inter

2172 2431 2312 2486 quos
2342 2419 2558 2475 referre
2584 2439 2879 2493 possemus
2908 2429 3324 2490 Theodericum
3351 2438 3622 2496 abbatem
3655 2462 3792 2502 san-

2169 2504 2242 2558 cti
2267 2506 2547 2563 Trudonis
2573 2512 2790 2567 ordinis
2816 2519 2998 2572 sancti
3025 2521 3336 2592 Benedicti,
3357 2526 3612 2584 diaacesis
3643 2533 3789 2589 Leo-

2169 2593 2397 2662 diensis,
2431 2600 2488 2651 et
2518 2599 2588 2654 ab
2621 2617 2688 2654 eo
2715 2603 2925 2660 seriem
2956 2607 3104 2663 hanc
3136 2610 3431 2682 inchoare,
3471 2618 3603 2688 quia
3649 2622 3790 2680 vixit

2164 2682 2314 2737 circa
2341 2702 2559 2741 annum
2598 2693 2754 2757 1100,
2789 2696 2846 2747 et
2874 2694 2983 2749 fuit
3011 2714 3231 2754 coaevus
3252 2704 3433 2758 sancti
3466 2707 3784 2781 Brunonis;

2161 2771 2260 2826 sed
2291 2789 2424 2827 eum
2461 2775 2837 2835 nihilominus
2867 2788 3387 2860 praetermittimus,
3422 2795 3557 2865 quia
3599 2815 3783 2871 opera

2161 2859 2282 2929 ejus
2308 2879 2425 2915 non
2458 2863 2726 2934 vidimus,
2758 2869 2893 2926 licet
2934 2889 2969 2927 a
3007 2874 3140 2930 viris
3185 2879 3297 2933 ﬁde
3355 2881 3544 2954 dignis
3600 2889 3782 2946 verba

2159 2948 2279 3018 ejus
2301 2949 2546 3006 sciamus
2561 2955 2763 3024 relata,
2795 2959 3000 3030 quibus
3015 2963 3163 3018 hanc
3185 2985 3215 3018 »
3238 2967 3475 3024 infausti
3497 2973 3782 3031 Parisien-

2083 3066 2131 3125 ο
2155 3035 2229 3089 sis
2255 3037 2548 3093 doctorisc
2572 3042 2874 3101 historiam
2904 3053 3176 3107 narravit.
3212 3056 3292 3111 De
3317 3073 3384 3112 eo
3410 3062 3605 3117 tamen
3625 3063 3778 3120 infe-

2151 3123 2288 3192 rius,
2322 3126 2457 3180 data
2489 3130 2809 3202 occasione,
2855 3136 3034 3193 fusius
3091 3157 3349 3212 agemus.
3386 3167 3419 3200 »
3453 3149 3582 3204 Haec
3633 3152 3775 3223 ille;

2152 3212 2274 3283 qui,
2298 3215 2451 3285 quod
2476 3216 2534 3271 in
2547 3219 2663 3273 ﬁne
2684 3221 2776 3276 hic
2805 3227 3117 3296 promittit,
3152 3233 3402 3289 recitatis
3423 3212 3775 3310 scriptorum

2149 3304 2567 3360 nonnullorum
2581 3311 2988 3369 extraneorum
3003 3317 3438 3390 testimoniis,re
3458 3326 3578 3398 ipsa
3590 3328 3774 3387 etiam

2147 3391 2494 3462 exsequitur,
2530 3394 2732 3466 Operis
2761 3399 2843 3454 sui
2878 3419 3038 3458 num.
3075 3408 3141 3460 86
3173 3409 3251 3463 sic
3294 3413 3579 3471 scribens:
3615 3436 3648 3470 α
3672 3419 3774 3475 Est

2145 3479 2202 3530 et
2228 3477 2391 3545 alius,
2412 3480 2507 3550 qui
2533 3483 2754 3552 primus
2775 3487 2984 3544 dicitur
3012 3492 3221 3551 horum
3252 3500 3581 3571 verborum,
3608 3528 3636 3552 ››
3655 3508 3766 3562 Le-

2143 3565 2348 3621 ctionis
2365 3569 2579 3625 scilicet
2605 3578 2846 3644 quartae,
2875 3579 2946 3633 ad
2965 3597 3090 3651 quin
3122 3583 3320 3642 infelix
3345 3589 3546 3646 doctor
3567 3565 3765 3666 primo

2138 3671 2197 3708 se
2230 3661 2580 3726 accusatum,
2604 3664 2854 3720 secundo
2877 3667 3204 3737 judicatum
3233 3692 3296 3729 ac
3317 3679 3482 3734 terlio
3515 3685 3764 3744 tandem

2138 3742 2499 3813 damnatum,
2515 3753 2898 3821 responderit,
2923 3756 3155 3815 initium
3170 3762 3228 3817 in
3243 3766 3540 3824 recitando
3565 3772 3637 3827 de
3657 3775 3764 3831 de-

2131 3832 2343 3888 functis
2388 3834 2576 3889 ofﬁcio
2611 3839 3106 3914 constituentium,
3151 3868 3184 3902 «
3206 3856 3406 3908 auctor
3428 3860 3486 3910 et
3515 3860 3766 3934 scriptor

2133 3921 2407 3988 oculatus,
2427 3940 2638 3995 nempe
2655 3927 3041 3988 Theodoricus
3063 3936 3240 3992 abbas
3265 3944 3446 3998 sancti
3471 3921 3764 4008 Trudbnis

2134 4007 2230 4078 qui
2254 4007 2476 4064 vivebat
2501 4011 2652 4068 circa
2677 4031 2896 4072 annum
2914 4024 2933 4075 1
2953 4025 3070 4091 100,
3087 4027 3175 4080 vel
3206 4027 3323 4091 ille,
3340 4033 3763 4110 qualiscunque

2132 4095 2223 4162 sit,
2258 4100 2456 4153 auctor
2486 4099 2618 4155 libri
2645 4122 2676 4154 α
2705 4103 2783 4160 De
2815 4123 2977 4163 sacra
3004 4112 3231 4170 ratione
3259 4120 3616 4192 temporum,
3635 4147 3662 4175 »
3693 4127 3762 4184 in

2133 4199 2244 4252 quo
2296 4187 2630 4258 prodigium
2686 4192 3074 4253 Parisiense...
3109 4200 3353 4260 describi
3405 4217 3687 4268 asserunt.
3725 4235 3761 4268 »

2129 4271 2314 4326 Verba
2336 4291 2496 4329 num.
2524 4280 2627 4332 214
2638 4278 2764 4348 jam
2799 4285 3409 4366 transcriptaideoque
3431 4298 3760 4360 hiciterum

2539 4329 2555 4331 ﬁ
2568 4329 2582 4331 ἡ
2603 4329 2623 4332 “
2638 4329 2658 4348 ι’
2672 4329 2764 4334 wn"
2801 4329 2838 4335 “’
2855 4329 3010 4340 “””““’ν⁴
3025 4329 3144 4357 ’νυνι
3162 4329 3409 4366 ιυυυἹυσ
3431 4329 3524 4352 υιυ
3540 4329 3758 4360 ιιυινυιυ

413 4349 448 4385 »
479 4331 619 4403 quid
637 4329 1000 4385 inlocutione
1019 4333 1320 4388 mutarint.
1339 4355 1369 4387 ›>
1394 4338 1456 4391 1d
1475 4341 1710 4411 quidem
1729 4361 1928 4402 verum
1947 4355 2032 4405 est
2053 4347 2106 4406 D
2131 4375 2247 4413 non
2273 4364 2731 4434 transcribenda,
2766 4371 2973 4440 quibus
3027 4376 3120 4431 hic
3149 4377 3210 4432 in
3263 4397 3438 4453 Opere
3494 4386 3592 4443 illo
3624 4391 3758 4448 ﬁeri

415 4417 486 4453 δα
515 4419 789 4453 Νοηηιονιη
834 4417 1109 4453 εηινιοᾹοιο
1136 4424 1188 4453 ιιι
1215 4423 1474 4453 Πκηιηηιη
1529 4431 1623 4453 --.ι
1655 4449 1684 4453 _
1703 4448 1763 4453 ,η
1798 4434 1821 4453 ,ι
1840 4452 1850 4453 γ
1919 4437 1973 4453 ιο·
2289 4449 2299 4453 -
2469 4452 2479 4453 γ

415 4417 486 4473 de
514 4419 812 4483 Nauclero,
834 4417 1109 4474 Schedele
1135 4424 1192 4475 et
1213 4423 1497 4494 Prateolo,
1527 4431 1628 4485 sed
1655 4448 1769 4487 non
1791 4434 1860 4489 de
1881 4437 2024 4493 aliis.

411 4507 557 4561 Nam
585 4505 884 4577 Dionysius
916 4511 1112 4562 noster
1133 4511 1493 4569 mentionem
1523 4520 1753 4574 tantum
1791 4523 1927 4578 facit
1955 4525 2025 4580 de

409 4593 592 4648 tribus
615 4592 834 4661 diebus,
861 4594 1065 4664 quibus
1084 4614 1247 4651 voces
1274 4600 1399 4655 illas
1413 4605 1698 4661 terribiles
1719 4609 2026 4668 damnatus

409 4679 668 4754 protulit,
701 4681 802 4735 sed
834 4683 974 4736 nihil
1004 4684 1180 4739 habet
1217 4686 1288 4740 de
1321 4691 1578 4759 ecclesia,
1630 4694 1701 4750 de
1733 4701 2025 4768 sepultura

406 4767 632 4824 asinina
665 4771 720 4822 et
742 4769 812 4823 de
840 4771 1101 4826 oratione
1133 4776 1312 4829 sancti
1366 4778 1648 4836 Brunonis
1692 4785 1763 4838 ad
1818 4788 2018 4857 socios,

403 4857 548 4912 sicut
564 4872 667 4910 nec
687 4857 1003 4928 Polydorus
1017 4859 1317 4931 Vergilius,
1341 4869 1398 4919 et
1421 4867 1607 4924 Sixtus
1627 4869 2022 4949 Senensis,qui

403 4944 600 5018 paucis
624 4945 809 4999 verbis
837 4945 1055 5015 dicunt,
1087 4954 1350 5006 sanctum
1393 4954 1724 5014 Brunonem
1751 4977 1883 5018 cum
1926 4983 2022 5021 au-

405 5031 598 5098 disset,
635 5033 950 5104 quemdam
979 5051 1148 5090 suum
1178 5039 1432 5096 amicum
1460 5048 1591 5115 post
1621 5051 1873 5105 mortem
1904 5054 2018 5109 cla-

402 5123 698 5175 mantem:
733 5140 764 5173 ‹‹
793 5122 950 5177 Justo
970 5124 1070 5178 Dei
1086 5124 1304 5195 judicio
1326 5129 1633 5187 damnatus
1656 5152 1804 5202 sum,
1827 5158 1858 5191 »
1883 5141 2017 5198 hinc

400 5207 670 5262 territum
697 5226 830 5265 cum
861 5212 1208 5283 quibusdam
1237 5217 1400 5271 sociis
1421 5219 1479 5273 in
1503 5221 1692 5277 locum
1723 5225 2013 5286 desertum

399 5296 725 5364 secessisse;
759 5298 818 5351 in
841 5300 1048 5369 quibus
1077 5306 1232 5356 certe
1264 5307 1386 5359 tota
1412 5307 1493 5360 rei
1525 5311 1854 5369 continetur
1878 5319 2012 5373 sub-

397 5383 628 5449 stantia,
647 5401 822 5455 quam
842 5387 1198 5444 verissimam
1211 5393 1574 5449 asserimus.»
1597 5397 1798 5454 Subdit
1812 5407 2007 5475 modo,

399 5469 498 5542 qui
524 5470 648 5524 hinc
679 5473 875 5528 scribit
896 5473 1301 5535 Carthusianus
1331 5500 1673 5556 anonymus,
1697 5492 2008 5562 saepissime

399 5556 685 5626 laudatus,
708 5575 849 5616 num
869 5564 974 5618 213
1009 5563 1121 5621 huc
1151 5567 1497 5645 transcripta
1523 5576 1697 5633 verba
1711 5556 1917 5651 quibus
1945 5582 2003 5642 in

2128 4449 2420 4512 asseritur,
2451 4452 2857 4512 Carthusianus
2883 4478 3208 4535 anonymus
3237 4471 3411 4527 modo
3435 4476 3659 4546 recitat,
3685 4496 3757 4535 ac

2128 4534 2336 4591 deinde
2365 4537 2445 4592 ita
2464 4543 2863 4613 prosequitur:
2888 4568 2918 4601 <<
2942 4549 2998 4604 Si
3015 4534 3305 4612 ocnstaret
3319 4559 3389 4613 de
3407 4534 3754 4624 auctoritate

2125 4623 2294 4695 hujus
2325 4628 2695 4698 narrationis,
2733 4633 2873 4689 nihil
2906 4639 3112 4694 clarius
3135 4647 3232 4698 alt
3258 4648 3467 4702 certius
3497 4655 3754 4724 proferri

2125 4715 2313 4782 posset
2344 4714 2416 4768 ad
2449 4718 2820 4776 astruendam
2844 4723 3012 4795 hujus
3042 4728 3294 4788 historiae
3325 4714 3652 4796 veritatem.

2193 4803 2317 4855 227.
2338 4820 2368 4853 α
2382 4802 2606 4859 Primus
2635 4809 2731 4878 qui
2743 4810 3162 4873 Theodericum
3184 4819 3244 4875 in
3259 4825 3467 4880 testem
3481 4828 3745 4901 adduxit,

2120 4885 2227 4940 fuit
2250 4889 2498 4945 Joannes
2524 4893 2805 4951 Galaudus
2822 4903 3086 4957 sacerdos
3107 4907 3418 4967 Tolosanus
3453 4919 3510 4969 et
3543 4919 3752 4978 doctor

2121 4974 2424 5048 theologus
2454 4981 2550 5051 qui
2584 4982 2704 5053 pio,
2733 4985 2792 5038 iu
2815 4989 3082 5047 ordinem
3111 4995 3616 5061 Charthusiensem

2121 5066 2242 5117 ctus
2272 5065 2499 5135 affectu,
2526 5069 2852 5129 Chronicon
2885 5077 3034 5134 illius
3055 5098 3208 5139 anno
3235 5089 3369 5143 1615
3391 5098 3742 5164 composuit.

2120 5150 2282 5214 Quod
2297 5169 2425 5209 cum
2445 5158 2594 5228 typis
2608 5165 2795 5217 morte
2817 5172 3138 5233 praeventus
3152 5172 3288 5228 dare
3302 5193 3420 5232 non
3437 5183 3745 5254 potuisset,

2118 5238 2426 5296 Carthusioe
2473 5245 2756 5303 Parisensi
2787 5253 3021 5325 reliquit
3050 5261 3221 5331 atque
3267 5238 3520 5322 donavit.
3572 5272 3635 5326 In
3668 5238 3740 5330 eo

2114 5342 2310 5397 opere,
2343 5331 2438 5385 ubi
2472 5333 2542 5386 de
2591 5335 2839 5393 doctoris
2898 5348 3146 5400 anastasi
3197 5349 3441 5421 disserit,
3490 5358 3564 5412 ad
3599 5377 3732 5418 eam

2111 5417 2474 5484 probandam
2499 5421 2745 5480 duorum
2773 5433 3075 5488 auctorum
3096 5438 3443 5498 testimoniis
3464 5462 3595 5501 usus
3621 5455 3731 5519 est,

2109 5501 2371 5560 videlicet
2397 5508 2623 5564 Caasarii
2659 5513 3130 5588 Eisterbacensis,
3166 5530 3222 5580 et
3250 5529 3590 5590 Theodorici

2107 5589 2256 5647 batis
2275 5593 2468 5651 Sancti
2499 5597 2854 5660 Trudonisin
2882 5607 3107 5668 dimcesi
3130 5614 3450 5689 Leodiensi,
3472 5589 3721 5696 quorum
