4122 6058
557 279 655 332 135

1409 269 1465 326 5.
1511 267 1849 325 BBUNONIS
1891 264 2521 323 CARTHUSIANORUM
2550 266 3016 324 lNSTlTUTORlS

3768 271 3870 328 136

549 399 676 455 Jam
731 415 885 465 vero,
917 415 1048 453 cum
1079 397 1139 452 id
1186 395 1265 451 ita
1295 395 1386 462 sit,
1421 395 1806 450 Theodericus
1855 396 2010 458 tunc,
2059 408 2159 446 seu
2181 397 2234 454 Α
2260 391 2610 459 Lanzonem,
2669 391 2862 448 Sancti
2910 391 3196 449 Vincentii
3224 393 3383 449 Metis
3415 393 3710 462 abbatem,
3741 400 3873 467 post

553 491 704 546 dicto
736 505 888 543 anno
925 489 1060 542 1098
1093 489 1210 552 aut,
1235 485 1277 539 si
1307 485 1505 549 mavis,
1546 487 1702 550 1099,
1735 499 1982 554 quorum
2017 483 2157 534 alte-

552 595 618 635 ro
651 577 941 632 abbatiam
960 574 1549 646 Trudonepolitanam
1565 572 1882 642 regendam
1919 569 2156 640 accepit,

554 666 936 740 quadraginta
995 668 1056 718 ut
1088 664 1394 717 minimum
1428 677 1714 715 annorum
1747 659 2046 724 exstiterit,
2097 673 2163 710 ac

554 757 746 830 proin,
778 771 910 808 cum
958 753 1308 807 monachum
1342 749 1541 821 viginti
1573 747 1739 802 annis
1779 747 2040 802 nondum
2067 763 2165 799 na-

552 848 644 900 tus
674 845 732 898 in
765 844 968 897 eadem
995 839 1528 910 Trudonopolitana
1563 835 1810 903 abbatia,
1845 835 1902 889 in
1936 853 2068 907 qua,
2105 836 2166 887 ut

557 933 794 997 dictum,
867 949 899 985 a
930 930 1122 1002 pueris
1181 930 1453 982 educatus
1497 927 1706 992 fuerat,
1739 922 2165 978 verosimillime

557 1020 830 1086 induerit,
863 1018 1283 1073 consectarium
1317 1017 1400 1081 fit,
1434 1019 1496 1068 ut
1537 1015 1594 1068 id
1625 1013 2051 1068 verosimillime
2081 1012 2164 1065 fe-

560 1109 703 1164 cerit
732 1111 866 1163 ante
899 1123 1118 1161 annum
1145 1108 1301 1172 1082,
1335 1121 1470 1176 quo,
1505 1106 1566 1157 ut
1611 1103 1906 1156 laudatum
1955 1101 2169 1154 Trudo-

561 1197 964 1270 nopolitanum
985 1194 1308 1249 Chronicon
1339 1193 1491 1264 apud
1521 1190 1865 1245 Dacherium
1899 1206 2030 1260 pag.
2065 1190 2166 1242 369

556 1286 735 1341 fidem
767 1285 920 1352 facit,
951 1283 1266 1338 Adelardus
1290 1283 1354 1348 ll,
1381 1279 1942 1352 Trudonopolitanus
1971 1278 2166 1343 abbas,

558 1390 589 1430 e
621 1375 755 1428 vivis
785 1372 1038 1427 excessit.

629 1466 752 1518 231.
782 1463 964 1532 Atque
1000 1461 1058 1514 id
1084 1459 1319 1531 quidem
1362 1458 1536 1528 longe
1566 1457 1750 1511 adhuc
1791 1454 2170 1509 verosimilius

559 1551 746 1607 evadit
765 1567 830 1603 ex
853 1548 1391 1620 eo,quod,Lanzone
1413 1550 1469 1600 et
1503 1545 1756 1616 Luipone
1785 1546 1912 1614 post
1937 1543 2174 1597 Adelar-

562 1639 618 1694 di
651 1639 875 1694 obitum
899 1638 970 1691 de
1003 1635 1250 1690 abbatis:
1282 1635 1644 1706 praefectura,
1678 1633 1832 1704 quod
1863 1648 2015 1686 anno
2037 1634 2168 1686 1085

2259 481 2528 535 Adelardi
2561 481 2784 535 obitum
2829 499 3004 548 anno,
3035 485 3097 536 ut
3135 487 3395 555 apparet,
3436 485 3568 538 1083
3601 484 3871 555 praefece-

2260 569 2670 640 runt,liincque
2695 587 2897 624 omnes
2929 570 3048 624 fere
3096 572 3612 642 Trudonopolitani
3664 589 3870 627 mona-

2261 657 2350 710 chi
2384 659 2636 712 maxime
2686 659 2836 726 irati,
2879 676 3010 712 cum
3045 677 3166 713 sese
3199 664 3482 731 praeterea
3526 661 3584 714 in
3607 663 3870 716 exsilium

2264 747 2559 816 pellendos
2617 746 3028 818 intelligerent,
3058 749 3479 802 monasterium
3522 767 3710 816 suum,
3745 751 3873 804 aliis

2266 833 2376 888 alio
2403 835 2867 902 concedentibus,
2900 836 3037 907 fuga
3059 836 3260 908 dilapsi
3287 838 3646 908 reliquerunt
3671 856 3683 904 ;
3720 838 3874 892 unde

2263 922 2683 976 Theodoricum
2717 924 2962 978 Parisios
2990 929 3124 979 tunc
3151 926 3398 996 petiisse,
3419 927 3661 997 suspicio
3685 929 3877 999 potest

2267 1010 2401 1064 oriri
2412 1011 2782 1084 .Verum,quo
2797 1014 2946 1067 hanc
2976 1015 3164 1081 tollas,
3179 1014 3493 1085 ipsummet
3508 1016 3682 1069 etiam
3697 1015 3875 1070 Chro-

2268 1098 2439 1153 nicon
2455 1099 3054 1172 TrudonOpolitanum
3071 1101 3138 1156 iis
3168 1102 3302 1174 ipsis
3332 1102 3489 1169 locis,
3520 1103 3730 1174 quibus
3749 1103 3876 1174 jam

2268 1187 2420 1242 dicta
2453 1193 2782 1255 narrantur,
2817 1190 3165 1261 suppeditat.
3208 1192 3276 1244 Ut
3301 1209 3390 1246 res
3414 1191 3717 1246 manifesta
3757 1209 3884 1246 eva-

2269 1277 2387 1342 dat,
2421 1277 2543 1348 ipsa
2573 1277 2838 1333 Chronici
2895 1279 3086 1346 verba,
3150 1296 3278 1350 qua
3321 1279 3467 1334 libro
3511 1281 3633 1352 ejus
3663 1283 3784 1334 net
3815 1297 3876 1335 ιιι

2263 1366 2386 1437 jam
2417 1366 2537 1419 citt.
2571 1366 2682 1420 huc
2710 1367 3030 1438 spectantia
3061 1371 3356 1436 occurunt,
3411 1369 3753 1423 transcribo.
3789 1369 3880 1423 Li-

2269 1454 2356 1508 bri
2383 1471 2420 1508 n
2461 1455 2670 1525 itaqum
2697 1455 2819 1508 haec
2846 1458 3010 1510 sunt:
3031 1479 3057 1505 α
3080 1456 3331 1528 episcopi
3365 1457 3648 1528 (Metensis
3665 1473 3880 1528 nempe

2269 1543 2673 1611 Herimannus,
2689 1546 2745 1596 et
2770 1543 3097 1598 Leodiensis
3119 1545 3410 1616 Henricus)
3436 1547 3719 1616 necjnstas
3742 1546 3886 1617 peti-

2269 1632 2410 1685 tioni
2442 1634 2772 1686 nostrorum
2803 1633 3250 1704 acquiescentes,
3271 1651 3375 1688 nec
3391 1637 3571 1688 Deum
3602 1635 3661 1688 in
3684 1652 3742 1689 se
3775 1651 3881 1690 no-

561 1727 675 1798 (adi
700 1727 1069 1782 Trudonense
1104 1723 1428 1778 Chronicon
1469 1739 1599 1793 pag.
1636 1724 1738 1775 370
1775 1724 1830 1774 et
1883 1721 2023 1791 seq.)
2053 1719 2171 1790 pri-
2193 1725 2240 1784 B
2270 1723 2416 1773 stros
2447 1720 2710 1791 persequi
2740 1738 2842 1792 pro
2878 1722 3125 1792 peccatis
3155 1725 3274 1776 tam
3308 1723 3441 1789 suis,
3475 1740 3649 1794 quam
3674 1724 3888 1778 nostris

559 1832 722 1870 mum
755 1814 987 1885 incepit,
1022 1812 1527 1875 contendentibus,
1557 1810 1630 1864 ad
1661 1809 1955 1862 Gaudense
1979 1809 2034 1862 S.
2067 1810 2172 1861 Pe-

557 1903 631 1959 tri
665 1901 1104 1966 monasterium,
1140 1905 1202 1954 ut
1233 1900 1388 1954 idem
1425 1898 1748 1954 Chronicon
1774 1914 1906 1968 pag.
1944 1900 2044 1950 396
2071 1897 2172 1950 ite-

557 2009 689 2047 rum
741 1991 927 2056 docet,
969 2007 1090 2043 sese
1116 1987 1678 2059 Trudonopolitanus
1699 1986 1825 2056 jam
1858 1985 2174 2039 monachus

558 2079 863 2151 receperit,
898 2079 1170 2149 nulloque
1195 2076 1368 2130 modo
1391 2075 1713 2129 verosimile
1744 2077 2174 2145 appareat,cum

560 2167 665 2222 sub
699 2167 980 2229 Lanzone,
1016 2165 1133 2235 qui,
1169 2163 1474 2234 agentibus
1512 2162 1755 2216 Henrico
1793 2162 2089 2216 Leodiensi
2119 2166 2178 2216 et

562 2253 916 2309 Herimanno
969 2252 1201 2307 Metensi
1244 2251 1542 2321 episcopis,
1580 2250 1636 2304 in
1675 2249 1942 2304 Adelardi
2001 2251 2043 2302 ll
2077 2249 2175 2302 de-

565 2342 749 2398 functi
777 2343 988 2407 locum,
1019 2339 1318 2393 monachis
1335 2339 1575 2393 omnino
1609 2337 1818 2403 invitis,
1853 2337 2039 2391 fuerat
2061 2337 2176 2390 suf-

560 2431 761 2496 fectus,
799 2428 1205 2483 monachicum
1262 2427 1521 2481 habitum
1567 2427 1820 2499 primum
1847 2426 2174 2496 suscepisse.

559 2519 686 2574 Jam
709 2534 864 2583 vero,
899 2534 1030 2571 cum
1050 2517 1456 2582 Theodericus,
1495 2515 1578 2568 uti
1610 2532 1747 2570 sane
1777 2531 1843 2568 ex
1869 2514 1992 2585 jam
2015 2514 2178 2568 dictis

560 2605 1056 2661 verosimillimum
1079 2605 1337 2677 apparet)
1371 2605 1473 2657 sub
1494 2603 1780 2657 Adelardo
1814 2605 1857 2656 ll
1885 2602 2182 2656 Trudono-

563 2695 682 2771 poli
720 2697 1072 2752 monachum
1131 2693 1402 2758 induerit,
1437 2693 1658 2763 hocque
1698 2690 2178 2759 Trudonopolita-

561 2803 700 2842 nam
719 2783 1011 2840 abbatiam
1027 2782 1248 2836 abbatis
1267 2798 1507 2834 munere
1521 2781 1903 2850 gubernante,
1931 2778 2181 2832 maxime

563 2874 623 2930 in
651 2892 738 2941 ea,
775 2876 837 2927 ut
864 2871 1121 2925 Historiae
1155 2869 1446 2923 litterariae
1503 2867 1756 2922 Francia:
1787 2867 2091 2937 scriptores
2115 2883 2182 2920 ex

563 2964 793 3019 laudato
827 2959 1108 3016 Chronico
1138 2957 1670 3027 Trudonopolitano
1705 2955 2183 3027 tom.Vll,pag.30

562 3054 717 3108 recte
747 3050 975 3114 docent,
1010 3048 1335 3102 litterarum
1381 3045 1636 3099 studium
1692 3044 1972 3109 floruerit,
2006 3045 2185 3100 Theo-

563 3139 822 3194 doricum
845 3138 972 3208 jam
1001 3135 1352 3190 monachum
1406 3133 1650 3187 Parisios
1683 3135 1838 3198 tunc,
1874 3135 1936 3185 ut
1965 3131 2179 3186 ibidem

561 3227 766 3283 litteris
797 3242 1036 3298 operam
1071 3224 1255 3286 daret,
1286 3221 1860 3292 eTrudonopolitano
1891 3224 2180 3274 monaste-

561 3315 671 3382 rio,
699 3315 760 3368 in
792 3331 904 3385 quo
927 3313 1200 3367 educatus
1230 3310 1554 3380 litterisque
1587 3309 1772 3362 adhuc
1805 3325 1949 3380 puer
1995 3309 2183 3363 fuerat

563 3403 839 3469 eruditus,
891 3400 1255 3465 concessisse,
1309 3415 1407 3451 seu
1451 3399 1522 3451 ab
1555 3397 1761 3451 abbate
1792 3413 1892 3450 suo
1945 3397 2180 3452 missum

563 3491 755 3557 fuisse,
789 3489 1125 3560 neutiquam
1157 3485 1479 3542 verosimile
1507 3485 2022 3557 apparet,maxime
2050 3503 2181 3541 eum

563 3579 868 3652 prmfatum
924 3577 1296 3630 Trudonense
1356 3572 1681 3628 Chronicon
1750 3573 1959 3627 nullius
2013 3575 2180 3645 plane

559 3665 1074 3737 Trudonopolitani
1130 3662 1420 3727 monachi,
1457 3661 1576 3732 qui,
1615 3661 1901 3716 Adelardo
1950 3663 2178 3728 abbate,

561 3756 886 3812 litterarum
933 3751 1416 3808 addiscendarum
1463 3766 1632 3802 causa
1671 3749 1917 3804 Parisios
1955 3766 2182 3804 conces-

561 3844 717 3909 serit,
743 3842 1103 3896 mentionem
1135 3839 1328 3906 faciat,
1362 3854 1487 3902 nec,
1513 3841 1576 3890 ut
1605 3854 1737 3890 eum
1783 3838 1839 3892 in
1874 3838 2050 3892 finem
2080 3841 2180 3894 ab-

560 3931 730 3986 batias
747 3929 1290 3998 Trudonopolitana:
1322 3925 1565 3990 alumni,
1613 3928 1814 3993 utpote
1848 3926 2053 3996 quibus
2084 3927 2182 3982 do-

561 4019 642 4072 mi
674 4036 707 4072 a
737 4016 1069 4071 necessariis
1087 4015 1158 4068 ad
1172 4015 1390 4068 litteras
1405 4012 1702 4066 discendas
1721 4013 1984 4067 subsidiis
2005 4015 2181 4069 abun-

563 4106 634 4160 de
666 4109 814 4159 esset
845 4106 1236 4174 prospectum,
1267 4099 1510 4155 Parisios
1536 4116 1657 4153 sese
1675 4100 2180 4168 conferrent,esset

561 4210 880 4250 necessum.
913 4193 1098 4262 Atque
1131 4190 1210 4243 ita
1234 4189 1471 4262 quidem
1511 4204 1577 4242 ex
1605 4188 1779 4242 modo
1807 4189 1970 4245 dictis
2001 4192 2176 4245 habe-

2271 1808 2678 1876 intelligcntes,
2712 1813 2904 1880 spreta
2927 1814 3254 1865 nostrorum
3287 1811 3463 1882 digna
3508 1812 3794 1867 etectione
3825 1815 3883 1866 et

2274 1914 2400 1968 quae
2423 1897 2720 1966 reprobari
2754 1915 2870 1952 non
2897 1903 3125 1970 poterat
3182 1899 3375 1971 aliqua
3425 1899 3678 1971 regulari
3724 1901 3885 1972 obje-

2275 1985 2486 2050 ctione,
2511 1985 2653 2039 sicut
2675 1985 2801 2056 jam
2830 1987 3048 2041 dudum
3077 1987 3891 2059 deliberaverant...stupenti-

2275 2075 2379 2128 bus
2410 2074 2584 2128 oculis
2617 2075 3057 2142 monachorum,
3096 2076 3541 2131 introduxerunt
3585 2077 3643 2131 in
3679 2094 3884 2132 mona-

2275 2163 2511 2216 sterium
2547 2167 2806 2217 nostrum
2830 2164 3154 2218 Lanzonem
3185 2165 3498 2235 quemdam
3521 2166 3592 2220 de
3625 2165 3890 2221 coenobio

2277 2251 2455 2304 sancti
2487 2251 2726 2305 Vicentii
2784 2251 2942 2305 Metis
2973 2252 3312 2307 abbatem...
3360 2253 3461 2308 Die
3492 2271 3626 2308 vero
3655 2253 3887 2325 capituli

2278 2343 2671 2393 convenerunt
2717 2339 2774 2392 in
2826 2340 3065 2394 chorum
3101 2342 3175 2395 ad
3205 2341 3481 2413 Vesperas
3515 2359 3719 2397 omnes
3752 2359 3889 2397 con-

2277 2427 2484 2482 fratres
2541 2426 2744 2493 nostri,
2776 2427 3085 2482 vestientes
3144 2430 3386 2484 chorum
3429 2429 3701 2485 formosis
3754 2431 3891 2486 viris

2278 2532 2628 2587 magnarum
2645 2532 3026 2587 personarum
3053 2520 3110 2571 et
3127 2517 3368 2572 eruditis
3395 2519 3660 2590 apprime
3693 2518 3749 2572 in
3774 2535 3896 2573 om-

2279 2603 2446 2657 nibus
2478 2603 2688 2658 Officiis
2717 2603 3232 2659 ecclesiasticarum
3264 2606 3712 2661 institutionum.

2352 2695 2476 2746 233.
2505 2715 2530 2741 «
2553 2692 2950 2764 Felixquidcm
2974 2695 3213 2748 ecclesia
3229 2697 3315 2749 tot
3339 2699 3398 2748 et
3420 2696 3627 2750 talibus
3639 2699 3698 2749 et
3716 2696 3895 2750 tantis

2280 2780 2434 2847 viris,
2460 2781 2504 2834 si
2545 2797 2661 2835 non
2686 2781 2897 2834 iratum
2920 2781 3212 2836 habuisset
3237 2783 3419 2836 Deum
3447 2785 3698 2851 Patrem,
3723 2785 3766 2838 si
3788 2801 3893 2856 pro

2283 2869 2529 2941 peccatis
2555 2868 2668 2923 suis
2689 2871 2771 2922 vel
2792 2869 2936 2923 iram
2960 2869 3080 2939 ejus
3093 2870 3342 2925 scivisset
3363 2872 3666 2941 portarein
3701 2873 3894 2927 bumi-
3933 2887 3944 2892 '

2283 2957 2442 3011 litate
2474 2957 2661 3011 cordis
2677 2957 3093 3012 etcontritione
3121 2958 3326 3012 carnis.
3360 2959 3472 3014 Sed
3493 2961 3634 3032 quid
3663 2961 3894 3016 moror?

2287 3045 2561 3099 Eamdem
2578 3048 2743 3100 nocte
2761 3045 3149 3116 intelligentes
3164 3047 3235 3101 ab
3256 3047 3636 3120 amicis,quod
3649 3067 3895 3122 sequen-

2284 3133 2324 3187 ti
2354 3133 2446 3187 die
2477 3133 2755 3188 violenter
2770 3137 2827 3188 et
2855 3135 3268 3189 contumeliose
3313 3137 3798 3192 eontruderentur
3831 3139 3892 3193 in

2283 3221 2565 3288 exsilium,
2599 3222 2640 3275 si
2676 3222 2735 3276 in
2771 3224 3014 3277 claustro
3047 3225 3239 3278 essent
3269 3224 3438 3292 uniti,
3472 3242 3683 3296 pavore
3713 3226 3895 3282 disso-

2282 3310 2383 3363 luti
2421 3311 2503 3380 (ut
2531 3313 2617 3364 est
2641 3311 2898 3364 humana
2928 3314 3136 3366 natura
3159 3315 3216 3365 et
3249 3313 3498 3368 maxime
3523 3313 3900 3369 formidolosa

2283 3397 2619 3469 simplicitas
2653 3400 3094 3471 monachorum)
3133 3400 3272 3472 fuga
3320 3401 3427 3455 sibi
3461 3403 3896 3459 consuluerunt.

2283 3486 2438 3539 Unus
2456 3491 2682 3541 tantum
2698 3504 2898 3542 eorum
2919 3488 3094 3559 Lnipo
3109 3489 3569 3555 nomine,exsilio
3590 3491 3694 3544 sibi
3713 3493 3900 3563 magis

2283 3591 2458 3646 quam
2486 3576 2644 3646 fuga,
2670 3577 2873 3642 electo,
2906 3577 3272 3631 transmissus
3317 3581 3402 3632 est
3442 3579 3757 3649 Leodium;
3795 3581 3898 3635 sub

2285 3663 2660 3734 Berrengario
2685 3665 2890 3718 abbate
2909 3666 3061 3735 apud
3078 3670 3340 3720 sanctum
3358 3667 3728 3723 Laurentium
3757 3687 3898 3742 pau-

2283 3750 2492 3804 cissimi
2547 3769 2678 3806 vero
2712 3770 2839 3806 cum
2895 3754 3101 3808 abbate
3154 3755 3412 3809 Lanzonc
3468 3762 3897 3823 remanserunt,

2281 3840 2562 3895 Gerardus
2580 3841 2793 3896 scilicet
2810 3843 3168 3914 praepositus,
3196 3843 3290 3896 ille
3314 3847 3642 3899 nostrorum
3662 3848 3896 3914 electus,

2282 3946 2388 3984 nec
2420 3948 2536 3983 non
2582 3934 2638 3984 et
2671 3931 2987 4003 Blingerus,
3037 3932 3419 3987 Herimannus
3448 3951 3675 4007 quoque
3702 3936 3900 3992 senior

2281 4035 2411 4072 cum
2447 4019 2557 4074 alio
2589 4021 2942 4076 Herimanno
2967 4025 3176 4093 nepote
3197 4039 3319 4089 suo,
3339 4026 3510 4094 atque
3537 4025 3694 4096 Euge
3721 4026 3896 4097 paulo

2280 4111 2408 4178 post
2432 4108 2635 4162 missus
2665 4114 2750 4163 est
2775 4111 2932 4164 Metis
2955 4111 3013 4164 in
3044 4111 3678 4179 exsilium,cmter0rum
3713 4114 3894 4185 pluri-

2279 4195 2390 4249 mis
2415 4213 2518 4267 per
2539 4197 2862 4252 Flandriam
2881 4201 2937 4254 et
2959 4200 3488 4270 Angliam,Daciam
3506 4204 3562 4255 et
3582 4201 3897 4257 Saxoniam

562 4299 710 4349 mus,
741 4279 1186 4345 Theodoricum,
1215 4277 1500 4332 Adelardo
1532 4279 1576 4331 ll
1610 4279 1942 4332 monasterii
1965 4280 2178 4335 Trudo—
2199 4289 2250 4346 D
2278 4300 2522 4354 regnum
2559 4303 2787 4358 quoque
2808 4288 3294 4344 Theutonicorum
3319 4290 3607 4362 dispersis.
3638 4293 3776 4345 Pars
3791 4292 3899 4346 mi-

562 4369 881 4442 nopolitani
915 4368 1142 4433 abbate,
1171 4369 1302 4420 ante
1325 4381 1543 4420 annum
1589 4368 1743 4431 l082,
1783 4383 1896 4438 quo
1929 4368 2020 4422 hic
2061 4370 2174 4438 (adi

561 4457 772 4512 iterum
795 4457 1118 4512 Chronicon
1143 4454 1740 4526 Trudonopolitanum
1770 4471 1901 4526 pag.
1947 4458 2069 4528 369)
2103 4459 2178 4513 vi-

561 4562 692 4602 vere
723 4545 893 4611 disiit,
928 4543 1154 4599 Parisiis
1187 4543 1511 4597 litterarum
1544 4542 2026 4599 addiscendarum
2049 4563 2176 4601 cau-

561 4650 624 4688 sa
673 4637 963 4687 'versatum
997 4631 1425 4687 verosimillime
1456 4647 1572 4684 non
1604 4647 1744 4684 esse.
1781 4629 1988 4687 Verum
2023 4651 2174 4690 anne

561 4736 630 4776 eo
660 4723 789 4792 post
811 4720 1079 4775 Adelardi
1113 4719 1334 4774 obitum
1365 4719 1452 4773 vel
1483 4719 1603 4790 ipso
1636 4719 1788 4773 dicto
1821 4737 1976 4776 anno
2018 4725 2171 4790 1082,

558 4825 673 4881 quo
703 4809 930 4864 circiter
959 4807 1289 4880 prodigiosa
1319 4806 1569 4862 doctoris
1586 4807 1918 4863 Parisiensis
1947 4814 2172 4866 anasta-

557 4898 633 4953 sis
661 4897 914 4953 evenisse
944 4899 1232 4961 narratur,
1285 4896 1372 4950 vel
1403 4895 1669 4966 sequonti
1729 4910 1850 4950 sese
1903 4899 2173 4954 eamdem

562 4987 634 5042 ob
653 5002 883 5041 causam
917 5001 1033 5039 non
1066 4982 1356 5039 contulit?

631 5076 880 5132 232.Erit
895 5091 1032 5129 sane
1047 5072 1300 5128 fortassis
1319 5087 1434 5126 non
1458 5071 1756 5143 nemo,qui
1769 5070 1825 5127 id
1841 5073 2174 5132 eTrudono-

555 5163 814 5233 politano
861 5162 1142 5217 Chronico
1175 5161 1302 5231 jam
1319 5158 1772 5231 saepiuslaudato
1807 5163 2121 5235 suspicetur
2151 5183 2166 5233 ;

559 5249 945 5305 Herimannus
993 5250 1172 5316 enim,
1207 5246 1287 5302 uti
1332 5247 1441 5301 hoc
1470 5245 1570 5300 lib.
1621 5263 1658 5300 ιι
1703 5249 1760 5302 et
1784 5265 1841 5303 Ill
1871 5253 2168 5307 memoria:

557 5338 775 5410 prodit,
826 5337 1090 5392 Metensis
1143 5339 1202 5391 et
1253 5335 1528 5390 Henricus
1559 5334 1885 5392 Leodiensis
1918 5339 2168 5412 episcopi

556 5424 804 5481 abbatis:
855 5423 1421 5495 Trudonopolitanm,
1477 5424 1713 5495 rejecto,
1774 5441 1946 5496 quem
2001 5429 2169 5499 huius

554 5511 776 5570 alamui
805 5511 1075 5566 abbatem
1101 5528 1133 5566 e
1162 5513 1384 5583 gremio
1411 5529 1511 5568 suo
1541 5512 1858 5584 elegerant,
1891 5515 2163 5584 Gerardo,

2278 4373 2458 4439 nima,
2515 4374 2714 4428 habitu
2746 4375 2850 4430 sibi
2903 4380 3152 4445 retento,
3213 4395 3318 4450 per
3362 4379 3582 4434 diversa
3627 4381 3898 4436 emnobia

2276 4461 2737 4534 hospitabantur,
2775 4466 3161 4536 parmaxima,
3195 4467 3458 4522 niliilsibi
3501 4469 3571 4523 de
3602 4471 3895 4526 monacho

2276 4552 3000 4623 retento,presl_iyterorum
3023 4571 3183 4608 more
3199 4573 3299 4626 per
3317 4555 3566 4610 diversas
3588 4558 3895 4628 parochias

2276 4638 2539 4708 vagando
2569 4639 2924 4694 ferebantur.
2959 4640 3072 4695 Sed
3109 4645 3167 4696 et
3190 4641 3382 4696 Leodii
3406 4646 3463 4696 et
3491 4643 3743 4698 Colonia:
3762 4647 3898 4716 post

2276 4725 2376 4780 ira}
2407 4727 2505 4781 Dei
2523 4743 2695 4799 super
2715 4728 2905 4783 locum
2929 4732 3189 4784 nostrum
3202 4731 3604 4801 pcenitentiam
3629 4732 3893 4787 etreddi-

2274 4819 2393 4868 tam
2418 4817 2626 4870 nostris
2651 4817 3037 4872 miserationis
3065 4836 3180 4873 sum
3205 4820 3456 4890 gratiam
3484 4819 3730 4874 vidimus
3744 4838 3894 4875 non-

2275 4904 2461 4958 nullos
2492 4918 2694 4958 eorum
2729 4904 2880 4958 inter
2911 4905 3148 4960 clericos
3173 4907 3275 4960 sub
3309 4907 3649 4962 clericorum
3685 4908 3894 4963 habitu

2274 4989 2638 5046 consenuisse
2694 4991 2749 5045 in
2789 4992 2991 5047 ordine
3023 4995 3434 5049 canonicorum
3460 4995 3653 5050 Leodii
3686 4995 3747 5050 in
3770 5013 3896 5050 mo-

2272 5077 2521 5135 nasterio
2543 5079 2766 5134 Sanctae
2788 5080 2998 5148 Crucis,
3023 5099 3258 5138 necnon
3285 5083 3476 5139 Sancti
3492 5084 3772 5139 Johannis
3793 5085 3899 5139 Co-

2271 5168 2442 5222 loniae
2471 5168 2526 5222 in
2555 5169 2907 5224 monasterio
2927 5168 3120 5225 Sancti
3136 5172 3386 5244 Georgii;
3409 5172 3540 5231 libri
3564 5172 3719 5226 tertii
3754 5189 3893 5229 vero

2271 5255 2379 5310 ista
2402 5258 2597 5311 :Anno
2615 5257 2789 5328 igitur
2811 5258 3125 5313 Dominica:
3141 5259 3556 5314 Incarnationis
3578 5259 3894 5315 millesimo

2271 5344 2623 5414 octogesimo
2645 5346 2894 5400 secundo
2913 5345 3057 5401 obiit
3078 5347 3254 5401 abbas
3272 5347 3587 5402 Adelardus
3603 5348 3668 5414 ll,
3686 5351 3892 5403 octavo

2269 5431 2397 5485 ldus
2450 5433 2780 5487 Decembris
2809 5451 2823 5500 ;
2856 5435 3026 5488 tertio
3057 5451 3189 5488 vero
3223 5436 3351 5490 ldus
3388 5438 3531 5507 Aug.
3566 5435 3888 5506 capitulum

2267 5523 2454 5576 actam
2483 5524 2569 5574 est
2588 5537 2759 5592 super
2786 5523 3104 5578 confratres
3117 5527 3340 5579 nostros
3358 5524 3624 5580 aduobus
3655 5523 3879 5595 episco-
