3996 6012
173 347 269 404 137

1737 346 1918 407 ACTA

3396 353 3497 415 138

180 475 285 546 pis,
319 475 674 531 Herimanno
723 476 936 532 scilicet
963 477 1195 533 Metensi
1252 481 1310 534 et
1347 477 1590 535 Henrico
1646 478 1864 540 Leo-A
1891 475 2094 544 batim,
2151 476 2432 534 diuturnis
2485 477 2928 536 dissensionibus
2993 475 3067 536 ad
3124 478 3324 537 incitas
3378 480 3500 538 fere

181 563 387 629 diensi,
431 581 545 634 qua
575 568 742 620 nocte
771 565 1007 638 diepersi
1051 569 1184 621 sunt
1225 583 1428 622 omnes
1470 566 1790 623 confratres
1893 567 2473 635 redactae,subvenire
2494 568 2833 624 decrevisset
2849 569 3501 642 Olbertus,(Leodiensis

184 653 364 708 nostri
416 658 626 727 praeter
669 671 900 728 paucos,
948 672 1090 731 quos
1145 657 1404 732 superius
1463 656 1790 712 nominavi-

178 757 327 794 mus.
363 760 396 792 »

247 832 376 886 234-.
403 830 517 886 Etsi
544 847 704 903 ergo,
735 831 814 888 uti
845 849 912 889 ex
941 833 1029 888 his
1058 833 1244 889 verbis
1284 834 1484 907 liquet,
1531 836 1662 906 post
1692 833 1794 889 ob-

175 919 325 975 itum
353 920 625 975 Adelardi
645 922 688 974 Il
705 922 928 977 abbatis
947 923 1032 977 sui
1049 939 1252 978 omnes
1278 923 1398 977 fere
1423 923 1798 994 TrudonOpo-

175 1007 319 1062 itani
354 1009 628 1064 monachi
659 1027 689 1064 e
719 1011 1073 1066 monasterio
1115 1027 1216 1066 suo
1265 1011 1405 1084 fuga
1450 1011 1653 1084 dilapsi
1685 1010 1796 1066 alio

176 1098 540 1166 secesserint,
571 1099 790 1171 hosque
821 1098 972 1154 inter
998 1101 1403 1166 Theodericus,
1438 1104 1638 1172 utpote
1666 1117 1800 1172 pau-

177 1187 274 1252 cis,
331 1187 430 1259 qui
484 1187 639 1258 apud
691 1189 1018 1244 Lanzonem
1077 1191 1352 1245 abbatem
1407 1187 1799 1263 Trudonopoli

179 1279 546 1342 manserunt,
605 1293 639 1330 a
697 1277 995 1348 Radulpho
1042 1278 1134 1332 hic
1192 1295 1310 1333 non
1362 1281 1797 1343 annumeratus,

178 1363 614 1418 verosimillime
647 1366 942 1431 exstiterit,
979 1365 1222 1421 Parisios
1243 1370 1438 1421 tamen
1465 1367 1628 1421 illum
1661 1369 1798 1420 tunc

181 1470 297 1508 non
331 1453 696 1520 concessisse,
726 1471 790 1508 ex
811 1453 1013 1509 iisdem
1033 1456 1158 1526 jam
1184 1456 1435 1510 recitatis
1450 1455 1636 1510 verbis
1663 1470 1800 1509 con-

179 1541 536 1597 cludendum
568 1547 826 1615 apparet,
855 1547 1054 1615 utpote
1082 1545 1288 1616 quibus
1329 1545 1480 1599 inter
1533 1543 1803 1615 regiones

182 1630 460 1697 diversas,
500 1631 573 1685 ad
623 1649 764 1703 quas
815 1636 949 1686 tunc
1003 1633 1234 1705 profugi
1281 1630 1801 1704 Trudonopolitani

181 1719 459 1774 monachi
479 1737 600 1774 sese
625 1721 938 1787 contulere,
958 1738 1075 1776 non
1089 1722 1286 1788 Gallia,
1307 1722 1367 1775 in
1390 1739 1505 1793 qua
1527 1721 1806 1776 Parisien-

1895 656 2211 728 episcopus)
2239 656 2694 728 diligentissime,
2718 659 2763 712 si
2780 658 2904 729 quis
2927 663 3248 731 superesset
3277 659 3348 715 de
3375 660 3503 715 ﬁliis

1896 748 2106 801 nostrae
2137 745 2406 813 ecclesiae,
2448 745 2535 800 cui
2582 745 2789 802 idonee
2815 748 3100 802 committi
3130 752 3321 820 posset
3369 765 3505 804 cura

1895 833 2269 889 subveniendi
2300 835 2472 890 matri
2509 851 2646 890 sum.
2688 835 2864 890 Aiunt
2893 836 3099 891 fratres
3143 837 3345 904 nostri,
3399 854 3506 893 nec

1897 940 2016 978 non
2047 923 2234 978 clerici
2262 927 2320 978 et
2343 923 2492 991 laici,
2513 924 2609 996 qui
2626 941 2759 979 eum
2789 927 3199 996 cognoverant,
3233 926 3329 997 qui
3360 925 3508 980 Gan-

1899 1012 1985 1067 dae
2016 1012 2076 1067 in
2103 1013 2453 1068 monasterio
2480 1014 2662 1068 sancti
2708 1014 2859 1068 Petri
2893 1017 3222 1069 moraretur
3264 1032 3410 1069 unus
3440 1015 3510 1070 de

1898 1101 2106 1155 nostris
2146 1101 2437 1167 fratribus,
2468 1102 2710 1178 nomine
2735 1102 3141 1170 Theodericus,
3177 1103 3273 1175 qui
3302 1119 3335 1157 a
3385 1103 3511 1158 loco

1899 1193 2094 1244 nostro
2121 1193 2433 1244 recesserat
2447 1191 2548 1245 sub
2563 1190 2935 1246 contentione
2949 1193 3223 1247 abbatum
3240 1192 3516 1246 Lanzonis

1900 1281 1959 1333 et
1984 1279 2272 1351 Luiponis.
2298 1279 2395 1333 Hic
2416 1280 2461 1334 si
2489 1284 2680 1351 posset
2704 1279 2924 1335 extrahi
2953 1280 3108 1347 inde,
3145 1280 3384 1334 idoneus
3411 1281 3519 1334 illis

1899 1368 2122 1426 videtur
2136 1368 2208 1423 ad
2221 1369 2539 1450 regeqdam
2570 1369 2883 1436 abbatiam,
2913 1369 3188 1440 quoniam
3216 1369 3523 1424 Theutoni—

1901 1476 1968 1514 ca
1980 1461 2037 1513 et
2052 1458 2359 1513 Gualicana
2379 1458 2674 1528 [Walonia]
2698 1457 3015 1528 expeditus,
3035 1456 3366 1512 liberalibus
3380 1457 3519 1511 arti-

1901 1549 2007 1602 bus
2031 1545 2263 1618 egregie
2289 1546 2543 1601 eruditus
2591 1546 2650 1600 in
2678 1561 2848 1616 prosa
2885 1549 2943 1600 et
2987 1562 3151 1600 versu
3196 1547 3335 1600 nulli
3377 1550 3525 1600 esset

1905 1652 2006 1690 suo
2029 1638 2293 1705 tempore
2339 1635 2640 1701 secundus,
2693 1634 2843 1688 dulci
2872 1637 2930 1688 et
2959 1633 3235 1688 altissima
3280 1651 3523 1689 sonorus

1907 1723 2225 1789 vocalitate,
2265 1722 2468 1790 brevis,
2512 1721 2612 1776 sed
2653 1722 2892 1794 pulchra
2919 1738 3185 1794 persona,
3221 1722 3528 1794 mediaque

181 1807 253 1862 sis
285 1809 488 1863 civitas
515 1809 624 1862 sita
658 1812 764 1873 est,
795 1811 896 1864 sed
945 1810 1212 1865 Flandria
1245 1811 1542 1876 duntaxat,
1571 1809 1803 1880 Anglia,
1840 1805 2076 1867 Baetate
2098 1853 2111 1878 ,
2168 1811 2266 1884 qui
2326 1811 2501 1866 etiam
2550 1811 2800 1866 fratrum
2847 1826 3084 1864 suorum
3141 1810 3529 1866 inﬁrmitabus

184 1897 380 1963 Dacia,
401 1896 652 1954 Saxonia
670 1899 1084 1955 etAlemannia
1100 1903 1529 1954 recenseantur.
1550 1901 1624 1952 At
1648 1915 1806 1962 vero,

182 1985 408 2058 inquiet
434 2003 553 2041 non
579 2004 774 2054 nemo,
793 2004 906 2059 quo
927 2004 1067 2060 ergo
1093 1987 1499 2054 Theodoricus,
1524 2003 1658 2042 cum
1681 1989 1806 2058 plu-

182 2075 348 2130 rimis
375 2076 504 2130 aliis
529 2093 560 2131 e
587 2076 1124 2148 Trudonopolitano
1161 2093 1261 2131 suo
1297 2076 1652 2132 monasterio
1684 2079 1815 2147 post

185 2166 518 2220 Lanzonem
547 2165 604 2219 in
639 2165 697 2219 id
728 2165 1030 2220 inductum
1064 2165 1362 2237 profugus,
1397 2182 1519 2220 sese
1543 2165 1813 2238 recepit?

185 2253 584 2325 Trudonopoli
609 2254 764 2308 haud
791 2255 988 2325 procul
1012 2253 1325 2309 substitisse
1349 2253 1509 2308 illum
1525 2254 1811 2309 existimo.

186 2342 418 2398 Etenim
448 2361 481 2397 e
505 2343 1052 2415 TrudonOpolitanis
1081 2342 1190 2396 illis
1217 2343 1536 2409 monachis,
1580 2343 1814 2415 quibus-

188 2451 319 2488 cum
387 2431 779 2487 Theodoricus
855 2431 1248 2502 Trudonopoli
1310 2435 1444 2486 tunc
1513 2431 1811 2499 discessit,

186 2523 458 2578 exstitere
488 2521 772 2586 nonnulli,
806 2521 903 2592 qui
933 2537 1050 2574 non
1084 2520 1164 2575 ita
1195 2520 1414 2574 dudum
1445 2523 1594 2591 post,
1627 2537 1814 2575 assen-

186 2611 372 2665 tiente
401 2611 686 2675 Lanzone,
720 2609 791 2663 ad
819 2609 1238 2663 monasterium
1261 2625 1427 2663 suum
1453 2608 1698 2662 rediere.
1732 2610 1814 2662 lta

188 2701 401 2754 iterum
427 2697 1305 2767 colligitureTrudonopolitano
1330 2695 1634 2762 Chronico,
1659 2697 1814 2769 quod

186 2789 340 2860 apud
373 2787 718 2844 Dacherium
764 2789 906 2841 tom.
943 2785 1231 2857 Spicilegii
1259 2786 1354 2840 cit.
1405 2802 1540 2858 pag.
1593 2788 1694 2840 370
1745 2785 1815 2840 de

1910 1901 2114 1956 melius
2150 1900 2318 1955 sciret
2348 1899 2621 1972 compati,
2653 1903 2934 1971 tanquam
2964 1917 2998 1953 a
3023 1915 3201 1971 puero
3249 1899 3358 1954 illis
3390 1917 3529 1955 con-

1910 1990 2179 2058 nutritus,
2213 1992 2270 2044 et
2296 1989 2393 2062 qui
2418 1988 2638 2043 viderat
2653 1990 2710 2042 et
2730 1987 2993 2043 audierat
3016 1989 3190 2056 mala,
3229 2004 3356 2060 quae
3381 1989 3531 2060 passi

1913 2083 2080 2134 erant
2096 2080 2153 2133 in
2181 2078 2294 2132 suis
2312 2076 2838 2132 tribulationibus.»
2861 2078 2946 2130 Ita
2966 2076 3265 2132 laudatum
3295 2078 3536 2134 Chroni-

1914 2185 2043 2222 con.
2071 2168 2198 2221 Jam
2231 2182 2386 2232 vero,
2438 2182 2570 2220 cum
2598 2164 3004 2231 Theodoricus,
3055 2165 3139 2220 uti
3169 2182 3235 2220 ex
3267 2167 3537 2221 omnibus

1909 2257 2032 2327 jam
2051 2254 2589 2324 dictisintelligitur,
2613 2253 2876 2321 Parisios,
2891 2270 3033 2321 sese,
3061 2270 3194 2308 cum
3217 2254 3537 2309 Adelardus

1915 2342 2555 2416 lI,Trudonopolitanus
2572 2342 2769 2409 abbas,
2795 2358 2949 2397 anno
2973 2345 3109 2397 1082
3135 2342 3386 2409 obiisset,
3418 2360 3536 2398 non

1915 2432 2258 2499 contulerit;
2291 2431 2446 2486 brevi
2480 2434 2698 2499 autem,
2753 2435 3061 2503 postquam
3117 2431 3539 2486 monasterium

1915 2538 2104 2588 suum,
2139 2520 2374 2575 inducto
2404 2519 2464 2574 in
2496 2519 2555 2574 id
2586 2535 2740 2574 anno
2777 2521 2911 2574 1083
2945 2519 3227 2586 Lanzone,
3260 2520 3539 2575 deseruis-

1914 2615 2019 2677 set,
2065 2627 2097 2664 e
2135 2609 2320 2663 vicino
2370 2609 2517 2675 loco,
2563 2624 2676 2680 quo
2723 2611 3051 2674 secesserat,
3083 2608 3540 2679 Trudonopolim

1914 2699 2087 2753 fuerit
2101 2713 2376 2764 reversus,
2401 2696 2754 2769 ibidemque,
2774 2698 2837 2751 ut
2849 2700 3109 2769 apparet,
3127 2713 3258 2752 cum
3279 2697 3542 2753 Lanzone

1917 2788 1988 2842 ad
2027 2803 2244 2840 annum
2271 2802 2450 2858 usque
2479 2787 2635 2852 1085,
2667 2803 2804 2858 quo,
2838 2788 2965 2841 orta
2996 2786 3148 2840 hunc
3171 2785 3322 2840 inter
3337 2789 3394 2840 et
3413 2786 3539 2840 Lui-

187 2879 470 2949 Luipone,
515 2875 1049 2947 Trudonopolitano
1089 2875 1398 2940 monacho,
1434 2874 1716 2942 exsilium,
1757 2874 1816 2930 in
1917 2892 2133 2948 ponem
2151 2873 2549 2939 contentione,
2574 2874 2907 2928 Gandavum
2922 2891 3043 2928 sese
3066 2873 3140 2928 ad
3157 2873 3213 2929 S.
3244 2874 3398 2929 Petri
3413 2891 3538 2929 mo«

187 2965 364 3038 quod,
392 2965 660 3018 Lanzone
681 2963 804 3033 jam
824 2962 1355 3034 Trudonopolitano
1374 2963 1605 3030 abbate,
1622 2965 1818 3035 pulsus
1919 2963 2233 3017 nasterium
2249 2962 2484 3033 recepit,
2502 2962 3101 3031 fueritcommoratus,
3119 2963 3538 3018 consectarium

185 3055 398 3120 fuerat,
417 3053 605 3108 adhuc
624 3052 902 3124 patiente,
925 3051 1004 3105 sic
1033 3052 1240 3106 habet:
1266 3071 1295 3104 ‹‹
1317 3051 1422 3116 Qui
1445 3052 1662 3123 (Luipo)
1685 3070 1816 3107 cum
1849 3101 1894 3124 η
1919 3051 2002 3118 ﬁt,
2036 3055 2098 3105 ut
2124 3050 2350 3105 Parisiis
2375 3067 2528 3105 anno
2557 3051 2780 3106 circiter
2809 3053 2966 3118 1082,
2993 3054 3193 3124 utpote
3222 3055 3357 3106 ante
3387 3053 3539 3108 hunc

185 3160 290 3216 per
309 3160 538 3208 omnes,
563 3157 704 3214 quos
737 3143 905 3196 utiles
931 3140 1035 3195 sibi
1054 3141 1177 3196 fore
1200 3141 1583 3207 existimabat,
1610 3157 1712 3212 per
1740 3142 1819 3212 ip-

1848 3101 1895 3160 C

1919 3140 2244 3196 studiorum
2271 3157 2441 3194 causa
2463 3139 2678 3195 ibidem
2705 3139 2904 3206 etiam,
2933 3142 2997 3194 ut
3021 3155 3194 3210 supra
3209 3139 3396 3208 docui,
3418 3157 3536 3197 non

184 3249 310 3286 sum
341 3247 575 3303 quoque
601 3231 1015 3302 imperatorem
1039 3229 1192 3301 apud
1205 3230 1473 3284 abbatem
1493 3230 1818 3286 Lanzonem
1917 3233 2190 3296 versatus,
2221 3227 2626 3284 verosimiliter
2652 3243 2770 3282 non
2804 3227 3105 3282 studuerit.

186 3320 347 3374 omni
379 3319 712 3374 humilitate
732 3322 950 3390 ageret,
974 3321 1035 3373 ut
1059 3322 1322 3390 receptus
1341 3317 1398 3372 in
1422 3319 1667 3373 claustro
1690 3334 1813 3386 suo,

185 3424 298 3480 quo
319 3407 574 3462 nutritus
595 3407 802 3475 fuerat,
822 3407 1016 3473 odine,
1039 3424 1152 3479 quo
1173 3411 1230 3463 et
1241 3406 1358 3472 alii,
1384 3406 1578 3462 venire
1600 3411 1810 3478 posset,

184 3499 343 3553 nullo
356 3497 538 3552 modo
554 3497 868 3569 impetrare
889 3497 1122 3551 valuit.»
1141 3496 1356 3560 Quibus
1368 3495 1553 3550 verbis
1570 3496 1811 3569 aliisque

183 3585 560 3657 sequentibus
589 3585 868 3651 innuitur,
900 3602 969 3640 eo
1003 3588 1268 3656 tempore
1301 3601 1421 3652 seu,
1455 3584 1536 3639 uti
1564 3601 1630 3639 ex
1657 3585 1807 3656 ejus-

186 3673 316 3728 dem
380 3672 648 3728 Chronici
700 3673 825 3727 loco
877 3673 1139 3744 proxime
1184 3672 1278 3727 cit.
1338 3675 1599 3744 apparet,
1652 3690 1808 3728 anno

191 3764 344 3828 1085,
375 3778 491 3833 quo
537 3761 735 3833 Luipo,
781 3764 842 3815 ut
874 3761 948 3815 ad
994 3761 1593 3832 Trudonopolitanum
1639 3778 1809 3816 suum

190 3849 612 3904 monasterium
640 3849 829 3904 redire
856 3849 963 3904 sibi
991 3849 1079 3903 fas
1123 3852 1291 3915 esset,
1342 3849 1656 3920 impetrare
1702 3849 1810 3905 fuit

189 3942 447 4005 conatus,
478 3938 620 3992 alios
662 3939 971 3992 nonnullos
1029 3937 1103 3992 ad
1150 3936 1210 3991 id
1249 3937 1808 4008 Trudonopolit'anos

189 4028 529 4092 monachos,
559 4029 655 4098 qui
682 4027 836 4094 inde,
857 4044 972 4082 non
1003 4026 1240 4099 quidem
1266 4026 1326 4080 in
1353 4026 1608 4082 exsilium
1638 4027 1804 4100 pulsi,

187 4117 282 4171 sed
307 4117 452 4188 fuga
485 4116 685 4188 dilapsi
715 4116 1112 4182 discesserant,
1144 4115 1314 4170 fuisse
1337 4116 1465 4186 jam
1515 4132 1803 4185 reversos;

181 4205 237 4259 bi
251 4209 453 4260 autem
469 4209 666 4275 utpote
681 4205 754 4259 ad
775 4205 1219 4270 monasterium,
1239 4205 1392 4276 quod
1409 4205 1801 4270 deseruerant,

180 4293 334 4348 haud
360 4295 446 4348 ita
476 4294 696 4349 dudum
731 4298 876 4366 post,
908 4294 988 4348 uti
1018 4293 1196 4348 etiam
1231 4311 1262 4348 e
1295 4293 1559 4348 Chronici
1590 4295 1804 4350 Trudo-

1918 3346 1925 3348 τ·
1989 3321 2112 3375 236.
2148 3317 2313 3382 Quod
2343 3320 2407 3372 ut
2449 3317 2768 3372 evidentius
2795 3315 2914 3383 ﬁat,
2959 3315 3079 3370 imo
3117 3316 3538 3374 Theodoricum

1916 3406 2145 3463 Parisiis
2176 3423 2475 3478 nunquam
2509 3405 2788 3461 studuisse
2820 3407 3034 3476 pateat,
3064 3404 3264 3460 omnia
3295 3406 3416 3477 ejus
3465 3407 3537 3462 ab

1909 3496 2147 3552 ineunte
2185 3498 2353 3550 aetate
2401 3495 2474 3550 ad
2504 3494 2638 3549 illud
2689 3511 2868 3566 usque
2917 3495 3164 3566 tempus,
3199 3511 3312 3566 quo
3339 3494 3538 3550 Gauda

1907 3588 2202 3641 revocatus
2222 3583 2516 3639 abbatiam
2541 3581 3056 3654 Trudonopolitam
3089 3582 3532 3654 gubernandam

1906 3673 2146 3744 accepit,
2181 3670 2582 3743 gestahuncin
2611 3671 2853 3725 modum
2880 3671 3228 3740 compendio
3243 3674 3300 3725 et
3329 3673 3534 3727 ordine

1908 3778 2154 3833 expono.
2181 3763 2328 3815 Puer
2347 3760 2535 3814 adhuc
2551 3757 2610 3812 in
2634 3758 3530 3831 monasterioTrudonopolitano

1908 3867 2014 3923 pro
2041 3854 2373 3920 temporum
2398 3848 2630 3902 illorum
2649 3861 2812 3900 more
2834 3846 3226 3902 fuiteducatus
3241 3865 3305 3901 ac
3327 3849 3530 3902 litteris

1909 3937 2268 3995 addiscendis
2297 3935 2584 4001 admotus,
2618 3950 2865 4005 cumque
2895 3933 3104 3988 deinde
3139 3935 3320 3990 factus
3357 3939 3527 3990 aetate

1909 4026 2186 4099 grandior
2213 4024 2510 4080 monachis
2540 4023 2612 4078 ab
2638 4022 2926 4078 Adelardo
2977 4024 3023 4076 ΙΙ
3071 4023 3277 4078 abbate
3327 4025 3526 4081 fuisset

1907 4115 2203 4186 ascriptus,
2233 4113 2436 4170 litteris
2463 4112 2725 4168 animum
2769 4111 2844 4166 ad
2874 4128 3095 4166 annum
3139 4129 3317 4183 usque
3364 4117 3521 4181 1082,

1905 4221 2018 4278 quo
2045 4204 2136 4259 hic
2156 4204 2341 4258 vivere
2369 4202 2552 4269 desiit,
2577 4201 2635 4255 in
2669 4199 3005 4256 monasterii
3036 4199 3120 4254 sui
3149 4201 3362 4268 schola,
3392 4219 3521 4273 quia

1902 4299 2039 4349 tunc
2071 4311 2136 4348 ex
2169 4293 2331 4347 dictis
2363 4291 2611 4345 maxime
2643 4290 2910 4355 ﬂorebat,
2961 4290 3208 4361 perrexit
3237 4292 3514 4346 excolere.

179 4383 507 4454 nopolitani
534 4385 658 4438 loco
695 4383 956 4456 proxime
997 4383 1230 4437 laudato
1281 4385 1539 4454 apparet,
1567 4383 1799 4451 reversi,
1827 4407 1877 4465 D
1902 4382 2187 4437 Adclardo
2212 4379 2419 4434 deinde
2447 4396 2600 4434 anno
2631 4381 2765 4433 1082
2785 4378 2898 4432 vita
2917 4378 3134 4442 functo,
3159 4380 3516 4434 monasterii-

179 4473 454 4543 regiones
483 4473 680 4543 procul
717 4472 959 4539 dissitas,
994 4488 1125 4524 cum
1172 4472 1309 4541 fuga
1333 4471 1468 4524 inde
1494 4487 1641 4525 sessc
1667 4472 1800 4526 sub-

177 4561 417 4626 duxere,
446 4561 648 4615 adiisse
678 4577 796 4614 non
828 4561 1114 4625 videntur,
1140 4576 1204 4612 ac
1231 4558 1395 4630 proin
1426 4575 1531 4612 nec
1547 4559 1804 4613 Theodo-

175 4647 351 4715 ricus,
396 4651 595 4718 utpote
623 4650 720 4720 qui
750 4665 815 4703 ex
849 4648 913 4702 iis
943 4666 1088 4702 unus
1115 4647 1409 4713 exstiterit,
1439 4647 1519 4700 uti
1549 4664 1798 4718 pronum

175 4741 260 4791 est
289 4754 498 4791 eruere
525 4755 590 4791 ex
615 4754 706 4802 eo,
738 4737 913 4808 quod,
941 4737 1204 4790 Lanzone
1234 4738 1432 4807 postea
1461 4739 1517 4789 et
1546 4735 1798 4805 Luipone

175 4845 311 4882 mox
333 4831 663 4881 memorato
685 4827 756 4881 de
773 4827 1005 4881 abbatia
1021 4824 1551 4894 Trudonopolitana
1567 4828 1801 4879 conten-

173 4915 473 4981 dentibus,
501 4915 830 4969 Gandavum
864 4914 996 4968 inde
1015 4914 1088 4967 ad
1115 4914 1171 4967 S.
1203 4913 1352 4967 Petri
1382 4912 1796 4967 monasterium

172 5021 298 5058 sese
322 5005 627 5074 receperit,
658 5004 1153 5075 quemadmodum
1170 5001 1378 5056 iterum
1407 5002 1558 5071 apud
1578 5003 1794 5057 Dache-

171 5092 332 5148 rium
367 5097 513 5146 tom.
559 5090 845 5163 Spicilegii
875 5090 968 5145 cit.
1015 5108 1147 5163 pag.
1179 5092 1280 5144 369
1317 5093 1375 5144 et
1398 5106 1519 5160 seq.
1555 5090 1793 5145 Chroni-

173 5198 284 5235 con
312 5179 917 5250 Trudonopolitanum
940 5178 1128 5233 docet.

243 5274 379 5325 235.
409 5269 614 5334 Verba,
644 5270 850 5340 quibus
883 5268 941 5322 id
977 5268 1191 5322 ibidem
1219 5267 1373 5332 facit,
1403 5267 1629 5339 aliaque
1657 5285 1800 5322 non-

177 5363 361 5427 nulla,
408 5359 563 5414 hisce
591 5361 798 5414 eodem
834 5362 958 5415 loco
987 5360 1278 5430 adjuncta,
1308 5361 1464 5432 quod
1501 5361 1796 5432 pleraque,

174 5448 621 5504 deTheodorico
636 5448 707 5502 ad
721 5465 974 5520 przesens
989 5449 1313 5503 institutum
1321 5449 1446 5518 jam
1461 5449 1803 5514 dicta,haus—

174 5541 232 5590 ta
261 5554 336 5591 ex
372 5536 442 5590 iis
478 5536 610 5602 sint,
649 5537 760 5590 huc
789 5538 1111 5592 transcribo
1144 5537 1234 5591 Sic
1249 5538 1499 5592 habent:
1526 5537 1802 5601 «Quaere-

177 5625 353 5682 batur
381 5641 526 5695 ergo
554 5625 704 5694 (cum
725 5624 852 5695 jam
878 5625 1091 5681 scilicet
1129 5625 1674 5700 Trudonopolitanm
1701 5625 1802 5683 ab-

476 5713 710 5771 PATIOL.
745 5713 899 5770 CLII.

1901 4489 2012 4543 que
2038 4469 2313 4540 regimini
2357 4469 2640 4534 Lanzone,
2673 4467 2860 4521 invitis
2889 4466 3208 4534 monachis,
3251 4468 3513 4536 admoto,

1900 4576 2030 4614 cum
2062 4557 2324 4631 plurimis
2345 4573 2411 4611 ex
2439 4557 2527 4611 his
2553 4554 2942 4626 Trudonopoli
2977 4555 3231 4621 excessit,
3264 4573 3513 4628 cumque

1902 4649 2110 4703 deinde
2139 4665 2169 4702 e
2199 4649 2322 4702 loco
2351 4645 2504 4699 haud
2529 4645 2746 4716 procul,
2769 4645 2832 4698 ut
2853 4646 3109 4713 apparet,
3139 4645 3271 4698 hinc
3295 4646 3512 4714 dissito,

1901 4754 2014 4809 quo
2047 4754 2167 4791 sese
2196 4736 2511 4804 receperat,
2545 4732 2620 4787 ad
2670 4732 3108 4798 monasterium,
3168 4734 3514 4789 assentiente

1902 4827 2163 4880 Lanzone
2181 4825 2407 4889 abbate,
2427 4822 2908 4887 fuissetreversus,
2930 4821 3338 4892 contentioque
3359 4823 3511 4876 hunc

1899 4915 2049 4969 inter
2075 4917 2131 4967 et
2159 4912 2476 4983 Luiponem
2509 4925 2664 4964 anno
2701 4911 2832 4964 1085
2862 4911 3009 4963 esset
3039 4913 3253 4975 exorta,
3283 4911 3507 4964 Ganda-

1896 5019 2051 5068 vum,
2081 5001 2301 5067 relicto,
2334 4999 2546 5053 iterum
2577 4996 2951 5057 monasterio,
2982 4997 3278 5063 concessit,
3317 4997 3510 5068 ibique

1895 5092 1953 5146 in
1981 5092 2037 5146 S.
2069 5090 2218 5145 Petri
2239 5087 2469 5144 abbatia
2497 5089 2888 5142 commoratus
2906 5086 3071 5140 estad
3089 5101 3308 5150 annum
3337 5103 3512 5156 usque

1901 5183 2035 5235 1099
2067 5196 2165 5232 seu
2190 5181 2343 5232 certe
2393 5178 2548 5244 1098,
2602 5191 2850 5246 quorum
2902 5176 3080 5228 altero
3128 5173 3259 5226 hinc
3291 5172 3540 5228 Olbcrti'

1899 5267 2225 5322 Leodiensis
2253 5264 2503 5336 episcopi
2533 5262 2735 5318 litteris
2785 5265 3047 5317 evocatus
3092 5263 3509 5316 monasterium

1896 5355 2492 5426 Trudonopolitanum
2536 5352 2754 5407 abbatis
2781 5367 3022 5406 munere
3066 5351 3511 5421 gubernandum

1902 5445 2138 5516 accepit.
2173 5444 2328 5498 Talia
2369 5445 2505 5496 sunt
2537 5439 2875 5495 Theodorici
2919 5439 2990 5493 ad
3028 5442 3257 5512 tempus
3310 5457 3508 5512 usque,

1903 5549 2016 5605 quo
2048 5533 2156 5587 hoc
2188 5531 2404 5586 factum
2435 5533 2537 5596 est,
2567 5531 2750 5600 gesta,
2781 5525 2907 5601 quae
2931 5545 3089 5596 sane,
3126 5532 3188 5584 ut
3208 5529 3516 5585 Theodori-

1903 5637 2038 5682 cum
2069 5619 2292 5682 Parisiis
2324 5624 2584 5694 unquam
2603 5634 2668 5676 ac
2703 5616 3055 5676 nominatim
3099 5635 3256 5676 anno
3288 5617 3513 5676 circiter
