4122 6058
571 327 672 401 139

1420 333 1480 394 S.
1507 333 1855 394 BRUNONIS
1895 327 2526 393 CARTHUSIANORUM
2563 331 3030 394 INSTITUTORIS

3784 332 3893 393 140

567 472 705 530 1082
724 434 1003 525 studuisse
1027 462 1349 530 credamus,
1380 461 1719 536 permittere
1741 477 1858 517 non
1875 460 2162 516 videntur.
2184 462 2241 522 A
2276 460 2405 516 libri
2428 462 2615 533 quarti
2641 463 2917 517 hactenus
2937 477 3055 517 non
3085 459 3299 534 vulgati
3331 461 3530 516 auctor
3549 459 3612 515 in
3642 459 3888 515 obscuro

559 562 687 617 1am
712 574 869 624 vero,
897 572 1030 611 cum
1079 552 1138 608 id
1183 552 1263 607 ita
1290 552 1382 617 sit,
1423 550 1822 606 testimonium
1854 567 2017 605 num.
2065 551 2170 605 214

561 651 670 707 huc
697 644 1108 717 transcriptum
1153 658 1217 697 ac
1249 639 1601 696 Theodorico
1646 638 2009 705 attributum,
2055 654 2169 711 quo

561 738 711 795 istud
736 735 1028 800 astruitur,
1066 730 1443 802 suppositium
1470 727 2050 800 commentitiumque
2075 743 2169 781 ve-

560 825 816 884 rosimile
863 825 967 888 est,
998 821 1166 893 quale
1213 819 1388 874 etiam
1432 817 1505 873 ob
1537 816 1667 885 alia,
1698 832 1825 889 qua:
1848 817 1977 889 jam
2007 815 2172 870 dictis

560 916 649 987 adj
660 930 835 987 ungo,
865 913 1122 984 apparet.

629 1008 753 1060 237.
783 998 1201 1056 Testimonium
1229 996 1369 1051 illud
1398 999 1531 1051 ante
1558 995 1746 1051 saeculi
1776 993 2037 1069 proxime
2059 994 2173 1048 ela-

556 1094 645 1168 psi
670 1091 899 1148 initium
925 1106 1024 1144 seu
1058 1090 1192 1143 ante
1224 1101 1445 1141 annum
1487 1087 1646 1153 1615,
1692 1100 1805 1157 quo
1839 1101 1874 1139 a
1916 1081 2168 1139 Galaudo

554 1182 849 1239 sacerdote
865 1177 1168 1234 laudatum
1192 1174 1385 1241 fuisse,
1415 1173 1822 1229 Carthusianus
1842 1188 2168 1243 anonymus

553 1270 739 1327 verbis
789 1283 961 1341 supra
1003 1267 1115 1321 huc
1174 1262 1530 1336 transcriptis
1587 1262 1859 1329 afﬁrmat,
1884 1261 2169 1332 ipsosmet

552 1357 957 1417 Carthusianos
979 1353 1208 1409 latuisse
1238 1351 1483 1418 videtur,
1509 1351 1590 1405 uti
1617 1350 1793 1429 etjam
1821 1350 2165 1405 damnatum

553 1450 851 1504 doctorem
882 1444 1235 1517 appellatum
1264 1440 1435 1494 fuisse
1462 1439 1869 1511 Raymundum
1898 1437 2163 1493 Malliban

549 1555 648 1593 seu
702 1533 986 1600 Milleban,
1048 1534 1165 1597 aut,
1217 1533 1281 1584 ut
1332 1528 1425 1583 alii
1474 1529 1693 1595 volunt,
1754 1526 2164 1598 Raymundum

548 1627 833 1681 Diocrem.
867 1622 972 1676 Fas
1016 1623 1103 1674 est
1130 1619 1190 1673 id
1216 1617 1486 1689 colligere
1518 1617 1602 1671 vel
1635 1633 1701 1670 ex
1749 1616 1869 1670 solo
1917 1616 2159 1681 Petraea,

550 1712 860 1770 Carthusiaa
883 1707 1236 1765 Coloniensis
1266 1709 1523 1773 alumno,
1556 1704 1653 1776 qui
1682 1704 1796 1759 suis
1823 1704 1881 1758 in
1907 1703 2161 1776 primum

2272 551 2566 623 relinquit.
2594 551 2813 606 Iudicat
2851 540 3088 623 quidem
3138 550 3456 605 Galaudum
3481 549 3666 604 virum
3698 549 3887 604 hone-

2270 642 2422 694 stum
2447 657 2511 694 ac
2541 640 2777 695 doctum
2813 640 3023 708 fuisse;
3056 656 3256 694 verum
3305 639 3432 712 quis
3461 637 3596 693 hinc
3644 640 3884 705 asserat,

2270 730 2421 783 acuti
2439 730 2583 785 adeo
2598 729 2798 800 judicii
2826 728 3126 784 hominem
3152 728 3450 795 exstitisse,
3476 729 3540 782 ut
3558 742 3662 781 nec
3683 728 3755 782 ab
3778 726 3890 781 im-

2269 821 2499 887 postore
2532 818 2739 889 decipi,
2767 835 2873 873 nec
2904 834 3066 890 opus,
3121 817 3276 889 quod
3322 816 3677 872 Theodorico
3735 816 3889 871 esset

2269 907 2648 978 suppositum,
2681 923 2786 978 pro
2818 924 2949 961 vera
2987 906 3155 977 hujus
3184 905 3582 961 lucubratione
3623 904 3884 976 accipere

2269 996 2566 1069 potuerit?
2594 996 2910 1051 Fatendum
2936 996 3172 1050 interim
3197 998 3281 1050 est
3307 995 3677 1050 Bertholdum
3704 994 3885 1049 Nihu-

2266 1085 2417 1139 sium
2466 1087 2584 1152 aut,
2618 1085 2661 1139 si
2695 1084 2895 1152 mavis,
2930 1084 3356 1151 Carthusianos,
3398 1083 3495 1155 qui
3527 1083 3600 1151 ei,
3634 1083 3791 1155 quod
3819 1081 3885 1137 in

2267 1173 2415 1228 datis
2443 1172 2517 1230 ad
2555 1173 2848 1228 Andream
2900 1172 3266 1240 Sausszeium,
3317 1171 3672 1227 didascalicre
3710 1172 3884 1243 hujus

2266 1262 2520 1334 epistolae
2548 1278 2701 1317 anno
2737 1264 2869 1316 1645
2902 1262 3217 1334 impressae,
3245 1260 3492 1331 praeﬁxis
3520 1260 3725 1315 litteris
3753 1262 3881 1317 lau-

2266 1352 2384 1420 dat,
2407 1350 2804 1406 testimonium
2822 1350 3159 1406 Theodorici
3180 1348 3694 1421 Trudonopolitaui
3707 1349 3884 1406 abba-

2264 1441 2335 1499 tis
2363 1440 2762 1505 exhibuerant,
2781 1454 3088 1511 perperam
3120 1438 3193 1493 ob
3217 1438 3377 1505 illud,
3398 1455 3495 1493 seu
3516 1438 3754 1494 citatum
3779 1453 3882 1493 seu

2263 1529 2582 1586 exhibitum
2609 1545 2643 1583 a
2674 1527 2927 1584 Launoio
2949 1527 3005 1582 in
3030 1526 3428 1582 dissertatione
3455 1528 3526 1582 de
3556 1544 3689 1582 vera
3707 1543 3884 1584 causa

2261 1635 2510 1673 secessus
2540 1616 2597 1671 S.
2628 1616 2909 1670 Brunonis
2939 1616 2997 1670 in
3030 1632 3315 1681 eremum,
3363 1633 3469 1689 cap
3501 1620 3553 1683 5,
3590 1619 3618 1685 §
3651 1618 3681 1671 3
3709 1635 3882 1672 men-

2261 1707 2406 1762 dacii
2431 1705 2781 1772 insimulari;
2808 1704 2866 1759 id
2889 1704 3046 1758 enim
3070 1707 3126 1759 et
3148 1721 3181 1759 a
3204 1704 3435 1759 Nihusio
3464 1704 3647 1771 citari,
3667 1708 3725 1760 et
3747 1706 3881 1761 huic

545 1800 812 1859 Chronici
831 1795 1263 1862 Carthusiensis,
1284 1812 1319 1849 a
1344 1794 1634 1850 Dorlando
1655 1792 1925 1860 contexti,
1949 1792 2160 1846 librum
2188 1781 2241 1842 B
2262 1814 2295 1850 a
2337 1794 2724 1850 Carthusianis
2749 1810 2779 1847 e
2811 1793 3063 1848 Galaudo
3095 1797 3393 1864 acceptum
3422 1793 3677 1847 exhiberi
3722 1794 3881 1850 bona

545 1886 1054 1952 Elucidationibus,
1101 1900 1256 1939 anno
1293 1884 1427 1938 1608
1488 1881 1782 1949 excusis,§
1829 1879 2159 1952 particulari

543 1979 791 2035 studiose
817 1974 1074 2047 inquirit,
1099 1992 1130 2025 «
1159 1971 1271 2027 Cur
1299 1971 1560 2027 damnati
1582 1986 1648 2023 ac
1676 1971 1768 2024 ter
1794 1968 2035 2023 infelicis
2056 1969 2159 2023 do-

540 2067 711 2123 ctoris
736 2065 895 2121 istius
927 2062 1044 2135 (qui
1077 2061 1290 2117 scilicet
1326 2077 1448 2115 sese
1489 2059 1834 2113 damnatum
1864 2055 2101 2127 Parisiis
2126 2074 2157 2112 e

540 2158 756 2213 feretro
787 2149 1174 2226 proclamarit)
1210 2165 1427 2203 nomen
1453 2140 1778 2202 litterarum
1808 2162 2158 2200 monumen-

541 2246 614 2301 tis
638 2242 1043 2314 consignatum
1066 2255 1183 2293 non
1208 2237 1299 2292 sit.
1319 2256 1351 2288 »
1376 2237 1455 2290 Ne
1480 2252 1614 2290 vero
1642 2234 1734 2289 hic
1757 2251 1974 2289 errasse
2007 2234 2158 2289 arbi-

537 2333 708 2391 treris
728 2332 1015 2387 Petraeum
1042 2329 1242 2382 Petrus
1268 2321 1470 2391 Sutor,
1489 2322 1805 2379 Carthusiaa
1828 2321 2161 2377 Parisiensis

538 2422 719 2497 prior,
752 2434 906 2475 anno
942 2419 1076 2472 1537
1114 2432 1146 2470 e
1175 2413 1312 2469 vivis
1340 2414 1616 2479 sublatus,
1674 2411 1835 2483 cujus
1887 2427 2030 2483 opus
2088 2410 2159 2465 de

536 2512 653 2567 vita
685 2505 1063 2564 Carthusiana
1093 2520 1247 2559 anno
1282 2504 1417 2557 1609
1443 2500 1589 2573 typis
1610 2499 2046 2556 Coloniensibus
2071 2500 2157 2553 lu-

538 2616 665 2656 cem
692 2597 949 2670 primum
976 2592 1214 2665 aspexit,
1234 2592 1336 2646 lib.
1357 2591 1527 2662 hujus
1543 2588 1754 2663 primo,
1774 2590 1939 2643 tract.
1966 2591 2013 2652 1,
2030 2604 2155 2658 cap.

540 2693 594 2757 3,
625 2688 706 2743 ita
733 2684 960 2741 scribit:
998 2702 1031 2735 α
1058 2682 1328 2736 Fatemur
1356 2680 1610 2751 ingenue
1642 2679 1865 2733 nullum
1909 2676 2159 2732 doctoris

534 2778 685 2833 illius
713 2770 1067 2847 (Parisiensis
1096 2768 1381 2840 damnati)
1426 2784 1642 2823 nomen
1678 2783 1783 2838 per
1813 2782 1918 2820 nos
1949 2765 2155 2819 adduc-

534 2870 663 2921 tum
695 2879 836 2930 esse,
862 2860 1019 2934 quod
1062 2859 1286 2913 nullum
1312 2856 1723 2912 sitlitterarum
1753 2852 2153 2920 monimentis,

535 2953 689 3030 quod
709 2950 1039 3015 viderimus,
1068 2947 1397 3019 proditum;
1432 2945 1627 3017 itaque
1660 2959 1780 2998 non
1812 2942 2034 3015 fingere
2049 2957 2153 2997 no-

2259 1884 2372 1938 fide
2406 1883 2610 1955 potuit.
2636 1882 2747 1937 Sed
2765 1882 2878 1936 alia
2903 1882 3080 1936 modo
3098 1882 3206 1935 huc
3232 1882 3570 1952 spectantia,
3593 1899 3720 1953 quas
3741 1882 3880 1937 Car-

2258 1972 2555 2027 thusianus
2586 1986 2910 2043 anonymus
2930 1969 3183 2024 recitatis
3209 1986 3370 2024 num.
3406 1974 3507 2025 227
3540 1970 3727 2024 verbis
3757 1988 3879 2027 non

2258 2060 2507 2127 inclusit,
2531 2060 2921 2114 discutiamus.
2943 2058 3301 2125 Testimonii,
3328 2058 3484 2130 quod
3496 2059 3876 2127 Theodorico,

2259 2148 3012 2221 abbatiTrudonopolitano,
3036 2147 3387 2213 attribuitur,
3409 2147 3630 2203 diversa
3643 2148 3881 2204 diversis

2259 2256 2291 2293 e
2324 2237 2460 2292 locis
2510 2237 2793 2291 submissa
2843 2235 3198 2307 exemplaria
3246 2251 3425 2306 penes
3471 2253 3575 2291 nos
3630 2240 3876 2305 exstant,

2259 2343 2442 2382 unum
2473 2330 2668 2381 autem
2700 2326 2823 2380 hinc
2844 2325 2995 2380 inter
3023 2325 3080 2378 in
3101 2324 3288 2395 capite
3318 2324 3555 2397 praefert
3576 2326 3880 2397 sequentia

2259 2417 2381 2471 hazc
2410 2415 2621 2469 verba:
2657 2434 2689 2467 <‹
2719 2414 2977 2468 Andreas
2998 2413 3387 2477 Quercetanus
3418 2414 3523 2485 (Du
3555 2413 3797 2484 Chesne)
3815 2414 3879 2470 in

2259 2502 2623 2575 Fragmentis
2673 2502 2933 2558 Historiae
2974 2502 3073 2557 lib.
3109 2518 3163 2556 ιν
3194 2501 3329 2557 citat
3378 2518 3486 2556 ms.
3538 2503 3878 2558 monasterii

2259 2592 2317 2647 S.
2350 2591 2684 2647 Theodorici
2716 2607 2895 2663 prope
2922 2591 3152 2657 Remos,
3177 2589 3266 2643 cui
3297 2590 3498 2645 titulus
3526 2594 3610 2645 est
3652 2593 3732 2646 De
3765 2591 3878 2646 Ra-

2258 2682 2416 2737 tione
2448 2684 2802 2753 temporum,
2842 2679 2939 2734 ubi
2970 2680 3215 2751 legitur;
3248 2698 3279 2729 »
3320 2678 3527 2750 quibus
3568 2679 3880 2750 praemissis

2255 2769 2677 2835 testimonium,
2707 2785 2870 2823 num.
2896 2769 2999 2823 214
3022 2768 3131 2822 huc
3161 2767 3518 2838 transcriptis
3538 2767 3722 2822 verbis
3744 2782 3881 2822 con-

2256 2862 2509 2931 ceptum,
2534 2856 2919 2929 subjungitur,
2947 2873 3012 2910 ac
3041 2855 3251 2911 deinde
3274 2855 3333 2910 in
3355 2855 3471 2910 fine
3492 2871 3597 2928 pro
3623 2856 3880 2911 clausula

2255 2947 2488 3003 additur
2510 2965 2540 2999 ‹‹
2575 2947 2702 3001 Haec
2735 2945 2833 3000 ibi.
2868 2965 2901 2998 »

531 3040 805 3109 vum,sed
833 3036 1194 3108 incognitum
1226 3038 1416 3090 tacere
1446 3032 1788 3089 voluimus.»
1814 3032 1925 3086 Nec
1955 3034 2040 3085 est
2054 3045 2155 3084 cur
2176 3068 2225 3130 Ο
2324 3039 2448 3092 239.
2484 3035 2625 3091 Cum
2656 3034 2910 3107 primum
2942 3033 2998 3088 in
3031 3034 3139 3088 hoc
3161 3032 3497 3100 testimonii,
3518 3033 3876 3089 Theodorico

532 3132 624 3189 hic
645 3145 906 3205 opponas
932 3126 992 3182 S.
1025 3123 1307 3179 Brunonis
1335 3122 1522 3177 Vitam
1551 3138 1683 3188 ms.,
1712 3137 1747 3175 a
1776 3118 2152 3175 Carthusiano

536 3235 829 3292 anonymo
844 3232 948 3289 per
965 3215 1138 3269 verba
1151 3228 1312 3267 num.
1331 3213 1435 3265 209
1449 3210 1690 3265 recitata
1693 3209 1715 3279 j
1726 3225 1820 3263 am
1834 3208 2151 3274 laudatam,

535 3326 663 3383 quae
694 3308 752 3362 in
778 3303 1129 3361 bibliotheca
1180 3298 1450 3353 Basilensi
1500 3300 1841 3363 asservatur,
1883 3312 2154 3368 annoque

537 3399 672 3455 1486
700 3411 764 3450 ac
786 3390 955 3465 proin
988 3390 1087 3444 diu
1117 3390 1252 3441 ante
1290 3387 1564 3440 saeculum
1608 3387 1833 3440 sextum
1864 3384 2155 3440 decimum

534 3484 944 3556 conscriptam,
994 3476 1099 3533 etsi
1131 3475 1289 3530 enim
1317 3474 1376 3528 in
1407 3475 1534 3540 hac,
1566 3476 1630 3528 ut
1658 3473 1718 3528 in
1738 3474 1990 3544 Operum
2017 3474 2158 3529 Lau-

537 3574 655 3631 noii
668 3574 969 3628 auctorum
984 3583 1051 3623 ac
1068 3566 1486 3620 illustratorum
1503 3566 1646 3618 tom.
1668 3564 1734 3630 Ii,
1753 3565 1903 3633 part.
1924 3579 1984 3629 u,
2000 3578 2155 3617 anno

539 3665 668 3720 1731
695 3658 946 3718 Colonia:
962 3656 1343 3725 Allobrogum
1374 3669 1579 3707 excusa
1608 3668 1743 3725 pag.
1775 3640 2157 3707 376inferiori

536 3753 707 3825 hujus
716 3748 975 3822 margine
990 3747 1245 3801 notatum
1255 3741 1816 3815 invenio,sequentia
1826 3741 1948 3795 haec
1962 3740 2154 3795 verba:

537 3861 570 3895 ι
593 3838 849 3912 Contigit
877 3837 1029 3891 circa
1057 3850 1278 3890 annum
1324 3830 1557 3888 Domini
1593 3832 1731 3885 1082
1766 3828 1994 3885 Parisiis
2022 3844 2156 3899 pro-

538 3929 762 4003 digium
793 3923 1151 3982 horrendum
1172 3921 1232 3975 in
1256 3920 1512 3993 quodam
1535 3918 1836 3990 magistro,
1854 3917 1943 3972 cui
1963 3933 2161 3971 secun-

541 4019 680 4073 dum
734 4014 1016 4087 quosdam
1065 4027 1284 4065 nomen
1316 4011 1441 4063 erat
1470 4007 1861 4079 Raymundus,
1886 4025 1917 4058 ι)
1950 4004 2160 4076 scripta

540 4103 929 4166 inveniantur,
980 4096 1306 4169 Raymundi
1365 4099 1566 4150 tamen
1619 4094 1845 4148 nomini
1898 4093 2159 4148 additum

544 4192 721 4260 aliud,
754 4206 867 4263 quo
889 4191 947 4244 et
975 4186 1229 4252 Diocres,
1257 4187 1355 4239 aut
1381 4183 1559 4238 etiam
1587 4182 1877 4249 Milleban,
1904 4185 1964 4236 ut
1987 4181 2159 4237 ascri-

547 4285 713 4356 ptum
767 4273 1125 4334 Theodorico
1173 4270 1366 4327 abbati
1417 4270 1951 4342 Trudonopolitano
2010 4269 2164 4324 testi-

2255 3124 2507 3195 ascripti,
2568 3124 2865 3193 exemplar
2917 3122 3256 3189 incideram,
3307 3122 3577 3189 recitatis,
3635 3138 3763 3193 quae
3820 3121 3875 3176 ei

2255 3213 2489 3285 praeﬁxa
2518 3211 2805 3276 videbam,
2838 3210 3025 3266 verbis
3057 3210 3268 3265 excitus
3297 3210 3558 3265 Historias
3590 3210 3877 3266 Francicae

2257 3301 2615 3371 Scriptorum
2646 3299 2856 3353 Andria
2893 3299 3236 3364 Quercetani
3268 3316 3367 3354 seu
3409 3299 3636 3354 Chesnii
3662 3299 3878 3355 librum

2256 3392 2529 3463 quartum
2588 3387 2752 3442 avide
2811 3387 3049 3459 arripui,
3104 3390 3410 3459 totumque
3466 3404 3500 3442 a
3557 3387 3744 3460 capite
3801 3388 3879 3444 ad

2256 3479 2472 3534 calcem
2524 3476 2719 3531 sedulo
2776 3476 3011 3530 excussi.
3059 3476 3171 3531 Sed
3220 3475 3336 3530 en!
3392 3493 3524 3549 pag.
3585 3478 3706 3543 162,
3762 3493 3879 3549 qua

2257 3568 2378 3622 sola
2408 3565 2466 3620 in
2509 3568 2631 3620 toto
2663 3565 2760 3619 illo
2804 3564 3031 3619 Chesnii
3064 3565 3209 3619 libro
3240 3581 3341 3620 seu
3378 3567 3543 3619 tomo
3589 3564 3736 3620 liber
3762 3582 3873 3620 ms.

2258 3654 2594 3710 monasterii
2619 3654 2676 3709 S.
2704 3652 3039 3708 Theodorici
3069 3668 3250 3725 prope
3282 3653 3512 3718 Remos,
3546 3652 3633 3707 cui
3676 3652 3874 3707 titulus

2258 3747 2343 3799 est
2368 3763 2399 3795 ς
2428 3746 2507 3798 De
2528 3742 2756 3796 ratione
2784 3745 3118 3813 temporum
3150 3760 3179 3791 δ
3213 3741 3441 3808 citetur,
3475 3741 3876 3812 fragmentum

2256 3831 2595 3887 historicum
2625 3830 3047 3902 suppeditatur,
3075 3829 3135 3885 in
3169 3846 3303 3901 quo,
3338 3828 3419 3884 uti
3466 3829 3525 3884 id
3554 3828 3882 3902 inspicienti

2259 3921 2530 3993 patescet,
2552 3935 2624 3973 ne
2647 3935 2790 3991 apex
2813 3918 3047 3991 quidem
3074 3919 3160 3972 vel
3184 3918 3255 3972 de
3276 3918 3611 3991 prodigiosa
3628 3917 3881 3973 doctoris

2260 4006 2590 4063 Parisiensis
2612 4007 2881 4074 anastasi,
2909 4008 2996 4062 vel
3016 4007 3087 4062 de
3118 4008 3280 4079 pulso
3298 4023 3365 4061 ex
3392 4007 3499 4062 hac
3529 4006 3588 4060 in
3612 4022 3880 4061 eremum

2260 4096 2317 4152 S.
2345 4096 2612 4151 Brunone
2642 4096 2876 4150 occurit.
2915 4096 3054 4150 Hinc
3080 4095 3353 4162 intellexi,
3386 4095 3716 4160 verborum,
3748 4110 3881 4166 quae

2260 4184 2521 4259 proxime
2544 4183 2799 4251 recitavi,
2827 4184 3243 4255 descriptorem
3268 4183 3696 4254 signiﬁcantum
3723 4182 3880 4237 hisce

2259 4273 2523 4340 voluisse,
2555 4272 2978 4339 testimonium,
2995 4272 3349 4327 Theodorico
3372 4270 3564 4326 abbati
3585 4271 3883 4326 Trudono-

549 4355 815 4427 monium
844 4364 1058 4437 prodit,
1085 4361 1261 4417 fuerit
1276 4361 1527 4425 vocatus,
1551 4359 1843 4414 infelicem
1865 4359 2162 4414 doctorem
2184 4355 2238 4415 D
2262 4362 2521 4434 politano
2553 4360 2919 4428 attributum,
2949 4377 3065 4415 non
3088 4360 3235 4415 libro
3258 4376 3359 4413 seu
3385 4363 3545 4414 torno
3566 4360 3633 4413 IV
3649 4358 3881 4415 Chesnii

548 4457 931 4516 Parisiensem
960 4451 1247 4517 habuisse,
1279 4448 1696 4505 consectarium
1726 4448 1859 4503 inde
1899 4466 2016 4504 non
2057 4451 2162 4516 est,

554 4546 880 4617 meritoque
907 4541 1149 4614 proinde
1176 4540 1316 4595 illud
1330 4539 1417 4593 vel
1438 4554 1543 4610 pro
1570 4536 1930 4609 supposititio
1955 4537 2042 4591 vel
2060 4553 2163 4607 pro

555 4633 873 4691 admodum
900 4632 1160 4702 suspecto
1182 4631 1370 4701 potest
1384 4625 1604 4693 haberi,
1635 4625 1741 4680 nisi
1771 4625 1922 4680 forte
1948 4624 2115 4688 liber,
2135 4641 2166 4680 e

556 4739 671 4797 quo
702 4738 737 4776 a
764 4719 1016 4776 Galaudo
1043 4717 1456 4788 depromptum
1479 4714 1703 4782 dicitur,
1728 4714 1786 4769 in
1818 4714 2009 4769 lucem
2041 4731 2170 4786 pro-

556 4814 800 4878 feratur,
822 4823 1043 4880 proque
1074 4803 1326 4878 genuino
1356 4801 1693 4857 Theodorici
1722 4803 1844 4857 fetu
1865 4803 2166 4858 habeatur.

630 4902 755 4957 238.
786 4898 1001 4952 Verum
1031 4910 1144 4966 quo
1172 4892 1265 4947 hic
1288 4894 1434 4958 loco,
1464 4890 1690 4961 cujusve
1723 4891 1781 4945 in
1811 4890 2171 4947 bibliothecae

558 4989 771 5062 angulo
802 4986 1062 5043 servatur
1082 4982 1111 5037 ‘I
1149 4981 1311 5036 Unde
1340 4979 1525 5045 illum,
1562 4981 1681 5044 aut,
1712 4977 1757 5032 si
1790 4978 1990 5047 mavis,
2025 4979 2172 5035 illuis

560 5077 875 5149 exemplar,
902 5091 933 5129 e
963 5088 1076 5145 quo
1092 5070 1266 5125 verba
1297 5083 1459 5122 num.
1485 5068 1589 5122 214
1609 5067 1846 5122 recitata
1877 5084 2172 5139 excerpse-

561 5168 658 5234 rit,
691 5163 976 5221 Galaudus
1004 5160 1111 5216 sibi
1167 5155 1564 5229 comparavit?
1601 5156 1689 5209 An
1736 5155 2168 5226 bibliothecam,

562 5268 961 5332 personamve,
996 5267 1030 5306 a
1059 5265 1174 5322 qua
1215 5245 1531 5320 pretiosum
1579 5242 1912 5313 hujusmodi
1960 5261 2170 5300 monu-

560 5331 826 5401 mentum
842 5356 1040 5396 secum
1051 5337 1226 5393 fuerit
1241 5331 1756 5399 communicatum,
1772 5332 1831 5386 in
1845 5333 2170 5405 conscripto

559 5449 595 5488 ει
608 5448 668 5487 se
682 5429 1193 5487 Carthusianorum
1208 5421 1491 5482 Chronico
1505 5419 1729 5493 uspiam
1743 5420 2024 5477 declarat?
2039 5422 2172 5477 0m-

559 5518 657 5575 nia
668 5520 790 5575 haec
804 5531 1149 5591 anonymus,
1178 5531 1209 5569 e
1236 5529 1349 5586 quo
1367 5512 1489 5567 solo
1512 5511 1654 5579 fere,
1673 5525 1801 5582 quae
1823 5510 1894 5564 de
1916 5509 2166 5567 Galaudo

547 5607 677 5684 jam
705 5607 844 5677 dixi,
874 5606 1096 5666 discere
1121 5602 1302 5673 licuit,
1331 5600 1645 5661 Annalium
1677 5598 2170 5661 Carthasiensium

2265 4467 2438 4521 quem
2483 4449 2699 4517 laudat,
2732 4449 2833 4504 sed
2883 4465 2990 4503 ms.
3038 4467 3069 4501 «
3102 4450 3181 4503 De
3222 4450 3557 4518 temporum
3585 4447 3815 4503 ratione
3845 4469 3877 4497 »

2265 4539 2431 4605 libro,
2477 4554 2509 4592 e
2540 4554 2653 4609 quo
2703 4537 3099 4608 fragmentum
3152 4536 3487 4591 historicum
3534 4534 3595 4589 in
3649 4539 3880 4591 tomum

2266 4627 2428 4682 illum
2451 4625 2726 4681 Chesnius
2751 4624 2962 4692 intulit,
2992 4642 3113 4680 esse
3140 4624 3504 4694 inscriptum.
3527 4624 3740 4678 Verum
3772 4641 3882 4680 nec

2267 4715 2326 4771 id
2346 4714 2570 4771 veritati
2600 4730 2917 4769 consonum
2943 4713 3225 4779 existimo,
3257 4712 3411 4784 quod
3430 4728 3522 4767 res
3547 4713 3689 4777 haac,
3723 4712 3767 4766 si
3799 4713 3885 4768 ita

2258 4805 2528 4870 haberet,
2581 4819 2615 4857 a
2651 4802 2908 4874 pluribus
2960 4801 3083 4856 aliis
3134 4801 3505 4872 scriptoribus
3555 4805 3885 4856 memorata

2269 4888 3091 4961 verosimillime‘inveniretur,
3107 4906 3211 4944 nec
3240 4892 3438 4944 tamen
3472 4890 3884 4945 memorataab

2271 4981 2387 5036 ullo
2407 4981 2684 5035 hactenus
2700 4996 2734 5033 a
2759 4995 2853 5033 me
2876 4978 3132 5032 inveneri
3163 4977 3435 5049 potuerit.
3465 4979 3539 5031 At
3566 4994 3701 5032 vero
3724 4981 3881 5045 sunt,

2271 5069 2353 5125 uti
2382 5087 2450 5125 ex
2471 5068 2707 5134 notitiis,
2728 5084 2869 5139 quas
2898 5066 2972 5121 ad
3002 5083 3243 5120 manum
3270 5066 3478 5133 habeo,
3502 5065 3679 5133 disco,
3703 5066 3799 5138 qui
3822 5066 3887 5121 in

2268 5156 2781 5227 Trudonopolitani
2837 5153 3092 5208 dimcesis
3159 5152 3489 5208 Leodiensis
3544 5154 3884 5209 monasterii

2268 5245 2615 5300 bibliotheca
2664 5245 2948 5315 jactatum
2994 5241 3352 5309 Theodorici,
3386 5241 3446 5296 id
3486 5242 3626 5296 olim
3658 5242 3885 5297 abbatis

2271 5350 2515 5389 munere
2547 5332 2853 5398 moderati,
2887 5332 2961 5386 de
2989 5331 3163 5386 Sacra
3193 5336 3524 5401 temporum
3556 5329 3784 5384 ratione
3812 5329 3883 5384 li-

2268 5423 2460 5492 brum,
2478 5422 2537 5477 in
2555 5438 2669 5494 quo
2689 5421 2782 5476 hic
2803 5437 2909 5494 pro
2932 5418 3260 5493 prodigiosa
3278 5419 3529 5475 doctoris
3550 5418 3882 5474 Parisiensis

2268 5511 2513 5568 anastasi
2540 5510 2939 5566 testimonium
2964 5527 3126 5565 num.
3152 5510 3257 5565 214
3274 5508 3581 5563 recitatum
3599 5508 3879 5579 praebeat,

2268 5598 2546 5665 asservari
2571 5598 2888 5668 affirmant,
2909 5598 3187 5656 addentes
3202 5596 3401 5665 etiam,
3423 5595 3637 5654 mirum
3655 5594 3881 5654 nemini
