3996 6012
485 300 586 364 ΜΒ

1356 288 1423 353 S.
1448 292 1796 354 BRUNONIS
1836 292 2473 354 CARTHUSIANORUM
2511 290 2981 354 INSTITUTORIS

3698 297 3808 359 144

481 433 594 491 rito
618 425 826 488 debeat
856 422 1078 487 diversa
1108 425 1180 484 ab
1211 424 1418 492 altera,
1469 440 1534 480 ac
1571 423 1816 497 proinde
1845 425 2087 479 subruat
2113 429 2169 488 Α
2205 446 2232 474 ‹‹
2259 425 2559 496 probitatis
2589 428 3008 484 existimatione
3035 423 3287 478 ﬂoreret.
3322 441 3354 476 ιι
3399 424 3527 480 Haec
3559 424 3802 498 objectio

483 521 657 578 totius
686 517 939 575 historia:
953 513 1468 586 veritas.Sicigitur
1491 517 1798 586 utramque
1821 515 2088 585 aggredi-

477 612 575 667 tur
603 606 907 665 Launoius.
943 625 973 658 ¢
1001 603 1356 676 Imprimis,»
1389 601 1576 675 inquit
1604 601 1719 669 ille,
1757 624 1785 653 ‹‹
1817 602 2090 658 Caesarius

478 716 513 755 et
538 716 653 754 non
670 695 932 767 designat
943 697 1164 749 certum
1182 695 1554 764 tempus,quo
1573 707 1740 745 suum
1756 691 2088 763 prodigium

482 810 513 841 ‹‹
535 785 816 852 evenerit;
843 781 1126 838 Antonius
1159 797 1292 835 vero
1327 779 1591 850 designat
1626 796 1844 833 annum
1879 779 2087 850 ipsum,

482 899 512 929 «
535 893 647 950 quo
679 891 848 930 suum
876 869 1207 944 prodigium
1254 867 1544 934 acciderit,
1573 886 1603 919 >>
1637 866 1750 922 Sed
1771 868 1830 922 in
1857 868 1965 922 hoc
2003 869 2092 923 vel

479 965 791 1023 minimam
845 962 996 1017 inter
1025 962 1334 1031 utrumque
1387 959 1685 1012 auctorem
1743 955 2090 1011 discordiam

479 1055 606 1128 quis
636 1055 818 1108 lector
831 1047 1198 1122 quantumvis
1227 1063 1398 1117 sagax
1422 1044 1848 1116 deprehendet?
1867 1044 2032 1099 Certe
2046 1043 2092 1098 si

482 1141 758 1200 Caesarius
779 1141 1002 1194 certum
1030 1139 1259 1209 tempus
1289 1151 1322 1189 a
1343 1137 1628 1206 tempore,
1655 1133 1810 1204 quod
1831 1132 2096 1203 designat

480 1229 828 1295 Antoninus,
875 1226 1161 1282 diversum
1193 1226 1251 1278 et
1277 1222 1349 1278 ab
1381 1221 1588 1277 eodem
1622 1221 1870 1276 multum
1899 1236 2091 1275 remo-

475 1323 604 1376 tum
636 1317 982 1390 designaret,
1014 1313 1074 1368 in
1095 1314 1204 1368 hoc
1253 1311 1489 1384 quidem
1515 1312 1824 1384 appareret
1854 1312 2091 1364 conten-

475 1408 556 1465 tio
583 1426 598 1478 ;
626 1407 725 1463 sed
757 1422 889 1460 cum
919 1407 1146 1474 tempus
1178 1400 1360 1466 sileat,
1403 1398 1544 1453 nihil
1581 1397 1831 1453 Antonio
1862 1400 2091 1453 contra-

479 1496 632 1554 rium
681 1493 920 1567 profert,
978 1508 1042 1546 ac
1095 1489 1343 1562 proinde
1393 1486 1687 1560 utriusque
1745 1487 2094 1542 narrationis

431 1645 436 1650 _
477 1583 798 1642 substantia
827 1581 1032 1636 eadem
1066 1580 1351 1633 remanet.
1407 1575 1548 1631 Huic
1599 1578 1880 1646 prazlerea
1930 1578 1987 1629 et
2012 1592 2097 1630 se-

480 1672 789 1748 quentibus
812 1667 1048 1725 Launoii
1075 1664 1495 1738 objectionibus
1514 1665 1682 1720 unico
1714 1664 1998 1738 possimus
2009 1681 2097 1718 re-

2198 531 2316 568 non
2346 516 2582 586 majoris
2627 519 2712 571 est
2743 514 3036 590 ponderis,
3069 528 3244 584 quam
3273 513 3682 584 praecedentes.
3714 517 3806 572 Ni-

2195 602 2275 657 hil
2292 602 2449 658 enim
2479 621 2546 659 ex
2584 621 2652 660 ea
2681 603 3060 669 concluditur,
3095 604 3193 656 aut
3216 601 3481 657 concludi
3506 605 3692 672 potest
3729 605 3806 660 ad

2198 691 2718 748 demonstrandam
2747 695 2833 747 vel
2857 691 3166 747 minimam
3202 689 3354 744 inter
3382 689 3485 744 has
3513 689 3653 745 duas
3673 709 3804 747 nar-

2194 779 2449 836 rationes
2475 781 2885 837 differentiam.
2916 781 3039 836 Nou
3084 777 3243 834 enim
3281 778 3574 846 Caesarius,
3623 781 3805 853 qualis

2193 874 2340 924 esset
2367 869 2462 925 ille
2511 870 2768 939 clericus,
2802 888 2876 925 an
2901 867 3486 940 superbus,malisque
3504 867 3649 922 vitiis
3678 870 3807 925 sub-

2185 957 2370 1028 jectus
2397 959 2660 1032 exponit;
2712 960 2812 1014 sed
2834 957 2989 1031 quod
3021 960 3167 1012 esset
3215 975 3247 1009 α
3280 955 3491 1011 nobilis
3538 958 3595 1011 et
3625 958 3800 1027 dives,

2193 1065 2225 1099 α
2258 1065 2386 1121 quae
2416 1048 2528 1103 duo
2561 1065 2711 1120 saepe
2741 1047 3010 1103 homines
3040 1047 3339 1113 extollunt,
3355 1045 3633 1118 malisque
3654 1046 3803 1102 vitiis

2195 1155 2226 1188 α
2257 1135 2586 1207 subjiciunt,
2642 1161 2662 1186 ι
2720 1138 2787 1191 Et
2837 1137 2961 1191 haec
2995 1151 3111 1190 non
3141 1137 3471 1206 repugnant
3502 1133 3802 1191 communi

2193 1225 2530 1292 narrationi,
2571 1242 2698 1298 quae
2738 1223 3038 1280 hominem
3088 1222 3259 1277 istum
3307 1222 3625 1279 describit«
3657 1223 3801 1279 emi-

2192 1331 2225 1366 ‹
2251 1314 2449 1369 nentia
2463 1303 2713 1368 scientiae
2745 1316 2801 1368 et
2832 1312 3116 1385 probitate
3146 1309 3272 1365 vitae
3297 1314 3352 1366 et
3383 1312 3804 1369 maximafama

2193 1420 2224 1455 ι
2255 1403 2634 1474 pollentem,»
2659 1402 2759 1456 sed
2806 1403 3034 1456 tantum
3061 1400 3228 1470 juxta
3274 1416 3344 1454 ea
3383 1417 3511 1472 quae
3556 1401 3803 1456 exterius

2192 1491 2570 1564 apparebant.
2605 1490 2789 1554 Quam
2815 1490 2890 1544 ob
2918 1506 3044 1544 rem
3068 1488 3278 1544 codicis
3292 1488 3578 1543 Mettensis
3601 1491 3802 1544 auctor

2192 1582 2356 1653 putat
2385 1597 2518 1634 eum
2543 1579 2884 1634 damnatum
2907 1579 2979 1633 ob
3011 1577 3212 1632 vitium
3245 1593 3407 1632 vante
3429 1577 3648 1648 gloriae.

2263 1670 2387 1725 245.
2413 1687 2444 1721 <<
2471 1668 2556 1722 Ab
2579 1669 2686 1722 hac
2712 1667 3038 1738 objectione
3069 1667 3143 1720 ad
3159 1665 3420 1737 quintam
3435 1665 3639 1720 transit
3663 1667 3804 1721 Lau-

478 1777 691 1836 sponso
751 1758 1098 1822 satisfacere,
1131 1755 1176 1811 si
1206 1754 1482 1820 dicamus,
1520 1753 1676 1826 quod
1728 1752 2093 1808 verissimum
2122 1754 2172 1816 B
2195 1757 2558 1829 noius,quam
2570 1756 2648 1811 sic
2668 1755 2927 1827 exponit:
2954 1754 3265 1810 «Caesarius
3285 1753 3658 1808 Parisiensem
3679 1771 3806 1808 aca-

479 1853 586 1917 est,
621 1847 932 1904 Caesarium
961 1846 1112 1900 hanc
1150 1842 1453 1898 historiam
1486 1840 1832 1912 compendio
1865 1844 2095 1897 tantum

483 1936 757 2010 attigisse.
788 1934 949 1990 Unde
982 1951 1100 1989 non
1132 1932 1370 2000 mirum,
1403 1931 1448 1985 si
1478 1931 1690 1985 multas
1718 1930 1961 1984 tacuerit
1989 1947 2094 2001 po-

485 2030 607 2082 stea
659 2025 731 2080 ab
760 2021 1014 2078 Antonio
1066 2023 1276 2076 relatas
1314 2017 1789 2075 circumstantias.
1827 2018 2096 2073 «Deinde

488 2137 518 2167 «
552 2113 711 2169 addit
734 2110 1038 2177 Launoius,
1069 2107 1342 2164 Caesarius
1382 2124 1500 2163 non
1533 2106 1735 2162 deﬁnit
1765 2109 1988 2161 certum
2037 2106 2098 2160 in

487 2225 517 2254 ‹‹
546 2218 728 2274 regno
756 2199 1009 2255 Francia:
1052 2195 1596 2264 locum,Antoninus
1624 2211 1758 2250 vero
1783 2199 2008 2249 certum
2040 2195 2099 2249 in

487 2313 516 2344 ‹‹
547 2307 729 2362 regno
756 2286 1008 2342 Francia:
1031 2287 1222 2342 locum
1251 2284 1472 2352 definit,
1498 2283 1557 2338 id
1590 2285 1695 2351 est,
1728 2283 2033 2338 Lutetiam.
2066 2303 2095 2331 »

487 2377 700 2435 Similis
729 2375 907 2448 priori
935 2375 1202 2446 objectio,
1233 2390 1360 2446 qua:
1376 2372 1561 2428 simile
1581 2375 1838 2426 meretur
1862 2388 2098 2444 respon-

487 2485 636 2535 sum,
663 2481 874 2537 nempe
906 2465 1129 2518 nullam
1178 2461 1259 2518 ibi
1289 2460 1533 2533 reperiri
1587 2460 1739 2515 inter
1789 2463 2100 2532 utrumque

486 2559 782 2614 auctorem
816 2551 1288 2608 contrarietatem
1320 2569 1334 2620 ;
1363 2567 1490 2623 quae
1518 2548 1888 2623 reperiretur,
1923 2549 1968 2604 si
1987 2550 2102 2605 Cae-

487 2645 671 2702 sarius
691 2641 1043 2716 Hispaniam,
1074 2640 1297 2694 Italiam
1325 2640 1410 2693 vel
1442 2638 1695 2710 aliquam
1722 2637 1894 2693 aliam
1910 2638 2100 2710 regio-

487 2751 625 2791 nem
653 2733 767 2788 sive
793 2746 1041 2803 regnum
1065 2727 1428 2784 deﬁnivisset.
1453 2730 1526 2782 At
1542 2727 1682 2781 dixit
1706 2727 2104 2799 ille,quodhoc

491 2822 824 2897 prodigium
856 2819 917 2874 in
938 2833 1120 2890 regno
1159 2816 1411 2872 Francia:
1441 2815 1748 2884 acciderit;
1779 2816 2104 2871 Antoninus

485 2928 644 2978 vero,
676 2908 831 2982 quod
856 2906 1113 2973 Lutetiae,
1143 2923 1270 2978 quae
1305 2909 1389 2960 est
1413 2905 1473 2959 in
1503 2921 1683 2976 regno
1714 2904 2102 2968 FranciaeJta-

487 2986 598 3073 que
629 2998 782 3071 quod
807 2995 1082 3050 Cassarius
1122 2994 1414 3060 omiserat,
1477 2995 1538 3048 Β.
1579 2993 1862 3048 Antonius
1883 2994 2107 3066 supple-

489 3089 588 3144 vit.
622 3089 689 3141 Et
718 3085 848 3140 huic
881 3100 984 3156 par
1015 3087 1101 3138 est
1141 3081 1509 3138 eruditissimi
1551 3082 1797 3137 Andreas
1845 3081 2106 3137 Saussaeii

491 3176 566 3232 ad
590 3173 960 3248 probandum
992 3172 1264 3226 eamdem
1297 3187 1419 3226 esse
1466 3170 1862 3225 narrationem
1887 3170 2109 3242 optima

490 3263 874 3330 ratiocinatio,
925 3261 1290 3333 quantumvis
1340 3259 1480 3314 dure
1539 3257 1597 3313 in
1646 3274 1776 3313 eam
1829 3260 2110 3314 exclamet

498 3351 806 3418 Launoius,
841 3369 872 3402 α
901 3349 944 3404 Ο
972 3347 1301 3403 miserabile
1333 3345 1611 3418 effugium
1645 3346 1657 3399 l

566 3442 690 3496 244.
717 3459 748 3492 ι
779 3436 1052 3494 Caesarius
1082 3436 1153 3490 de
1181 3434 1386 3490 clerico
1417 3435 1671 3507 quodam
1718 3434 1896 3490 nobili
1928 3452 1992 3491 ac
2023 3435 2109 3490 di-

500 3552 530 3582 «
558 3530 670 3585 vite
691 3542 1026 3584 sermonem
1069 3525 1265 3592 habet;
1291 3522 1574 3578 Antonius
1613 3539 1748 3578 vero
1799 3524 2113 3595 quemdam

501 3640 531 3669 «
564 3616 840 3674 eximium
863 3615 1162 3670 doctorem
1179 3611 1471 3668 describit.
1502 3631 1530 3660 »
1557 3612 1685 3666 Haec
1707 3612 2115 3681 verba,'CLI-:m-

501 3723 597 3765 cus
625 3709 682 3762 et
712 3721 938 3770 nocron,
972 3701 1190 3775 aliquid
1225 3701 1379 3756 inter
1434 3717 1494 3756 se
1552 3700 1897 3756 discriminis
1931 3701 2119 3774 prima

501 3795 689 3872 specie
709 3792 1224 3859 videnturhabere,
1251 3790 1352 3845 sed
1379 3807 1506 3863 quae
1535 3790 1700 3846 facile
1719 3789 2116 3846 conciliantur.

502 3886 664 3941 Viros
693 3881 850 3938 enim
867 3881 1193 3936 litteratura
1207 3882 1264 3934 et
1277 3879 1599 3934 eruditione
1619 3879 1955 3950 conspicuos
1970 3895 2121 3952 saepe

505 3972 688 4031 dictos
719 3969 892 4024 fuisse
934 3968 1192 4035 clericos,
1249 3966 1420 4021 variis
1489 3966 1766 4021 docemur
1825 3967 2120 4040 exemplis.

506 4059 676 4134 Apud
706 4055 1041 4113 0rdericum
1064 4055 1309 4110 Vitalem
1322 4054 1421 4109 lib.
1449 4071 1509 4110 ιιι
1533 4071 1547 4110 :
1581 4073 1613 4107 ‹‹
1645 4055 1892 4110 Clericus
1917 4072 2128 4127 cogno-

514 4171 544 4202 ‹‹
569 4146 821 4206 minatus
851 4147 954 4212 est,
1005 4143 1142 4216 quia
1172 4141 1379 4214 peritia
1411 4141 1735 4198 litterarum
1770 4143 2128 4218 aliarumque

514 4257 550 4294 ι
578 4235 789 4294 artium
819 4231 1084 4307 apprime
1117 4231 1372 4287 imbutus
1402 4235 1544 4288 est.»
1573 4233 1635 4287 In
1668 4231 1969 4288 historiam
2015 4233 2131 4308 epi-

2197 1868 2226 1896 ‹‹
2252 1845 2507 1900 demiam
2531 1845 2620 1900 hic
2638 1863 2710 1900 ne
2727 1845 2898 1898 verbo
2917 1842 3153 1914 quidem
3189 1842 3449 1915 attingit;
3482 1843 3806 1897 Antodinus

2197 1952 2229 1987 ς
2251 1950 2386 1989 vero
2405 1933 2562 1988 illam
2579 1933 2873 2004 praedicat.
2908 1933 2975 1985 Et
2991 1935 3188 1986 tamen
3204 1931 3477 1986 Caesarius
3504 1930 3598 1986 ille
3614 1932 3808 1986 multis

2199 2043 2225 2078 ς
2254 2023 2314 2077 in
2345 2021 2482 2077 locis
2501 2025 2556 2076 et
2577 2020 2910 2076 Parisiensis
2931 2019 3242 2074 academia:
3265 2022 3322 2074 et
3340 2036 3537 2074 rerum
3565 2020 3621 2074 in
3647 2019 3805 2075 Pari-

2203 2134 2230 2164 ι(
2258 2111 2427 2166 siensi
2445 2110 2742 2166 academia
2754 2112 3047 2182 gestarum
3072 2107 3358 2163 meminit.
3382 2127 3412 2160 ι)
3436 2108 3651 2163 Deinde
3665 2109 3811 2162 mul-

2199 2200 2421 2272 tiplices
2451 2217 2518 2253 ex
2560 2198 2803 2254 Caesario
2835 2197 3135 2251 citationes
3169 2195 3452 2251 Launoius
3485 2196 3722 2267 colligit,
3751 2197 3808 2252 in

2201 2289 2405 2362 quibus
2436 2288 2708 2343 Ctesarius
2737 2286 2874 2341 fecit
2905 2285 3267 2340 mentionem
3310 2285 3619 2340 academia:
3653 2285 3809 2340 Pari-

2199 2377 2418 2434 siensis.
2445 2375 2558 2431 Sed
2609 2376 2681 2430 ad
2709 2374 2847 2447 quid
2902 2375 2992 2428 hic
3046 2374 3343 2429 citationes
3371 2373 3398 2427 ?
3455 2372 3610 2427 Sicut
3652 2373 3812 2428 enim

2201 2465 2558 2522 ostendimus
2581 2481 2697 2519 non
2727 2466 2880 2518 recte
2908 2461 3172 2517 concludi
3208 2461 3600 2517 narrationem
3635 2461 3816 2516 Cresa-

2200 2554 2270 2610 rii
2301 2554 2474 2609 aliam
2507 2570 2627 2608 esse
2654 2552 2725 2606 ab
2748 2551 3025 2606 Antonini
3053 2551 3408 2618 narratione,
3441 2567 3508 2605 eo
3544 2549 3812 2622 quodille

2202 2660 2320 2698 non
2353 2641 2642 2697 deﬁnierit
2696 2644 2918 2696 certum
2954 2641 3014 2695 in
3063 2656 3246 2711 regno
3298 2638 3550 2694 Franciae
3599 2640 3812 2706 locum,

2205 2749 2378 2805 quem
2404 2731 2495 2786 hic
2528 2729 2755 2798 definit;
2779 2729 2859 2784 ita
2889 2745 2995 2784 nec
3032 2729 3210 2783 ullam
3256 2727 3670 2782 dissonantiam
3705 2727 3814 2781 im-

2204 2823 2435 2893 portare
2464 2823 2652 2892 potest
2676 2818 2965 2873 silentium
2981 2816 3206 2872 Caesarii
3241 2816 3310 2870 de
3339 2815 3636 2870 academia
3655 2814 3814 2870 Pari-

2205 2909 2396 2977 siensi,
2421 2926 2595 2980 quam
2635 2907 2918 2963 Antonius
2938 2906 3229 2976 praedicat.
3264 2904 3376 2959 Sed
3408 2904 3481 2958 ad
3509 2903 3648 2958 alias
3681 2904 3820 2959 Lau-

2207 2998 2324 3053 noii
2376 2997 2730 3068 objectiones
2789 2994 3088 3049 diluendas
3136 3009 3531 3064 properemus.
3579 3014 3606 3042 «
3640 2992 3823 3046 Caesa-

2207 3106 2239 3140 ‹
2277 3086 2394 3141 rius
2425 3089 2623 3158 aperte
2655 3085 2940 3156 significat
2969 3082 3416 3137 clericumsuum
3446 3098 3560 3136 uno
3589 3081 3823 3136 eodem-

2208 3195 2240 3229 α
2263 3193 2374 3247 que
2419 3179 2683 3247 tempore
2715 3172 2918 3227 dixisse
2953 3189 2964 3226 :
2997 3173 3184 3226 Justus
3208 3171 3387 3225 Judex
3409 3169 3706 3241 judicavit,
3725 3171 3822 3241 ju-

2209 3285 2241 3319 ι
2274 3265 2527 3318 dicatum
2554 3261 2978 3328 condemnavit,
3014 3261 3468 3314 condemnatum
3499 3258 3817 3314 tradiditin

2210 3373 2242 3406 α
2275 3370 2482 3407 manus
2513 3348 3190 3423 impiorum.Antoninus
3219 3365 3351 3402 vero
3381 3347 3592 3402 diserte
3623 3346 3830 3402 asserit

2211 3461 2245 3496 α
2265 3442 2562 3497 doctorem
2594 3457 2760 3494 suum
2785 3439 2965 3494 tribus
2995 3436 3273 3492 distinctis
3316 3435 3514 3492 diebus
3570 3436 3830 3490 locutum

2216 3551 2238 3584 ι
2279 3547 2420 3586 esse.
2458 3549 2484 3580 ο
2512 3531 2639 3583 Jam
2670 3528 2916 3582 vidimus
2954 3543 3146 3598 supra,
3196 3543 3259 3579 ex
3293 3524 3476 3579 citatis
3503 3523 3832 3579 auctoribus

2219 3617 2635 3676 Carthusiensis
2661 3616 2880 3672 ordinis
2902 3614 3185 3687 quosdam
3216 3613 3524 3684 scripsisse,
3553 3614 3702 3667 hanc
3737 3612 3835 3667 tri-

2220 3725 2358 3765 nam
2380 3723 2579 3762 vocem
2611 3705 2933 3760 adamnato
2956 3704 3242 3774 prolatam
3266 3701 3434 3756 fuisse
3465 3718 3579 3756 uno
3601 3702 3836 3756 eodem-

2222 3813 2341 3870 que
2359 3795 2471 3862 die,
2497 3794 2776 3867 quosdam
2797 3809 2931 3848 vero
2963 3793 3143 3847 tribus
3172 3789 3452 3845 distinctis
3483 3789 3837 3844 diebus.Sic-

2224 3901 2336 3958 que
2361 3882 2588 3939 Caesarii
2612 3882 2787 3937 verba
2813 3881 3169 3936 concordant
3225 3895 3357 3933 cum
3392 3878 3627 3949 primis;
3652 3880 3836 3934 Anto-

2225 3972 2349 4028 nini
2373 3987 2505 4027 vero
2533 3988 2663 4025 cum
2703 3969 2924 4024 ultimis
2948 3987 2961 4036 ;
2986 3985 3090 4024 nec
3113 3973 3421 4041 propterea
3446 3967 3572 4022 duae
3602 3983 3842 4022 censen-

2227 4059 2314 4116 da;
2345 4065 2478 4115 sunt
2497 4059 2857 4114 narrationes
2883 4059 3277 4125 diversae,cum
3296 4057 3353 4110 in
3373 4072 3434 4110 re
3461 4055 3835 4111 conveniant.

2227 4150 2514 4205 Praeterea
2545 4165 2663 4204 non
2693 4147 2776 4202 ita
2802 4149 3021 4219 aperte,
3056 4150 3119 4201 ut
3156 4147 3274 4200 vult
3308 4144 3617 4211 Launoius,
3652 4143 3841 4199 Caesa-

2227 4238 2345 4295 rius
2377 4237 2682 4311 significat,
2715 4237 2984 4292 clericum
3014 4251 3178 4290 suum
3201 4251 3316 4290 uno
3338 4233 3659 4304 eodemque
3693 4235 3847 4288 tem-

513 4339 823 4400 scoporum
849 4319 1267 4395 Eystetentium
1302 4336 1317 4376 :
1345 4340 1376 4374 ¢
1405 4321 1515 4376 Iste
1543 4321 1793 4377 Joannes
1815 4321 2130 4396 {episcopus
2153 4345 2206 4405 Ι)
2229 4344 2371 4401 pore
2420 4328 2675 4383 locutum
2704 4342 2856 4394 esse;
2903 4342 3020 4380 non
3053 4323 3210 4378 enim
3237 4322 3502 4377 distincte
3545 4320 3841 4393 exprimit,

515 4434 552 4469 α
575 4429 822 4486 magnus
850 4409 1087 4466 clericus
1117 4409 1176 4465 in
1203 4409 1335 4482 jure
1375 4407 1653 4465 canonico
1687 4410 1863 4466 fuit.»
1882 4411 2133 4468 Joannes

519 4518 749 4576 quoque
771 4497 1212 4571 Birellius,prior
1233 4497 1564 4567 Carthusiaa,
1584 4499 1656 4554 ab
1677 4500 2012 4556 Innocentio
2041 4501 2131 4568 Vl,

523 4591 609 4648 sui
657 4605 792 4644 eum
833 4586 1620 4655 obiisseaudierat,«Clericus
1637 4587 2137 4662 mundinappella-

551 4675 745 4745 ’msest,
759 4679 822 4732 ut
837 4676 911 4732 ad
923 4693 1143 4732 annum
1165 4678 1300 4733 1360
1316 4676 1655 4745 videbimus,
1671 4694 1790 4732 non
1802 4678 1988 4733 solum
2003 4679 2138 4751 quia

571 4781 656 4829 ira
685 4765 970 4840 perfectus
999 4765 1315 4820 monachus
1329 4764 1617 4837 (monachi
1649 4766 1805 4821 enim
1827 4766 2135 4840 aliquando

531 4857 709 4917 etiam
736 4853 925 4909 clerici
947 4851 1085 4907 dicti
1114 4851 1289 4925 sunt),
1339 4853 1441 4908 sed
1473 4853 1726 4910 maxime
1759 4854 1894 4928 quia
1924 4858 2047 4910 tam
2073 4856 2132 4911 in

529 4945 723 5003 divina
773 4940 1031 5008 scientia,
1056 4957 1232 5014 quam
1275 4939 1335 4995 in
1366 4941 1624 4998 humana
1648 4943 2004 5015 superiorem
2033 4945 2136 5000 ha-

529 5034 708 5094 bebat
729 5029 1049 5097 neminem,
1083 5029 1234 5102 Ergo
1263 5029 1536 5085 Caesarius
1579 5033 1638 5085 et
1665 5033 1991 5088 Antoninus
2033 5033 2140 5090 sibi

528 5122 778 5180 invicem
830 5137 948 5175 non
979 5118 1371 5185 adversantur,
1402 5135 1535 5174 cum
1581 5118 1674 5175 ille
1725 5120 2016 5190 clericum,
2046 5122 2139 5178 hic

530 5227 665 5268 vero
693 5209 968 5264 eximium
996 5207 1315 5274 doctorem,
1343 5205 1634 5263 infelicem
1663 5208 1964 5265 hominem
1991 5210 2142 5266 dixe-

532 5301 690 5358 runt.
719 5297 832 5351 Sed
876 5296 1055 5352 instat
1084 5295 1367 5351 Launoius
1393 5299 1456 5350 ut
1482 5296 1758 5368 sequitur.
1823 5320 1850 5348 ‹‹
1868 5298 2141 5355 Caesarius

536 5409 567 5440 «
597 5385 813 5442 indicat
860 5384 1132 5440 clericum
1182 5402 1349 5440 suum
1406 5385 1705 5441 nobilitate
1735 5401 1800 5439 ac
1832 5387 2036 5442 divitiis
2080 5389 2139 5444 in

539 5473 900 5529 «hominem
948 5473 1262 5545 superbum
1321 5474 1581 5542 evasisse,
1640 5474 1966 5531 Antoninus
2009 5494 2141 5533 vero

536 5587 564 5618 ‹‹
595 5579 730 5622 eum
755 5561 1039 5633 signiﬁcat
1069 5561 1390 5632 doctorem,
1421 5563 1518 5636 qui
1537 5563 1775 5636 Lmagna
1805 5563 2056 5626 scientia:
2084 5571 2143 5626 et

2232 4416 2386 4489 quod
2415 4417 2538 4471 haec
2574 4415 2746 4470 verba
2771 4413 2941 4469 simul
2979 4416 3036 4468 et
3087 4413 3265 4467 semel
3310 4411 3397 4466 vel
3429 4409 3610 4466 tribus
3642 4409 3847 4465 distin-

2233 4505 2337 4560 ctis
2367 4504 2600 4572 vicibus,
2625 4503 2725 4559 sed
2741 4501 3079 4557 summatim
3107 4504 3358 4568 tantum;
3389 4499 3546 4572 quod
3571 4499 3693 4553 haec
3710 4515 3848 4570 pro-

2235 4593 2522 4650 nuntiavit
2552 4611 2565 4649 :
2600 4610 2728 4666 quae
2766 4596 2899 4647 sunt
2930 4609 2943 4647 :
2970 4591 3175 4646 eadem
3208 4589 3399 4663 quoad
3427 4604 3678 4651 sensum,
3712 4604 3847 4659 qua:

2234 4683 2561 4738 Antoninus
2605 4683 2903 4738 doctorem
2933 4697 3100 4735 suum
3145 4677 3548 4751 pronuntiasse
3578 4678 3846 4744 testatur,

2236 4789 2356 4827 non
2387 4771 2623 4844 quidem
2650 4771 2854 4826 iisdem
2886 4786 3117 4841 prorsus
3145 4767 3463 4833 verbis,nec
3495 4764 3700 4819 eodem
3721 4781 3851 4820 mo-

2239 4861 2312 4915 do
2365 4860 2536 4928 dicta,
2589 4860 2688 4915 sed
2746 4859 2872 4915 aliis
2934 4859 3092 4914 idem
3140 4853 3640 4929 signiﬁcantibus;
3671 4853 3758 4908 ita
3787 4857 3853 4908 ut

2239 4950 2396 5005 nulla
2425 4949 2498 5004 sit
2521 4949 2582 5003 in
2611 4949 2860 5004 essentia
2879 4947 2964 5003 rei
2987 4947 3384 5011 contrarietas,
3415 4959 3521 4998 nec
3551 4941 3852 4997 diversitas

2239 5036 2348 5092 nisi
2373 5041 2596 5093 tantum
2617 5037 2772 5109 quod
2801 5037 3093 5103 Caesarius,
3121 5032 3387 5092 brevitati
3419 5030 3673 5097 studens,
3717 5045 3851 5087 rem

2241 5143 2358 5180 non
2386 5129 2507 5180 tam
2544 5126 2665 5180 fuse
2699 5142 2764 5181 ac
2793 5127 2905 5180 late
2927 5124 3142 5180 curavit
3167 5122 3509 5195 exprimere.

2311 5216 2435 5270 246.
2475 5236 2504 5266 ‹‹
2529 5215 2857 5270 Notandum
2884 5216 3060 5270 etiam
3091 5217 3386 5269 auctorem
3411 5207 3856 5264 codicisMeten-

2239 5302 2334 5371 sis,
2359 5303 2428 5358 de
2449 5321 2562 5376 quo
2595 5320 2785 5375 supra,
2806 5304 3019 5358 trinam
3036 5304 3193 5358 illam
3207 5297 3466 5356 damnati
3486 5295 3851 5352 vociferatio-

2241 5408 2376 5446 nem
2418 5392 2621 5447 iisdem
2644 5393 2762 5447 fere
2785 5393 2967 5447 verbis
2984 5390 3340 5463 expressisse,
3383 5386 3588 5458 quibus
3631 5387 3690 5438 et
3715 5388 3852 5438 ante

2239 5496 2373 5535 eum
2393 5498 2526 5535 usus
2539 5481 3204 5536 fueratCzesariusPorro
3219 5477 3425 5549 quotet
3446 5475 3676 5546 quantas
3695 5473 3852 5527 simi-

2241 5570 2322 5625 les
2355 5569 2696 5627 differentiae
2721 5569 2778 5625 in
2804 5570 2976 5624 sacris
3007 5567 3313 5642 Scripturis
3327 5553 3854 5638 occurruﬁt,etiam
