4122 6058
192 288 285 346 145

1724 280 1907 344 ACTA

3395 296 3494 352 146

187 414 331 469 inter
348 410 1133 485 sanctosevangelistas,rem
1149 410 1415 467 eamdem
1435 411 1654 468 diverso
1668 429 1797 468 nar—
1813 416 1870 475 A
1896 412 2054 469 xium
2080 413 2252 470 nimis
2285 412 2343 470 in
2367 414 2784 488 exaggerandis
2802 415 3133 489 hujusmodi
3164 416 3503 474 differentiis

187 506 377 557 rantes
389 503 592 569 modo,
612 518 755 574 quos
768 504 1077 574 propterea
1093 500 1196 555 sibi
1213 500 1456 556 invicem
1475 500 1796 557 contrarios

188 608 296 647 non
324 592 523 646 solum
553 590 766 655 dicere,
806 590 905 645 sed
950 592 1008 645 et
1049 589 1303 661 cogitare
1346 589 1566 645 crimen
1598 588 1797 645 esset?

185 679 461 735 Caesarius
496 697 615 735 non
657 678 871 746 scribit,
927 700 955 729 ‹‹
986 678 1257 733 clericum
1287 695 1453 733 suum
1503 678 1607 733 has
1632 695 1797 733 voces

185 791 211 817 or
230 767 520 835 omisisse,
549 767 688 822 dum
734 770 1011 823 statutum
1037 766 1109 821 ab
1145 767 1392 822 Ecclesia
1417 783 1520 839 pro
1555 766 1797 823 mortuis

180 878 207 905 ιδ
233 856 503 911 ofﬁcium
532 857 951 923 celebraretur;
976 855 1302 910 Antoninus
1322 872 1456 910 vero
1480 855 1536 910 id
1554 855 1795 912 omnino

179 966 207 994 ιι
232 945 435 1000 scribi.
469 965 500 994 »
525 943 660 1009 Quis
683 960 802 999 non
840 943 1085 998 miretur
1107 945 1285 999 talem
1313 961 1346 999 a
1371 944 1648 1010 Launoio,
1673 944 1795 1000 viro

177 1037 415 1088 sensato
445 1035 506 1087 et
542 1032 736 1098 docto,
787 1032 1074 1103 objectam
1107 1031 1494 1088 diversitatem
1519 1032 1548 1087 ?
1584 1033 1797 1088 Verum

178 1126 283 1190 est,
299 1138 414 1177 nec
428 1138 647 1193 negare
659 1137 963 1193 possumus
974 1120 1281 1177 Caesarium
1299 1120 1665 1176 manifestam
1679 1138 1796 1176 non

180 1211 389 1266 fecisse
415 1209 781 1265 mentionem
804 1209 987 1264 Ofﬁcii
1012 1211 1399 1266 mortuorum.
1432 1210 1544 1265 Sed
1573 1210 1699 1282 quis
1716 1210 1800 1265 in-

177 1298 339 1353 ﬁcias
370 1298 508 1364 iret,
533 1315 667 1354 eum
698 1297 838 1352 illud
866 1296 1142 1364 innuisse,
1177 1298 1333 1370 quod
1363 1297 1609 1371 scripsit,
1642 1299 1798 1371 quod

175 1386 492 1442 defunctus
521 1385 616 1441 ille
641 1408 669 1437 ‹‹
692 1385 755 1442 in
776 1386 989 1441 feretro
1009 1386 1226 1458 positus
1247 1390 1414 1453 esset,
1428 1386 1799 1443 multitudine

175 1498 203 1523 κ
235 1473 443 1547 populi
496 1472 940 1529 circumsidente
974 1477 1097 1529 tam
1143 1491 1210 1529 ex
1251 1475 1467 1530 clericis
1506 1492 1681 1547 quam
1731 1492 1798 1531 ex

174 1585 202 1613 π
233 1562 403 1619 laicis
423 1563 453 1618 ?
492 1584 522 1613 »
555 1562 830 1619 Cwsarius
857 1563 1195 1634 neutiquam
1225 1562 1511 1636 signiﬁcat
1543 1584 1572 1614 ‹‹
1606 1568 1799 1619 utrum

172 1672 200 1703 η
233 1652 486 1707 clericus
528 1650 910 1706 ecclesiastica
944 1652 1236 1722 sepultura
1302 1651 1553 1724 privatus
1604 1652 1796 1719 fuerit,

1895 501 2169 557 studium.
2204 522 2236 556 »
2277 504 2574 559 Postremo
2601 504 2874 560 Caesarius
2908 504 3051 560 nihil
3072 504 3247 560 habet
3277 506 3347 561 de
3380 511 3501 563 toto

1896 610 1929 644 «
1958 590 2056 647 illo
2087 591 2347 647 lectionis
2375 596 2595 665 quarta}
2620 592 2959 665 Vigiliarum
2993 610 3096 666 pro
3128 594 3373 649 mortuis
3401 611 3504 649 ne-

1896 699 1927 733 c
1960 680 2137 753 gotio,
2170 681 2325 754 quod
2376 686 2505 755 post
2533 680 2810 738 Antonini
2847 686 3077 755 tempus
3108 682 3180 737 ab
3212 699 3505 755 anonymo

1897 788 1928 822 α
1957 770 2095 826 Vita:
2126 770 2406 825 Brunonis
2432 770 2709 844 scriptore
2736 773 3046 826 tractatum
3080 774 3183 825 est.
3214 792 3243 820 κ
3264 769 3374 825 Sed
3402 788 3507 825 nec

1896 859 2241 914 Antonimus
2262 858 2478 931 aliquid
2493 860 2668 914 habet
2682 860 2751 914 de
2778 862 2899 914 toto
2925 859 3021 914 illo
3040 858 3301 914 lectionis
3334 876 3505 931 quar-

1896 948 1969 1001 ιω
1993 947 2265 1019 negotio;
2295 965 2432 1020 ergo
2466 965 2585 1003 non
2618 946 2865 1003 differta
2895 947 3160 1003 Cmsario.
3189 948 3302 1002 Nec
3332 946 3507 1003 etiam

1896 1038 2116 1090 veteres
2146 1036 2591 1103 Carthusienses,
2626 1038 2690 1091 ut
2720 1036 2888 1107 hujus
2914 1034 3177 1090 lectionis
3199 1038 3418 1108 quarta:
3451 1041 3510 1091 et

1897 1124 2204 1179 verborum
2241 1147 2261 1176 α
2297 1124 2601 1197 Responde
2632 1124 2775 1179 mihi
2825 1145 2853 1174 »
2888 1124 3310 1197 meminerunt.
3359 1126 3507 1197 Ergo

1899 1229 2005 1267 nec
2035 1211 2142 1284 ipsi
2170 1212 2413 1269 Caesario
2440 1216 2573 1268 sunt
2602 1212 2899 1269 contrarii.

1971 1303 2095 1356 248.
2132 1319 2166 1345 α
2196 1302 2481 1356 Praeterea
2520 1301 2806 1356 Launoius
2837 1300 3067 1356 Cazsarii
3106 1300 3510 1356 auctoritatem

1900 1392 2141 1443 conatur
2153 1389 2479 1462 deprimere
2502 1388 2840 1444 auctoritate
2857 1388 3236 1445 clarissimi'ac
3251 1406 3515 1444 reveren-

1901 1476 2119 1532 dissimi
2145 1477 2247 1533 viri
2284 1477 2497 1533 Nicolai
2530 1477 2822 1546 Coeffetei,
2870 1478 3202 1533 Parisiensis
3231 1477 3511 1549 theologi,

1900 1566 1995 1638 qui
2025 1565 2082 1621 in
2110 1566 2487 1638 responsione
2516 1566 2589 1621 ad
2620 1566 2957 1638 mysterium
3006 1566 3322 1640 iniquitatis
3354 1565 3510 1633 dicit,

1901 1653 2129 1709 Czesarii
2164 1655 2433 1727 Dialogos
2462 1655 2789 1709 fabularum
2822 1671 2941 1710 esse
2972 1656 3193 1728 plenos.
3229 1653 3341 1709 Sed
3382 1671 3512 1708 cum

170 1761 201 1791 ιτ
236 1757 430 1795 necne
453 1756 467 1807 ;
501 1738 829 1794 Antoninus
846 1755 978 1794 vero
998 1743 1195 1813 aperte
1218 1740 1523 1812 signiﬁcat.
1556 1761 1583 1789 »
1604 1741 1796 1813 Neque
1826 1735 1877 1794 B
1901 1743 2217 1799 Coeffeteus
2239 1760 2401 1798 suam
2429 1744 2776 1798 sententiam
2798 1746 3025 1798 tantum
3045 1742 3351 1798 conﬁrmet
3363 1742 3511 1797 Con-

171 1828 231 1883 id
253 1828 442 1883 etiam
458 1827 860 1898 signiﬁcarunt
875 1827 1033 1883 citati
1061 1829 1795 1899 auctores,Carthusienses;

172 1932 315 1988 ergo
338 1919 402 1971 et
424 1915 534 1989 ipsi
553 1918 689 1971 sunt
702 1915 996 1971 Antonino
1014 1917 1288 1972 contrarii
1310 1935 1324 1986 ;
1349 1934 1489 1990 ergo
1508 1922 1566 1974 et
1595 1935 1798 1974 eorum

168 2004 434 2060 narratio
476 2004 699 2059 diversa
734 2006 818 2059 est
847 2003 920 2059 ab
951 2005 1227 2060 Antonini
1265 2005 1616 2062 narratione.
1664 2006 1800 2072 Quis

171 2094 282 2149 hoc
307 2092 602 2164 cogitaret
646 2091 676 2148 ‘I
725 2114 755 2143 ‹‹
797 2092 1071 2147 Caesarius
1117 2109 1235 2149 non
1287 2093 1427 2149 dicit
1466 2096 1799 2151 Brunonem

172 2203 203 2231 »
235 2179 642 2237 Carthusiante
662 2180 957 2252 religionis
976 2184 1270 2237 auctorem
1284 2183 1628 2255 spectaculo,
1645 2184 1801 2257 quod

172 2292 203 2320 ιι
235 2272 466 2336 narrat,
504 2268 867 2339 interfuisse;
898 2269 1224 2325 Antoninus
1258 2287 1390 2326 vero
1414 2271 1551 2327 dicit
1578 2273 1798 2345 specta-

175 2380 208 2408 η
241 2359 398 2424 culo,
423 2356 583 2429 quod
603 2357 895 2425 describit,
921 2358 1253 2414 Brunonem
1270 2359 1660 2415 Carthusianes
1676 2359 1802 2415 reli-

172 2469 206 2497 ι
235 2446 435 2519 gionis
450 2448 748 2501 auctorem
768 2446 1113 2501 interfuisse.
1130 2468 1158 2496 »
1177 2447 1289 2503 Sed
1308 2449 1484 2503 tacuit
1504 2448 1798 2517 Caesarius,

173 2537 314 2609 quia
336 2535 535 2590 forsan
558 2535 812 2603 nescivit,
854 2538 1116 2591 sanctum
1129 2536 1459 2593 Brunonem
1475 2537 1800 2593 interfuisse

172 2625 539 2698 spectaculo;
564 2641 700 2679 nam
724 2623 944 2679 duobus
958 2627 1186 2680 tantum
1209 2625 1377 2681 annis
1398 2629 1526 2699 post
1546 2625 1685 2681 illud
1706 2644 1802 2700 pa-

170 2716 396 2768 tratum
428 2712 491 2767 in
524 2712 884 2767 Carthusiam
916 2714 1164 2769 secessit.
1198 2714 1318 2781 Vel,
1359 2715 1404 2769 si
1432 2714 1593 2769 scivit
1616 2715 1798 2771 Caesa-

172 2801 317 2865 rius,
350 2801 541 2857 noluit
579 2804 799 2856 tamem
837 2801 1048 2869 dicere,
1094 2802 1248 2874 quod
1294 2819 1327 2857 a
1370 2819 1470 2858 suo
1503 2803 1798 2876 proposito

172 2888 438 2945 alienum
464 2893 631 2945 esset.
663 2889 805 2944 Nam
837 2890 1197 2963 propositum
1225 2891 1346 2962 ejus
1377 2894 1521 2959 erat,
1540 2891 1696 2947 varia
1726 2892 1798 2947 de

176 2978 569 3034 morientibus
614 2978 879 3049 exempla
922 2994 1270 3050 proponere,
1314 2997 1432 3034 non
1480 2980 1799 3036 conversio-

176 3083 303 3134 nes,
337 3067 456 3121 sive
487 3066 760 3122 ordinum
791 3066 1181 3123 institutiones
1207 3068 1507 3139 explicare.

247 3156 377 3209 247.
401 3177 433 3206 «ι
464 3155 683 3210 Deinde
712 3154 895 3209 sancti
924 3155 1209 3211 Brunonis
1239 3156 1531 3211 conversio
1565 3172 1684 3211 non
1717 3155 1797 3212 fa-

175 3246 269 3297 cta
298 3246 388 3297 est
417 3242 479 3297 in
513 3242 761 3315 publico,
799 3242 944 3298 sicut
974 3260 1080 3298 nec
1125 3246 1369 3307 constat,
1415 3247 1609 3299 utrum
1653 3244 1796 3299 illud

172 3332 571 3404 spectaculum
600 3331 659 3386 in
686 3331 940 3397 ecclesia,
972 3333 1058 3386 vel
1091 3331 1151 3386 in
1182 3333 1311 3386 aula
1343 3332 1595 3387 defuncti
1620 3332 1796 3405 (quod

174 3422 376 3475 tamen
408 3418 774 3474 verisimilius
789 3423 896 3481 est)
915 3436 1113 3475 coram
1145 3420 1359 3486 multis,
1384 3421 1798 3493 vel'paucisho-

173 3508 439 3564 minibus
456 3508 735 3562 evenerit.
764 3508 957 3580 Neque
985 3508 1161 3563 etiam
1188 3508 1483 3564 conversio
1516 3509 1798 3564 Brunonis

172 3597 329 3652 facta
357 3599 448 3651 est
471 3596 679 3651 eodem
702 3596 961 3663 instanti,
994 3613 1108 3668 quo
1133 3596 1351 3651 dictum
1385 3598 1795 3668 spectaculum,

173 3684 277 3740 sed
308 3683 470 3740 intra
500 3683 754 3757 privatos
783 3684 1051 3755 parietes,
1086 3686 1145 3739 et
1184 3684 1281 3739 diu
1330 3687 1459 3757 post
1500 3684 1642 3740 illud
1674 3702 1800 3758 per-

174 3776 398 3839 actum,
427 3774 492 3827 ut
516 3775 743 3827 constat
768 3788 835 3827 ex
861 3771 1049 3827 citatis
1073 3772 1421 3827 auctoribus.
1449 3773 1612 3829 Unde
1642 3790 1749 3829 nec
1765 3790 1799 3829 a

177 3860 445 3926 nemine,
486 3860 581 3933 qui
615 3860 768 3917 dicto
810 3862 1135 3934 spectaculo
1163 3860 1527 3930 interfuerat,
1554 3861 1800 3936 perspici

176 3948 392 4019 potuit.
423 3947 750 4004 Antoninus
786 3965 922 4005 vero
961 3948 1021 4004 id
1049 3948 1210 4017 dixit,
1244 3948 1380 4022 quia
1417 3950 1497 4006 sic
1522 3950 1797 4022 scriptum

176 4035 323 4109 legit
341 4032 409 4092 et
427 4039 725 4092 narratum
752 4036 981 4092 audivit.
1018 4057 1051 4090 α
1074 4038 1348 4093 Caesarius
1372 4054 1491 4094 non
1524 4038 1797 4115 afﬁrmat,

176 4143 213 4178 ›
241 4140 314 4181 ex
344 4141 453 4181 suo
479 4126 802 4196 spectaculo
820 4126 1150 4181 Brunonem
1180 4126 1548 4182 instituendas
1568 4126 1799 4199 religio-

180 4233 215 4266 ι
242 4215 334 4270 nis
355 4230 475 4269 suae
498 4213 863 4269 occasionem
886 4213 1130 4286 cepisse;
1152 4214 1479 4270 Antoninus
1497 4231 1632 4271 vero
1653 4214 1804 4270 afﬁr-

1822 3025 1869 3085 C

1898 1832 2023 1887 radi
2047 1831 2299 1899 Gesneri,
2331 1830 2586 1886 hominis
2618 1830 2961 1903 Zuingliani,
2993 1829 3235 1902 judicio,
3280 1832 3343 1884 ut
3392 1829 3513 1900 ipse

1897 1920 2113 1975 fatetur
2143 1918 2446 1987 Launoius,
2477 1919 2753 1975 cardinali
2785 1920 2979 1987 Bonm,
3007 1918 3128 1974 viro
3149 1934 3311 1991 asque
3326 1917 3422 1991 pio
3449 1934 3514 1973 ac

1900 2008 2091 2072 docto,
2124 2007 2313 2081 potius
2340 2007 2628 2063 credimus
2658 2007 2757 2081 qui
2799 2006 3107 2062 Caesarium
3134 2007 3352 2074 laudat,
3382 2009 3511 2061 tan-

1899 2114 2073 2169 quam
2101 2097 2160 2151 in
2180 2095 2434 2151 historiis
2453 2094 2929 2151 memorabilibus
2958 2111 3242 2150 veracem.
3266 2094 3379 2149 Nec
3400 2094 3515 2148 im-

1899 2185 2128 2253 merito,
2154 2201 2283 2240 cum
2305 2185 2426 2257 ipse
2448 2183 2723 2240 Caesarius
2756 2200 2818 2239 se
2846 2181 2988 2238 nihil
3014 2182 3241 2238 ﬁnxisse
3272 2181 3509 2237 sanctis-

1899 2274 2043 2329 sime
2080 2273 2260 2344 juret,
2299 2273 2538 2329 dicens:
2573 2291 2605 2326 α
2650 2272 2830 2327 Testis
2870 2272 3013 2326 mihi
3060 2274 3145 2326 est
3195 2272 3362 2339 Deus,
3401 2286 3507 2325 nec

1903 2384 1923 2410 ι
1962 2379 2143 2417 unum
2176 2362 2412 2434 quidem
2448 2361 2765 2433 capitulum
2784 2360 2842 2415 in
2870 2360 2980 2415 hoc
3010 2359 3248 2431 Dialogo
3278 2376 3372 2413 me
3400 2358 3510 2413 ﬁn-

1900 2468 1928 2501 s
1959 2449 2123 2504 xisse.
2158 2469 2191 2502 »
2224 2448 2495 2505 Coeffetei
2518 2449 2713 2521 itaque
2747 2451 2805 2504 et
2825 2447 3058 2503 Gesneri
3080 2446 3513 2502 auctoritatibus

1870 2530 1875 2536 ’
1901 2538 2261 2610 praeferimus
2277 2537 2648 2593 auctoritates
2666 2536 3029 2593 illustrissimi
3051 2534 3333 2603 Saussmii,
3353 2536 3510 2590 etJa-

1900 2626 2025 2681 cobi
2054 2626 2282 2681 Breullii
2308 2627 2522 2699 pietate
2549 2629 2608 2681 et
2638 2623 3175 2696 doctrinainsignis,
3195 2622 3510 2679 etaliorum

1900 2710 1996 2787 qui
2018 2714 2087 2769 dc
2103 2714 2345 2770 Caasario
2361 2713 2834 2770 honoriﬁcentius
2843 2713 3267 2784 judicaverunt,
3288 2715 3347 2766 et
3360 2728 3509 2784 pra:-

1898 2803 2097 2858 sertim
2131 2802 2322 2858 eximii
2354 2819 2528 2857 sacrae
2573 2801 2882 2873 theologia:
2931 2800 3201 2868 doctoris,
3252 2802 3310 2855 et
3342 2799 3415 2855 ad
3441 2799 3500 2855 S.

1898 2890 2217 2946 Gereonem
2244 2889 2784 2947 Colonite'canonici
2808 2887 3098 2943 Tilmanni
3126 2887 3508 2943 Bredembra-

1898 2978 2029 3046 chii,
2063 2978 2258 3033 multis
2288 2982 2346 3033 et
2374 2978 2626 3034 scientia
2657 2981 2715 3032 et
2743 2977 3020 3033 virtutum
3066 2976 3244 3032 titulis
3285 2980 3507 3047 specta-

1896 3067 2058 3134 bilis;
2094 3068 2253 3138 cujus
2280 3066 2467 3122 studio
2512 3070 2570 3121 et
2605 3066 2801 3121 labore
2850 3064 2912 3120 in
2957 3066 3144 3120 lucem
3187 3067 3322 3120 sunt
3338 3050 3508 3118 edita

1896 3156 2079 3210 multa
2107 3159 2366 3211 veterum
2386 3154 2733 3226 scriptorum
2768 3156 3183 3222 monumenta;
3216 3152 3503 3225 quietiam

1894 3243 2375 3316 recognoscendis
2423 3242 2921 3317 expurgandisque
2969 3241 3197 3297 Caesarii
3245 3240 3506 3312 Dialogo-

1894 3350 2025 3389 rum
2074 3332 2232 3388 libris
2273 3333 2524 3387 multum
2574 3331 2787 3387 laboris
2832 3330 3042 3404 posuit,
3090 3330 3149 3385 in
3187 3331 3373 3386 lucem
3407 3346 3505 3385 cos

1897 3421 2225 3488 emissurus,
2259 3421 2339 3489 ni,
2373 3437 2505 3475 cum
2530 3421 2656 3492 jam
2687 3436 2835 3493 pene
2866 3420 2940 3475 ad
2971 3421 3185 3475 calcem
3215 3418 3503 3491 pervenis-

1896 3513 2001 3576 set,
2038 3509 2111 3564 ad
2140 3509 2391 3565 caelestia
2419 3508 2615 3564 fuisset
2662 3512 2947 3564 evocatus.
2991 3509 3065 3562 At
3107 3524 3181 3561 ne
3223 3507 3368 3561 tanti
3400 3505 3505 3560 viri

1898 3598 1994 3670 pia
2022 3596 2207 3651 studia
2229 3597 2507 3668 perirent,
2542 3596 2733 3652 effecit
2762 3596 2915 3651 inter
2943 3596 3085 3651 alios
3128 3595 3370 3650 Jacobus
3395 3594 3505 3648 Fis-

1899 3686 2122 3748 cherus,
2152 3702 2327 3740 sacrae
2358 3684 2669 3757 theologia:
2702 3684 2924 3751 doctor,
2961 3683 3081 3755 qui,
3110 3683 3265 3755 quod
3290 3682 3385 3738 ille
3415 3682 3504 3737 in-

1896 3776 2166 3850 cozperat,
2190 3773 2449 3845 perfecit,
2482 3775 2541 3827 et
2571 3771 2629 3827 in
2661 3789 2762 3827 sua
2794 3770 3138 3845 praefatione
3168 3769 3401 3825 Gesneri
3434 3770 3505 3824 de

1898 3862 2141 3918 Caesario
2168 3861 2521 3916 calumniam
2553 3861 2733 3932 probe
2764 3858 3054 3915 refutavit.

1969 3952 2093 4005 249.
2132 3970 2156 4003 ι
2204 3949 2460 4021 Denique
2510 3949 2795 4004 Launoius
2824 3947 2883 4002 in
2916 3945 3280 4004 conclusione
3306 3946 3508 4019 capitis

1898 4037 2052 4094 tertii
2065 4055 2180 4093 sua:
2196 4036 2610 4094 dissertationis
2632 4036 2974 4092 Saussaaium
2988 4035 3174 4090 virum
3193 4035 3505 4103 eruditum,

1900 4127 2061 4201 quasi
2080 4125 2387 4181 ridiculum
2404 4126 2789 4199 prosequitur,
2812 4124 3039 4198 quodin
3061 4122 3288 4180 Caesarii
3308 4141 3507 4179 narra-

1900 4216 2059 4271 tione
2079 4214 2465 4270 snbstantiam
2489 4213 2573 4268 rei
2605 4214 2677 4268 ab
2698 4214 2821 4285 ejus
2836 4212 3282 4268 circumstantiis
3302 4211 3511 4267 dixerit

182 4323 218 4358 ι
246 4306 395 4358 mat.
425 4321 459 4355 ι
483 4302 614 4357 Hinc
653 4303 892 4359 Launoii
942 4302 1187 4374 objectio
1217 4320 1336 4359 non
1383 4307 1470 4358 est
1517 4303 1741 4359 diversa
1770 4319 1804 4357 a
1823 4320 1875 4379 Ῑ)
1902 4320 2022 4359 esse
2034 4302 2791 4375 distinguendam,hancque
2805 4300 3064 4357 Sausszeii
3080 4299 3508 4355 distinctionem

183 4389 568 4464 praecedenti;
591 4390 691 4446 sed
710 4389 767 4445 in
786 4391 899 4446 duo
920 4390 1124 4458 divisit,
1158 4390 1313 4462 quod
1341 4390 1510 4445 simul
1541 4394 1600 4446 et
1624 4391 1804 4447 semel

183 4479 296 4534 dici
316 4481 568 4552 poterat,
590 4483 673 4547 ut,
697 4479 851 4551 quod
866 4478 1065 4534 solidis
1080 4478 1402 4534 rationibus
1418 4495 1535 4534 non
1554 4483 1801 4552 poterat,

183 4567 391 4624 multis
414 4568 617 4622 saltem
638 4567 825 4623 verbis
853 4570 1162 4623 conaretur
1191 4568 1455 4624 obruere.
1480 4567 1807 4639 Huicigitur

182 4655 503 4727 objectioni
524 4655 741 4711 factum
758 4657 845 4711 est
862 4655 997 4710 satis
1017 4672 1084 4710 ex
1105 4655 1479 4729 responsione
1501 4656 1803 4727 superiori.

184 4743 336 4810 Quid
366 4743 525 4799 enim
550 4743 787 4812 mirum,
809 4744 853 4799 si
873 4743 1166 4811 Caesarius,
1189 4744 1284 4817 qui
1308 4744 1379 4799 de
1401 4746 1667 4799 Brunone
1687 4748 1810 4801 nul-

186 4834 306 4889 lam
338 4833 561 4888 fecerat
607 4832 989 4901 mentionem,
1041 4832 1381 4888 instituendi
1417 4833 1637 4888 ordinis
1672 4833 1807 4889 Car-

184 4921 501 4977 thusiensis
510 4920 871 4976 occasionem
885 4921 1060 4976 etiam
1074 4921 1317 4976 tacuerit
1330 4924 1555 4994 propter
1578 4922 1811 4978 easdem

187 5012 471 5077 rationes,
507 5026 650 5082 quas
678 5009 936 5082 superius
963 5010 1305 5082 tetigimus?
1337 5034 1357 5057 σ
1393 5010 1667 5065 Cmsarius
1693 5028 1811 5066 non

191 5120 221 5148 α
254 5096 439 5152 tradit
459 5097 790 5169 prodigium
822 5114 989 5152 suum
1017 5098 1247 5153 Parisiis
1270 5098 1577 5169 contigisse
1596 5116 1610 5166 ;
1629 5101 1809 5156 Anto-

190 5209 223 5237 ιι
248 5186 429 5241 ninus
452 5201 586 5241 vero
608 5186 802 5241 tradit.
828 5186 1002 5240 sHaac
1024 5185 1199 5241 etiam
1224 5185 1473 5257 objectio
1499 5186 1705 5241 eadem
1728 5189 1813 5242 est

192 5289 258 5330 ac
275 5273 566 5343 secunda;
595 5273 750 5346 quod
767 5273 925 5329 enim
944 5273 1038 5328 hic
1062 5273 1201 5328 dicit
1225 5273 1530 5343 Launoius,
1555 5275 1710 5330 idem
1728 5293 1816 5330 su-

194 5363 396 5437 perius
420 5362 674 5418 secundo
704 5362 833 5418 loco
866 5362 1107 5429 dixerat,
1140 5362 1375 5441 mutatis
1406 5364 1814 5419 tantummodo

194 5450 493 5509 vocabulis
513 5451 763 5507 etmodo
777 5448 1073 5524 loquendi.
1093 5450 1216 5505 lmo
1231 5454 1289 5505 et
1315 5454 1558 5522 utraque
1573 5452 1819 5523 objectio

200 5541 425 5619 quinta:
453 5540 704 5598 multum
729 5540 932 5598 similis
964 5542 1070 5596 est.
1102 5538 1263 5595 Unde
1291 5540 1455 5612 patet
1471 5539 1707 5599 Launoii
1726 5558 1827 5599 an-

1903 4391 2202 4448 contrafas
2227 4408 2400 4447 omne
2415 4391 2625 4446 insulse
2642 4390 2925 4446 Launoius
2950 4392 3248 4462 retorquet
3267 4388 3323 4443 in
3336 4390 3508 4444 Joan-

1904 4497 2041 4535 nam
2065 4479 2377 4552 Papissam.
2409 4478 2521 4534 Sed
2551 4495 2683 4533 cum
2714 4478 3095 4549 proﬁteamur
3124 4477 3397 4548 injuriam
3423 4476 3510 4531 in-

1899 4569 2055 4640 juria
2081 4585 2196 4623 non
2222 4568 2578 4639 propulsare,
2603 4565 2831 4621 lectoris
2855 4565 3074 4637 judicio
3111 4565 3513 4638 relinquimus,

1907 4673 2048 4713 num
2079 4657 2345 4729 optitima
2375 4655 2448 4710 sit
2470 4655 2593 4710 haec
2617 4654 2945 4727 disputandi
2984 4654 3131 4710 ratio
3156 4653 3229 4709 ad
3256 4671 3515 4709 asseren-

1909 4746 2045 4801 dam
2072 4746 2371 4801 veritatem
2402 4748 2460 4799 et
2480 4760 2850 4817 quoscunque
2872 4747 3155 4811 auctores,
3187 4743 3519 4798 diversimo-

1911 4833 1982 4890 de
2011 4851 2138 4889 rem
2160 4833 2427 4889 eamdem
2447 4833 2855 4901 dcscribentes,
2872 4832 3280 4888 conciliandos.
3308 4831 3519 4885 Verum

1911 4922 2189 4978 Saussaeio
2222 4922 2474 4993 imponit
2517 4921 2820 4990 Launoius,
2854 4921 3051 4977 dicens
3085 4937 3217 4975 eum
3240 4919 3299 4973 in
3324 4935 3391 4974 eo
3423 4934 3523 4990 po-

1911 5010 2086 5065 suisse
2116 5009 2201 5065 rei
2230 5010 2636 5079 substantiam,
2655 5010 2810 5083 quod
2831 5010 3105 5065 Cmsarius
3131 5026 3162 5060 α
3192 5006 3522 5079 prodigium

1914 5117 1941 5150 ι
1970 5100 2161 5152 actum
2192 5096 2253 5151 in
2270 5113 2453 5169 regno
2473 5098 2745 5166 Francius,
2780 5114 2884 5153 nec
2912 5112 3013 5151 suo
3042 5084 3306 5167 tempore
3329 5098 3522 5149 actum

1912 5187 2148 5241 referat.
2174 5205 2205 5238 ι
2238 5186 2380 5241 Nam
2410 5185 2652 5242 minime
2681 5186 2822 5241 illud
2852 5184 3160 5240 Sausszeius
3178 5182 3336 5237 dixit.
3365 5184 3525 5237 Post-

1915 5291 2093 5346 quam
2143 5274 2306 5330 enim
2349 5277 2531 5331 totam
2579 5273 2804 5331 Caesarii
2864 5272 3261 5329 narrationem
3308 5270 3529 5340 retulit,

1920 5364 2081 5419 addit
2113 5380 2126 5419 :
2157 5383 2186 5416 α
2220 5365 2350 5420 Haec
2381 5364 2658 5419 Caesarius
2672 5361 2769 5434 qui
2791 5362 3171 5418 substantiam
3194 5360 3299 5428 rei,
3322 5360 3393 5414 de
3415 5376 3539 5431 qua

1922 5470 1955 5505 ι
1988 5467 2181 5508 sermo
2196 5455 2303 5517 est,
2330 5452 2599 5526 patenter
2618 5450 3059 5524 comprehendit
3080 5446 3140 5505 in
3153 5447 3544 5520 descriptione

1926 5558 1960 5595 δ
1988 5541 2115 5596 ista.
2152 5559 2186 5595 »
2225 5542 2314 5599 Sic
2347 5539 2519 5612 igitur
2567 5540 2763 5597 dicens
2802 5540 3132 5607 Saussszius,
3181 5540 3383 5595 monet
3420 5536 3558 5607 qui-
