3996 6012
413 236 518 294 147

1267 238 1325 297 8.
1358 239 1705 298 BRUNONIS
1733 238 2373 301 CARTHUSIANORUM
2410 240 2876 303 INSTITUTORIS

3632 250 3735 305 148

408 358 568 429 dem,
586 360 967 419 substantiam
977 362 1061 419 rei
1076 362 1134 418 in
1153 363 1378 421 Caesarii
1393 365 1773 440 descriptione
1788 365 2027 439 reperiri
2046 370 2102 430 Α
2131 367 2401 424 Chronici
2419 373 2653 426 auctore
2669 387 2962 443 anonymo
2988 370 3436 444 suppeditatam,
3465 371 3745 433 afﬁciunt,

411 449 516 505 sed
540 448 598 504 in
631 467 743 522 quo
768 451 1059 520 consistat,
1076 470 1193 509 non
1212 455 1474 528 explicat.
1500 457 1719 511 Deinde
1737 458 1929 513 statim
1955 456 2025 511 de

411 537 853 595 circumstantiis
878 541 1097 598 subdit:
1130 542 1296 607 «Qua
1328 543 1753 616 (descriptione)
1772 547 1873 601 etsi
1908 562 2027 602 non

408 645 439 676 »
470 643 674 683 omnes
704 629 1004 702 aquuate
1035 630 1492 689 circumstantias
1531 639 1626 690 eat
1659 652 1989 708 expressum
2010 676 2024 702 ,

407 734 439 765 »
471 732 835 772 cumannum
858 735 974 774 non
1003 720 1322 793 consignet,
1357 740 1463 778 nec
1499 722 1810 794 specialem
1836 723 2028 778 Galliae

408 825 439 856 »
471 805 684 875 locum,
710 807 914 879 quibus
940 807 1049 864 ista
1076 827 1204 882 quas
1231 811 1412 867 refert
1437 816 1772 868 evenerunt.
1806 814 1915 867 «Et
1946 829 2030 867 em

409 898 544 950 sunt
559 895 1026 965 circumstantiis,
1056 899 1233 955 etiam
1264 917 1299 956 a
1332 901 1586 957 Launoio
1622 905 1857 970 notatae,
1891 918 2032 975 quas

407 982 717 1039 Saussaaius
743 987 1079 1042 summatim
1113 988 1171 1042 in
1203 988 1431 1044 Caesarii
1458 990 1842 1063 descriptione
1871 1007 2030 1063 pers-

406 1072 584 1145 tringi
624 1075 846 1142 asserit,
877 1092 1011 1130 cum
1052 1079 1222 1149 paulo
1251 1082 1380 1150 post
1413 1079 1575 1134 dicit:
1600 1103 1628 1129 «
1649 1079 2034 1134 Nihilominus

405 1183 437 1213 »
470 1165 659 1218 totum
718 1162 855 1219 dicit
911 1164 1224 1238 (Caesarius)
1272 1184 1406 1223 cum
1454 1167 1513 1222 id
1539 1172 1731 1223 actum
1762 1168 1821 1223 in
1851 1185 2032 1239 regno

407 1269 438 1300 »
472 1250 726 1306 Francius
773 1255 1009 1321 asserat,
1067 1271 1173 1308 nec
1225 1272 1327 1311 suo
1382 1258 1669 1328 tempore,
1725 1257 1827 1312 sed
1876 1260 2031 1322 ante,

408 1357 514 1414 per
540 1341 778 1396 verbum
810 1359 952 1412 FUIT,
989 1342 1123 1398 satis
1152 1343 1449 1399 evidenter
1469 1344 1772 1416 signiﬁcet.
1798 1366 1825 1394 »
1852 1345 2039 1416 Igitur

405 1446 512 1501 per
540 1431 663 1486 haec
706 1419 880 1487 verba
913 1448 926 1487 :
964 1454 992 1482 «
1027 1432 1236 1487 Totum
1293 1433 1448 1500 dicit,
1482 1454 1509 1483 »
1565 1436 1699 1500 etc.,
1762 1433 2037 1504 intelligit

410 1518 720 1575 Saussaaius
777 1521 1241 1576 circumstantias
1302 1522 1445 1589 illas,
1500 1539 1640 1594 quas
1682 1523 1853 1594 paulo
1899 1524 2034 1576 ante

412 1606 634 1664 dixerat
659 1627 693 1664 a
720 1608 964 1664 Caesario
1008 1625 1127 1664 non
1160 1627 1280 1665 esse
1318 1632 1346 1660 «
1379 1610 1680 1682 aquuate
1716 1627 2032 1681 expressas,

2130 462 2303 530 atque
2327 475 2363 514 a
2393 460 2749 526 narratione,
2789 460 2860 514 de
2891 459 3183 527 defuncto,
3219 461 3315 532 qui
3356 461 3573 532 pariter
3626 477 3747 516 sese

2127 546 2471 603 damnatum
2499 565 2531 603 e
2558 548 2773 603 feretro
2806 547 3146 603 vociferatus
3164 549 3256 616 sit,
3282 567 3315 603 a
3333 548 3576 604 Cmsario
3598 549 3753 603 exhi-

2128 635 2269 703 bita,
2304 637 2535 705 absunt,
2569 636 2777 691 merito
2808 635 2975 708 argui
3016 653 3133 691 non
3186 653 3374 708 posse,
3426 639 3515 693 vel
3545 654 3747 692 narra-

2128 723 2351 779 tionem
2406 725 2683 780 Antonini
2743 742 2844 779 seu
2912 726 3192 797 anonymi
3247 742 3380 780 cum
3433 726 3752 781 substantia

2131 813 2481 868 narrationis
2509 813 2735 870 Cassarii
2766 830 3053 887 pugnare,
3094 815 3179 868 vel
3210 814 3562 887 prodigium,
3595 815 3752 887 quod

2128 901 2299 973 hujus
2329 904 2741 973 argumentum
2792 904 2897 969 est,
2941 918 2975 957 a
3006 902 3294 974 prodigio,
3352 903 3506 975 quod
3537 903 3633 957 illa
3676 902 3752 959 ob

2132 991 2326 1045 oculos
2355 991 2610 1061 ponitur,
2645 990 2881 1046 indubie
2907 1007 3029 1045 esse
3070 990 3376 1045 diversum.
3410 990 3558 1055 Quid
3594 991 3752 1045 enim

2133 1079 2319 1149 magis
2342 1078 2596 1145 obvium,
2649 1096 2823 1150 quam
2876 1079 3030 1134 facta
3075 1079 3345 1134 historica
3394 1078 3674 1146 invenire,
3720 1096 3756 1133 a

2133 1166 2366 1222 diversis
2397 1167 2770 1239 scriptoribus
2817 1168 3022 1234 relata,
3056 1184 3208 1239 quae,
3255 1167 3517 1239 quamvis
3548 1167 3754 1222 eadem

2134 1255 2267 1323 sint,
2302 1254 2585 1326 adjunctis
2626 1258 2825 1309 tamen
2859 1256 2930 1310 ab
2962 1272 3100 1323 uno,
3133 1273 3261 1328 quas
3294 1256 3365 1310 ab
3416 1256 3528 1311 alio
3577 1256 3754 1311 subti-

2134 1347 2356 1412 centur,
2385 1344 2501 1398 sint
2530 1346 2735 1399 ornata
2754 1344 2781 1399 ?
2804 1344 2915 1399 Nec
2932 1348 3018 1399 est
3033 1361 3135 1399 cur
3158 1345 3215 1399 id
3240 1345 3453 1399 mirum
3473 1345 3756 1412 videatur,

2136 1448 2267 1498 cum
2303 1448 2422 1486 non
2454 1447 2586 1486 raro
2614 1431 2735 1498 ﬁat,
2770 1435 2832 1486 ut
2861 1448 3009 1497 rem,
3039 1449 3213 1503 quam
3237 1433 3384 1487 alter
3414 1432 3556 1499 fuse,
3588 1431 3760 1487 nullis

2136 1521 2307 1592 plane
2359 1520 2501 1591 ejus,
2544 1523 2643 1575 aut
2690 1524 2845 1576 certe
2897 1521 3091 1592 paucis
3135 1521 3431 1587 duntaxat,
3474 1520 3760 1592 adjunctis

2136 1608 2380 1675 omissis,
2415 1609 2695 1681 exposuit,
2727 1610 2874 1664 alter
2905 1610 3252 1682 compendio
3272 1613 3498 1665 tantum
3521 1610 3757 1677 referat,

408 1716 440 1749 »
469 1713 601 1753 cum
651 1715 873 1753 annum
904 1715 1022 1754 non
1051 1698 1372 1770 consignet,
1424 1716 1531 1753 nec
1560 1699 1869 1771 specialem
1906 1699 2033 1754 Gal-
2065 1690 2117 1750 B
2137 1696 2408 1754 omnibus
2439 1697 2559 1751 fere
2594 1696 2879 1768 adjunctis
2910 1698 3210 1753 nudatam.
3234 1700 3355 1754 Imo
3379 1715 3511 1753 vero
3545 1715 3617 1752 ne
3639 1697 3763 1770 qui-

411 1806 439 1836 ι
472 1787 565 1842 lia:
594 1788 808 1854 locum,
834 1808 861 1835 »
893 1790 1000 1842 etc.
1037 1787 1136 1841 Hic
1177 1791 1263 1842 est
1293 1804 1459 1842 verus
1485 1804 1548 1842 ac
1580 1788 1835 1843 sincerus
1864 1788 2033 1843 Saus-

410 1875 531 1932 seeii
560 1877 870 1931 verborum
917 1893 1139 1943 sensus,
1170 1893 1419 1949 quorum
1453 1877 1721 1933 ordinem
1751 1877 2037 1932 Launoius

411 1964 667 2033 invertit,
694 1968 757 2019 ut
773 1981 843 2019 ea
872 1965 1236 2020 commodius
1274 1965 1333 2020 in
1365 1982 1528 2021 suam
1562 1966 1913 2021 sententiam
1944 1965 2040 2020 de-

409 2053 1067 2126 torqueret,faciliusque
1082 2053 1283 2109 lectori
1296 2053 2040 2125 persuaderet,Saussaaium

414 2141 797 2197 substantiam
832 2141 916 2196 rei
948 2142 1006 2196 in
1052 2158 1121 2197 eo
1156 2143 1431 2215 posuisse,
1483 2165 1511 2193 «
1558 2142 1724 2206 Quod
1769 2142 2042 2198 Caesarius

413 2248 444 2281 »
476 2229 807 2302 prodigium
855 2233 1047 2285 actum
1099 2229 1160 2285 in
1211 2247 1396 2302 regno
1458 2231 1732 2299 Francia},
1786 2248 1893 2286 nec
1939 2246 2040 2285 suo

416 2337 447 2370 »
478 2320 744 2391 tempore
771 2322 965 2373 actum
988 2318 1223 2374 referat.
1261 2339 1289 2370 »

488 2409 615 2464 2‘50.
673 2428 701 2457 «
732 2406 848 2462 Sub
879 2407 1059 2463 ﬁnem
1107 2407 1366 2479 ejusdem
1427 2407 1812 2464 conclusionis
1844 2407 2044 2479 capitis

417 2495 575 2550 tertii
619 2512 847 2550 rursum
878 2495 1162 2550 Launoius
1196 2495 1528 2564 Caesarium,
1558 2496 1672 2551 sive
1694 2496 1885 2568 potius
1915 2496 2047 2551 Car-

418 2583 740 2639 thusienses
771 2601 839 2639 ex
870 2583 1116 2639 Caesario
1150 2584 1506 2656 aggreditur,
1555 2602 1688 2640 cum
1720 2602 1786 2640 ex
1837 2585 2044 2639 eodem

424 2668 652 2726 Caesarii
665 2674 909 2727 tractatu
925 2673 1038 2727 duo
1053 2689 1087 2727 a
1100 2689 1160 2727 se
1182 2673 1529 2745 deprompta
1543 2674 1806 2745 exempla
1818 2672 2046 2744 integre

430 2757 717 2828 describit,
761 2777 829 2815 ex
859 2761 1065 2833 quibus
1103 2762 1222 2816 vult
1254 2783 1283 2813 «
1309 2761 1522 2817 otiosos
1566 2762 1833 2817 homines
1863 2776 2045 2815 unum

422 2866 453 2898 »
477 2851 755 2905 conﬂasse
770 2848 1801 2921 prodigium,quodCarthusianorum
1818 2850 2046 2904 initium

422 2957 453 2988 »
486 2939 622 3005 tale,
655 2938 823 3010 quale
855 2955 1010 2993 nunc
1035 2959 1063 2987 »
1098 2937 1331 3005 excutit,
1375 2938 1490 2994 sive
1521 2944 1788 2995 excutere
1821 2939 2042 3005 nititur,

424 3044 455 3075 »
489 3024 745 3097 fingendi
771 3042 1004 3081 causam
1020 3026 1329 3099 prtebuisse
1347 3045 1378 3079 ››
1406 3028 1726 3083 contendit.
1753 3029 1943 3082 Unum
1962 3029 2049 3080 est

427 3113 725 3184 cujusdam
770 3114 1032 3169 canonici
1075 3114 1426 3182 Parisiensis,
1474 3116 1570 3187 qui
1621 3119 1750 3188 post
1793 3118 2045 3170 mortem

426 3218 592 3257 suam
608 3206 666 3257 et
681 3202 1064 3258 honoriﬁcam
1082 3204 1438 3276 sepulturam
1464 3203 1651 3259 amico
1684 3219 1968 3275 apparens
1987 3220 2045 3258 se

428 3288 771 3344 damnatum
805 3289 1107 3357 nuntiavit,
1142 3307 1210 3345 eo
1259 3292 1415 3362 quod
1454 3308 1593 3346 vera
1627 3292 1733 3346 sibi
1774 3292 2045 3347 morienti

428 3376 697 3433 contritio
730 3377 1018 3432 defuisset.
1050 3379 1311 3433 Alterum
1339 3382 1425 3433 est
1452 3378 1694 3434 historia
1722 3380 1837 3446 illa,
1870 3396 2047 3452 quam

428 3464 715 3521 Launoius
742 3466 1004 3537 superius
1041 3467 1289 3538 probare
1336 3469 1576 3521 conatus
1627 3470 1712 3522 est
1762 3468 2045 3523 diversam

427 3569 549 3608 esse
599 3555 670 3609 ab
718 3554 996 3609 Antonini
1036 3555 1389 3611 narratione.
1447 3555 1582 3620 Quis
1627 3572 1746 3611 non
1804 3557 2049 3612 miretur

427 3640 666 3698 Launoii
688 3643 958 3698 astutiam
976 3643 1004 3698 ?
1033 3646 1155 3699 Duo
1166 3644 1363 3715 jungit
1380 3661 1507 3717 quae
1529 3661 1806 3716 magnam
1831 3645 2047 3700 habere

424 3728 814 3786 similitudinis
843 3732 1190 3787 affinitatem
1220 3733 1441 3801 asserit,
1472 3736 1536 3787 ut
1566 3733 1829 3788 subtilius
1854 3735 2048 3789 oculos

424 3821 804 3893 mentemque
841 3806 1070 3876 lectoris
1112 3821 1485 3893 perstringat.
1540 3821 1653 3876 Sed
1711 3824 2047 3877 constanter

426 3924 710 3980 negamus
737 3908 993 3981 aliquam
1006 3909 1156 3963 inter
1171 3909 1283 3964 duo
1300 3909 1399 3963 illa
1415 3911 1680 3979 exempla
1691 3909 2048 3965 intercedere

425 3995 866 4051 similitudinem
920 4000 1132 4067 praeter
1179 4012 1492 4051 commune
1545 3997 1773 4068 utrique
1822 3998 2049 4052 homini

427 4081 816 4139 damnationis
858 4081 1241 4138 infortunium
1273 4100 1288 4139 :
1341 4088 1440 4139 aut
1471 4104 1502 4137 α
1531 4085 1742 4140 otiosos
1783 4086 2050 4142 homines

427 4188 496 4228 ex
522 4172 611 4228 his
641 4173 863 4228 duobus
892 4172 1190 4244 prodigiis,
1224 4172 1338 4228 sive
1368 4173 1544 4229 etiam
1575 4192 1641 4229 ex
1673 4191 1786 4229 uno
1821 4179 2047 4231 tantum

2137 1786 2274 1841 dem
2307 1803 2375 1840 ex
2405 1785 2690 1856 adjunctis
2744 1787 2895 1842 inter
2942 1804 3001 1842 se
3054 1788 3446 1859 pugnantibus
3496 1804 3601 1842 nec
3645 1788 3763 1842 ulla

2136 1874 2363 1930 ratione
2392 1875 2452 1929 in
2497 1875 2868 1931 concordiam
2918 1876 3106 1932 vocari
3156 1876 3304 1931 natis
3335 1877 3500 1948 argui
3531 1892 3762 1947 semper

2140 1966 2349 2033 potest,
2383 1964 2765 2032 narrationes,
2799 1964 2858 2019 in
2876 1965 3080 2037 quibus
3107 1965 3230 2020 haec
3263 1969 3589 2034 occurrunt,
3612 1966 3764 2021 circa

2142 2066 2232 2104 res
2262 2050 2475 2105 versari
2507 2051 2777 2106 diversas.
2813 2051 3258 2107 Constantinum
3290 2053 3560 2124 Magnum
3584 2053 3763 2125 impe-

2141 2141 2419 2205 ratorem,
2446 2134 2508 2193 ut
2537 2139 2771 2194 militari
2798 2140 2984 2211 signo,
3018 2140 3076 2196 in
3109 2140 3289 2195 crucis
3319 2140 3559 2196 modum
3591 2140 3764 2196 effor-

2143 2230 2324 2295 mato,
2358 2227 2417 2282 in
2449 2228 2697 2283 exercitu
2730 2229 2998 2284 adversus
3038 2228 3383 2284 Maxentium
3433 2229 3765 2301 prmliaturo

2143 2316 2425 2381 uteretur,
2482 2314 2749 2370 divinitus
2804 2315 2862 2370 in
2930 2315 3150 2371 somnis
3209 2315 3499 2372 monitum
3550 2315 3765 2383 fuisse,

2144 2401 2467 2457 Firmanius
2497 2404 2822 2459 Lactantius
2852 2405 3007 2477 apud
3035 2404 3323 2459 Baluzium
3347 2405 3445 2459 lib.
3481 2422 3520 2459 ιι
3547 2405 3764 2460 Misce]-

2143 2492 2469 2559 laneorum,
2500 2508 2634 2564 pag.
2670 2495 2735 2548 37
2769 2493 3069 2549 memoriae
3121 2492 3332 2564 prodit.
3387 2493 3544 2548 Idem
3586 2493 3766 2548 etiam

2144 2579 2282 2634 facit
2309 2580 2369 2634 in
2413 2580 2540 2635 Vita
2570 2581 2829 2651 ejusdem
2880 2580 3242 2636 Constantini
3298 2582 3398 2636 lib.
3450 2598 3488 2647 ι,
3534 2597 3659 2652 cap.
3695 2585 3765 2638 29

2147 2668 2437 2723 Eusebius.
2472 2669 2683 2724 Verum
2730 2669 2786 2725 in
2831 2673 3119 2740 tempore,
3155 2686 3269 2742 quo
3319 2669 3456 2724 visio
3488 2670 3585 2724 illa
3614 2670 3765 2725 Con-

2145 2757 2401 2813 stantino
2432 2758 2606 2813 fuerit
2633 2759 2845 2826 oblata,
2892 2758 3059 2813 binos
3101 2758 3253 2813 inter
3289 2758 3594 2830 scriptores
3638 2758 3769 2815 illos

2148 2845 2391 2900 minime
2408 2847 2694 2902 convenit.
2717 2848 2857 2901 Eam
2885 2846 3042 2901 enim
3072 2847 3396 2901 Lactantius
3424 2864 3555 2902 cum
3573 2850 3765 2915 nocte,

2146 2935 2517 2990 commissam
2569 2935 2661 2990 die
2700 2939 2765 2991 27
2821 2935 3081 2990 Octobris
3106 2936 3243 2989 anni
3284 2938 3389 2990 312
3420 2936 3494 2991 ad
3522 2939 3768 3008 pontem

2142 3023 2360 3077 Tiberis
2389 3040 2670 3095 pugnam,
2701 3024 2757 3078 in
2776 3040 2891 3094 qua
2909 3023 3219 3079 Maxentius
3243 3023 3480 3091 interiit,
3504 3024 3765 3094 proxime

2146 3128 2481 3183 prazgressa,
2515 3112 2854 3183 conjungit;
2887 3112 3160 3167 Eusebius
3203 3127 3335 3166 vero
3383 3112 3470 3180 iis,
3506 3129 3633 3184 qua:
3662 3111 3764 3167 lib.

2148 3200 2219 3255 de
2236 3201 2362 3255 Vita
2379 3200 2736 3255 Constantini
2759 3200 2853 3255 cit.
2874 3217 3039 3274 capp.
3063 3203 3151 3268 28,
3168 3203 3234 3255 29
3257 3204 3315 3255 et
3335 3204 3401 3256 37
3419 3201 3631 3267 scribit,
3647 3217 3767 3256 non

2148 3290 2386 3345 obscure
2428 3288 2660 3356 indicat,
2708 3292 2844 3343 tunc
2892 3289 3128 3358 factam,
3178 3306 3311 3344 cum
3362 3290 3771 3345 Constantinus

2148 3378 2333 3433 adhuc
2355 3377 2412 3431 in
2443 3377 2633 3433 Galliis
2663 3382 2830 3446 esset,
2859 3379 3223 3451 necdumque
3254 3379 3427 3450 Alpes
3452 3379 3510 3433 in
3541 3379 3768 3435 Maxen-

2147 3467 2294 3523 tium
2316 3484 2481 3522 arma
2511 3469 2793 3534 moturus,
2822 3468 3154 3539 trajecisset,
3187 3484 3252 3522 ac
3282 3467 3449 3539 proin
3473 3467 3767 3539 aliquanto

2146 3555 2428 3627 temporis
2459 3556 2641 3626 spatio
2663 3559 2797 3610 ante
2818 3555 3030 3610 dictam
3060 3558 3312 3610 noctem.
3337 3558 3607 3627 Pugnant
3626 3571 3767 3626 ergo

2150 3646 2418 3700 Eusebius
2449 3649 2506 3700 et
2533 3645 2856 3700 Lactantius
2878 3644 2934 3698 in
2966 3644 3268 3715 adjunctis,
3296 3648 3354 3699 et
3377 3647 3599 3711 tamen,
3622 3643 3766 3698 duas

2147 3735 2357 3789 horum
2383 3733 2725 3803 scriptorum
2758 3732 3117 3789 narrationes
3144 3732 3293 3787 circa
3323 3732 3568 3787 diversas
3599 3731 3772 3785 Cons-

2146 3822 2372 3876 tantino
2400 3821 2620 3875 oblatas
2648 3821 2888 3876 visiones
2933 3820 3166 3887 versari,
3215 3823 3438 3874 certum
3488 3836 3605 3874 non
3660 3820 3767 3872 est.

2220 3913 2344 3965 252.
2376 3908 2584 3964 Iuliani
2612 3910 2900 3980 Apostataa
2932 3908 2990 3962 in
3011 3908 3161 3963 bello
3193 3908 3492 3962 interitum
3511 3906 3773 3962 referunt

2147 3997 2453 4069 scriptores
2483 3998 2730 4068 aequales
2750 3999 2850 4051 aut
2864 3996 3219 4068 subaequales
3240 3995 3443 4051 diversi
3468 4013 3482 4063 ;
3510 3995 3609 4050 sed
3629 3997 3773 4067 quot

2148 4087 2302 4142 hunc
2335 4087 2606 4141 eventum
2637 4084 2922 4157 adjunctis
2949 4084 3238 4139 seseinter
3267 4084 3660 4156 pugnantibus
3672 4099 3772 4137 ex-

2149 4173 2386 4229 ordanil
2429 4173 2516 4228 Ad
2555 4174 2700 4241 haec,
2735 4176 2797 4227 ut
2827 4172 3003 4228 etiam
3034 4189 3103 4227 ex
3133 4171 3279 4243 ipso,
3312 4171 3466 4243 quod
3513 4171 3605 4226 hic
3648 4174 3770 4228 tra-

425 4277 655 4316 causam
684 4277 936 4316 secessus
973 4261 1154 4315 sancti
1187 4262 1471 4317 Brunonis
1512 4262 1740 4318 ﬁnxisse
1784 4258 2120 4337 progres-D
2145 4265 2740 4334 ctamus,argumento
2755 4262 3084 4333 exemplum
3098 4259 3773 4328 adducam,horrendum

425 4350 586 4405 sione
618 4350 916 4423 temporis,
946 4354 1008 4404 ut
1050 4351 1168 4405 vult
1199 4350 1518 4420 Launoius;
1570 4353 2043 4424 quandoquidem

425 4452 750 4510 anonymus
767 4438 861 4494 ille
889 4437 1304 4495 Carthusiensis
1325 4439 1703 4511 [anonymum
1727 4441 1889 4495 illum
1907 4442 2040 4497 Car-

421 4525 822 4596 thusiensem],
837 4527 934 4599 qui
949 4527 1168 4600 primus
1182 4543 1309 4583 rem
1331 4528 1555 4600 scriptis
1578 4529 2039 4603 mandavit,’ipso

426 4613 654 4670 Caesarii
670 4618 936 4688 tempore
951 4615 1171 4684 vixisse,
1188 4617 1448 4689 superius
1467 4617 1857 4688 probavimus,
1873 4636 1907 4674 a
1923 4637 2037 4692 quo

422 4718 543 4759 non
572 4718 706 4758 vero
738 4720 773 4758 a
798 4704 1062 4772 Caesarie,
1092 4704 1188 4760 alii
1215 4705 1643 4764 Carthusienses
1688 4706 1848 4762 citati
1888 4707 2037 4778 ejus-

423 4790 822 4847 demhistoriaa
835 4792 1231 4847 narrationem
1253 4794 1499 4849 mutuati
1525 4797 1678 4849 sunt.
1703 4815 1731 4843 ››
1754 4795 2036 4850 Hactenus

417 4880 731 4936 Annalium
764 4880 1252 4936 Carthusiensium
1294 4881 1424 4937 libri
1456 4883 1643 4954 quarti
1682 4886 1883 4938 auctor
1910 4885 2031 4939 lau-

419 4965 607 5036 datus,
641 4967 700 5023 in
734 4984 910 5041 quem
941 4983 1096 5023 nunc
1125 4969 1432 5023 nonnullas
1460 4970 1807 5026 obervanda.

490 5059 615 5112 251.
663 5057 836 5113 Recte
893 5057 1087 5129 itaque
1131 5055 1418 5129 imprimis
1461 5060 1664 5113 contra
1713 5060 2032 5115 Launoium

417 5145 736 5213 contendit,
770 5162 800 5200 e
832 5144 1067 5202 diversis
1109 5144 1412 5216 adjunctis,
1464 5163 1590 5218 quae
1637 5148 2034 5203 narrationem

418 5231 493 5288 de
523 5232 816 5302 defuncto,
840 5234 937 5308 qui
964 5250 1087 5290 sese
1118 5233 1482 5301 damnatum,
1516 5251 1547 5288 e
1577 5234 1790 5291 feretro
1817 5237 2036 5308 procla-

415 5321 610 5391 marit,
643 5324 715 5378 ab
769 5323 1087 5391 Antonino,
1133 5339 1190 5378 se
1239 5323 1451 5395 potius,
1504 5339 1535 5377 e
1582 5339 1695 5394 quo
1743 5324 1834 5379 hic
1874 5325 2034 5380 illam

413 5406 626 5478 hausit,
667 5426 702 5466 a
730 5410 1058 5482 primorum
1103 5409 1359 5484 quinque
1410 5410 1723 5467 Carthusim
1768 5411 2034 5469 Priorum

2147 4351 2401 4408 doctoris
2427 4350 2690 4405 damnati
2722 4348 3051 4422 prodigium
3083 4348 3312 4420 publice
3331 4364 3531 4403 coram
3545 4348 3775 4420 ingenti

2143 4440 2452 4496 hominum
2495 4437 2864 4493 multitudine
2897 4436 3224 4509 contigisse,
3265 4435 3691 4509 scriptores§x1
3712 4440 3777 4493 et

2143 4545 2263 4601 seq.
2297 4526 2582 4594 recensiti,
2631 4525 2966 4594 afﬁrmant;
3007 4525 3261 4596 privatos
3291 4528 3486 4581 autem
3516 4524 3576 4580 id
3616 4525 3775 4582 intra

2141 4616 2351 4672 domus
2376 4614 2630 4671 defuncti
2679 4614 2929 4686 parietes
2955 4612 3228 4681 evenisse,
3262 4612 3484 4669 Codicis
3507 4614 3775 4670 Metensis

2140 4709 2342 4760 auctor
2380 4704 2531 4759 infra
2567 4703 2890 4758 laudandus
2935 4700 3144 4769 tradit;
3192 4704 3252 4756 at
3297 4700 3421 4773 quis
3462 4704 3774 4773 propterea

2136 4792 2494 4865 prodigium,
2536 4791 2693 4864 quod
2722 4790 2814 4846 hic
2847 4792 3117 4857 narrat,a
3140 4789 3597 4862 prodigio,quod
3616 4790 3771 4847 illire

2144 4881 2361 4948 ferunt,
2385 4879 2590 4935 dixerit
2614 4895 2735 4933 esse
2757 4877 3042 4933 diversum
3056 4877 3084 4931 ?
3105 4877 3220 4931 Etsi
3239 4877 3452 4948 itaque,
3472 4880 3587 4932 tres
3611 4894 3646 4933 a
3661 4878 3771 4951 doc

2142 4973 2272 5025 tore
2304 4966 2606 5023 Parisiensi
2627 4965 3087 5032 vociferationes,
3112 4982 3359 5037 quarum
3375 4966 3566 5036 prima
3592 4966 3683 5021 hic
3705 4983 3768 5026 se

2134 5060 2489 5124 accusatum,
2530 5055 2779 5110 secunda
2807 5053 3133 5125 judicatum
3156 5070 3220 5108 ac
3234 5053 3400 5109 tertia
3422 5054 3769 5110 damnatum

2136 5145 2460 5213 declararit,
2489 5144 2670 5199 tribus
2711 5142 2910 5197 diebus
2925 5142 3156 5197 diversis
3168 5142 3339 5198 fuisse
3353 5143 3589 5199 emissas
3618 5143 3768 5215 scrip

2137 5236 2292 5290 tores
2319 5232 2581 5307 proxime
2614 5230 2831 5286 laudati
2879 5229 3057 5285 etiam
3091 5233 3443 5299 memorent,
3470 5231 3770 5321 clericum-

2139 5341 2250 5396 que
2266 5338 2435 5379 suum
2467 5336 2567 5375 seu
2596 5319 2894 5375 doctorem
2923 5318 3095 5373 simul
3123 5318 3369 5374 etsemel
3382 5335 3447 5374 ac
3457 5318 3626 5390 proin
3644 5318 3762 5375 uno

2138 5412 2462 5485 eodemque
2476 5409 2568 5466 die
2588 5425 2648 5466 se
2656 5408 3003 5482 judicatum,
3031 5406 3487 5465 condemnatum
3511 5411 3684 5481 atque
3700 5407 3763 5465 in
