4122 6058
236 220 363 279 149

1832 226 2013 289 ACTA

3478 242 3585 295 150

230 367 273 396 »
291 349 1880 423 manusimpiorum«traditum,nCtesarius,utLaunoius
1898 360 1955 420 Α
1978 358 2071 412 cta
2098 356 2340 414 invicem
2373 357 2717 433 discrepare,
2747 375 2880 415 cum
2904 359 3029 416 hac
3049 376 3084 417 a
3114 361 3586 436 substantia,qute

230 438 395 505 vult,
431 438 661 493 tradere
683 440 964 508 videatur,
991 442 1321 514 prodigium
1351 447 1569 512 tamen,
1603 445 1757 516 quod
1786 444 1878 498 hic

234 528 475 591 narrat,
506 544 542 582 a
565 527 856 600 prodigio,
889 531 1047 601 quod
1086 531 1168 584 illi
1208 536 1530 601 recensent,
1588 533 1877 589 diversum

234 628 371 668 non
388 618 551 670 certo
576 619 683 670 est.
705 617 902 689 Neque
922 622 1123 674 tamen
1152 636 1281 674 cum
1301 620 1400 675 illo
1427 624 1583 677 certo
1602 622 1777 677 etiam
1792 626 1878 677 est

234 718 439 757 unum
451 706 626 775 atque
646 705 1164 762 idem.Columbius
1180 707 1239 762 in
1258 724 1360 763 sua
1386 708 1457 763 de
1473 709 1875 765 Carthusiano-

230 806 383 845 rum
430 791 612 847 initiis
662 793 1071 850 Dissertatione
1153 813 1314 851 num.
1370 798 1439 851 64
1498 798 1576 852 sic
1634 798 1872 854 scribit:

232 896 275 930 ι
309 879 541 934 Istud...
604 881 659 952 (a
689 881 933 937 Caesario
967 883 1179 938 scilicet
1226 884 1493 956 relatum)
1543 885 1875 957 prodigium

234 969 526 1023 nonnulli
556 968 774 1024 faciunt
800 970 956 1025 idem
972 971 1297 1039 Parisiensi,
1332 974 1402 1028 de
1418 989 1532 1045 quo
1563 991 1715 1027 nunc
1754 975 1875 1045 agi-

236 1072 404 1123 mus;
430 1057 526 1111 alii
557 1074 692 1112 vero
725 1063 942 1128 negant
973 1076 1115 1131 :ego
1161 1078 1348 1133 neque
1382 1062 1535 1115 idem
1554 1062 1654 1127 illi,
1689 1078 1876 1134 neque

236 1145 324 1199 ab
353 1161 428 1199 eo
457 1145 745 1200 diversum
801 1163 1055 1202 asserere
1102 1166 1255 1203 nunc
1293 1151 1483 1204 velim.
1539 1151 1705 1205 Certe
1757 1167 1876 1206 non

240 1233 492 1288 additur
524 1251 558 1288 a
588 1235 831 1290 Caesario
852 1237 1191 1309 compulisse
1247 1239 1576 1294 Brunonem
1621 1239 1877 1294 etsocios

238 1322 326 1376 ad
356 1339 649 1391 eremum;
683 1324 741 1379 id
757 1328 953 1379 autem
983 1326 1318 1381 unumillud
1350 1331 1453 1394 est,
1469 1328 1625 1399 quod
1650 1328 1878 1394 fecit,ut

241 1409 323 1464 de
356 1411 667 1466 Parisiensi
698 1429 852 1467 nunc
882 1415 1333 1484 agerem.Malim
1377 1432 1629 1471 asserere
1659 1419 1718 1470 et
1749 1433 1873 1472 om-

240 1498 395 1554 nino
438 1499 601 1554 istius
640 1501 748 1555 loci
800 1518 892 1556 res
937 1506 1041 1570 est,
1092 1503 1483 1558 adversarium
1534 1504 1873 1576 (Launoium

242 1587 495 1659 nempe)
528 1604 647 1643 non
671 1589 932 1644 debuisse
962 1590 1212 1645 scribere
1244 1592 1543 1664 sequentia
1566 1593 1625 1646 in
1668 1610 1771 1647 sua
1802 1592 1872 1647 de

1977 449 2100 500 tam
2133 447 2229 501 uni
2253 465 2431 519 quam
2452 449 2619 505 alteri
2635 466 2666 504 e
2687 449 2909 504 duobus
2925 449 3078 504 hisce
3095 450 3373 523 prodigiis
3391 469 3586 507 secun-

1978 534 2117 589 dum
2132 536 2260 607 jam
2289 537 2441 592 dicta
2463 541 2547 593 est
2572 537 2920 606 communis,
2941 538 3351 611 distinguenda
3366 540 3590 607 sint,uti

1977 623 2127 678 infra
2157 625 2482 681 ostendam.
2506 628 2692 698 Atque
2718 627 2852 681 hinc
2876 627 3003 698 jam
3034 628 3099 681 ﬁt
3129 630 3192 682 ut
3211 645 3277 682 ex
3300 628 3588 700 prodigio,

1975 712 2133 782 quod
2164 712 2441 769 Caesarius
2456 719 2676 783 narrat,
2712 715 2868 770 aliud
2899 714 3060 783 illud,
3097 732 3209 788 quo
3232 715 3473 772 Sanctus
3494 733 3594 771 no-

1974 805 2091 855 ster
2120 800 2179 854 in
2207 818 2470 857 eremum
2498 809 2816 872 secesserit,
2851 806 3141 880 utcunque
3191 804 3588 860 conﬁrmetur.

2045 891 2168 944 254.
2205 891 2277 943 At
2307 907 2441 945 vero
2470 890 2783 963 ipsammet
2813 892 3040 947 Caesarii
3088 892 3487 948 uenationem
3525 893 3583 947 in

1977 977 2216 1031 dubium
2249 983 2479 1033 revocat
2500 980 2806 1048 Launoius,
2826 998 2932 1035 nec
2947 997 3084 1035 sane
3100 980 3595 1046 immerito.Quid-

1976 1066 2114 1136 quid
2147 1066 2305 1120 enim
2318 1071 2520 1122 contra
2543 1068 2746 1123 afferat
2771 1070 2957 1125 verbis
2987 1086 3157 1141 supra
3174 1070 3426 1125 recitatis
3456 1070 3591 1125 Car-

1976 1154 2274 1209 thusianus
2295 1160 2846 1229 nosteranonymus,
2881 1158 3274 1230 Caesariusque
3302 1176 3336 1213 a
3364 1158 3595 1213 sinceri-

1975 1244 2114 1310 tate,
2166 1260 2280 1314 qua
2333 1243 2391 1298 in
2458 1246 2760 1300 scribendo
2830 1262 2962 1301 usus
3015 1249 3119 1314 est,
3188 1246 3593 1302 commendari

1976 1335 2290 1400 mereatur,
2306 1333 2607 1404 peritiores
2626 1337 2825 1389 tamen
2853 1332 3028 1390 modo
3044 1335 3223 1390 critici
3243 1351 3447 1390 omnes
3460 1352 3593 1390 con-

1974 1420 2250 1488 sentiunt,
2281 1421 2583 1477 credulum
2604 1422 2775 1478 nimis
2801 1439 2932 1478 cum
2957 1423 3149 1491 fuisse,
3180 1427 3380 1496 utpote
3408 1424 3505 1496 qui
3530 1424 3591 1478 in

1972 1508 2086 1562 suis
2116 1509 2422 1563 duodecim
2451 1509 2704 1581 Dialogis
2736 1527 2853 1566 non
2885 1511 3020 1566 satis
3049 1514 3314 1567 accurato
3360 1511 3590 1567 criterio

1973 1612 2138 1650 veras
2161 1596 2428 1652 historias
2449 1598 2649 1653 afalsis
2669 1600 2994 1663 secreverit,
3012 1603 3070 1654 et
3085 1600 3380 1655 interdum
3407 1616 3591 1670 nugas

237 1691 389 1730 vera
420 1677 926 1733 causasecessusS.
954 1679 1307 1735 Brunonisin
1325 1697 1586 1735 eremum
1604 1681 1874 1736 Disserta—
1902 1682 2059 1740 Bset
2101 1685 2343 1753 fabulas,
2392 1704 2533 1758 quas
2586 1704 2929 1759 unecunque
2982 1688 3239 1756 corrasit,
3290 1688 3414 1744 sine
3472 1689 3589 1744 ullo

242 1763 411 1819 tione
443 1781 580 1836 pag.
618 1768 737 1820 145:
761 1788 789 1817 ‹‹
822 1766 1080 1821 Cesarius
1097 1768 1482 1823 Cisterciensis
1508 1773 1706 1823 narrat
1735 1770 1872 1839 duo,

242 1870 280 1905 2
300 1852 954 1924 quteCarthusianorum
969 1855 1197 1910 initium
1212 1858 1520 1928 tale,quale
1540 1874 1693 1911 nunc
1705 1874 1872 1912 excu-

242 1942 488 2008 stimus,
521 1942 783 2013 fingendi
806 1959 1036 1998 causam
1059 1944 1253 2000 otiosis
1268 1945 1600 2000 hominibus
1618 1947 1874 2017 praebue-

241 2046 277 2081 θ
307 2034 472 2085 runt.
498 2050 527 2077 »
548 2030 690 2085 Cum
713 2031 872 2085 enim
889 2032 1135 2087 duorum
1153 2034 1398 2088 alterum
1420 2034 1643 2089 sitillud
1660 2034 1867 2107 ipsum,

244 2118 409 2189 quod
436 2119 616 2174 modo
632 2120 823 2188 retuli,
847 2120 1099 2176 hominis
1128 2120 1185 2175 in
1202 2138 1386 2192 regno
1414 2124 1763 2178 Francorum
1777 2140 1868 2178 re-

250 2205 449 2273 divivi,
484 2223 658 2279 seque
690 2207 790 2262 Dei
833 2208 1051 2280 judicio
1099 2209 1442 2264 damnatum
1474 2212 1866 2279 exclamantis,

245 2310 372 2349 non
402 2295 596 2363 video,
610 2312 713 2351 cur
735 2296 901 2351 otiosi
918 2297 1188 2352 homines
1207 2298 1281 2353 ad
1303 2298 1618 2354 Parisiense
1651 2300 1872 2370 fingen-

248 2382 403 2437 dum
414 2383 728 2439 debuerint
757 2385 1076 2457 adjungere
1093 2386 1353 2441 canonici
1388 2387 1737 2455 Parisiensis,
1772 2388 1868 2459 qui

243 2474 383 2541 post
432 2487 650 2543 paucos
678 2489 712 2527 a
743 2476 931 2527 morte
965 2474 1085 2528 dies
1127 2491 1186 2528 se
1224 2474 1347 2529 sine
1391 2491 1631 2548 corpore
1669 2475 1893 2531 videnr

242 2559 393 2614 dum
426 2561 641 2616 bomici
665 2561 829 2616 valde
844 2561 1112 2616 familiari
1145 2562 1410 2635 praebuit.

317 2651 491 2703 253.«
524 2648 750 2704 Scilicet
762 2649 1072 2705 canonicus
1082 2651 1170 2706 his
1185 2650 1327 2705 nihil
1344 2651 1544 2706 habuit
1559 2668 1870 2707 commune

239 2753 353 2791 seu
380 2753 515 2792 cum
544 2738 796 2793 redivivo
816 2738 1141 2804 Parisiensi,
1172 2741 1242 2795 de
1260 2756 1373 2810 quo
1386 2757 1541 2794 nunc
1551 2756 1741 2796 sermo
1763 2744 1867 2809 est,

239 2840 349 2879 seu
380 2841 519 2880 cum
551 2826 683 2893 alio,
710 2827 829 2898 qui,
859 2843 990 2881 cum
1020 2829 1336 2899 parabatur
1358 2828 1702 2896 conditorio,
1745 2829 1873 2884 red-

241 2913 402 2968 ditus
421 2913 537 2969 fuit
558 2913 685 2969 vita;
713 2914 772 2969 in
814 2931 996 2987 regno
1046 2917 1423 2983 Francorum,
1450 2937 1475 2965 ιο
1495 2918 1579 2970 Ita
1621 2917 1716 2971 ille
1741 2935 1755 2972 :
1812 2920 1871 2972 et

240 3002 465 3057 merito
483 3002 716 3074 quidem
736 3003 1087 3075 prodigium,
1102 3004 1258 3075 quod
1274 3022 1307 3059 a
1321 3004 1563 3060 Caesario
1579 3009 1866 3073 narratur,

241 3106 383 3145 cum
418 3091 685 3163 prodigio
714 3092 1037 3159 Parisiensi,
1058 3092 1260 3164 quoda
1278 3092 1530 3165 quinque
1542 3094 1865 3165 primorum

242 3178 570 3233 Carthasim
598 3180 863 3235 Priorum
890 3180 1155 3236 Chronici
1189 3185 1424 3236 auctore
1457 3198 1523 3236 ac
1555 3181 1761 3236 deinde
1794 3183 1867 3237 ab

240 3266 550 3323 Antonino
572 3269 869 3323 memoria:
904 3269 1201 3340 proditum
1241 3269 1556 3338 fuit,unum
1597 3270 1868 3342 idemque

245 3371 372 3410 non
404 3359 564 3410 certo
583 3358 1056 3424 esse,contendit.
1080 3359 1180 3412 Ast
1205 3375 1279 3412 an
1304 3360 1458 3412 recte
1477 3358 1645 3413 simul
1668 3361 1871 3413 contra

246 3442 579 3498 Launoium
606 3445 889 3517 adjungit,
918 3448 1280 3519 postremum
1318 3447 1430 3501 hoc
1474 3446 1806 3519 prodigium
1837 3463 1868 3501 e

246 3532 546 3604 prodigio,
580 3533 736 3605 quod
755 3551 790 3589 a
825 3534 1069 3590 Caesario
1100 3535 1368 3602 refertur,
1390 3536 1686 3607 alteroque
1712 3534 1868 3589 Pari-

245 3619 456 3675 siensis
477 3622 761 3689 canonici,
790 3622 887 3694 qui
912 3623 1099 3678 amico
1130 3626 1262 3695 post
1290 3626 1541 3678 mortem
1561 3639 1866 3695 apparens,

246 3707 599 3764 damnatum
642 3726 763 3765 sese
795 3710 1163 3779 nuntiaverit,
1202 3711 1277 3766 ob
1314 3710 1510 3766 otiosis
1538 3710 1869 3766 hominibus

245 3797 574 3853 conﬂatum
605 3814 723 3853 non
748 3814 872 3853 esse
899 3801 999 3853 aut
1040 3799 1383 3854 conﬁctum?
1408 3801 1492 3853 Ita
1529 3800 1617 3854 vel
1654 3798 1866 3854 idcirco

245 3885 677 3957 autumo,quod
698 3886 772 3941 ad
800 3886 941 3942 illud
966 3887 1328 3959 ﬁngendum,
1347 3886 1392 3942 si
1406 3887 1663 3943 fortassis
1679 3887 1868 3960 reipsa

245 3989 359 4045 pro
392 3972 592 4029 fabula
616 3990 717 4029 seu
736 3975 1020 4047 ﬁgmento
1044 3976 1115 4030 sit
1143 3976 1498 4043 habendum,
1531 3976 1716 4032 solum
1738 3992 1868 4047 pro-

248 4060 502 4132 digium,
515 4078 549 4116 a
561 4061 804 4118 Cmsario
829 4064 1100 4130 relatum,
1115 4063 1402 4119 suffecisse
1418 4067 1611 4137 queat,
1633 4080 1870 4120 concur-

247 4149 513 4222 risseque
542 4151 718 4206 etiam
749 4152 997 4207 alterum
1027 4152 1169 4207 illud
1207 4152 1540 4208 Parisiensis
1584 4151 1866 4219 canonici,

1972 1787 2204 1843 prorsus
2250 1774 2474 1828 delectu
2504 1775 3138 1847 inseruerit.Stiltingus
3192 1780 3389 1831 uoster
3417 1778 3590 1831 tom.I

1973 1860 2404 1933 Septembrisin
2426 1863 2553 1917 Vita
2585 1864 2987 1935 B.Margareta3
3017 1864 3384 1920 Lovaniensis
3413 1864 3586 1935 virgi-

1971 1949 2060 2003 nis
2086 1953 2143 2004 et
2164 1950 2433 2021 martyris
2448 1967 2581 2022 pag.
2598 1954 2969 2019 590,nun.44,
2990 1956 3316 2024 opportune
3333 1953 3409 2007 ad
3423 1951 3585 2007 insti-

1972 2041 2158 2092 tutum
2190 2039 2531 2111 prmsenssic
2563 2040 2784 2095 scribit:
2807 2059 2837 2092 α
2871 2040 3037 2104 Quod
3066 2044 3285 2111 spectat
3305 2041 3379 2096 ad
3406 2041 3586 2096 fidem

1970 2126 2124 2181 hisce
2153 2127 2738 2200 Actis(B.Margaretoe
2757 2128 2971 2184 scilicet
2987 2146 3021 2183 a
3053 2130 3382 2201 synchrono
3402 2130 3584 2185 Caesa-

1970 2215 2057 2269 rio
2096 2214 2193 2269 lib.
2230 2232 2283 2269 vi
2300 2216 2673 2288 Dialogorum
2691 2233 2821 2288 cap.
2843 2219 2911 2272 34
2943 2217 3297 2290 conscriptis)
3314 2219 3585 2274 adhiben-

1972 2295 2130 2361 dam,
2150 2311 2267 2349 non
2298 2295 2503 2351 eadem
2516 2296 2710 2351 forsan
2726 2296 2990 2352 omnium
3006 2297 3116 2352 erit
3129 2298 3432 2366 sententia,
3454 2298 3588 2354 nisi-

1973 2382 2219 2453 diligens
2249 2384 2351 2438 ﬁat
2382 2384 2674 2440 dictinctio
2693 2384 2845 2440 inter
2861 2385 3018 2441 varia
3034 2386 3105 2440 ab
3118 2385 3328 2445 eodem
3348 2388 3582 2442 auctore

1972 2475 2226 2526 narrata.
2263 2471 2483 2544 Quippe
2496 2473 2604 2528 fuit
2630 2473 2904 2529 Caesarius
2919 2474 3003 2529 vir
3023 2474 3148 2545 pius
3164 2477 3223 2529 et
3234 2475 3434 2530 doctus
3456 2475 3581 2547 qui-

1972 2558 2128 2626 dem,
2157 2560 2259 2615 sed
2273 2576 2377 2631 pro
2408 2564 2696 2633 tempore,
2715 2578 2829 2634 quo
2845 2562 3088 2630 vivebat,
3116 2563 3429 2635 simplexet
3458 2579 3581 2618 cre-

1972 2647 2172 2715 dulus;
2206 2651 2378 2720 atque
2405 2665 2471 2703 ex
2503 2666 2571 2705 eo
2594 2651 2659 2705 fit
2690 2653 2753 2704 ut
2781 2650 3004 2722 Dialogi
3029 2650 3204 2722 ipsius
3216 2667 3333 2706 non
3347 2653 3584 2706 careant

1971 2737 2414 2791 narratiunculis
2429 2737 2792 2809 quibusdam,
2816 2756 2945 2812 quas
2965 2755 3069 2811 pro
3081 2738 3288 2794 fabulis
3312 2739 3582 2811 leguntur

1970 2824 2079 2879 hoc
2108 2827 2376 2897 tempore
2393 2843 2407 2891 ;
2423 2842 2621 2881 verum
2640 2844 2757 2882 non
2774 2830 2927 2882 recte
2935 2827 3344 2899 judicabimus,
3360 2827 3406 2882 si
3423 2827 3580 2883 idem

1969 2914 2140 2983 plane
2189 2913 2259 2967 de
2291 2913 2559 2969 omnibus
2591 2914 2849 2970 feramus
2879 2915 3186 2986 judicium,
3222 2914 3358 2986 quia
3396 2916 3582 2970 multa

1972 3000 2243 3069 narravit,
2279 3018 2407 3073 quae
2437 3017 2471 3057 a
2491 3002 2986 3058 verisimilitudine
3042 3020 3159 3059 non
3187 3006 3320 3058 sunt
3367 3004 3576 3070 aliena,

1969 3105 2210 3161 quaeque
2242 3093 2435 3145 exacte
2465 3106 2632 3145 nosse
2646 3090 2854 3161 potuit,
2871 3091 3028 3163 quod
3053 3091 3119 3146 iis
3148 3093 3342 3146 etloco
3355 3094 3414 3146 et
3429 3093 3577 3146 tem-

1967 3193 2109 3248 pore
2134 3180 2282 3233 esset
2304 3178 2541 3245 vicinus,
2601 3181 2797 3251 Itaque
2828 3197 2960 3234 cum
2994 3179 3236 3251 suspicio
3290 3178 3575 3235 mendacii

1971 3282 2089 3321 non
2111 3266 2347 3322 cadatin
2370 3266 2704 3330 Caesarium,
2718 3268 2906 3323 virum
2927 3268 3124 3341 utique
3138 3269 3299 3340 pium
3316 3270 3374 3322 et
3392 3267 3576 3323 since-

1970 3371 2122 3422 rum,
2150 3372 2396 3427 cumque
2440 3355 2501 3410 in
2540 3357 2711 3411 rebus
2748 3359 2870 3410 tam
2909 3356 3129 3424 vicinis,
3170 3372 3346 3429 quam
3386 3355 3577 3411 eidem

1971 3446 2138 3497 erant
2160 3444 2478 3514 spectantia
2512 3445 2586 3499 ad
2638 3445 3040 3516 Margaretam,
3068 3445 3290 3499 nullum
3333 3443 3455 3499 fere
3508 3445 3582 3499 sit

1971 3532 2202 3586 errandi
2215 3532 2537 3603 periculum
2549 3533 2724 3587 ﬁdem
2750 3533 2809 3587 in
2827 3532 2980 3589 hisce
3007 3550 3222 3605 negare
3247 3549 3366 3588 non
3378 3549 3578 3605 possu-

1970 3636 2100 3673 mus
2131 3620 2396 3687 Cazsario,
2420 3620 2655 3692 ejusque
2684 3620 2994 3677 auctoritas
3020 3621 3288 3676 omnibus
3308 3621 3452 3689 aliis,
3481 3620 3580 3693 qui

1969 3706 2149 3762 serius
2175 3707 2543 3777 scripserunt,
2576 3708 2667 3762 hic
2697 3709 2924 3763 videtur
2949 3708 3328 3779 praeferenda.
3356 3707 3479 3773 Qua
3507 3709 3578 3764 de

1968 3812 2137 3851 causa
2165 3796 2418 3867 elogium
2449 3796 2634 3850 beatae
2662 3799 2894 3864 nostrae,
2928 3797 3085 3868 quod
3121 3797 3241 3867 ipse
3266 3796 3576 3877 concinna-

1966 3883 2067 3951 vit,
2100 3884 2290 3955 primo
2322 3885 2447 3939 loco
2487 3884 2681 3953 edam,
2710 3885 2790 3939 uti
2819 3884 3205 3958 posteriorum
3230 3883 3576 3941 narrationi-

1968 3973 2074 4028 bus
2104 3972 2549 4044 przeferendam.
2584 3993 2614 4022 ››

2041 4060 2447 4117 255.Caasarius
2463 4060 2655 4133 itaque
2669 4061 2847 4117 etiam
2859 4062 3198 4118 secumdum
3219 4060 3551 4134 Stiltingum
3561 4103 3575 4129 ,

1969 4148 2068 4221 qui
2088 4152 2304 4217 tamen,
2332 4149 2412 4204 uti
2443 4166 2513 4205 ex
2541 4150 2681 4223 ipsis
2702 4150 2824 4222 ejus
2846 4150 3035 4206 verbis
3060 4152 3196 4206 satis
3215 4150 3415 4223 liquet,
3449 4150 3579 4205 crisi

249 4240 415 4294 nulla
443 4239 591 4295 ratio
623 4241 881 4308 suadeat,
897 4241 1016 4296 imo
1038 4241 1228 4313 potius
1241 4241 1597 4296 contrarium
1630 4242 1871 4297 suadeat
1889 4259 1942 4317 D
1970 4237 2162 4294 minus
2192 4255 2407 4306 severa,
2436 4239 2570 4293 licet
2604 4256 2740 4294 sane
2767 4238 3114 4311 aequissima,
3142 4238 3203 4294 in
3235 4238 3577 4310 scriptorem

252 4326 660 4383 dissimilitudo
693 4345 870 4401 quam
883 4329 1137 4384 maxima
1151 4330 1260 4385 hoc
1275 4329 1428 4384 inter
1458 4333 1516 4384 et
1529 4329 1866 4397 Parisiense,

251 4431 375 4487 quo
402 4417 592 4472 Bruno
622 4416 679 4471 in
715 4433 958 4473 eremun
978 4418 1172 4490 pulsus
1207 4418 1401 4486 fuerit,
1430 4418 1761 4490 prodigium
1788 4418 1871 4473 in-

248 4505 578 4572 tercedens,
611 4522 739 4577 quae
769 4508 935 4561 tanta
964 4509 1070 4574 est,
1116 4510 1181 4561 ut
1218 4506 1360 4561 nihil
1404 4506 1527 4562 fere
1553 4508 1727 4563 ambo
1772 4507 1871 4563 illa

247 4593 521 4666 prodigia
532 4594 788 4649 habeant
805 4609 1136 4663 commune,
1168 4595 1666 4667 quemadmodum
1679 4598 1816 4650 cons
1828 4596 1870 4651 i-

249 4680 482 4736 deranti
508 4681 747 4753 patebit.
773 4682 950 4737 Porro
979 4682 1104 4750 etsi,
1137 4685 1200 4738 ut
1212 4683 1341 4755 jam
1384 4683 1518 4751 dixi,
1568 4683 1868 4756 verbisque

250 4770 431 4825 etiam
464 4786 599 4825 mox
628 4770 882 4825 recitatis
917 4770 1249 4826 Columbius
1276 4771 1486 4839 innuit,
1525 4771 1865 4840 Parisiense,

249 4875 369 4930 quo
397 4863 627 4913 sanctus
655 4858 717 4913 in
758 4875 1021 4914 eremum
1054 4861 1249 4931 pulsus
1291 4860 1484 4928 fuerit,
1535 4859 1867 4932 prodigium

249 4962 388 5002 cum
416 4946 704 5019 prodigio,
740 4947 896 5018 quod
927 4947 1203 5003 Caesarius
1234 4948 1432 5015 refert,
1467 4965 1649 5003 unum
1695 4952 1866 5020 atque

247 5035 412 5092 idem
433 5052 553 5091 non
576 5037 735 5091 certo
776 5035 869 5103 sit,
908 5053 1087 5091 unum
1131 5040 1326 5092 tamen
1362 5037 1433 5092 ab
1459 5037 1640 5092 altero
1673 5036 1870 5091 distin-

250 5128 413 5181 ctum
446 5140 565 5180 non
595 5141 739 5192 esse,
780 5123 1104 5180 verosimile
1151 5125 1362 5180 idcirco
1393 5127 1653 5197 apparet,
1714 5123 1869 5196 quod

249 5213 551 5285 utriusque
589 5212 796 5269 eadem
823 5212 897 5269 sit
937 5213 1251 5281 subsantia,
1291 5213 1597 5269 hominem
1635 5214 1867 5281 scilicet,

249 5302 354 5377 qui
383 5302 501 5357 vita
541 5301 770 5358 functus
814 5304 941 5357 erat
963 5301 1203 5373 jamque
1252 5301 1313 5356 in
1365 5301 1580 5356 feretro
1628 5301 1867 5373 positus,

250 5390 701 5448 damnationem
732 5407 898 5447 suam
922 5389 1203 5461 tantisper
1220 5388 1536 5444 redivivum
1555 5390 1872 5446 astantibus

252 5480 648 5538 denuntiasse.
694 5480 807 5537 Nec
847 5479 1042 5536 obstat
1074 5477 1372 5551 utriusque
1395 5478 1644 5552 prodigii
1671 5478 1877 5552 adjun-

1968 4328 2122 4382 hunc
2147 4326 2345 4395 utitur,
2364 4326 2539 4382 ﬁdem
2564 4326 2947 4382 indubitatam
2969 4326 3255 4400 prodigio,
3280 4327 3436 4399 quod
3458 4344 3580 4382 ver-

1968 4414 2331 4471 bisnum.24l
2355 4416 2465 4470 huc
2496 4415 2857 4487 transcriptis
2899 4418 3085 4483 narat,
3119 4415 3426 4471 conciliare
3456 4432 3574 4470 non

1968 4505 2315 4573 potest,cum
2340 4503 2417 4558 id.
2451 4503 2496 4558 si
2522 4504 2712 4574 reipsa
2749 4520 3008 4575 unquam
3032 4505 3224 4559 locum
3264 4503 3487 4571 habuit,
3519 4506 3578 4558 et

1968 4590 2067 4647 diu
2095 4595 2230 4647 ante
2264 4592 2473 4647 Basarii
2506 4594 2759 4659 aetatem,
2784 4596 2844 4647 et
2900 4592 2960 4647 in
2988 4592 3189 4661 Gallia,
3221 4592 3576 4649 monasterio

1968 4679 2381 4736 Eisterbacensi
2434 4680 2627 4736 minus
2652 4680 2857 4748 vicina,
2888 4681 3106 4738 factum
3151 4699 3274 4739 esse
3327 4682 3573 4750 debeat;

1965 4768 2173 4842 hicque
2190 4769 2434 4841 scriptor
2463 4769 2614 4843 (vide
2647 4768 2901 4843 Stiltingi
2931 4771 3107 4826 verba
3142 4771 3403 4843 proxime
3428 4769 3572 4824 reci-

1964 4858 2287 4930 tata)fidem
2313 4858 2698 4914 indubitatem
2723 4859 2784 4913 in
2809 4859 2898 4927 iis,
2923 4859 3128 4932 quibus
3147 4863 3205 4915 et
3225 4864 3487 4929 tempore
3518 4860 3577 4912 et

1966 4948 2093 5002 loco
2111 4947 2326 5001 vicinus
2359 4947 2512 5002 haud
2528 4947 2656 5015 fuit,
2688 4965 2806 5003 non
2836 4952 3147 5004 mereatur.
3179 4948 3351 5001 Recte
3380 4946 3575 5018 itaque

1968 5036 2107 5091 illud
2133 5052 2167 5089 a
2197 5035 2450 5091 Launoio
2483 5036 2542 5090 in
2576 5036 3128 5092 dubiumrevocatur
3152 5035 3225 5090 ob
3255 5034 3575 5104 inﬁrmam,

1967 5122 2057 5178 cui
2089 5123 2377 5193 innititur,
2410 5124 2638 5180 Cmsarii
2669 5124 3090 5190 auctoritatem,
3121 5124 3416 5190 Attamen,
3444 5140 3577 5178 cum

1970 5228 2151 5266 unum
2183 5215 2354 5285 atque
2393 5212 2572 5280 idem,
2604 5218 2668 5268 ut
2703 5213 2827 5283 jam
2861 5211 3052 5279 docui,
3075 5211 3479 5267 verosimiliter
3509 5211 3585 5267 sit

1970 5316 2101 5356 cum
2128 5300 2450 5369 Parisiensi,
2476 5316 2591 5372 quo
2611 5304 2799 5356 Bruno
2820 5299 2878 5355 in
2893 5316 3158 5356 eremum
3171 5300 3364 5372 pulsus
3388 5298 3585 5370 fuerit,

1972 5388 2265 5462 prodigio,
2314 5392 2536 5462 hocque
2575 5391 2649 5445 ab
2698 5404 3013 5462 anonymo,
3045 5388 3146 5461 qui
3167 5388 3372 5443 saeculo
3412 5386 3588 5444 tertio

1975 5476 2206 5537 decimo
2230 5478 2445 5546 ﬂoruit,
2458 5476 2789 5549 primorum
2805 5478 3059 5554 quinque
3086 5475 3400 5539 Carthusiae
3425 5474 3593 5530 Prio-
