4122 6058
533 273 627 330 151

1349 267 1407 326 S.
1436 267 1782 328 BBUNONIS
1821 268 2453 332 CARTHUSIANORUM
2489 269 2955 332 INSTITUTORIS

3739 279 3846 331 l'a'2

519 413 652 453 rum
666 395 935 452 Chronici
950 397 1183 452 auctore
1194 396 1484 453 litterissit
1499 415 1635 454 man
1643 398 1994 465 datum,falsi
2002 398 2132 454 tatis
2152 400 2211 462 Α
2233 400 2433 456 audire
2449 400 2667 467 videor,
2680 401 2832 457 hanc
2846 396 3299 473 argumuntandi
3311 396 3843 455 rationen.enerva-

518 485 812 557 equidem,
874 488 1070 557 utpote
1100 485 1159 540 in
1194 487 1413 540 duobus
1445 486 1522 542 sic
1554 488 1758 542 saltem
1809 488 2006 542 szeculi
2036 505 2129 542 xm

518 574 891 646 scriptoribus
914 575 1241 642 fundatum,
1296 575 1487 630 minus
1533 579 1859 647 suspectum
1911 577 2132 630 videtur

518 663 874 729 habendum,
899 663 1006 717 nisi
1038 664 1188 718 forte
1219 664 1345 736 quis
1375 664 1644 730 velit,aut
1672 682 1706 719 a
1731 665 1993 736 proxime
2017 666 2132 720 lau-

517 750 652 805 dato
679 751 992 806 Carthusia:
1029 752 1292 807 Priorum
1331 753 1598 808 Chronici
1645 756 1899 820 auctore,
1930 757 2029 808 aut
2058 754 2130 808 ab

516 840 719 902 altero,
747 857 778 894 e
807 857 918 911 quo
955 841 1049 894 hic
1082 858 1184 896 sua
1214 841 1488 909 hauserit,
1525 858 1557 896 e
1587 843 1768 897 relato
1800 859 1902 914 per
1944 843 2126 897 Caesa-

514 927 687 996 rium,
713 930 864 1000 quod
883 946 1180 1001 nunquam
1203 929 1496 997 acciderit,
1524 930 1790 1002 prodigio
1809 931 2127 986 Parisiense

511 1015 653 1070 illud
685 1017 858 1086 aliud,
881 1035 992 1089 quo
1009 1020 1197 1072 Bruno
1217 1019 1274 1073 in
1288 1036 1550 1073 eremum
1575 1023 1733 1074 actus
1759 1019 1951 1086 fuerit,
1973 1036 2130 1074 acce-

510 1108 675 1175 ptum
705 1106 897 1173 fuisse,
920 1106 1316 1178 adjunctisque
1342 1124 1446 1179 pro
1482 1108 1720 1162 arbitrio
1744 1109 1999 1163 conﬁctis
2032 1125 2128 1163 au-

513 1195 692 1248 ctum.
725 1195 911 1266 Atque
942 1196 1050 1250 hoc
1077 1196 1313 1267 quidem
1346 1199 1408 1250 ut
1437 1196 1772 1265 aestimaret,
1806 1213 2126 1270 propensus

510 1280 688 1336 etiam
709 1282 881 1337 fuisse
907 1284 1260 1338 Nabillonius
1289 1284 1532 1339 videtur.

583 1373 706 1426 256.
742 1372 970 1426 Etenim
1001 1372 1059 1426 in
1081 1373 1398 1428 Annalibus
1428 1373 1814 1428 Benedictinis
1843 1375 1942 1429 lib.
1977 1390 2122 1442 LXVI,

511 1475 673 1514 num.
707 1461 776 1514 64
797 1460 874 1515 sic
903 1461 1133 1516 scribit:
1167 1461 1398 1516 «Aliam
1429 1462 1588 1517 istius
1619 1463 1964 1534 secessus(S.
1985 1464 2123 1517 Bru-

511 1548 682 1602 nonis
700 1548 761 1603 in
787 1549 1070 1621 eremum)
1091 1566 1321 1604 causam
1341 1554 1471 1622 post
1486 1568 1669 1606 annos
1689 1551 1997 1606 minimum
2020 1552 2123 1606 du-

507 1640 704 1692 centos
741 1638 978 1709 quidam
1011 1641 1253 1694 attulere
1280 1642 1562 1707 auctores,
1599 1639 1876 1694 nimirum
1913 1642 2126 1694 Bruno-

2233 491 2352 544 tam
2368 492 2820 562 plumbeamque
2837 489 3200 561 esse,quippe
3219 491 3655 559 argumento,ut
3674 489 3844 559 logici

2234 579 2548 649 appellant,
2583 578 2852 650 negativo
2883 579 2966 632 nil
2995 579 3183 649 potest
3214 577 3464 648 probari.
3490 578 3575 630 Ita
3603 577 3844 632 fortasse

2230 666 2640 737 respondeant,
2665 667 2761 738 qui
2785 666 3226 721 ecclesiasticam
3253 666 3639 720 eruditionem
3657 682 3844 738 neque

2231 771 2265 808 a
2293 755 2495 809 limine
2517 757 3174 826 salutarunt,totumque
3187 755 3491 809 cerebrum
3512 753 3665 808 tricis
3685 755 3845 808 scho-

2228 842 2438 896 lasticis
2466 844 2765 898 devovere.
2789 844 2932 898 Nam
2957 847 3241 914 quantum
3261 842 3843 914 roborisargumento

2229 931 2492 1002 negativo
2517 931 2672 999 insit,
2703 935 2826 986 tum
2863 933 3183 986 luculentus
3213 932 3319 986 hac
3363 931 3433 986 de
3463 948 3525 986 re
3568 935 3843 986 tractatus

2227 1020 2569 1090 prodit,tum
2587 1025 2848 1074 universa
2869 1020 3228 1075 eruditorum
3249 1019 3572 1090 respublica
3588 1019 3844 1091 quotidie

2227 1108 2544 1179 experitur.
2577 1111 2644 1163 Et
2677 1126 2790 1180 quo
2822 1112 3012 1180 pacto,
3038 1109 3643 1176 amabo,commenta,
3674 1108 3840 1162 fabu-

2225 1195 2412 1267 lazque
2444 1197 2674 1269 explodi
2704 1201 2876 1268 atque
2897 1197 3182 1252 exsibilari
3205 1199 3458 1268 possent,
3483 1212 3610 1268 quas
3632 1197 3688 1250 in
3709 1212 3839 1267 pos-

2227 1285 2509 1340 teriorum
2539 1289 2871 1357 temporum
2916 1286 3182 1340 historias
3213 1285 3518 1356 irrepsere,
3553 1284 3662 1339 nisi
3691 1284 3839 1339 anti-

2225 1375 2494 1446 quiorum
2527 1374 2819 1430 silentium
2848 1374 3237 1446 pluris,quam
3255 1373 3526 1444 imperita
3540 1371 3840 1445 audaxque

2225 1462 2614 1516 recentiorum
2637 1462 2952 1533 loquacitas
2965 1462 3314 1532 penderetur
3328 1461 3356 1516 ?
3368 1460 3679 1514 Afﬁrmant
3697 1460 3754 1514 hi
3767 1460 3840 1514 ad

2225 1549 2529 1604 arbitrium
2561 1567 2730 1604 suum
2752 1552 3026 1621 gestaque
3055 1566 3089 1604 a
3113 1548 3472 1621 temporibus
3502 1547 3615 1602 suis
3644 1563 3839 1602 remo-

2224 1637 2443 1692 tissima
2467 1638 2793 1707 somniant;
2833 1639 2912 1692 illi
2943 1654 3076 1693 vero
3092 1656 3163 1694 ne
3187 1639 3376 1693 volam
3393 1637 3650 1708 quidem,
3673 1635 3839 1692 vesti-

509 1740 668 1792 nem,
704 1725 844 1780 dum
875 1726 1105 1782 Parisiis
1135 1727 1193 1781 in
1224 1727 1432 1782 scholis
1463 1731 1808 1796 versaretur,
1856 1728 2121 1800 prodigio
2153 1721 2204 1780 B
2224 1726 2501 1798 giumque
2535 1744 2736 1781 earum
2761 1744 2959 1781 rerum
2991 1727 3301 1798 reliquere,
3333 1725 3586 1781 relicturi
3612 1741 3772 1792 sane,
3795 1723 3840 1778 si

509 1813 746 1868 redivivi
773 1815 1056 1883 canonici,
1091 1816 1187 1887 qui
1218 1833 1278 1870 se
1309 1816 1654 1870 damnatum
1672 1817 2014 1872 vociferatus
2028 1817 2119 1883 sit,

508 1902 955 1975 perterritumin
977 1921 1239 1959 eremum
1270 1905 1590 1971 secessisse,
1620 1909 1678 1960 et
1704 1905 1989 1976 adjunctis
2017 1905 2121 1959 sibi

509 1991 676 2046 sociis
696 1990 1185 2047 Carthusiensium
1200 1993 1476 2047 Ordinem
1492 1993 1821 2059 instituisse,
1845 1993 1980 2056 Qua:
1995 2010 2126 2047 nar-

511 2079 681 2146 ratio,
725 2079 897 2133 variis
925 2080 1170 2135 subinde
1209 2086 1376 2136 aucta
1423 2081 1889 2148 circumstantiis,
1924 2086 2120 2136 sancto

508 2166 1051 2239 Antonino,ipsique
1084 2167 1341 2236 Gersoni,
1375 2170 1572 2224 solidae
1615 2170 1890 2224 doctrinm
1921 2187 1984 2224 ac
2011 2170 2126 2241 pie-

508 2255 642 2309 tatis
661 2255 804 2324 viro,
835 2257 1098 2327 probata,
1135 2273 1253 2312 non
1285 2257 1498 2312 mirum
1521 2258 1566 2311 si
1586 2259 1742 2312 bona
1765 2257 1877 2312 fide
1905 2259 2125 2313 atotius

511 2344 656 2398 sacri
688 2344 908 2399 ordinis
950 2345 1200 2400 alumnis
1243 2346 1493 2400 admissa
1531 2349 1618 2401 est
1676 2350 1734 2401 et
1764 2349 1980 2402 asserta
2031 2348 2122 2415 sit,

512 2433 603 2486 cui
642 2432 916 2488 Cresarius
963 2435 1402 2489 Eisterbacensis
1450 2435 1676 2490 Videtur
1720 2435 2059 2506 praelusisse.
2092 2456 2120 2485 »

515 2521 600 2574 Ita
630 2521 750 2576 ille:
783 2539 857 2576 an
892 2525 1086 2577 autem
1120 2523 1398 2578 Caesurius
1415 2523 1736 2589 Parisiensi,
1757 2541 1869 2595 quo
1896 2527 2123 2578 sanctus

513 2609 690 2663 fuerit
701 2627 1004 2666 conversus
1018 2611 1305 2683 ,prodigio
1331 2612 1520 2682 reipsa
1536 2612 1874 2682 praeluserit,
1890 2613 2126 2684 hujusve

515 2695 776 2768 ﬁngendi
807 2699 1170 2755 occasionem
1189 2699 1643 2771 otiosisingeniis
1655 2700 1899 2768 dederit,
1925 2701 2127 2772 cuique

514 2801 583 2839 ex
616 2785 767 2841 infra
784 2787 1038 2842 dicendis
1051 2787 1466 2859 dispiciendum
1486 2789 1770 2860 relinquo.
1791 2789 1862 2843 Ut
1892 2789 2127 2844 interim

515 2889 548 2927 e
581 2873 826 2930 Cassario
857 2876 1127 2931 haustum
1140 2877 1249 2932 hoc
1280 2877 1835 2944 esse,vehementius
1863 2877 1987 2949 quis
2015 2895 2130 2932 sus-

517 2961 760 3032 picetur,
795 2965 1012 3020 moveri
1057 2968 1246 3037 potest
1292 2983 1360 3020 ex
1408 2982 1498 3032 eo,
1547 2965 1726 3037 quod.
1755 2965 1999 3038 scriptor
2038 2966 2193 3068 hicc

520 3051 710 3106 saeculi
738 3052 893 3106 tertii
926 3053 1308 3109 decimiinitio
1342 3053 1575 3108 indubic
1597 3053 1876 3119 ﬂoruerit,
1910 3071 2128 3126 anony-

520 3153 650 3196 mus
670 3143 863 3196 autem
882 3143 1206 3212 primorum
1235 3142 1488 3215 quinque
1523 3142 1834 3196 Carthusiae
1868 3142 2131 3197 Priorum

520 3229 787 3284 Chronici
817 3233 1017 3285 auctor
1054 3235 1188 3285 ante
1237 3247 1458 3285 annum
1513 3230 1740 3285 circiter
1775 3233 1910 3285 1250
1967 3247 2131 3285 suam

521 3317 672 3372 hanc
703 3317 1221 3386 elucubrationem,
1256 3319 1315 3373 in
1333 3336 1446 3390 qua
1470 3317 1770 3373 Parisiensi
1801 3319 2133 3390 prodigium

520 3405 719 3472 refert,
754 3406 1135 3460 verosimilius
1162 3424 1280 3461 non
1317 3406 1649 3474 elaborarit,
1683 3406 1763 3460 uti
1792 3423 1858 3460 ex
1891 3406 1976 3471 iis,
2005 3423 2133 3478 quae

524 3496 591 3562 §l
632 3494 863 3561 diserui,
899 3495 1034 3549 satis
1061 3494 1432 3566 liquet.Quod
1451 3494 1496 3549 si
1523 3511 1695 3566 porro
1723 3498 1943 3548 certum
1962 3496 2132 3563 foret,

523 3582 875 3654 prodigium,
909 3583 1064 3655 quod
1094 3583 1271 3637 refert
1299 3583 1595 3651 Caesarius,
1615 3582 1888 3650 evenisse,
1912 3583 2082 3655 idque
2102 3602 2136 3638 a

523 3671 789 3742 prodigio
817 3671 1139 3738 Parisiensi,
1166 3688 1279 3744 quo
1310 3672 1500 3726 Bruno
1532 3671 1592 3725 in
1623 3688 1886 3726 eremum
1943 3673 2136 3742 pulsus

523 3757 727 3826 fertur,
762 3776 879 3814 non
909 3776 1030 3814 esse
1056 3759 1364 3827 diversum,
1413 3759 1923 3816 Carthusianorum
1971 3778 2131 3828 sane,

524 3846 660 3902 hinc
703 3864 935 3903 causam
988 3848 1380 3904 conversionis
1419 3848 1612 3918 ;sancti
1662 3848 2004 3920 patriarchae
2049 3851 2135 3904 sui

525 3936 941 4008 repetentium,
974 3940 1062 3992 sat
1083 3936 1422 3992 verosimilis
1449 3940 1757 4007 appareret
1789 3936 2005 4007 opinio,
2030 3937 2134 3992 etsi

525 4023 760 4078 interim
789 4024 1422 4091 Caesarius,Brunonem
1443 4024 1728 4096 prodigio,
1746 4025 1902 4096 quod
1913 4029 2130 4094 narrat,

523 4110 585 4165 in
606 4127 871 4166 eremum
892 4115 1084 4166 actum
1097 4112 1288 4180 fuisse,
1307 4128 1424 4167 non
1440 4111 1644 4166 edicat.
1667 4115 1853 4184 Atque
1873 4114 2006 4169 hinc
2023 4118 2127 4183 est,

522 4215 625 4254 cur
653 4199 1038 4270 potissimum,
1063 4217 1178 4256 non
1223 4217 1296 4255 an
1327 4217 1495 4256 causa
1524 4201 1911 4256 conversionis
1950 4203 2130 4258 sancti

2225 1831 2426 1869 earum
2459 1815 2724 1870 notitiam
2774 1815 3129 1869 habuissent.
3164 1815 3231 1867 Et
3270 1831 3375 1869 nos
3420 1814 3840 1869 afﬁrmantium

2225 1903 2416 1973 potius
2437 1902 2748 1973 imperitia,
2768 1919 2944 1974 quam
2970 1902 3285 1956 tacentium
3320 1901 3584 1956 doctrina
3617 1901 3746 1956 duci
3767 1900 3840 1955 si-

2227 1991 2463 2046 nemus?
2483 2009 2515 2043 ›>
2550 1991 2676 2046 Haec
2693 1992 3018 2063 generatim
3043 1989 3310 2045 Muratori
3323 2007 3384 2044 us
3413 1989 3484 2044 de
3506 1989 3840 2062 argumenti

2227 2078 2479 2150 negativi
2494 2079 2568 2145 vi,
2603 2096 2730 2150 quae
2763 2081 2980 2151 quanta
3007 2078 3250 2133 subinde
3289 2079 3382 2146 sit,
3407 2079 3489 2133 uti
3533 2079 3710 2134 etiam
3745 2079 3840 2151 qui

2229 2169 2286 2221 et
2315 2166 2551 2236 quando
2611 2169 2803 2222 locum
2846 2168 3062 2223 habere
3096 2171 3289 2240 queat,
3317 2186 3570 2241 pronum
3624 2169 3738 2224 erit
3774 2185 3840 2223 ex

2218 2255 2345 2326 jam
2377 2272 2530 2309 nunc
2553 2255 2811 2310 dicendis
2833 2273 3055 2312 eruere.

2297 2346 2419 2400 258.
2447 2343 2590 2398 Cum
2619 2346 2803 2416 plura,
2830 2362 3012 2417 eaque
3039 2345 3212 2400 etiam
3235 2332 3436 2400 natatu
3481 2343 3835 2416 dignissima,

2227 2433 2570 2505 quaslittcris
2601 2433 2940 2505 consignata
2985 2451 3104 2488 non
3143 2433 3528 2505 reperiantur,
3561 2431 3837 2486 necforte

2227 2523 2405 2577 etiam
2437 2523 2670 2588 fuerint,
2712 2523 2929 2578 saeculis
2955 2522 3258 2594 praeteritis
3296 2526 3460 2592 gesta
3507 2537 3650 2588 esse,
3687 2519 3839 2592 apud

2227 2627 2432 2666 omnes
2448 2627 2628 2683 prope
2652 2612 2707 2666 in
2723 2612 2981 2666 confesso
2997 2612 3086 2672 sit,
3101 2628 3207 2666 nec
3227 2611 3435 2664 merito
3452 2609 3651 2681 negari
3675 2624 3837 2681 posse

2230 2699 2510 2767 videatur,
2539 2715 2655 2754 non
2673 2699 2946 2754 continuo
2974 2703 3060 2754 est
3089 2715 3466 2770 consequens,
3490 2701 3552 2752 ut
3573 2715 3684 2765 res,
3713 2713 3838 2769 quae

2229 2803 2263 2840 a
2284 2787 2417 2842 solis
2433 2787 2802 2860 scriptoribus
2823 2786 3238 2841 recentioribus
3250 2785 3842 2851 memorantur,indu-

2226 2875 2320 2930 bie
2364 2875 2520 2930 falsae
2556 2875 2691 2942 sint;
2721 2879 2877 2930 certo
2906 2879 3103 2929 tamen
3141 2877 3277 2929 tunc
3333 2875 3422 2928 vel
3468 2872 3840 2944 probabiliter

2231 2963 2507 3018 duntaxat
2553 2964 2709 3018 falsae
2754 2967 2942 3030 erunt,
2993 2966 3163 3035 prout
3192 2963 3298 3030 vel,
3328 2962 3482 3034 quod
3523 2977 3654 3017 raro
3705 2976 3838 3016 sane

2230 3052 2349 3118 fiet,
2382 3051 2721 3120 constiterit,
2753 3053 2840 3106 vel
2875 3051 3172 3124 probabile
3205 3053 3304 3106 aut
3331 3049 3657 3105 verosimile
3698 3049 3841 3104 dun-

2231 3143 2388 3194 taxat
2413 3140 2606 3206 fuerit,
2649 3141 2954 3213 scriptores
2985 3140 3254 3211 antiquos
3285 3143 3393 3194 aut
3414 3154 3594 3192 unum
3637 3139 3842 3191 saltem

2232 3245 2298 3282 ex
2329 3228 2416 3282 his
2442 3230 2778 3296 alterumve,
2799 3246 2832 3283 a
2857 3228 3064 3301 quibus
3083 3228 3308 3282 silentio
3325 3231 3694 3299 premuntur,
3726 3241 3844 3280 esse

2232 3317 2583 3388 hujusmodi,
2618 3320 2680 3371 ut
2727 3335 2841 3385 eas,
2902 3317 2948 3371 si
2991 3317 3252 3384 fuissent,
3312 3315 3526 3382 scituri,
3565 3315 3844 3386 scitasque

2234 3406 2748 3461 commemoraturi
2802 3406 3062 3462 fuissent.
3097 3406 3499 3478 Papebrocbus
3531 3407 3730 3460 noster
3777 3402 3844 3458 ab

2235 3494 2386 3549 hisce
2415 3512 2532 3550 non
2547 3496 2795 3550 multum
2813 3495 3052 3562 abludit,
3074 3494 3134 3549 in
3165 3495 3466 3566 Propylzeo
3479 3492 3700 3548 mensis
3726 3490 3847 3548 Maii

2233 3583 2570 3651 rectissime,
2603 3586 2665 3638 ut
2696 3584 2836 3638 mihi
2865 3582 3136 3654 equidem
3174 3587 3436 3655 apparet,
3484 3583 3557 3637 ad
3596 3597 3847 3653 praesens

2235 3671 2560 3727 institutum
2581 3673 2659 3727 sic
2691 3673 2972 3727 scribens:
3008 3691 3038 3724 α
3063 3671 3334 3736 Quamvis
3364 3671 3424 3726 in
3454 3672 3646 3742 rigore
3666 3670 3841 3725 diale-

2235 3760 2378 3814 ctico
2412 3778 2529 3814 non
2560 3763 2869 3831 sequatur:
2905 3760 3028 3815 Non
3047 3762 3132 3814 est
3161 3760 3438 3831 scriptum
3490 3760 3578 3813 vel
3605 3758 3840 3823 dictum;

2235 3865 2374 3920 ergo
2423 3865 2538 3902 non
2573 3851 2658 3902 est
2684 3850 2938 3917 factum;
2995 3865 3102 3903 nec
3145 3848 3304 3903 enim
3345 3847 3536 3902 minus
3579 3846 3780 3902 fuisset
3811 3862 3843 3899 a

2236 3937 2456 3992 Christo
2507 3938 2806 3993 suscitatus
2846 3938 3107 4004 Lazarus,
3153 3937 3289 3992 licet
3345 3937 3454 3991 hoc
3495 3937 3750 3990 Joannes
3789 3935 3843 3988 et

2233 4025 2327 4080 alii
2377 4029 2493 4081 tres
2530 4027 2894 4098 evangelistw
2940 4026 3273 4093 tacuissent,
3304 4025 3617 4080 tacuissent
3665 4023 3839 4079 etiam

2232 4115 2625 4185 apostolorum
2672 4115 2951 4186 discipuli,
3008 4117 3066 4169 et
3095 4113 3183 4168 his
3222 4116 3392 4168 aetate
3421 4112 3685 4184 proxime
3723 4127 3840 4167 om-

2231 4219 2352 4272 nes;
2381 4207 2537 4258 recte
2567 4207 2766 4258 tamen
2788 4203 3065 4276 sequitur:
3089 4203 3207 4258 Hoc
3228 4204 3317 4257 vel
3353 4202 3495 4257 illud
3524 4203 3686 4256 caret
3712 4216 3840 4256 con-

522 4288 719 4350 fuerit.
750 4289 850 4344 sed
887 4306 961 4344 an
1003 4289 1228 4346 veritati
1271 4293 1549 4345 consonet
1582 4289 1897 4345 Parisiense
1937 4293 2130 4363 prodi-
2152 4291 2206 4350 D
2231 4309 2390 4364 grue:
2420 4292 2799 4365 antiquitatis,
2831 4295 2889 4346 et
2913 4291 3272 4346 auctoritatis
3292 4290 3646 4357 testimonio;
3679 4304 3834 4360 ergo,

523 4375 707 4446 gium,
744 4377 1156 4450 inquirendum
1193 4378 1306 4447 sit;
1362 4395 1476 4450 qua
1512 4379 1583 4433 de
1626 4397 1688 4434 re
1728 4397 1856 4452 quae
1892 4382 2131 4437 tandem

521 4480 654 4518 mea
685 4465 756 4519 sit
773 4466 990 4537 opinio,
1015 4471 1155 4522 tunc
1185 4467 1430 4535 edicam,
1464 4484 1595 4523 cum
1619 4473 1748 4541 post
1771 4469 1895 4539 jam
1919 4471 2130 4527 relatos

519 4551 826 4622 scriptores
855 4555 1142 4627 antiquos,
1175 4556 1273 4628 qui
1322 4556 1666 4611 testimoniis
1709 4557 1822 4613 suis
1845 4559 2125 4631 [prodigio

518 4639 924 4712 suffragantur,
959 4660 1298 4700 recensuero
1315 4645 1491 4700 etiam
1506 4646 1812 4717 scriptores
1837 4647 2122 4720 antiquos,

520 4727 617 4798 qui
649 4729 879 4786 silentio
906 4749 1006 4786 suo
1038 4733 1228 4788 eidem
1251 4733 1519 4788 videntur
1545 4734 1796 4789 ofﬁcere.

518 4817 547 4884 §
576 4820 711 4875 XV.
739 4819 836 4876 An
864 4821 995 4892 quid
1006 4828 1189 4876 contra
1219 4825 1531 4888 anaslasim,
1561 4841 1666 4894 qua
1690 4823 1874 4878 doctor
1889 4842 1943 4880 se
1970 4826 2123 4881 dam-

583 4917 774 4966 natum
785 4910 1000 4981 publice
1027 4911 1386 4975 denuntiarit,
1430 4929 1493 4966 ea:
1519 4912 1731 4967 silentio
1759 4913 1842 4968 vel
1866 4913 1928 4968 S.
1982 4914 2126 4970 Bru-

582 5001 762 5063 uom's,
784 4999 868 5055 vel
891 4997 1172 5070 Guigonis,
1209 5000 1291 5054 vel
1311 4999 1568 5056 Guiberti
1591 5000 1656 5056 de
1681 5001 2120 5075 Navigentopos-

578 5093 653 5146 sit
680 5090 887 5160 conﬁci.

566 5181 756 5235 157.1n
765 5179 934 5234 rebus
945 5177 1225 5233 historicis
1237 5181 1582 5249 argumento
1597 5179 1859 5249 negativo
1872 5181 1986 5235 vim
2002 5198 2118 5237 non

506 5269 800 5324 modicam
812 5268 1148 5339 frequenter
1169 5267 1375 5332 inesse,
1396 5266 1699 5337 peritiores
1715 5283 1918 5322 omnes
1937 5270 2117 5325 critici

485 5357 681 5417 ,modo
715 5356 1050 5412 admittunt.
1086 5357 1275 5410 Unum
1306 5355 1398 5409 hic
1421 5354 1684 5410 omnium
1712 5355 1837 5410 loco
1857 5357 2114 5413 attulisse

500 5444 744 5499 sufficiat
754 5443 1150 5501 Muratorium.
1168 5445 1263 5500 Hic
1276 5444 1708 5500 Anecdotorum
1731 5445 1950 5513 tom.ll,
1983 5462 2109 5519 cap.

497 5533 585 5600 21,
608 5532 688 5587 sic
706 5532 939 5602 scribit:
970 5530 1115 5588 «Sed
1123 5533 1250 5605 jam
1281 5534 1564 5605 quosdam
1584 5531 1731 5588 mihi
1753 5538 2103 5607 reponentes

2231 4381 2447 4435 factum
2474 4398 2741 4448 esse,non
2762 4383 2849 4435 est
2871 4381 3188 4451 prudenter
3208 4379 3503 4446 credibile,
3525 4379 3692 4434 sicuti
3722 4392 3834 4432 non

2231 4473 2378 4524 esset
2428 4469 2715 4524 credibilis
2763 4469 3117 4524 resuscitatio
3176 4468 3370 4524 Lazari
3423 4468 3483 4522 in
3533 4463 3833 4523 universali

2229 4558 2491 4612 omnium
2506 4557 2756 4625 silentio,
2790 4557 2889 4630 qui
2907 4557 2990 4612 rei
3003 4561 3178 4630 gesta:
3189 4558 3280 4612 vel
3297 4556 3693 4612 interfuissent
3705 4552 3830 4627 ipsi,

2225 4648 2313 4702 vel
2341 4664 2407 4702 ex
2424 4647 2807 4718 praesentibus
2827 4647 3200 4719 accepissent,
3228 4649 3337 4701 etc.
3361 4647 3542 4702 Tanto
3561 4647 3755 4700 autem
3770 4641 3833 4696 fit

2225 4735 2437 4791 certior
2465 4739 2523 4790 et
2571 4735 2892 4790 evidentior
2921 4753 2991 4790 ex
3039 4738 3386 4808 argumento
3427 4735 3695 4806 negativo
3728 4733 3833 4788 de-

2226 4824 2588 4891 monstratio,
2611 4827 2828 4895 quanto
2850 4823 3057 4878 notitia
3084 4824 3241 4891 facti,
3265 4824 3335 4878 de
3361 4824 3448 4894 cui
3460 4841 3522 4879 us
3545 4825 3828 4880 credibili-

2224 4916 2340 4968 tate
2368 4912 2833 4981 eontrovertitur,
2865 4913 2939 4967 ad
2961 4913 3151 4983 plures
3173 4913 3524 4985 pertingere,
3554 4916 3612 4968 et
3640 4931 3675 4968 a
3703 4915 3826 4985 plu-

2221 5001 2378 5058 ribus
2409 5001 2618 5073 scripto
2640 5000 2965 5072 consignari
2984 5000 3274 5056 debuisset
3291 5000 3825 5075 propter'insignem

2221 5091 2306 5146 sui
2335 5090 2680 5146 claritatem.
2698 5108 2730 5141 »
2767 5090 2897 5144 Haec
2909 5089 3353 5160 Papebrochius,
3370 5090 3579 5145 decens
3595 5090 3823 5159 scilicet,

2221 5182 2568 5250 argumento
2593 5177 2888 5250 negativo,
2904 5181 2966 5232 ut
2981 5181 3043 5232 ut
3055 5178 3436 5245 facta,contra
3453 5195 3584 5250 qua:
3597 5179 3820 5247 militat,

2219 5285 2254 5323 a
2285 5285 2419 5323 vero
2447 5284 2568 5322 esse
2601 5267 2810 5333 aliena,
2843 5265 3050 5321 invicte
3064 5283 3182 5322 non
3212 5267 3439 5339 probet,
3456 5283 3588 5322 eam
3607 5272 3821 5324 tamem

2217 5357 2331 5411 vim
2354 5356 2560 5423 inesse,
2585 5371 2699 5426 qua
2728 5355 2847 5422 ﬁat,
2884 5359 2947 5410 ut
2970 5355 3093 5410 haec
3121 5354 3257 5411 inde
3283 5356 3372 5410 vel
3402 5357 3587 5428 magis
3607 5359 3694 5412 vel
3720 5357 3822 5412 mi-

2213 5463 2322 5502 nus
2351 5445 2426 5501 ad
2453 5459 2653 5499 rerum
2681 5441 3108 5499 incredibilium
3139 5445 3382 5502 classem
3412 5445 3714 5505 accedant.

2281 5537 2407 5594 259.
2457 5529 2836 5606 Dispiciamus
2854 5533 3056 5606 modo,
3111 5551 3190 5591 an
3234 5537 3293 5590 et
3335 5532 3808 5607 quid-secundum
