4224 6058
314 244 422 300 153

1894 226 2075 290 ACTA

3544 240 3644 299 154

307 367 447 439 jam
476 365 633 422 dicta
659 381 695 420 e
714 362 1065 436 scriptorum
1088 360 1461 434 antiquorum
1493 360 1932 430 silentio,seuex
1950 362 2009 424 Δ,
2033 362 2131 417 ubi
2145 360 2489 436 religionem
2514 364 2651 434 voti,
2685 382 2798 437 quo
2824 366 3012 421 Bruno
3040 369 3098 420 et
3120 366 3453 440 Radulphus
3478 371 3641 424 tene-

312 455 678 529 argumentis
716 454 1015 525 negativis,
1050 470 1081 507 e
1107 452 1336 507 silentio
1364 453 1474 507 hoc
1498 450 1782 517 formatis,
1802 467 1931 521 pos-

312 545 390 599 sit
418 543 625 601 conﬁci
659 546 866 598 contra
896 541 1236 608 Parisiense,
1289 556 1403 612 quo
1466 541 1655 595 Bruno
1711 539 1770 593 in
1815 555 1936 593 ere-

317 650 488 688 mum
520 633 715 704 pulsus
742 630 940 698 fuerit,
977 630 1230 686 doctoris
1262 629 1541 701 tantisper
1586 628 1817 684 redivivi
1847 644 1934 682 se-

308 739 429 795 que
459 722 829 787 damnatum,
870 718 1099 792 publice
1126 735 1322 774 coram
1370 718 1597 772 inﬁnita
1624 733 1934 789 propemo-

314 810 466 866 dum
488 809 690 881 populi
719 808 1091 864 multitudine
1122 810 1258 862 tunc
1282 806 1576 867 vociferati
1606 806 1935 878 prodigium

307 899 608 954 Launoius
638 898 698 953 in
726 915 829 952 sua
851 898 923 952 de
952 914 1087 952 vera
1101 913 1274 951 causa
1298 912 1550 950 secessus
1578 895 1635 949 S.
1655 893 1936 949 Brunonis

307 989 373 1043 in
417 1003 693 1043 eremum
745 985 1159 1042 Dissertatione
1189 985 1248 1038 in
1289 984 1548 1040 medium
1586 983 1817 1039 adducit
1835 1000 1934 1037 au-

316 1079 521 1132 ctores
551 1074 758 1147 viginti
790 1091 1000 1130 novem
1047 1073 1336 1145 antiquos,
1369 1090 1532 1145 quos,
1581 1089 1711 1127 cum
1738 1070 1935 1143 prodi-

314 1165 405 1237 gii
442 1162 781 1219 Parisiensis
813 1179 931 1219 non
952 1162 1352 1230 meminerint,
1384 1160 1851 1221 commentitium
1877 1158 1937 1214 id

312 1270 445 1308 esse
469 1269 573 1308 suo
610 1251 842 1307 silentio
875 1251 1072 1306 testari
1094 1251 1414 1309 contendit.
1446 1251 1662 1305 Horum
1695 1249 1935 1305 aliisan-

318 1346 422 1396 cto
454 1342 707 1413 aequales
732 1343 831 1395 aut
850 1340 955 1395 sub
980 1340 1230 1412 aequales
1246 1339 1500 1407 fuerunt,
1534 1337 1629 1393 alii
1658 1354 1774 1394 uno
1795 1338 1935 1393 alte-

314 1445 463 1486 rove
491 1429 720 1484 circiter
742 1428 951 1484 saeculo
974 1432 1105 1500 post
1128 1444 1263 1483 eum
1295 1427 1935 1496 ﬂoruerunt,omnium-

309 1534 432 1590 que
466 1518 707 1573 ultimus
724 1517 976 1573 Joannes
1005 1516 1076 1572 de
1100 1516 1311 1572 Sancto
1332 1516 1557 1571 Victore
1602 1532 1756 1570 anno
1800 1518 1936 1571 1322

313 1604 619 1662 scribendi
643 1607 824 1661 ﬁnem
839 1605 1213 1660 fecit.Verum
1234 1605 1392 1660 nulla
1406 1604 1653 1672 ratione,
1670 1621 1771 1660 cur
1788 1620 1933 1659 non-

2034 452 2269 519 bantur,
2299 471 2431 507 cum
2462 454 2543 508 illi
2572 454 2833 509 horribili
2865 457 3209 526 spectaculo,
3236 456 3391 527 quod
3419 458 3640 511 Bruno-

2035 557 2169 595 nem
2189 541 2246 595 in
2274 559 2538 597 eremum
2565 542 2748 614 egisse
2779 544 2965 610 docet,
2996 544 3644 615 componenshorribile

2033 632 2423 699 spectaculum
2451 647 2555 701 pro
2608 632 2830 686 fortiori
2882 632 3262 687 incitamento
3319 631 3492 686 ducit.
3527 632 3644 687 Hoc

2036 720 2231 773 autem
2261 718 2487 774 fortiori
2519 720 2897 776 incitamento
2912 720 2957 774 si
2982 738 3123 792 opus
3140 721 3248 776 fuit
3265 720 3647 787 Brunoni,cur

2037 824 2175 875 non,
2201 824 2413 878 quaeso,
2450 809 2772 881 Radulpho,
2817 810 2915 881 qui
2962 810 3380 865 exsolutionem
3420 808 3536 865 voti
3569 807 3648 863 sic

2035 895 2273 963 distulit,
2304 900 2367 951 ut
2394 914 2714 969 nunquam,
2748 899 2904 970 quod
2947 898 3144 967 sciam,
3177 895 3549 972 impleverit?
3574 897 3649 951 At

2034 985 2356 1063 sapientem
2387 985 2574 1040 virum
2604 986 2663 1040 in
2697 986 2957 1057 epistola,
2990 987 3087 1042 ubi
3118 987 3414 1042 machinas
3441 1002 3648 1042 omnes

2035 1074 2270 1128 adhibet
2300 1074 2373 1128 ad
2404 1074 2755 1129 movendum
2782 1074 3168 1146 Radulphum,
3202 1075 3647 1147 praeterisse,vel

2035 1178 2154 1217 non
2204 1162 2411 1233 saepius
2458 1180 2834 1233 exaggerasse
2879 1165 3181 1236 quaesitum
3233 1163 3577 1235 supplicium
3611 1178 3644 1217 e

2034 1251 2378 1322 spectaculo,
2413 1252 2569 1323 quod
2599 1251 2657 1306 in
2688 1256 2963 1323 promptu
3010 1254 3261 1324 positum
3292 1255 3436 1319 erat,
3469 1252 3516 1306 si
3555 1255 3643 1307 ta-

2034 1356 2170 1395 men
2200 1357 2458 1412 unquam
2487 1340 2738 1411 positum
2763 1342 2891 1407 fuit,
2916 1341 2976 1395 id
3007 1359 3140 1397 vero
3166 1342 3387 1412 justam
3417 1340 3476 1395 in
3505 1341 3644 1394 Bru-

2034 1446 2211 1496 none,
2244 1432 2306 1483 ut
2335 1429 2561 1500 opinor,
2594 1429 3043 1485 admirationem
3080 1430 3341 1484 haberet.
3371 1428 3514 1483 Cum
3536 1426 3646 1499 igi-

2035 1521 2127 1573 tur
2144 1518 2295 1572 inter
2325 1520 2627 1572 momenta
2651 1518 3187 1590 rationum,quibus
3215 1519 3405 1572 Bruno
3436 1514 3648 1570 Radul-

2034 1606 2214 1677 phum
2241 1610 2539 1677 perm0vet
2568 1606 2640 1661 ad
2654 1606 3002 1662 reddentum
3040 1610 3260 1675 votum,
3289 1597 3487 1661 omisit
3508 1605 3646 1658 hor-

317 1694 467 1751 nulli
482 1712 553 1750 ex
581 1695 672 1750 his
691 1693 1022 1767 prodigium
1052 1692 1193 1748 illud
1214 1692 1498 1760 siluerint,
1532 1693 1747 1748 mirum
1786 1691 1932 1746 acci-
1959 1683 2012 1743 B
2034 1694 2199 1749 ribile
2280 1695 2670 1766 spectaculum
2691 1736 2705 1763 ,
2785 1712 2898 1768 quo
2962 1694 3208 1767 scriptor
3278 1692 3649 1749 didascalicus

328 1784 440 1852 dit,
466 1783 703 1855 vimque
731 1782 978 1855 proinde
1014 1785 1113 1837 aut
1150 1782 1395 1849 nullam,
1442 1784 1541 1837 aut
1571 1798 1709 1836 sane
1738 1781 1938 1835 admo-

317 1872 465 1928 dum
494 1871 767 1944 exiguam
788 1871 1106 1927 formatum
1127 1887 1195 1925 ex
1224 1887 1429 1926 eorum
1455 1869 1681 1926 silentio
1708 1868 1934 1942 negati-

319 1978 463 2017 vum
497 1963 910 2032 argumentum
939 1958 1183 2015 obtinet.
1217 1959 1406 2023 Quare
1437 1958 1787 2015 nominatim
1841 1974 1938 2013 au-

309 2052 546 2105 ctorem
585 2048 843 2116 illorum,
876 2064 996 2103 non
1044 2047 1330 2116 omnium,
1364 2048 1465 2104 sed
1511 2046 1935 2121 praecipuorum

316 2137 609 2193 duntaxat
664 2154 731 2193 ac
776 2138 1029 2192 maxime
1082 2153 1309 2205 eorum,
1375 2136 1473 2210 qui
1504 2136 1860 2208 prodigium,
1889 2135 1933 2189 si

308 2226 541 2294 fuisset,
600 2226 1120 2281 commemoraturi
1186 2226 1590 2281 verosimiliter
1671 2225 1932 2292 fuissent,

313 2331 582 2388 quosque
606 2314 850 2386 proinde
881 2314 938 2369 id
955 2332 1075 2370 non
1102 2314 1325 2381 fecisse,
1354 2314 1569 2370 mirum
1600 2316 1788 2386 potest
1816 2329 1934 2368 non

311 2403 592 2459 immeito
619 2401 822 2470 videri,
855 2401 1151 2457 silentium
1185 2402 1345 2457 lubet
1366 2402 1669 2470 discutere,
1697 2418 1762 2457 ac
1799 2400 1936 2474 quid

312 2508 567 2564 quaeque
596 2508 663 2546 ex
692 2491 804 2545 hoc
834 2489 1082 2545 adducta
1124 2508 1158 2545 a
1187 2490 1442 2546 Launoio
1465 2494 1812 2562 argumenta
1841 2505 1939 2544 ne-

310 2580 514 2653 gativa
542 2580 794 2647 valeant,
821 2578 1169 2650 ponderare.
1203 2578 1438 2634 lnitium
1476 2579 1621 2635 duco
1642 2596 1677 2633 a
1705 2577 1934 2633 silentio

308 2668 624 2741 ipsiusmet
652 2666 710 2722 S.
740 2667 1045 2735 Brunonis,
1096 2666 1186 2722 cui
1216 2670 1244 2737 §
1276 2667 1545 2739 praesenti
1579 2668 1720 2724 duos
1750 2667 1936 2722 adhuc

309 2757 482 2825 alios,
513 2756 784 2811 videlicet
808 2755 1430 2829 Guigonem,quintum
1457 2755 1936 2829 Carthusiaeprio-

307 2861 465 2913 rem,
493 2847 554 2899 et
580 2843 916 2899 Guibertum
950 2844 1021 2900 de
1048 2844 1389 2916 Novigento,
1421 2845 1752 2917 prodigium
1782 2843 1935 2917 pari-

308 2936 401 2988 ter
426 2931 1330 3032 silentes,‘adtjun‘gam.-Sanetus
1354 2933 1549 3032 itaque
1581 2933 1640 2988 in
1672 2934 1934 3032 epistola,
1964 2972 2012 3032 Ο

310 3036 497 3092 supra
500 3021 628 3092 jam
648 3020 866 3092 pluries
890 3021 1125 3075 laudata
1139 3021 1404 3094 infraque
1418 3022 1512 3077 hic
1535 3022 1764 3095 integra
1792 3021 1936 3077 reci-

310 3109 518 3177 tanda,
552 3126 728 3182 quam
763 3108 837 3164 ad
868 3109 1234 3181 Radulphum
1249 3110 1524 3179 Viridem,
1559 3128 1671 3182 quo
1696 3112 1850 3165 hunc
1865 3110 1940 3165 ad

310 3198 599 3252 emissum
623 3197 950 3253 monachici
989 3198 1218 3253 habitus
1251 3199 1596 3270 suscipiendi
1618 3199 1937 3255 votumim-

310 3285 604 3358 plendum
634 3286 931 3354 excitaret,
1000 3286 1357 3359 conscripsit,
1401 3289 1621 3343 nullam
1651 3289 1823 3361 plane
1868 3287 1939 3343 de

306 3373 612 3429 horrendo
643 3375 894 3431 doctoris
917 3373 1177 3430 damnati
1205 3377 1668 3449 spectaculo,quo
1696 3376 1939 3445 viso,vo-

311 3466 444 3519 tum
466 3463 590 3536 ipse
618 3463 946 3537 impleverit
970 3466 1145 3537 atque
1167 3464 1229 3519 in
1259 3481 1523 3520 eremum
1557 3482 1681 3520 sese
1705 3480 1938 3537 recepe-

312 3554 412 3620 rit,
443 3551 813 3608 mentionem
870 3552 1029 3619 facit,
1062 3552 1160 3608 ubi
1194 3556 1393 3609 tamen
1434 3554 1544 3609 hoc
1573 3553 1649 3609 ad
1678 3570 1938 3609 commo-

312 3640 577 3696 vendum
621 3640 905 3714 Radulphi
955 3641 1030 3697 ad
1058 3640 1177 3697 voti
1205 3642 1624 3698 exsolutionem
1677 3642 1939 3698 animum

312 3732 821 3801 peropportunum
846 3729 1063 3786 fuisset.

389 3818 671 3875 260.Hinc
682 3818 983 3890 lLaunoius
1004 3819 1063 3874 in
1077 3836 1179 3875 sua
1192 3819 1456 3892 proxime
1467 3819 1679 3877 itarum
1707 3821 1940 3878 laudata

318 3907 393 3964 de
407 3923 551 3962 vera
570 3924 739 3963 causa
755 3924 1005 3964 secessus
1016 3908 1366 3966 S.Brunonis
1379 3909 1440 3964 in
1458 3911 1937 3967 eremumDisser-

317 3996 549 4053 tatione
561 4013 686 4070 cap.
717 3998 838 4052 lita
855 3997 1074 4070 arguit:
1102 4020 1131 4048 (ι
1149 3998 1480 4070 Radulphus
1499 4000 1940 4072 indignitacrio-

318 4086 491 4142 ribus
501 4086 769 4155 stimulis,
789 4086 995 4159 quibus
1029 4087 1104 4142 ad
1118 4086 1273 4142 sui...
1301 4087 1479 4159 (quod
1500 4104 1634 4143 cum
1670 4090 1938 4145 Brunone

320 4174 397 4231 de
420 4176 767 4232 monachico
789 4176 991 4231 habitu
1020 4174 1385 4247 suscipiendo
1431 4176 1492 4233 in
1518 4178 1825 4235 collatione
1844 4196 1936 4235 su-

2037 1782 2367 1855 (Saussaeius
2392 1800 2626 1854 nempe,
2659 1783 2739 1837 ita
2750 1784 2841 1837 hic
2864 1782 3252 1838 adidascalica
3280 1798 3382 1836 sua
3395 1771 3650 1853 Epistola,

2034 1887 2169 1926 mox
2225 1875 2552 1925 memorata
2599 1869 2937 1942 appellatus)
2991 1888 3050 1925 se
3091 1887 3125 1925 a
3154 1886 3332 1943 puero
3378 1866 3650 1923 imbitum

2034 1959 2358 2032 profitetur,
2401 1957 2458 2012 id
2485 1958 2698 2025 omisit,
2732 1957 2888 2031 quod
2917 1957 3107 2013 dicere
3154 1973 3274 2012 non
3319 1954 3526 2029 potuit.
3559 1954 3653 2011 Di-

2034 2065 2164 2103 cere
2192 2049 2387 2102 autem
2419 2063 2536 2102 non
2563 2047 2752 2119 potuit
2771 2046 3045 2120 quodsibi
3077 2062 3197 2101 non
3221 2045 3444 2112 accidit,
3474 2041 3654 2116 quod-

2036 2153 2147 2209 que
2198 2138 2372 2208 longo
2427 2139 2557 2207 post
2602 2153 2662 2190 se
2713 2139 2980 2207 tempore
3035 2135 3328 2190 invectum
3384 2129 3653 2189 nonnulli

2037 2224 2552 2280 Carthusionorum
2583 2223 2871 2295 originem
2899 2224 3182 2279 fecerunt.
3214 2244 3242 2273 »

2108 2314 2231 2368 261.
2272 2313 2553 2367 Hactenus
2602 2313 2926 2381 Launoius;
2969 2312 3102 2367 audi
3134 2311 3332 2378 modo,
3388 2309 3529 2383 quid
3576 2308 3653 2365 ad

2034 2402 2145 2457 hoc
2175 2402 2297 2473 ejus
2355 2406 2556 2457 contra
2587 2401 2984 2473 prodigiosam
3015 2401 3266 2457 doctoris
3320 2398 3653 2455 Parisiensis

2036 2491 2347 2547 anastasim
2404 2494 2820 2563 argumentum
2873 2490 3226 2563 respondeat
3281 2487 3650 2543 Cartusianus

2035 2597 2383 2653 anonymus,
2417 2580 2729 2635 Annalium
2770 2579 2999 2634 Ordinis
3027 2579 3113 2634 sui
3142 2578 3274 2633 libri
3303 2574 3493 2650 quarti
3514 2577 3648 2631 hac-

2036 2672 2204 2724 tenus
2224 2687 2343 2725 non
2367 2668 2580 2740 vulgati
2610 2672 2830 2724 auctor.
2859 2690 2886 2719 ‹‹
2911 2667 3241 2732 Quorsum..
3276 2665 3651 2739 (inquitlucu-

2035 2758 2318 2814 brationis
2368 2774 2483 2815 suae
2524 2775 2687 2813 num.
2722 2758 2809 2830 90)
2843 2756 3014 2827 hujus
3062 2755 3283 2811 mentio
3315 2751 3648 2826 spectaculi,

2037 2848 2194 2920 quod
2222 2847 2585 2918 Radulphum
2608 2862 2726 2901 non
2760 2846 3076 2917 spectabat,
3104 2844 3317 2917 quippe
3340 2842 3438 2915 qui
3451 2844 3651 2897 votum

2036 2952 2203 2991 suum
2237 2936 2334 2991 diu
2363 2935 2558 2991 forsan
2598 2939 2734 2990 ante
2766 2933 3083 2989 emiserat?
3114 2932 3373 3003 Cumque
3412 2929 3554 2985 illud
3584 2944 3652 2984 ex

2038 3024 2335 3079 Chronicis
2369 3023 2597 3079 Ordinis
2625 3022 3064 3096 (Carthusiensis
3096 3019 3392 3091 nimirum)
3429 3018 3653 3073 dicatur

2038 3112 2267 3168 Parisiis
2287 3112 2556 3167 accidisse
2587 3129 2741 3166 anno
2779 3114 2934 3178 1082,
2967 3126 3080 3184 quo
3108 3108 3344 3181 quidem
3386 3108 3654 3177 tempore

2038 3201 2229 3256 clerici
2255 3202 2585 3268 Remenses,
2618 3217 2653 3255 a
2676 3200 2929 3256 Manasse
2956 3199 3095 3254 olim
3122 3195 3365 3269 expulsi,
3384 3194 3459 3250 ad
3478 3194 3655 3249 eccle-

2038 3290 2184 3346 siam
2215 3307 2378 3344 suam
2403 3290 2527 3361 jam
2562 3289 2876 3355 redierant,
2932 3286 3058 3343 ﬁeri
3106 3289 3315 3367 potest,
3376 3282 3535 3356 quod
3562 3282 3652 3338 vel

2039 3379 2199 3447 illud,
2231 3378 2276 3433 si
2312 3378 2370 3433 in
2402 3379 2534 3433 aula
2587 3377 2741 3433 inter
2788 3376 3003 3433 amicos
3052 3392 3143 3431 res
3181 3377 3309 3431 acta
3333 3372 3459 3440 fuit,
3490 3375 3554 3427 ut
3584 3387 3654 3427 ex

2039 3467 2243 3524 iisdem
2264 3466 2562 3523 Chronicis
2587 3465 2980 3538 colligendum
3008 3468 3113 3532 est,
3160 3461 3515 3537 ignoraverit
3544 3461 3652 3515 Ra-

2040 3556 2306 3629 dulphus,
2338 3557 2423 3611 vel
2455 3557 2659 3611 saltem
2675 3555 2728 3610 ei
2745 3572 2864 3610 non
2888 3553 3233 3609 interfuerit.
3249 3551 3364 3608 Sed
3382 3550 3488 3606 etsi
3510 3566 3648 3605 con-

2039 3644 2375 3700 cederemus
2405 3661 2540 3699 eum
2568 3648 2708 3699 tunc
2737 3643 2909 3699 fuisse
2952 3645 3321 3715 praesentem,
3364 3656 3484 3695 non
3513 3637 3651 3694 inde

2039 3736 2378 3806 sequeretur
2405 3734 2736 3788 Brunonem
2767 3732 2953 3787 amico
3000 3730 3262 3786 debuisse
3294 3729 3484 3802 potius
3510 3743 3645 3799 pro-

2041 3822 2202 3895 digii,
2232 3838 2407 3895 quam
2454 3821 2569 3877 voti
2600 3821 2792 3876 emissi
2826 3820 3174 3875 memoriam
3214 3817 3507 3873 refricare.
3540 3817 3647 3870 Pa-
3678 3801 3689 3815 ’

2037 3911 2217 3968 ratius
2238 3910 2395 3966 enim
2425 3913 2551 3966 erat
2578 3910 2653 3966 ad
2673 3908 3080 3982 conﬁgendam
3106 3904 3391 3978 Radulphi
3423 3905 3653 3960 cuncta-

2037 4000 2260 4056 tionem
2291 3999 2343 4055 ei
2375 4004 2701 4073 opportune
2740 4003 2799 4055 et
2850 3998 3185 4070 importune
3226 3995 3515 4050 inculcare
3543 4008 3647 4050 vo-

2036 4094 2313 4163 tum,quo
2337 4090 2645 4145 tenebatur
2669 4088 2950 4155 astrictus,
2971 4087 3044 4142 ad
3075 4086 3230 4159 quod
3242 4081 3653 4140 exsolvendum

2036 4179 2140 4235 sub
2192 4196 2366 4251 poena
2400 4178 2622 4251 peccati
2656 4176 2920 4233 mortalis
2955 4175 3321 4249 obligabatur
3365 4189 3434 4229 ex
3489 4171 3653 4242 cuius

321 4281 435 4337 pra
466 4268 796 4320 memorata
827 4263 1120 4336 emiserat)
1166 4264 1281 4320 voti
1307 4266 1725 4322 exsolutionem
1752 4268 1941 4323 conci—
1959 4262 2023 4326 D.
2039 4267 2266 4323 defectu
2318 4266 2756 4323 damnationem
2795 4268 2922 4321 erat
2970 4266 3298 4321 incursurus
3342 4264 3647 4327 aeternam,

321 4357 571 4409 taretur.
605 4353 768 4409 Unde
779 4353 845 4408 ﬁt
876 4356 939 4408 ut
961 4354 1154 4409 Bruno
1167 4354 1274 4409 hac
1301 4371 1361 4408 in
1391 4355 1653 4425 epistola,
1675 4356 1821 4411 sicut
1846 4374 1941 4413 vo-

321 4441 755 4499 tumreddenti
785 4442 1054 4514 gloriam,
1096 4441 1177 4497 ita
1203 4460 1322 4499 non
1349 4443 1618 4500 reddenti
1656 4447 1937 4502 aeternam

320 4547 566 4604 poenam
583 4531 883 4604 Radulpho
910 4534 1226 4605 proponat;
1258 4532 1356 4587 ubi
1383 4536 1537 4588 certe
1558 4535 1717 4589 locus
1740 4534 1935 4590 fuitilli

317 4621 653 4693 spectaculo
680 4619 966 4689 horribili,
998 4619 1046 4675 si
1077 4620 1232 4693 quod
1254 4621 1484 4677 Parisiis
1511 4625 1704 4678 actum
1727 4624 1942 4680 Bruno-

320 4725 466 4765 nem
497 4708 572 4764 ad
602 4708 966 4781 implendum
993 4712 1191 4765 votum
1223 4714 1397 4765 antea
1423 4709 1763 4784 impulisset.
1793 4712 1941 4777 Quid

318 4797 487 4854 enim
517 4802 645 4855 erat
675 4797 752 4855 ad
772 4797 1179 4871 configendam
1197 4798 1495 4872 Radulphi.
1511 4800 1941 4857 cunctationem

319 4888 603 4960 paratius,
636 4903 812 4960 quam
859 4886 912 4941 ei
940 4890 999 4943 et
1028 4889 1352 4960 opportune
1382 4890 1441 4942 et
1477 4886 1809 4961 importune
1849 4891 1939 4945 in-

319 4976 557 5033 culcare
597 4975 659 5030 id
701 4974 1010 5048 spectaculi
1068 4991 1272 5046 genus,
1325 4992 1440 5048 quo
1491 4977 1618 5049 ipsa
1658 4978 1941 5034 Brunonis

320 5066 639 5134 cunctatio,
665 5066 713 5122 si
732 5064 997 5138 Epistolas
1013 5063 1367 5121 didascalicaa
1400 5063 1456 5138 (a
1487 5065 1764 5123 Saussseio
1790 5067 1938 5123 scili-

320 5155 522 5211 cetad
575 5154 951 5211 Bertholdum
990 5153 1289 5209 Nihusium
1345 5154 1592 5227 scriptas,
1644 5172 1937 5230 anonque,

322 5244 379 5300 ui
410 5259 588 5316 supra
631 5241 819 5311 docui,
852 5243 987 5299 1645
1042 5241 1194 5315 typis
1223 5241 1648 5300 Coloniensicus
1695 5246 1936 5318 excussa)

320 5333 635 5402 credimus,
675 5333 898 5389 devicta
950 5332 1084 5387 est?
1110 5332 1307 5404 Neque
1336 5331 1448 5386 hoc
1497 5332 1702 5400 telum,
1736 5350 1851 5407 quo
1876 5350 1938 5390 se

320 5421 658 5497 impetitum
674 5421 746 5477 iri
757 5420 1024 5495 praevidit
1034 5421 1234 5476 auctor
1254 5419 1795 5490 didascalicus,satis
1810 5422 1938 5480 ido-

320 5510 761 5584 neaudeclineh.
785 5511 911 5577 imo.
935 5506 1460 5581 ιτωωάίεθηάιιω
1488 5511 1699 5582 metas.
1714 5510 1939 5588 objicit,

2037 4373 2214 4428 quam
2239 4357 2380 4411 alias
2412 4373 2529 4412 non
2561 4359 2686 4412 erat
2732 4355 3080 4422 incursurus,
3111 4352 3215 4408 etsi
3247 4367 3367 4406 non
3398 4348 3647 4416 audiret,

2038 4462 2144 4501 nec
2175 4446 2499 4515 obaudiret,
2534 4446 2877 4518 praedictum
2914 4443 3324 4516 spectaculum.
3357 4439 3543 4505 Quam
3574 4436 3650 4493 ob

2036 4550 2164 4589 rem
2194 4535 2339 4590 nihil
2358 4534 2715 4607 frequentius
2748 4534 2800 4588 ei
2842 4534 3072 4588 sanctus
3102 4532 3292 4586 Bruno
3322 4527 3541 4601 ingerit
3585 4525 3649 4581 in

2039 4640 2141 4678 sua
2169 4624 2439 4696 Epistola,
2459 4640 2637 4697 quam
2655 4622 3072 4695 obligationem
3093 4624 3294 4676 votum
3324 4613 3652 4675 exsolvendi

2040 4716 2100 4768 et
2125 4729 2345 4784 poenas,
2406 4730 2549 4786 quas
2581 4714 2729 4768 Deus
2755 4711 3041 4784 promissa
3088 4710 3197 4766 sibi
3247 4725 3363 4765 non
3396 4701 3657 4763 facienti-

2039 4801 2146 4857 bus
2166 4802 2442 4857 minatur.
2461 4822 2492 4855 ››
2518 4801 2780 4874 ιΙιᾶζίΠθ,
2803 4799 3098 4875 proposito
3130 4817 3164 4855 a
3193 4796 3448 4855 Launoio
3480 4810 3653 4866 argu-

2039 4894 2240 4946 mento
2263 4890 2407 4946 nihil
2437 4890 2680 4947 omnino
2731 4893 2937 4947 contra
2973 4887 3223 4946 doctoris
3269 4882 3529 4942 damnati
3568 4880 3655 4937 hia

2038 4980 2279 5036 storiam
2336 4979 2542 5049 evinci,
2596 4978 2808 5035 idcirco
2859 4977 3224 5052 potissimum
3267 4971 3648 5039 contendens,

2039 5070 2195 5142 quod
2222 5071 2452 5125 sanctus
2480 5069 2542 5125 in
2573 5086 2677 5124 sua
2727 5068 2801 5125 ad
2852 5066 3221 5136 Radulphum
3250 5060 3505 5135 Epistula
3530 5056 3651 5116 voti

2038 5158 2247 5230 potius,
2277 5176 2378 5214 seu
2404 5156 2792 5230 obligationis,
2815 5155 2951 5211 huic
2973 5168 3232 5220 annexus,
3255 5166 3434 5224 quam
3453 5147 3650 5205 feralis

2039 5247 2300 5303 damnati
2330 5247 2605 5315 historiae,
2639 5247 2836 5318 utpote
2865 5259 2994 5318 quae
3014 5241 3229 5309 minus,
3246 5255 3424 5313 quam
3453 5234 3653 5306 illa,ad
3736 5246 3753 5258 '

2038 5335 2155 5390 voti
2183 5337 2601 5394 exsolutionem
2624 5352 2658 5390 a
2685 5332 2985 5405 Radulpho
3013 5326 3472 5402 extorquendam
3502 5327 3652 5381 esset

2040 5426 2195 5496 apta,
2225 5424 2556 5482 meminisse
2586 5419 2870 5479 debuerit.

2111 5512 2240 5573 262.
2272 5515 2523 5583 Vernm,-
2540 5511 2657 5571 etsi
2688 5509 2862 5572 idita
2890 5510 3002 5582 «sit,
3027 5508 3263 5568 sextum.
3295 5502 3539 5581 quidem
3556 5503 3657 5562 est
