3996 6012
369 256 468 313 155

1184 254 1243 314 S.
1305 259 1649 315 BRUNONIS
1710 259 2341 316 CARTHUSIANOBUM
2387 260 2859 317 INSTITUTORIS

3580 264 3678 320 156

361 371 1709 444 lectuosiilliusspectaculicommemorationem
1722 375 1977 430 futuram
1997 380 2046 438 A
2078 376 2353 448 Hugonis,
2383 393 2501 432 non
2533 377 2714 432 sancti
2744 375 3026 432 Brunonis
3054 376 3242 432 Vitam
3272 378 3635 435 conscribere
3667 397 3683 447 ;

360 459 532 514 fuisse
555 461 627 515 ad
649 462 1133 516 commovendum
1176 462 1457 533 Radulphi
1481 463 1738 517 animum
1776 480 1980 535 perop-

362 552 673 620 portunam
698 549 1062 621 maximeque
1084 550 1603 605 accommodatam.
1642 549 1828 615 Quare
1847 568 1977 605 cum

363 635 716 703 Brunonem,
744 636 929 691 virum
958 638 1328 709 prudentem,
1374 637 1435 691 in
1465 637 1728 708 epistola,
1752 639 1811 693 in
1841 656 1973 711 qua,

364 739 478 795 quo
529 723 603 778 ad
651 724 763 779 voti
799 728 1215 783 exsolutionem
1272 731 1637 802 Radulphum
1694 730 1973 795 inﬂectat,

358 811 658 866 machinas
684 829 886 868 omnes
911 814 1164 883 adhibet,
1195 817 1469 873 horrendi
1485 818 1746 889 ejusdem
1761 820 1978 888 specta-

361 899 545 967 culi,si
564 902 789 973 publice
817 903 896 969 id,
914 904 1150 960 absente
1168 906 1627 979 licetRadulpho,
1655 906 1972 973 accidisset,

360 990 719 1045 mentionem
739 991 1022 1047 facturum
1038 993 1326 1062 fuisse,sat
1338 996 1662 1051 verosimile
1677 997 1972 1066 appareat,

358 1078 624 1151 hancque
670 1080 1048 1136 nihilominus
1076 1083 1168 1137 ille
1214 1085 1274 1139 in
1326 1088 1448 1139 tota
1480 1085 1552 1139 ad
1609 1085 1974 1155 Radulphum

358 1167 621 1238 epistola,
648 1170 1013 1243 quamlonga
1036 1175 1138 1239 est,
1176 1173 1427 1241 omittat,
1462 1173 1785 1240 saneistud,
1818 1172 1975 1244 quod

355 1256 526 1309 nullis
549 1256 724 1311 etiam
744 1257 868 1312 aliis
889 1259 1259 1329 scriptorum,
1288 1262 1374 1314 vel
1398 1263 1861 1333 synchronorum
1884 1261 1970 1314 vel

355 1359 681 1400 cozevorum
710 1347 1054 1401 testimoniis
1086 1348 1309 1416 nititur,
1342 1349 1607 1404 falsitatis
1640 1351 1727 1404 vel
1758 1350 1971 1404 idcirco

354 1435 645 1506 utcunque
675 1438 1024 1506 suspectum,
1055 1441 1154 1492 aut
1203 1441 1357 1493 certe
1410 1438 1697 1493 difﬁcilius
1749 1438 1972 1493 creditu

354 1522 621 1591 efficitur,
655 1524 759 1579 etsi
792 1524 1028 1579 interim
1059 1531 1366 1598 prepterca
1397 1531 1553 1583 certo
1599 1528 1807 1583 falsum
1851 1544 1969 1583 non

353 1610 446 1666 sit.
478 1613 567 1667 Ad
596 1612 913 1667 secundum
943 1616 1212 1685 praesenti
1245 1617 1353 1671 hoc
1375 1620 1403 1686 §
1428 1617 1853 1672 discutiendum
1879 1634 1968 1672 ar-

2079 466 2235 536 quod
2266 483 2371 520 nec
2399 466 2575 520 etiam
2606 466 2760 532 fecit,
2788 465 2895 519 nisi
2924 483 2958 520 a
2988 483 3215 522 summo
3235 468 3512 523 Pontifice
3529 469 3689 540 prius

2078 553 2331 609 adactus.
2358 554 2543 618 Quam
2578 556 2650 609 ob
2681 571 2805 609 rem
2838 572 2904 610 ex
2931 554 3210 610 incidenti
3235 558 3462 611 tantum
3495 557 3688 629 aliqua

2078 641 2149 695 de
2208 646 2403 697 sancto
2452 644 2719 698 Brunone
2759 643 3273 716 habuit,quantum
3307 661 3376 699 ea
3422 648 3687 700 sanctum

2077 730 2379 801 Hugonem
2401 732 2753 803 tangebant;
2789 748 2895 786 nec
2921 734 3087 803 plura
3107 733 3177 788 de
3203 733 3417 789 Ordine
3444 734 3687 789 Carthu-

2076 817 2348 874 siensium
2379 837 2616 875 narrare
2637 821 2835 887 voluit,
2870 837 2978 876 nac
3010 821 3276 877 detentus
3318 822 3565 890 ratione,
3615 822 3686 877 de

2075 923 2189 978 qua
2226 909 2306 963 sic
2341 909 2566 981 scripsit
2591 911 2792 964 Petrus
2818 909 3206 965 Cluniacensis
3241 927 3255 965 :
3295 932 3319 961 ε
3354 912 3528 966 Multa
3558 910 3685 983 qui-
3790 986 3795 989 1

2076 1014 2106 1048 α
2143 997 2275 1051 dem
2322 997 2379 1051 in
2409 997 2508 1051 illo
2539 1013 2700 1052 sacro
2728 997 2943 1052 Ordine
2983 998 3476 1054 Carthusiensium
3514 999 3688 1053 mira-

2078 1108 2105 1136 «
2133 1086 2258 1140 cula
2300 1086 2631 1157 contigisse,
2666 1103 2700 1140 a
2728 1086 2986 1157 pluribus
3025 1087 3237 1158 accepi,
3298 1087 3398 1142 sed
3428 1087 3533 1158 ipsi
3587 1088 3690 1141 liu-

2076 1193 2106 1226 a
2138 1174 2400 1228 militatis
2431 1174 2660 1241 virtute,
2705 1192 2818 1246 qua
2845 1191 3073 1247 semper
3101 1174 3244 1229 servi
3276 1173 3377 1230 Dei
3420 1174 3690 1229 miranda

2077 1285 2105 1313 «
2138 1279 2315 1335 opera
2356 1280 2475 1330 sua,
2507 1266 2725 1335 quanto
2751 1266 2987 1335 possunt
3019 1262 3168 1330 nisu,
3222 1263 3533 1331 occultant,
3594 1262 3685 1316 vix

2074 1372 2099 1402 α
2127 1351 2341 1423 aliquid
2374 1369 2440 1406 ex
2461 1351 2550 1406 his
2581 1352 2826 1423 prodere
2852 1352 3174 1407 voluerunt.
3209 1370 3240 1403 »

2142 1442 2268 1495 264.
2313 1463 2333 1490 ι
2361 1440 2474 1494 Sed
2500 1456 2652 1494 nunc
2685 1440 3001 1508 videamus,
3034 1440 3079 1494 si
3128 1440 3308 1512 Guigo
3340 1439 3688 1495 iucunabula

2073 1528 2487 1583 Carthusiensis
2516 1528 2808 1599 religionis
2844 1528 2923 1583 ita
2954 1528 3336 1601 descripserit,
3376 1531 3435 1583 et
3458 1527 3688 1582 minuta

2071 1634 2314 1689 quaeque
2333 1617 2413 1671 ita
2427 1616 2734 1688 diligenter
2751 1621 3084 1688 prosecutus
3104 1617 3299 1683 fuerit,
3315 1620 3378 1670 ut
3393 1615 3686 1671 silentium

353 1705 699 1772 gumentum
719 1703 1233 1776 negativum,quod
1252 1706 1537 1762 Launoius
1558 1706 1969 1761 Dissertatione
1996 1698 2046 1756 Β
2072 1707 2195 1776 ejus
2224 1706 2295 1760 de
2318 1707 2641 1776 spectaculo
2680 1705 2754 1760 sit
2774 1710 3184 1777 argumentum
3219 1704 3481 1761 falsitatis
3527 1705 3675 1759 illus.

350 1789 634 1862 hujusque
692 1808 816 1863 cap.
854 1792 1113 1865 proxime
1171 1794 1291 1849 citt.
1345 1812 1379 1849 a
1433 1794 1728 1865 Guigonis,
1785 1794 1968 1867 quinti

353 1877 666 1935 Carthusiaa
690 1881 918 1952 prioris,
948 1882 1175 1938 silentio
1203 1883 1432 1955 repetit,
1458 1884 1583 1955 jam
1601 1884 1966 1956 progredior.

354 1966 642 2023 Launoius
672 1969 866 2041 itaque
909 1987 939 2024 e
976 1970 1032 2025 S.
1068 1972 1342 2043 Hugonis,
1388 1972 1641 2043 episcopi
1673 1972 1969 2027 Gratiano-

351 2055 614 2127 politani,
647 2057 792 2124 Vita,
827 2074 929 2129 per
980 2058 1324 2129 Guigonem,
1357 2060 1624 2131 quintum
1655 2060 1966 2115 Carthusia:

356 2144 955 2217 Priorem,descripta,
992 2148 1292 2218 sequentia
1306 2149 1428 2203 haec
1445 2149 1619 2203 verba
1650 2148 1922 2204 describit
1948 2165 1962 2204 :

259 2256 282 2280 ο
361 2254 391 2284 ‹‹
412 2232 472 2287 ἰη
489 2232 578 2287 his
605 2233 684 2305 (S.
718 2234 901 2305 Hugo,
922 2235 1491 2307 Gratianopolitanus
1505 2237 1963 2309 episcopuslage-

347 2321 468 2390 bat,
502 2326 560 2378 et
599 2339 750 2389 ecce,
810 2324 993 2379 tribus
1024 2325 1274 2380 necdum
1333 2325 1394 2380 in
1452 2326 1783 2397 episcopatu
1834 2329 1965 2397 post

345 2411 683 2467 monasterii
712 2412 966 2467 reditum
980 2414 1278 2485 completis
1293 2413 1480 2481 annis,
1509 2414 1670 2469 adest
1688 2415 1965 2487 magister

346 2499 561 2568 Bruno,
592 2501 676 2555 vir
705 2501 985 2574 religione
1001 2502 1356 2575 scientiaque
1369 2503 1965 2571 famosus,bonestatis

344 2590 403 2643 et
427 2589 723 2660 gravitatis
774 2608 838 2646 ac
869 2591 1043 2646 totius
1090 2591 1443 2646 maturitatis
1473 2591 1633 2663 quasi
1668 2592 1962 2663 quoddam

349 2676 749 2733 simulacrum.
809 2680 1070 2734 Habebat
1126 2683 1321 2735 autem
1384 2680 1567 2735 socios
1620 2681 1963 2751 magistrum

344 2764 727 2834 Lauduinum,
753 2767 849 2839 qui
878 2772 1008 2839 post
1034 2785 1167 2823 eum
1201 2768 1515 2823 Carthusiaa
1540 2768 1704 2823 Prior
1728 2768 1961 2836 exstitit,

344 2852 487 2909 duos
507 2853 828 2926 Stephanos
863 2858 1215 2928 Burgensem
1251 2860 1309 2912 et
1339 2857 1627 2925 Diensem,
1686 2856 1751 2910 Hi
1783 2857 1963 2912 sancti

343 2940 472 2996 Rufi
503 2943 762 2999 canonici
793 2944 1043 3013 fuerant,
1087 2946 1187 3001 sed
1221 2945 1504 3001 desiderio
1532 2946 1660 3000 vitae
1694 2946 1963 3001 solitariae
1987 2985 2034 3043 Ο

340 3028 415 3097 ei,
471 3031 678 3086 abbate
733 3033 980 3100 favente,
1025 3051 1145 3089 sese
1190 3034 1612 3105 conjunxerant
1661 3035 1965 3106 Hugonem

345 3118 722 3191 etiam,quem
740 3121 1711 3194 cognominabantCapellanum,ex
1727 3140 1794 3177 eo
1810 3124 1964 3195 quod

340 3208 495 3263 solus
510 3223 577 3262 ex
594 3208 675 3263 eis
687 3210 1001 3265 sacerdotis
1024 3212 1368 3283 fungeretur
1384 3211 1750 3278 ofﬁcio,duos
1764 3211 1960 3280 laicos,

346 3309 488 3367 quos
508 3298 865 3369 appellamus
888 3315 1212 3367 conversos,
1239 3301 1531 3354 Andream
1546 3303 1603 3354 et
1623 3299 1960 3355 Guarinum.

404 3384 528 3440 263.
540 3408 566 3435 «
584 3385 930 3449 Quaerebant
943 3392 1137 3442 autem
1155 3389 1345 3443 locum
1362 3388 1671 3443 eremiticm
1686 3389 1812 3442 vitae
1826 3404 1961 3443 con-

346 3487 579 3544 gruum,
609 3475 858 3530 necdum
874 3481 1231 3548 repererant.
1261 3477 1375 3531 Hac
1409 3493 1548 3547 ergo
1596 3493 1694 3547 spe
1731 3479 1789 3531 et
1807 3475 1963 3531 suavi

345 3565 558 3617 sanctae
591 3564 1040 3619 conversationis
1083 3567 1204 3637 ejus
1236 3566 1413 3621 odore
1455 3565 1744 3632 trahente,
1780 3565 1855 3619 ad
1883 3565 1962 3620 vi-

344 3664 479 3704 rum
511 3654 772 3706 sanctum
802 3656 1102 3720 venerunt,
1140 3670 1283 3725 quos
1322 3654 1416 3708 ille
1465 3670 1582 3709 non
1614 3654 1799 3709 solum
1831 3670 1962 3725 gra-

344 3740 559 3805 tanter,
588 3739 688 3795 sed
719 3742 777 3795 et
810 3744 1143 3797 reverenter
1174 3742 1442 3813 suscepit,
1480 3742 1749 3797 tractavit
1774 3745 1832 3797 et
1845 3741 1960 3798 voti

346 3831 643 3899 compotes
669 3828 823 3884 fecit.
864 3831 991 3901 Ipso
1025 3847 1277 3903 namque
1309 3833 1667 3898 consulente,
1692 3831 1954 3901 juvante,

2068 1794 2274 1848 Narrat
2294 1794 2531 1865 quidem
2561 1794 2921 1865 paucissimis
2962 1794 3147 1849 verbis
3181 1795 3516 1849 Brunonem
3548 1809 3679 1847 cum

2071 1898 2167 1936 sex
2189 1882 2375 1947 sociis,
2405 1899 2653 1953 quorum
2683 1887 2945 1937 recenset
2976 1882 3236 1949 nomina,
3269 1882 3523 1954 Hugonis
3549 1898 3679 1936 san-

2070 1970 2282 2025 ctitatis
2312 1971 2469 2025 fama
2486 1974 2814 2037 attractum,
2845 1971 2927 2026 ad‘
2949 1988 3083 2026 eum
3106 1970 3348 2037 venisse,
3376 1974 3440 2025 ut
3467 1972 3679 2037 locum,

2069 2058 2380 2113 eremiticze
2398 2059 2526 2114 vita:
2548 2076 2890 2131 congruum,
2922 2060 2993 2113 ab
3012 2076 3079 2114 eo
3099 2058 3419 2127 obtineret;
3443 2058 3681 2130 ipsoque

2067 2148 2421 2213 consulente,
2453 2148 2691 2218 juvante
2717 2152 2773 2202 et
2787 2148 3120 2214 comitante,
3148 2147 3461 2202 Carthusiaa
3492 2147 3684 2201 solitu-

2068 2234 2267 2289 dinem
2300 2235 2566 2304 intrassa,
2600 2239 2772 2307 atque
2812 2236 3170 2291 exstruxisse.
3205 2235 3512 2300 Quomodo
3543 2251 3679 2289 vero

2062 2324 2187 2377 haec
2224 2324 2458 2378 fuerunt
2486 2328 2795 2391 transacta,
2837 2341 2955 2379 non
2992 2327 3216 2379 narrat.
3269 2325 3464 2395 Neque
3503 2323 3680 2377 etiam

2064 2412 2334 2466 meminit
2368 2412 2520 2466 unde
2542 2411 2763 2466 venerit
2787 2414 3016 2467 sanctus
3060 2413 3270 2478 Bruno,
3323 2429 3396 2466 an
3458 2410 3674 2477 Remis,

2064 2500 2158 2555 ubi
2190 2498 2498 2555 c'anonicus
2527 2503 2668 2567 erat,
2703 2504 2801 2555 aut
2832 2500 3077 2567 Parisiis,
3110 2500 3206 2555 ubi
3232 2499 3436 2555 ultimo
3464 2500 3553 2554 vel
3585 2499 3683 2555 do-

2066 2592 2280 2655 cuerat,
2305 2590 2393 2643 vel
2416 2591 2619 2644 saltem
2648 2589 2952 2643 consilium
2984 2588 3350 2661 relinquendi
3406 2589 3677 2642 saeculum

2065 2680 2410 2748 susceperat,
2463 2677 2602 2732 Silet
2647 2677 2718 2732 de
2749 2677 2870 2749 ejus
2901 2677 3278 2749 dignitatibus
3330 2676 3389 2731 in
3440 2676 3680 2731 ecclesia

2064 2765 2355 2833 Remensi,
2385 2766 2455 2821 de
2486 2766 2798 2832 laboribus,
2834 2783 2975 2838 quos
3007 2782 3111 2837 pro
3143 2765 3476 2820 defensione
3502 2765 3676 2819 liber-

2065 2854 2198 2908 tatis
2229 2856 2286 2908 et
2307 2854 2528 2925 jurium
2560 2855 2822 2909 Ecclesiae
2854 2854 2913 2909 in
2941 2853 3176 2908 diversis
3221 2852 3477 2908 conciliis
3515 2852 3677 2907 susti-

2065 2946 2289 2998 nuerat.
2343 2943 2495 2998 unde
2528 2946 2585 2997 et
2631 2943 2909 3014 gloriosos
2962 2943 3158 2998 titulos
3200 2944 3540 2997 meruerat:
3572 2941 3677 2997 Co-

2066 3051 2095 3084 c
2127 3033 2341 3086 lumnas
2398 3032 2576 3086 totius
2633 3031 2990 3102 metropolis,
3025 3034 3083 3086 et
3132 3030 3339 3086 sinceri
3379 3029 3677 3085 catholica:

2066 3141 2093 3173 α
2127 3120 2261 3175 fidei
2299 3120 2634 3175 defensoris.
2679 3138 2696 3168 ι
2746 3120 2887 3175 Silet
2935 3120 3006 3175 de
3036 3119 3344 3175 collatione
3403 3118 3500 3173 illa
3525 3118 3679 3173 inter

2065 3213 2327 3263 sanctum
2373 3210 2726 3275 Brunonem,
2785 3209 3153 3281 Radulphum
3188 3210 3246 3262 et
3295 3206 3572 3273 Fulcium,
3605 3206 3676 3261 de

2064 3300 2195 3351 voto
2249 3296 2564 3369 recipiendi
2617 3297 3023 3352 monachicum
3063 3296 3347 3363 habitum,
3384 3295 3456 3350 de
3488 3310 3675 3368 perse-

2065 3384 2387 3440 cutionibus
2409 3386 2696 3452 Manassaa,
2739 3385 2819 3440 ita
2850 3388 2911 3439 ut
2932 3385 3075 3440 nihil
3103 3384 3343 3440 omnino
3370 3384 3582 3439 habeat
3606 3382 3678 3437 de

2064 3490 2233 3529 causa
2280 3477 2339 3528 et
2366 3473 2664 3529 occasione
2691 3474 3081 3529 conversionis
3112 3474 3262 3528 illius
3311 3487 3670 3545 quascunque

2062 3561 2296 3617 fuerint.
2341 3562 2480 3617 Silet
2502 3563 2751 3634 denique
2784 3563 2854 3617 de
2871 3562 3089 3617 cunctis
3117 3562 3288 3617 rebus
3315 3562 3388 3615 ab
3411 3578 3480 3616 eo
3504 3559 3679 3631 gestis

2064 3651 2136 3705 ab
2170 3650 2321 3705 exitu
2355 3667 2423 3705 ex
2465 3651 2607 3705 urbe
2640 3651 2909 3705 Remensi
2940 3667 3118 3722 usque
3165 3651 3238 3705 ad
3287 3665 3574 3704 secessum
3616 3647 3676 3701 in

2066 3738 2445 3794 Carthusiam.
2473 3738 2610 3802 Quae
2637 3738 2871 3810 quidem
2905 3738 3104 3793 omnia
3134 3741 3193 3793 et
3222 3738 3334 3792 alia
3351 3738 3536 3791 multa
3567 3736 3675 3792 hu-

2057 3827 2333 3899 jusmodi,
2390 3826 2449 3880 in
2479 3826 2685 3899 quibus
2713 3826 3124 3881 enumerandis
3176 3841 3294 3880 non
3342 3828 3432 3879 est
3463 3823 3678 3879 diutius

344 3916 1002 3983 comitante,Carthusiae
1023 3919 1398 3974 solitudinem
1414 3919 1777 3974 intraverunt
1792 3921 1964 3991 atque
2061 3915 2523 3981 immorandum,
2550 3931 2686 3969 vera
2715 3917 2883 3969 erant
2910 3915 3157 3981 minuta,
3182 3914 3317 3968 licet
3335 3912 3589 3968 maxima
3610 3914 3671 3967 et

347 4007 742 4059 extruxerunt.
777 4005 1011 4061 Viderat
1039 4010 1235 4061 autem
1288 4006 1442 4062 circa
1504 4006 1566 4061 id
1594 4010 1825 4079 tempus
1860 4023 1966 4078 per
2064 4003 2137 4058 ad
2156 4003 2508 4059 incunabula
2548 4002 2775 4058 Ordinis
2810 4002 2920 4058 rite
2952 4001 3336 4058 describenda
3361 4003 3534 4073 plane
3568 4018 3671 4056 ne-

344 4092 643 4148 somnium
695 4093 756 4148 in
786 4093 993 4149 eadem
1040 4094 1347 4150 solitudine
1379 4096 1563 4150 Deum
1594 4111 1710 4149 suae
1757 4095 1962 4167 digna-
2063 4091 2335 4160 cessaria;
2361 4108 2487 4164 quae
2514 4090 2888 4147 nihilominus
2910 4091 3277 4164 praetermisit
3305 4089 3509 4163 Guigo,
3532 4089 3679 4144 sicut

343 4179 491 4235 tioni
523 4181 918 4238 habitaculum
970 4185 1424 4251 construentem,
1458 4184 1649 4238 stellas
1680 4182 1857 4238 etiam
1880 4201 1965 4238 se-
2064 4183 2122 4235 et
2145 4181 2533 4252 spectaculum
2565 4181 2905 4247 Parisiense,
2940 4179 3076 4251 quia
3106 4180 3250 4234 nihil
3280 4179 3575 4234 faciebant
3596 4177 3670 4232 ad

340 4270 803 4342 ptem,ducatum
824 4270 1255 4342 illiprasstantes
1276 4271 1705 4326 itineris.Erant
1728 4289 1864 4328 vero
1907 4276 1965 4327 et
1990 4273 2042 4332 D
2062 4267 2249 4323 Vitam
2281 4268 2461 4324 sancti
2492 4270 2765 4341 Hugonis,
2802 4284 2978 4341 quam
3009 4268 3381 4323 solummodo
3412 4266 3670 4322 scriben-

341 4356 656 4430 hiseptem;
682 4380 709 4409 »
730 4376 795 4414 ac
808 4359 1206 4432 deinde,qnod
1224 4360 1283 4414 in
1306 4360 1750 4433 hisceGuigonis
1777 4361 1965 4416 verbis

343 4445 503 4500 nulla
517 4447 760 4503 omnino
782 4447 851 4502 de
868 4448 1445 4520 prodigioParisiensi
1462 4449 1681 4505 mentio
1703 4453 1964 4505 occurrat

342 4533 552 4589 falsum
580 4534 640 4590 id
668 4552 788 4591 esse
818 4535 1089 4604 innuens,
1117 4537 1199 4592 ita
1228 4537 1521 4592 concludit
1547 4555 1560 4593 :
1603 4538 1745 4593 «Hic
1764 4542 1966 4594 auctor

343 4620 544 4694 (Guigo
579 4623 809 4696 nempe)
845 4623 1242 4680 Carthusianaa
1290 4624 1588 4697 religionis
1614 4625 1964 4682 incunabula

345 4709 634 4778 describit,
687 4716 745 4767 et
777 4712 1003 4768 minuta
1027 4729 1271 4785 quasque
1304 4713 1744 4786 diligentissime
1776 4732 1964 4788 perse-

342 4798 557 4870 quitur,
591 4816 695 4855 nec
728 4802 927 4856 tamen
950 4802 1127 4857 verbo
1141 4801 1380 4874 attingit
1412 4802 1509 4857 illa
1533 4802 1666 4871 duo,
1688 4824 1716 4852 »
1748 4820 1962 4875 nempe

316 4911 318 4914 ν
343 4886 683 4957 Parisiense,
712 4905 825 4962 quo
857 4906 977 4944 sese
1023 4890 1371 4945 damnatum
1396 4891 1600 4946 doctor
1628 4891 1910 4946 redivivus
1931 4909 1962 4946 e

343 4975 559 5033 feretro
578 4978 918 5034 vociferatus
947 4978 1038 5047 sit,
1060 4979 1417 5052 prodigium,
1437 4984 1813 5051 secutumque
1829 4980 1963 5035 hinc

347 5062 407 5119 S.
468 5066 751 5123 Brunonis
796 5067 855 5123 in
889 5084 1153 5123 eremum
1185 5084 1473 5123 secessum
1541 5070 1625 5122 Ita
1656 5068 1960 5123 Launoius.

347 5152 433 5209 En
469 5155 664 5221 modo,
698 5156 835 5228 quid
860 5156 1041 5210 adilla
1055 5171 1378 5227 anonymus
1412 5155 1820 5210 Carthusianus
1847 5157 1963 5210 An-

345 5243 567 5299 nalium
593 5243 814 5300 ordinis
840 5244 924 5299 sui
946 5244 1079 5300 libri
1094 5243 1286 5316 quarti
1309 5244 1593 5298 hactenus
1609 5260 1726 5299 non
1750 5243 1966 5315 vulgati

347 5334 549 5387 auctor
576 5333 943 5404 respondeat.
998 5354 1030 5386 c
1051 5333 1139 5388 Ad
1160 5333 1283 5387 haec
1317 5332 1368 5404 (a
1395 5332 1648 5387 Launoio
1694 5332 1906 5388 scilicet
1934 5350 1965 5388 e

344 5419 604 5491 Guigone
626 5422 965 5494 proposita.)
997 5422 1361 5494 reponimus,
1382 5440 1413 5475 ι
1445 5420 1636 5494 inquit
1652 5420 1854 5492 Operis
1880 5421 1967 5477 sui

347 5523 512 5567 num.
541 5511 634 5580 92,
660 5509 986 5582 «Guigonis
1016 5510 1254 5569 unicum
1284 5526 1527 5585 scopum
1552 5508 1747 5581 fuisse,
1783 5510 1964 5568 sancti

2065 4358 2201 4413 dam
2254 4362 2600 4429 susceperat.
2654 4358 2711 4413 Si
2763 4358 2939 4429 igitur
2996 4374 3063 4411 ex
3116 4356 3393 4428 Guigonis
3443 4353 3671 4410 silentio

2064 4450 2273 4501 caeteia
2300 4446 2587 4513 vacillant,
2625 4463 2752 4518 quae
2797 4446 2867 4500 de
2891 4445 3174 4500 Brunonis
3200 4444 3441 4500 historia
3466 4442 3677 4499 referri

2064 4537 2357 4608 poterant,
2383 4537 2675 4607 poterant,
2706 4536 2894 4590 solum
2931 4534 2992 4590 id
3015 4534 3335 4589 tenendum
3358 4533 3488 4599 erit,
3519 4530 3675 4604 quod

2063 4624 2244 4697 Guigo
2274 4624 2523 4695 scripsit;
2555 4624 2709 4696 quod
2740 4622 2927 4679 dicere
2949 4624 3036 4679 vel
3060 4622 3317 4695 cogitare
3342 4622 3467 4694 plus
3498 4634 3676 4693 quam

2062 4713 2368 4769 ridiculum
2399 4712 2758 4768 censendum
2787 4715 2890 4766 est.
2918 4730 2949 4764 »

2134 4802 2557 4857 265.Hactenus
2575 4799 2987 4855 Cafthusiauus
3021 4816 3347 4871 anonymus
3389 4797 3672 4865 laudatus,

2064 4890 2272 4945 merito
2285 4907 2420 4945 saue
2438 4888 2818 4955 contendens,
2836 4892 3040 4943 contra
3058 4888 3313 4943 doctoris
3340 4886 3676 4943 Parisiensis

2064 4978 2395 5045 anastasim,
2428 4979 2770 5050 pulsumque
2799 4994 2864 5031 ex
2890 4978 2998 5032 hac
3036 4977 3094 5031 in
3129 4975 3501 5032 solitudinem
3543 4976 3679 5029 Bru-

2064 5084 2280 5125 nonem
2304 5067 2447 5121 nihil
2462 5066 2704 5121 omnino
2738 5055 2903 5137 posse
2917 5065 3180 5120 concludi
3208 5082 3275 5120 ex
3291 5064 3526 5119 silentio
3544 5062 3675 5118 Gui-

2064 5156 2650 5229 gonis.Pra3terquam
2668 5153 2827 5209 enim
2849 5153 3006 5226 quod
3024 5155 3208 5208 multa
3226 5152 3437 5221 alia,ad
3455 5151 3513 5207 S.
3539 5153 3675 5207 Bru-

2066 5259 2283 5299 nonem
2296 5242 3030 5316 pertinentia,subticuerit,
3052 5258 3158 5297 nec
3189 5241 3375 5297 Vitam
3400 5241 3569 5312 hujus
3597 5256 3666 5295 ex

2065 5333 2326 5389 instituto
2376 5331 2761 5403 descripserit,
2794 5332 2951 5387 nullo
3008 5348 3077 5386 ex
3119 5330 3306 5404 capite
3350 5328 3675 5385 verosimile

2066 5424 2326 5496 apparet,
2358 5421 2618 5477 futurum
2639 5421 2832 5489 fuisse,
2871 5423 2934 5476 ut
2961 5419 3294 5493 prodigium
3321 5418 3481 5486 illud,
3523 5420 3588 5473 ut
3613 5420 3677 5473 ut

2063 5509 2282 5570 factum
2319 5512 2477 5568 certo
2513 5509 2783 5579 scivisset,
2832 5508 2895 5566 in
2925 5508 3022 5565 cit.
3049 5508 3107 5566 S.
3133 5506 3388 5580 Hugonis
3428 5504 3575 5577 Vita,
3602 5506 3677 5563 ad
