4224 6058
272 248 385 302 157

1849 243 2029 303 ACTA

3490 260 3589 314 158

266 383 454 438 quam
482 366 541 422 id
570 368 896 424 nullatenus
920 372 1236 442 spectabat,
1260 372 1467 428 litteris
1493 371 1884 443 consignaret.
1911 373 1967 431 A
1988 371 2178 427 Bruno
2207 377 2265 428 et
2288 375 2618 447 Radulphus
2644 376 2837 431 statim
2860 377 2931 431 ab
2962 378 3173 434 emisso
3203 382 3334 434 voto
3365 398 3483 436 non
3508 399 3600 438 re-

269 454 390 509 Sed
421 455 557 527 quid
582 456 758 512 modo
791 457 861 512 de
903 459 1181 527 Guiberti,
1230 460 1598 532 Novigentini
1628 460 1688 513 in
1735 476 1887 530 pago

267 542 641 599 Laudunensi
670 546 912 615 abbatis,
936 549 1091 619 quod
1116 549 1387 621 praesenti
1415 549 1650 617 §adhuc
1677 546 1889 601 exami-

267 632 792 699 nandum,silentio
807 636 1439 694 dicendum?Launoius
1454 636 1883 701 Dissertatione,

264 722 560 793 hujusque
600 739 725 795 cap,
775 741 949 795 supra
984 726 1080 781 cit.
1114 726 1194 781 ita
1237 727 1433 782 scribit
1468 742 1481 781 :
1533 748 1559 776 «
1587 725 1887 780 Guibertus

265 809 456 864 abbas
481 810 553 865 de
582 811 902 883 Novigento
922 814 1250 870 Tractatum
1282 815 1353 869 de
1384 814 1498 869 vita
1522 831 1625 868 sua
1649 828 1885 884 compo-

267 897 410 963 suit,
444 898 503 952 in
534 915 648 971 quo
676 900 924 972 pressius
955 902 1142 958 adhuc
1175 902 1683 958 Carthusianorum
1717 899 1890 971 origi-

268 1002 414 1041 nem
443 991 503 1041 et
528 987 851 1043 institutum
879 991 1132 1062 exponit,
1162 994 1218 1045 et
1243 1007 1478 1045 omnem
1500 989 1887 1062 quorumdam

265 1075 666 1131 recentiorum
709 1067 917 1133 fabulis
948 1079 1171 1134 aditum
1199 1080 1554 1146 intercludit,
1579 1101 1606 1127 »
1641 1086 1885 1149 magna—

268 1179 387 1233 que
420 1164 631 1219 deinde
659 1182 725 1219 ex
767 1170 931 1237 parte
974 1168 1160 1239 capite
1208 1173 1264 1223 ll
1318 1169 1447 1223 libri
1480 1186 1496 1222 ι
1528 1168 1780 1222 Guiberti
1816 1168 1887 1221 de

270 1252 404 1307 Vita
422 1270 528 1308 sua
552 1255 917 1327 transcripta,
946 1257 1242 1328 subjungit
1273 1273 1287 1311 :
1322 1280 1349 1308 «
1377 1257 1705 1311 Secundum
1737 1258 1888 1310 hunc

272 1343 585 1396 auctorem
616 1342 973 1413 (Guibertum
1000 1345 1282 1417 videlicet)
1320 1346 1476 1401 locus
1498 1347 1688 1401 nullus
1714 1346 1887 1400 relin-

273 1428 477 1499 quitur
490 1430 834 1503 prodigiosa:
854 1432 1105 1489 doctoris
1117 1434 1387 1501 anastasi,
1412 1451 1538 1506 qua}
1558 1435 1888 1488 Brunonem

270 1515 331 1570 in
350 1519 939 1576 eremumCarthusiaz
954 1522 1575 1595 impulerit.Nam,quaa
1592 1523 1648 1577 id
1666 1523 1886 1589 fecerit,

274 1606 455 1661 aliam
483 1608 722 1663 omnino
750 1625 980 1665 causam
1011 1612 1189 1666 tradit
1215 1612 1304 1666 bis
1318 1612 1533 1666 verbis:
1574 1634 1601 1662 ‹‹
1624 1611 1729 1675 Qui
1752 1628 1889 1666 con-

1987 461 2247 532 ceperint
2278 464 2533 518 habilum
2575 465 3000 519 monachicum.

2060 551 2184 616 267,
2218 571 2249 603 «
2275 553 2356 606 Tu
2386 569 2521 607 vero
2547 570 2647 607 cur
2668 554 2789 607 haec
2824 553 2998 624 igitur
3029 571 3064 607 a
3101 554 3372 610 Guiberto
3424 556 3600 614 facita

1988 653 2104 691 non
2136 639 2345 711 rejicis,
2398 640 2494 712 qui
2535 641 2737 695 asseris
2769 641 2865 695 illa
2915 642 3007 711 (de
3050 642 3299 699 doctoris
3348 646 3596 701 anastasi

1987 742 2222 799 nempe,
2268 730 2547 800 pulsoque
2591 729 2725 784 hinc
2771 729 2827 783 in
2862 747 3125 784 eremum
3156 732 3442 804 Brunone)
3477 751 3596 788 non

1986 812 2201 869 habere
2212 817 2820 889 veritatem,quoniam
2836 821 3101 872 tacentur
3114 836 3146 873 a
3167 819 3466 876 Guiberto?
3483 821 3598 877 Sed

1987 901 2308 970 Guibertus,
2353 908 2417 959 ut
2462 906 2650 972 docui,
2701 906 3085 973 occasionem,
3130 924 3196 961 ex
3244 925 3358 979 qua
3404 910 3595 966 Bruno

1988 993 2188 1045 nactus
2213 995 2298 1046 est
2316 994 2703 1048 conversionis
2721 994 2901 1061 initia,
2929 995 3235 1049 dicendam
3255 996 3361 1050 sibi
3384 1014 3596 1068 propo-

1987 1078 2118 1145 suit,
2145 1096 2261 1134 non
2281 1081 2378 1134 illa
2396 1080 2783 1136 conversionis
2802 1099 2998 1137 causas
3020 1124 3035 1151 ,
3068 1100 3194 1155 qua!
3211 1084 3383 1153 igitur
3403 1086 3473 1139 ab
3499 1086 3595 1141 illo

1988 1168 2097 1222 dici
2140 1184 2257 1221 non
2304 1169 2647 1236 debuerunt,
2682 1174 2739 1222 et
2766 1188 2797 1223 a
2829 1170 2995 1224 nobis
3039 1171 3097 1224 in
3133 1172 3304 1241 ipsius
3336 1173 3597 1228 oratione

1987 1256 2261 1327 postulari
2291 1273 2405 1310 non
2439 1258 2673 1311 debent.
2714 1259 2849 1311 Dum
2880 1260 3114 1312 fuerunt
3144 1261 3253 1326 ha},
3290 1261 3596 1331 disputatio

1974 1343 2048 1398 .in
2080 1345 2334 1411 hortulo,
2351 1345 2652 1414 adjacente
2672 1345 2867 1400 domui
2883 1346 3019 1400 Adin
3036 1350 3197 1401 extra
3228 1348 3439 1402 Remos
3465 1350 3594 1405 loco

1986 1431 2210 1503 ignoto.
2232 1457 2254 1480 α
2268 1434 2345 1486 De
2362 1433 2516 1486 falsis
2532 1434 3010 1489 oblectationibus
3031 1437 3089 1488 et
3114 1435 3384 1506 perituris
3396 1437 3598 1492 mundi

1989 1540 2017 1570 »
2044 1521 2213 1591 hujus
2257 1520 2484 1586 divitiis,
2532 1538 2638 1575 nec
2673 1539 2790 1576 non
2830 1523 2900 1576 de
2924 1523 3193 1593 perennis
3227 1524 3426 1594 gloria:
3456 1542 3595 1595 gau-

1993 1626 2018 1660 )
2045 1608 2170 1676 diis,
2214 1633 2224 1651 ι
2265 1626 2396 1663 cum
2438 1611 2737 1681 Radulpho
2770 1614 2827 1664 et
2858 1611 3081 1679 Fulcio;
3112 1612 3414 1667 horribiles
3446 1614 3599 1668 Pari-

273 1715 302 1743 »
336 1695 625 1750 versionis
654 1696 817 1752 initia
847 1715 915 1752 ex
946 1700 1204 1770 subjecta
1249 1704 1449 1755 nactus
1476 1700 1773 1754 occasione
1801 1699 1886 1754 di-
1908 1685 1960 1744 Β
1987 1696 2082 1750 siis
2114 1714 2180 1751 ac
2206 1698 2445 1752 funestae
2478 1699 2727 1753 hominis
2754 1699 2986 1753 redivivi
3018 1716 3183 1753 voces
3212 1718 3242 1754 e
3272 1701 3510 1768 feretro,
3536 1719 3596 1756 se

272 1802 300 1832 ι»
329 1783 635 1854 gnoscitur
666 1802 680 1840 :
713 1786 992 1842 Manasses
1022 1788 1259 1859 quidam
1290 1792 1421 1860 post
1448 1788 1889 1843 Gervasiifamo-

269 1889 300 1922 ›
331 1871 546 1927 sissimi
583 1874 997 1947 archiepiscopi
1060 1877 1355 1930 decessum
1410 1877 1698 1948 praadictze
1732 1876 1887 1930 urbis

269 1979 296 2008 κ
326 1960 674 2032 (Remensis)
724 1963 996 2034 regimini
1026 1963 1340 2019 simoniace
1390 1982 1449 2018 se
1498 1964 1769 2031 intruisit,
1799 1964 1883 2018 vir

270 2069 297 2097 η
324 2049 572 2121 quidem
600 2050 828 2117 nobilis,
847 2051 947 2106 sed
980 2052 1125 2107 nihil
1150 2070 1383 2125 prorsus
1408 2053 1885 2124 serenitatis,quaa

268 2155 296 2185 »
328 2137 527 2207 prima
572 2138 993 2209 ingenuitatem
1048 2140 1233 2208 decet,
1285 2142 1527 2197 habens.
1561 2161 1592 2194 »
1641 2143 1708 2195 Et
1755 2144 1886 2213 post

270 2225 427 2281 alia:
479 2227 711 2299 «Hujus
758 2245 899 2300 ergo
950 2245 1144 2284 mores
1192 2246 1427 2302 prorsus
1481 2231 1778 2303 improbos
1828 2233 1886 2284 et

268 2333 297 2362 η
332 2315 759 2386 stupidissimos
774 2317 1006 2373 habitus
1021 2335 1153 2374 cum
1177 2320 1368 2375 omnis
1387 2320 1660 2375 honestus
1681 2320 1882 2374 horre-

271 2423 298 2451 n
324 2405 662 2473 ret,Bruno,
690 2409 827 2460 tunc
856 2406 918 2461 in
947 2408 1198 2462 ecclesiis
1210 2408 1405 2463 Gallias
1433 2408 1880 2481 opinatissimus,

269 2512 299 2540 η
326 2509 463 2547 cum
485 2493 611 2548 aliis
642 2495 986 2567 quibusdam
1014 2497 1387 2552 Remensium
1417 2498 1755 2552 clericorum
1784 2513 1886 2551 no-

271 2602 299 2630 »
330 2582 546 2637 bilibus
587 2583 820 2639 infamis
850 2584 1002 2639 illius
1051 2585 1184 2641 odio
1238 2585 1476 2640 excessit
1534 2586 1606 2640 ab
1655 2586 1815 2640 urbe.
1848 2605 1880 2639 »

276 2667 506 2725 Scilicet
536 2671 634 2726 ubi
658 2672 962 2727 consilium
990 2674 1302 2729 excedendi
1327 2674 1499 2745 cepit,
1525 2674 1719 2728 habita
1749 2690 1879 2729 cum

271 2756 572 2829 Radulpho
600 2760 928 2825 collatione,
958 2762 1117 2832 cujus
1144 2762 1203 2816 in
1235 2761 1475 2834 epistola
1514 2762 1587 2817 ad
1608 2762 1881 2817 eumdem

272 2845 463 2901 Bruno
495 2848 858 2903 mentionem
889 2848 1045 2903 facit.

1987 1790 2336 1851 accusatum,
2387 1787 2731 1857 judicatum,
2794 1788 3135 1841 damnatum
3195 1790 3591 1844 exclamantis.

1986 1874 2180 1929 Prima
2203 1875 2301 1930 illa
2330 1876 2484 1941 fecit,
2513 1880 2577 1930 ut
2607 1878 2795 1931 Bruno
2820 1876 3032 1930 voverit
3056 1894 3189 1931 cum
3215 1878 3514 1949 Radulpho
3537 1882 3596 1933 et

1985 1963 2175 2017 Fulcio
2204 1964 2637 2019 convertionem
2657 1967 2714 2017 et
2742 1964 3002 2018 habitum
3030 1965 3434 2020 monachicum
3462 1984 3475 2021 :
3508 1983 3594 2021 se-

1986 2052 2175 2106 cunda
2199 2052 2307 2107 ista
2331 2070 2486 2119 eum,
2516 2053 2588 2107 de
2621 2052 2993 2108 conversione
3017 2058 3150 2108 voto
3182 2054 3415 2109 firmata
3441 2055 3595 2126 cogi-

1983 2142 2230 2207 tantem,
2258 2141 2539 2213 compulit
2568 2142 2626 2196 in
2659 2142 3022 2197 Carthusiam
3054 2159 3187 2196 cum
3220 2142 3513 2198 Lauduino
3539 2146 3598 2198 et

1985 2228 2240 2300 quinque
2262 2229 2386 2283 aliis
2406 2228 2590 2295 sociis,
2608 2228 2768 2284 omni
2799 2246 3071 2284 sermone
3093 2230 3595 2303 disputationeque

1985 2316 2375 2387 potentius.Ut
2401 2333 2540 2388 ergo
2563 2318 2974 2389 primam,qua2
2990 2318 3357 2389 Radulphum
3375 2323 3595 2389 specta-

1983 2404 2103 2471 bat,
2136 2405 2259 2460 sine
2291 2406 2542 2460 secunda
2563 2423 2691 2477 qua!
2708 2406 2781 2460 ad
2798 2406 2961 2459 illum
2984 2423 3102 2461 non
3131 2407 3478 2477 pertinebat,
3498 2424 3595 2479 po-

1982 2492 2095 2547 suit
2120 2494 2310 2548 Bruno
2343 2493 2403 2547 in
2435 2510 2537 2547 sua
2567 2494 2640 2548 ad
2670 2494 2859 2565 ipsum
2894 2494 3156 2566 epistola,
3184 2495 3265 2549 ita
3294 2495 3595 2551 Guibertus

1983 2585 2289 2653 utramque
2309 2582 2506 2649 tacuit,
2533 2582 2669 2652 quia
2684 2582 2755 2637 de
2779 2582 2960 2637 causis
2973 2583 3593 2654 conversionisBruno-

1985 2668 2073 2724 nis
2105 2669 2295 2724 dicere
2339 2686 2458 2724 non
2504 2674 2903 2740 proposuerat,
2939 2671 3039 2725 sed
3068 2671 3138 2725 de
3167 2672 3488 2739 occasione,
3520 2671 3593 2726 ad

1982 2774 2158 2829 quam
2178 2761 2386 2812 neutra
2398 2774 2597 2813 earum
2616 2758 2998 2830 pertinebat.»
3025 2760 3223 2814 Isthazc
3240 2759 3592 2815 Columbius:

1980 2862 2201 2912 verum,
2224 2862 2355 2900 cum
2367 2844 2668 2900 Guibertus
2683 2846 2952 2917 equidem
2970 2846 3253 2902 Brunonis
3277 2848 3483 2903 saeculo
3500 2863 3592 2902 re-

337 2936 467 2989 266.
495 2958 524 2986 ‹‹
540 2935 652 2991 Sed
676 2953 869 3008 quaaso
898 2936 1038 3005 te,iu
1057 2938 1164 2993 hac
1184 2938 1333 2993 bene
1348 2939 1527 3011 longa
1547 2939 1881 2994 narratione
1902 2965 1949 3024 Ο
1983 2933 2249 2987 nutiandi
2270 2932 2740 3005 propositum,uti
2754 2934 2929 2988 etiam
2947 2951 3230 2989 secessum
3248 2935 3308 2990 in
3327 2951 3590 2990 eremum
3678 2948 3687 2958 ί

272 3023 548 3092 Guiberti,
574 3042 689 3096 quo
714 3024 772 3079 in
790 3027 915 3081 loco
928 3028 1172 3081 verbum
1190 3044 1371 3082 unum
1394 3028 1465 3082 de
1482 3028 1726 3095 Lutetia,
1753 3045 1881 3100 qua:

277 3111 583 3167 ﬂorentem
605 3130 698 3169 om
708 3113 766 3168 ni
792 3113 1115 3170 litteracum
1139 3132 1352 3187 genere
1366 3116 1723 3170 academiam
1744 3120 1881 3171 tunc

277 3199 580 3256 habuerit?
614 3203 694 3257 De
735 3202 971 3258 doctore
997 3203 1272 3272 redivivo,
1315 3204 1411 3276 qui
1450 3204 1790 3260 damnatum
1821 3222 1880 3260 se

277 3290 454 3345 tribus
486 3289 703 3345 vicibus
725 3291 876 3347 inter
904 3293 1194 3348 solemnes
1211 3294 1509 3365 exsequias
1524 3294 1775 3348 dixerit?
1799 3296 1879 3349 De

276 3378 629 3435 solemnibus
656 3379 896 3435 tandem
927 3381 1231 3452 exsequiis,
1273 3399 1415 3453 quas
1445 3382 1589 3437 ordo
1625 3383 1879 3438 ecclesiae

273 3466 566 3522 universus
587 3468 978 3523 cohonestarit
1000 3469 1027 3523 ‘2
1049 3488 1080 3522 »
1108 3471 1192 3525 Ita
1223 3470 1526 3524 Launoius.
1555 3471 1655 3524 Ast
1683 3487 1880 3525 veram

273 3570 522 3610 secessus
552 3556 610 3611 S.
643 3556 927 3612 Brunonis
953 3557 1012 3611 in
1044 3574 1305 3612 eremum
1324 3575 1554 3612 causam
1594 3576 1628 3613 a
1653 3559 1883 3614 Guiber-

274 3644 438 3710 to,uti
455 3643 909 3700 verbisrecitatis
920 3644 967 3698 is
993 3644 1240 3717 scriptor
1251 3646 1410 3713 vulti,
1439 3662 1557 3701 non
1581 3646 1879 3718 assignari,

278 3732 406 3786 satis
427 3736 1029 3805 superque,quantum
1046 3733 1470 3806 opinior,qum§
1494 3737 1525 3790 9
1541 3734 1600 3789 in
1622 3735 1882 3791 medium

275 3819 503 3887 adduxi,
545 3820 834 3877 evincunt.
872 3822 1038 3887 Quod
1070 3839 1203 3877 vero
1237 3823 1309 3877 ad
1337 3824 1597 3894 ejusdem
1628 3825 1880 3880 Guiberti

272 3907 340 3964 de
369 3910 626 3966 doctoris
654 3911 902 3966 anastasi
918 3911 1209 3966 silentium
1240 3912 1513 3982 pertinet,
1549 3913 1882 3968 Columbius

270 3996 338 4053 ad
354 3998 467 4054 hoc
498 3997 558 4053 in
580 4016 683 4054 sua
699 4000 771 4054 de
802 3999 1236 4055 Carthusiarum
1275 4000 1450 4055 initiis
1468 4002 1880 4056 Dissertatione

273 4101 428 4142 num.
445 4089 515 4141 35
541 4090 600 4142 et
622 4104 744 4159 seq.
768 4087 1022 4142 Launoio
1042 4087 1588 4160 respondethuncin
1604 4089 1875 4145 modum:

274 4192 301 4223 »
326 4174 636 4230 Guibertus
664 4176 872 4231 recitat
895 4177 1229 4231 Brunonem
1253 4176 1464 4231 «initia
1491 4177 1879 4234 conversionis

1981 3038 2081 3075 seu
2095 3021 2411 3093 perfectam
2430 3021 2887 3088 conversionem,
2901 3025 3217 3089 recenseat,
3242 3039 3424 3094 eoque
3467 3022 3591 3093 ipso

1980 3110 2246 3181 loco,quo
2261 3108 2319 3162 id
2333 3108 2998 3181 facit,occasionem,qua
3024 3110 3172 3164 illuis
3190 3110 3353 3165 initia
3365 3114 3594 3166 sanctus

1981 3200 2180 3251 nactus
2197 3197 2563 3269 sit,exponat,
2592 3197 3227 3252 fuissetverosimillime
3253 3197 3592 3270 etiam,qu&

1980 3286 2107 3353 hac,
2140 3285 2185 3339 si
2221 3287 2412 3341 locum
2444 3303 2702 3358 unquam
2742 3286 3053 3352 habuisset,
3080 3287 3264 3341 multo
3291 3289 3493 3341 notatu
3506 3286 3592 3341 di-

1981 3374 2153 3447 gnior
2163 3375 2465 3430 exstitisset
2481 3374 2647 3445 eique
2670 3374 2845 3429 etiam
2864 3378 3183 3447 perspecta,
3204 3374 3595 3430 conversionis

1982 3479 2213 3518 causam
2252 3480 2350 3518 seu
2381 3462 2631 3518 doctoris
2671 3464 2981 3518 anastasim
3025 3467 3535 3531 commemoratus,
3560 3482 3590 3512 ››

2054 3552 2296 3606 268.Nec
2312 3552 2385 3606 ad
2404 3568 2530 3606 rem
2543 3552 2986 3619 facit,nonnulla
3010 3552 3140 3619 alia,
3160 3552 3233 3607 ad
3259 3554 3594 3608 Brunonem

1983 3640 2320 3711 spectantia,
2365 3640 2736 3695 collationem
2782 3641 2995 3695 scilicet
3023 3656 3155 3695 cum
3202 3641 3503 3712 Radulpho
3535 3643 3595 3697 et

1983 3728 2194 3794 Fulcio,
2228 3729 2557 3783 Romanum
2590 3728 2712 3798 ejus
2742 3728 2872 3793 iter,
2906 3732 3276 3800 secutamque
3296 3729 3432 3783 hinc
3461 3732 3590 3784 tum

1979 3817 2212 3883 horum,
2230 3819 2356 3871 tum
2380 3816 2662 3871 Brunonis
2683 3816 2754 3870 ad
2772 3816 3132 3887 implendum
3146 3816 3374 3871 habitus
3384 3833 3591 3873 mona-

1982 3904 2124 3960 chici
2158 3904 2501 3977 suscipiendi
2524 3907 2722 3959 votum
2750 3903 2931 3958 animi
2955 3904 3379 3972 remissionem,
3398 3922 3433 3960 a
3463 3905 3592 3961 Gui-

1978 3994 2143 4049 berto
2166 3994 2393 4049 silentio
2417 4010 2537 4049 esse
2564 3992 2885 4065 praaterita;
2919 3992 3041 4047 haec
3070 3993 3230 4048 enim
3262 3994 3481 4062 omnia,
3507 3994 3593 4051 uti

1980 4082 2369 4138 consideranti
2392 4081 2631 4154 patebit,
2678 4085 2810 4136 sunt
2835 4082 3187 4153 hujusmodi,
3227 4087 3292 4138 ut
3319 4083 3487 4138 facile
3519 4083 3593 4139 ab

1978 4170 2087 4227 hoc
2114 4171 2395 4242 scriptore
2420 4170 2676 4242 ignorari
2704 4169 3034 4241 potuerint;
3062 4170 3378 4226 Parisiense
3397 4175 3594 4227 autem

273 4282 300 4311 κ
325 4279 389 4317 ex
434 4264 695 4335 subjecta
737 4268 971 4319 nactum
1020 4264 1338 4332 occasione,
1370 4286 1399 4314 »
1449 4268 1506 4319 et
1550 4265 1670 4338 ipse
1719 4266 1875 4339 (Lau-
1899 4257 1951 4327 D
1981 4259 2229 4315 doctoris
2249 4258 2484 4313 redivivi
2502 4258 2855 4331 prodigium,
2884 4258 3190 4329 sipublice,
3214 4262 3277 4314 ut
3302 4260 3587 4329 nonnulli,

273 4350 451 4424 noius)
489 4351 736 4407 advertit
767 4369 904 4408 eum
940 4353 1183 4408 tacuisse
1207 4353 1525 4408 redivivum
1550 4354 1875 4423 hominem,

273 4438 362 4508 qui
385 4439 619 4495 Parisiis
656 4457 723 4495 ex
753 4441 968 4496 feretro
1015 4458 1075 4496 se
1107 4441 1400 4496 horrenda
1427 4456 1563 4497 voce
1592 4442 1876 4498 exclama-

271 4525 345 4581 vit
371 4529 753 4598 damnatum;
788 4533 847 4584 et
866 4529 1307 4585 conversionem
1348 4547 1416 4584 ex
1446 4529 1707 4601 superius
1738 4531 1879 4586 reci-

270 4613 383 4671 tata
426 4614 749 4685 occasione,
794 4633 898 4689 per
932 4617 1058 4690 pios
1101 4633 1235 4673 cum
1273 4614 1785 4695 Radulpho‘Viridi
1819 4622 1877 4675 et

271 4699 456 4760 Fulcio
486 4705 787 4761 Monoculo
804 4722 1102 4762 sermones
1117 4709 1479 4777 conceptam.
1508 4710 1757 4779 votoque
1783 4707 1878 4763 ﬂr-

270 4794 485 4848 matam
514 4792 844 4859 meditanti,
883 4794 1105 4865 grande
1134 4793 1243 4849 fuit
1290 4798 1349 4850 et
1401 4795 1561 4851 omni
1612 4795 1874 4851 oratione

272 4880 554 4949 potentius
592 4881 1038 4938 incitamentum
1079 4883 1152 4939 ad
1202 4882 1379 4939 vitam
1416 4885 1590 4955 longe
1619 4885 1875 4956 asperius

270 4969 551 5039 agendam
579 4969 642 5025 in
662 4971 980 5037 Carthusia,
1009 4987 1184 5043 quam
1202 4971 1551 5044 cogitaverat
1572 4972 1699 5043 jam
1715 4988 1878 5028 vove-

270 5059 484 5129 ratque,
508 5058 1058 5119 Placetexclamanti
1072 5060 1552 5116 exclamationem
1566 5077 1871 5132 reponere.

274 5141 465 5207 Quaeso
492 5149 571 5213 te,
604 5145 667 5202 in
714 5147 825 5202 hac
865 5148 1015 5204 bene
1045 5150 1221 5221 longa
1252 5149 1586 5204 narratione
1617 5149 1873 5204 Guiberti

272 5246 378 5303 quo
398 5234 522 5290 loco
549 5235 789 5291 verbum
805 5253 989 5293 unum
1008 5238 1078 5293 de
1094 5238 1325 5293 hortulo
1346 5237 1648 5308 adjacente
1671 5237 1871 5293 domui

272 5319 423 5388 Adae,
457 5323 529 5378 de
573 5323 963 5396 disputatione
994 5325 1276 5381 Brunonis
1308 5341 1442 5380 cum
1473 5325 1775 5399 Radulpho
1814 5328 1874 5381 et

273 5404 471 5481 Fulcio,
518 5410 593 5468 de
633 5412 886 5471 Romaro
930 5412 1138 5469 itinere
1185 5412 1382 5482 Fulcii,
1419 5413 1575 5484 quod
1612 5414 1772 5483 fecit,
1806 5417 1875 5472 ut

1977 4364 2224 4420 quorum
2255 4347 2652 4402 narrationem
2695 4346 2789 4401 hic
2819 4346 3236 4416 examinamus,
3290 4349 3593 4405 memoriae

1975 4452 2080 4509 pro
2087 4436 2622 4504 didere,innumera
2639 4436 3063 4508 propemodum
3075 4453 3273 4492 coram
3285 4437 3594 4493 hominum

1975 4524 2345 4581 multitudine
2370 4524 2444 4579 sit
2485 4524 2724 4592 factum,
2759 4524 3062 4596 ignorasse
3100 4525 3460 4595 Guibertum,
3507 4527 3595 4584 rei

1975 4617 2150 4687 gestas
2164 4612 2743 4686 synchronum,nulla
2752 4612 2976 4668 ratione
2988 4614 3314 4670 verosimile
3327 4619 3590 4688 apparet.

1928 4737 1947 4756 .
1977 4703 2142 4768 Quod
2167 4718 2340 4775 porro
2386 4698 2638 4774 pertinet
2676 4701 2751 4757 ad
2792 4702 3181 4775 conversionis
3212 4702 3270 4759 S.
3302 4704 3590 4760 Brunonis

1973 4791 2272 4847 initiorum
2286 4790 2849 4863 occasionem,quam
2863 4791 3193 4860 solam,non
3208 4794 3402 4847 autem
3414 4792 3590 4849 etiam

1974 4879 2363 4936 conversionis
2375 4880 3356 4949 causas,commemorare,Guiberto
3378 4896 3589 4952 propo-
3604 4906 3608 4913 λ

1973 4969 2146 5026 situm
2177 4967 2612 5035 fuerit,efﬁcere
2637 4967 2697 5022 id
2726 4984 2845 5024 non
2865 4970 3143 5039 potest,ut
3157 4982 3389 5038 quoquo
3406 4970 3585 5026 modo

1972 5056 2297 5113 verosimile
2310 5056 2875 5123 evadat,Guibertum
2887 5055 3058 5109 fuisse
3071 5052 3405 5127 prodigium
3425 5055 3588 5125 illud,

1973 5147 2018 5203 si
2059 5146 2406 5213 accidissset,
2437 5145 2666 5200 silentio
2698 5143 3079 5217 praeteritum.
3115 5140 3250 5207 Quis
3276 5142 3436 5198 enim
3463 5162 3590 5201 non

1970 5236 2030 5292 in
2047 5234 2744 5301 animuminducat,hunc
2759 5230 3122 5303 scriptorem,
3150 5231 3292 5286 dum
3313 5248 3433 5287 non
3453 5237 3585 5288 tan-

1969 5326 2096 5379 tum
2132 5320 2522 5381 conversionis
2559 5320 2619 5375 S.
2652 5317 2938 5375 Brunonis
2966 5318 3152 5387 initia,
3182 5334 3384 5373 verum
3409 5319 3585 5375 etiam

1969 5412 2292 5486 perfectam
2320 5408 2760 5469 conversionem
2787 5423 2890 5466 seu
2918 5423 3206 5466 recessum
3230 5406 3291 5463 in
3320 5423 3590 5465 eremum
