3996 6012
338 252 437 306 159

1156 250 1212 301 S.
1249 245 1594 302 BRUNONIS
1635 240 2270 301 CARTHUSIANORUM
2330 245 2798 302 INSTITUTORIS

3555 248 3652 303 160

326 371 898 438 recensuit,voluisse
916 387 1015 426 seu
1041 372 1400 444 propositum
1419 369 1822 437 sibihabuisse,
1845 369 1947 424 ini-
1964 374 2021 434 Α
2044 369 2191 440 gnis,
2227 373 2288 425 ut
2314 372 2433 425 vult
2461 371 2782 438 Guibertus,
2817 372 2916 427 sed
2947 371 3165 443 lingua,
3193 388 3321 444 qua:
3353 373 3520 428 nobis
3551 389 3652 428 ne-

326 461 541 518 tiorum
563 461 790 515 illorum
819 461 1176 516 occasionem
1205 480 1301 516 seu
1347 461 1644 532 improbos
1680 458 1943 513 Manassis

329 566 542 616 mores,
567 549 760 602 minus
785 553 1109 611 memoratu
1131 550 1360 622 dignos,
1379 550 1568 620 potius
1582 565 1941 602 commemo-

337 653 672 709 rare,quam
687 637 1074 692 conversionis
1090 639 1357 709 perfecta:
1380 654 1630 702 causam,
1647 653 1744 690 seu
1762 635 1940 702 illam,

334 725 380 779 si
424 727 616 780 locum
662 742 919 796 unquam
962 727 1271 793 habuisset,
1325 725 1572 781 doctotis
1611 724 1943 778 Parisiensis

331 815 664 880 anastasim,
693 830 818 867 rem
848 815 1063 885 utique,
1099 815 1142 868 si
1166 814 1455 879 acciderit,
1489 812 1649 868 omni
1679 812 1942 867 omnium

331 903 671 956 surculorum
703 903 989 956 memoria
1017 903 1189 973 longe
1237 901 1673 973 dignissimam?
1708 902 1942 971 Anony-

327 1006 458 1045 mus
475 989 787 1045 Annalium
807 990 1296 1045 Carthusiensium
1313 989 1443 1044 libri
1459 989 1645 1061 quarti
1666 989 1942 1043 hactenus

331 1095 448 1133 non
481 1079 695 1150 vulgati
721 1083 1012 1147 auctor,ut
1032 1096 1066 1133 a
1085 1079 1338 1133 Launoio
1360 1077 1812 1134 contraferalem
1841 1077 1943 1130 do-

330 1165 501 1222 ctoris
520 1167 779 1222 damnati
807 1167 1105 1222 historiam
1121 1167 1431 1221 adductam
1453 1183 1484 1220 e
1503 1165 1754 1220 Guiberti
1773 1165 1944 1219 silen-

333 1254 414 1309 tio
445 1259 857 1327 argumentum
892 1258 1148 1322 enervet,
1181 1255 1356 1309 aliam
1388 1254 1538 1309 viam
1570 1253 1696 1307 init.

401 1343 526 1413 269)
559 1344 784 1398 Etenim
809 1347 867 1398 et
892 1343 1201 1416 ipsummet
1226 1342 1558 1397 Guibertum
1578 1358 1774 1395 rerum
1793 1341 1866 1395 ad
1887 1339 1946 1394 S.

335 1432 665 1486 Brunonem
697 1432 796 1486 Cat
809 1432 1215 1502 thusianosque
1231 1431 1613 1503 spectantium
1644 1429 1947 1502 imperitiae

339 1521 548 1592 arguit,
575 1524 633 1576 et
648 1521 786 1574 Vitaz
813 1520 1161 1574 Guibertinaz
1182 1521 1312 1583 libri
1332 1519 1502 1593 primi
1521 1523 1691 1590 caput
1713 1523 1797 1585 11,
1832 1534 1944 1590 quo

336 1607 586 1663 doctoris
606 1609 864 1663 damnati
876 1608 1113 1662 historia
1133 1608 1649 1663 commemoranda
1668 1607 1947 1672 fuisset,et

333 1699 532 1751 tamen
552 1696 776 1751 silentio
803 1697 1150 1769 praeteritur,
1172 1697 1475 1768 insigniter
1501 1713 1621 1751 esse
1637 1696 1946 1765 interpola-
1965 1679 2020 1742 Β

332 1785 452 1840 tem
503 1787 602 1839 aut
651 1786 848 1851 etiam,
884 1785 1082 1852 alium,
1129 1803 1304 1856 quam
1341 1787 1698 1852 Guibertum,
1732 1785 1945 1838 habere

334 1872 1345 1944 auctorem,contendit.Argumenta
1367 1873 1675 1946 praecipua,
1698 1889 1796 1926 seu
1828 1888 1948 1926 ma-

333 1959 421 2031 gis
448 1961 654 2029 valida,
686 1961 892 2032 quibus
920 1962 1070 2016 hanc
1106 1961 1455 2033 Opinionem
1486 1978 1649 2016 suam
1675 1961 1942 2032 probare,

339 2052 441 2104 aut
461 2049 683 2117 nititur,
712 2052 812 2103 aut
839 2049 1014 2103 etiam
1043 2050 1230 2121 reipsa
1260 2051 1566 2121 probatam
1598 2047 1942 2115 dare,videri

334 2140 546 2209 potest,
580 2137 839 2208 ipsismet
860 2138 1070 2192 iterum
1092 2138 1240 2192 illius
1258 2139 1442 2192 verbis
1462 2139 1572 2192 huc
1601 2137 1940 2192 transcribo.

335 2224 530 2280 Primo
561 2225 754 2297 itaque
766 2226 1176 2280 lucubrationis
1195 2243 1309 2280 suae
1331 2243 1493 2294 num,
1524 2229 1611 2293 94,
1631 2227 1943 2294 nonnullis,

339 2329 466 2384 quas
498 2313 590 2368 hic
614 2314 1256 2386 praatereo,prasmissis,
1285 2315 1362 2370 sic
1389 2315 1597 2370 habet:
1637 2315 1947 2369 «Describit

333 2401 652 2472 (Guibertus
673 2404 1022 2474 nempeloco
1049 2403 1166 2474 cit.)
1187 2403 1472 2475 majorem
1500 2403 1858 2458 Carthusiam
1875 2420 1943 2458 eo

331 2489 532 2558 modo,
567 2507 680 2562 quo
713 2494 838 2546 erat
877 2495 1008 2562 post
1040 2495 1291 2546 mortem
1323 2491 1602 2563 Guigonis
1634 2491 1945 2564 nostri,qui

330 2577 476 2633 obiit
505 2595 658 2634 anno
690 2583 823 2634 1136
854 2600 886 2632 α
911 2580 1235 2635 Claustrum
1271 2581 1527 2653 quidem,
1570 2581 1778 2652 inquit,
1809 2579 1944 2634 satis

329 2666 653 2722 Didoneum
690 2685 795 2739 pro
831 2669 1136 2724 caanobiali
1181 2669 1598 2724 consuetudine
1637 2670 1938 2736 habentes,

325 2773 359 2808 ›
388 2755 488 2810 sed
505 2773 622 2811 non
653 2759 1056 2824 claustraliter,
1087 2763 1149 2812 ut
1171 2759 1362 2813 caeteri
1389 2758 1809 2812 cohabitantes.
1831 2757 1940 2811 Ha-

325 2862 359 2897 »
384 2845 526 2899 bent
555 2844 767 2917 quippe
819 2845 1029 2916 singuli
1071 2847 1300 2900 cellulas
1333 2862 1436 2917 per
1467 2862 1675 2917 gyrum
1710 2844 1939 2899 claustri

2044 459 2286 514 cessaria
2313 463 2464 526 sunt,
2501 460 2799 531 exigimus.
2828 483 2855 510 «
2881 461 3026 516 Sunt
3059 465 3276 528 autem,
3311 462 3498 534 inquit
3524 462 3652 517 Gui-

2043 549 2257 614 bcrtus,
2294 548 2445 602 infra
2475 553 2739 603 montem
2770 550 2932 603 illum
2961 549 3315 621 (Carthusize)
3357 551 3652 605 habitacu-

2043 637 2097 690 la
2126 637 2320 703 laicos,
2352 637 2704 692 vicenarium
2752 654 3064 693 numerum
3114 639 3473 706 excedentes,
3521 640 3657 695 ﬁde-

2041 723 2330 779 lissimons
2364 725 2694 781 retinentia.
2726 748 2754 776 »
2802 728 2876 780 At
2905 727 3061 783 idem
3101 727 3282 799 Guigo
3314 727 3392 782 sic
3421 729 3608 783 sanxit
3635 745 3648 783 :

2043 833 2071 862 »
2096 813 2393 868 La'iccrum
2410 817 2602 868 autem
2629 831 2923 882 numerus,
2939 832 3083 886 quos
3106 839 3134 866 ‹‹
3161 817 3474 872 Conversos
3496 833 3658 871 voca-

2043 921 2075 954 »
2098 919 2244 969 mus,
2287 902 2537 957 sedecim
2582 906 2762 958 status
2794 907 2898 958 est.
2935 925 2962 952 ››
2999 904 3141 959 Hinc
3171 905 3544 977 suspicamur,
3567 905 3654 960 vel

2044 990 2380 1045 Guibertum
2456 1008 2574 1045 non
2653 992 2860 1046 obiisse
2920 1010 3073 1048 anno
3134 995 3290 1060 1124,
3352 997 3410 1048 et
3454 993 3655 1048 vixisse

2046 1096 2224 1150 usque
2246 1080 2319 1134 ad
2345 1083 2613 1151 tempora
2642 1080 2827 1134 Basilii
2854 1081 3065 1137 Prioris
3097 1081 3433 1149 Carthusize,
3465 1082 3522 1136 id
3546 1085 3652 1150 est,

2048 1171 2406 1238 postannum
2428 1168 2671 1232 “50,vel
2692 1168 3008 1238 capitulum
3033 1169 3173 1223 illud
3186 1169 3258 1242 (x1
3274 1186 3486 1241 nempe
3507 1170 3604 1224 lib.
3636 1186 3652 1223 ι

2047 1272 2221 1326 supra
2250 1255 2366 1326 cit.)
2403 1255 2572 1327 Operi
2601 1256 2855 1310 Guiberti
2887 1274 2922 1311 a
2955 1257 3207 1328 quodam
3237 1257 3346 1312 alio
3371 1257 3541 1312 fuisse
3571 1258 3653 1312 in-

2047 1348 2286 1399 sertum.
2322 1345 2464 1399 Nam
2481 1344 2630 1398 circa
2650 1347 2917 1415 tempora
2934 1345 3122 1399 Basilii
3135 1363 3411 1400 numerus
3423 1363 3656 1401 conver-

2047 1448 2241 1486 sorum
2273 1435 2331 1487 et
2357 1433 2850 1488 mercenariorum
2875 1432 3276 1504 cuapitaugeri,
3313 1437 3374 1488 ut
3404 1437 3561 1505 patet
3587 1451 3655 1489 ex

2046 1521 2256 1575 chartis
2291 1521 2675 1592 capitulorum
2713 1522 3095 1593 generalium,
3130 1524 3188 1575 et
3216 1523 3593 1577 conﬁrmatur
3623 1539 3657 1577 a

2047 1611 2214 1665 Petro
2247 1610 2623 1677 Cluniacensi,
2667 1611 2763 1682 qui
2813 1611 2872 1664 in
2904 1611 3090 1683 capite
3119 1613 3186 1666 28
3209 1610 3309 1666 lib.
3335 1610 3467 1665 nde
3491 1611 3658 1666 Mira-

2047 1696 2204 1764 culis,
2233 1715 2405 1769 quem
2451 1698 2601 1753 circa
2642 1715 2864 1753 annum
2905 1702 3039 1754 1150
3068 1699 3267 1766 edidit,
3301 1702 3363 1753 ut
3405 1716 3505 1754 suo
3528 1701 3653 1754 loco

2048 1786 2324 1853 dicemus,
2340 1786 2533 1841 scribit
2556 1803 2864 1841 numerum
2881 1803 3288 1842 conversorum
3320 1791 3459 1841 tunc
3483 1787 3655 1842 fuisse

2047 1874 2384 1929 octedecim.
2431 1875 2646 1929 Asserit
2689 1875 2992 1930 Guibertus
3032 1875 3460 1930 Carthusienses
3488 1878 3653 1930 tanto

2047 1982 2075 2012 »
2105 1968 2303 2035 ereptae
2362 1963 2872 2034 contemplationis
2917 1964 3142 2019 fervore
3185 1963 3341 2031 ferri,
3395 1967 3457 2018 ut
3499 1965 3658 2018 nulla

2046 2071 2075 2100 »
2099 2051 2377 2123 temporis
2399 2052 2759 2124 longitudine
2781 2071 2814 2107 a
2844 2069 2945 2107 sua
2967 2051 3325 2108 institutione
3357 2053 3654 2118 desistant,

2045 2159 2077 2192 ››
2106 2157 2212 2195 nec
2237 2141 2428 2212 aliqua
2467 2141 2661 2196 arduae
2692 2141 2844 2196 illius
2882 2141 3333 2197 conversationis
3372 2141 3654 2195 diuturni-

2046 2248 2074 2278 »
2103 2231 2220 2283 tate
2250 2231 2566 2300 tepescant.
2592 2249 2624 2280 ιι)
2674 2231 2748 2283 Ex
2794 2229 2880 2284 his
2923 2233 3077 2284 certe
3116 2230 3302 2284 verbis
3333 2229 3656 2300 colligimus

2046 2332 2324 2388 magnam
2343 2337 2372 2368 «
2395 2318 2678 2388 temporis
2695 2318 3120 2388 longitudinem
3142 2337 3172 2369 »
3195 2334 3295 2372 seu
3318 2337 3348 2369 «
3364 2317 3650 2372 diuturni-

2045 2423 2078 2455 »
2099 2407 2281 2458 tatem
2316 2405 2762 2459 conversationis
2783 2424 2813 2456 »
2841 2406 2912 2460 ab
2962 2405 3277 2460 instutione
3309 2405 3539 2460 Ordinis
3569 2405 3652 2460 ef-

2045 2491 2272 2546 fluxisse
2293 2509 2470 2564 usque
2511 2493 2583 2547 ad
2613 2497 2863 2565 tempus,
2905 2509 3018 2565 quo
3058 2493 3180 2548 haec
3230 2494 3650 2560 scribebantur,

2044 2579 2125 2635 ita
2153 2584 2216 2634 ut
2247 2585 2392 2635 esset
2419 2581 2812 2647 admirationi,
2847 2599 2974 2652 qua:
3006 2582 3263 2652 profecto
3294 2599 3412 2636 non
3433 2581 3649 2650 fuisset,

2043 2668 2088 2722 si
2120 2669 2269 2723 ultra
2299 2671 2531 2723 aetatem
2554 2669 2828 2736 Guiberti,
2863 2669 2958 2741 qui
2991 2669 3099 2724 fuit
3117 2669 3173 2725 S.
3205 2670 3488 2724 Brunonis
3507 2685 3652 2724 coag-

2040 2773 2158 2823 vus,
2202 2773 2319 2812 non
2363 2757 2788 2812 extenderetur.
2827 2758 2939 2812 Nec
2977 2761 3286 2831 propterea
3326 2758 3470 2813 adeo
3513 2757 3648 2812 fuis-

2041 2850 2168 2899 sent
2187 2845 2457 2900 laudandi
2489 2845 2937 2900 Carthusienses.

324 2950 358 2984 θ
380 2932 701 3004 proprias,»
724 2936 832 3000 etc,
861 2932 1073 2997 Quibus
1087 2935 1273 2989 verbis
1293 2934 1562 3005 exprimit
1578 2949 1793 2988 novum
1811 2933 1940 2988 Car-
1959 2971 2009 3035 α
2110 2936 2232 2989 271.
2265 2933 2825 3005 «Pergitﬁuibertus
2843 2951 3009 2989 suam
3039 2933 3190 2989 circa
3218 2936 3480 2990 sanctum
3507 2936 3650 2989 Bru-

323 3021 527 3076 thusize
552 3022 1073 3088 monasterium,ab
1105 3039 1258 3077 anno
1295 3025 1430 3078 1132
1462 3025 1782 3076 extructum
1809 3025 1939 3092 post

326 3109 453 3165 nive
505 3126 808 3182 oppressos
853 3111 964 3182 (adi
1008 3111 1301 3165 Labbeum
1344 3115 1488 3165 tom.
1521 3112 1542 3164 Ι
1573 3110 1936 3165 Bibliotheca;

324 3214 486 3253 novae
516 3215 652 3253 mss.
685 3216 818 3271 pag,
854 3200 979 3271 640)
1010 3199 1069 3253 in
1091 3198 1268 3270 priori
1293 3199 1418 3253 loco
1450 3199 1936 3253 monachos.Nam

325 3301 394 3340 eo
447 3289 734 3358 tempore,
789 3305 902 3359 quo
966 3288 1268 3342 Guibertus
1320 3287 1572 3341 creditur
1625 3285 1933 3356 scripsisse,

324 3391 540 3448 nempe
587 3380 722 3431 ante
774 3379 863 3431 vel
912 3377 1063 3431 circa
1106 3392 1328 3431 annum
1379 3377 1515 3430 1124
1559 3376 1775 3430 cellulae
1834 3392 1938 3447 per

323 3479 532 3535 gyrum
581 3465 816 3520 claustri
858 3481 976 3520 non
1017 3469 1184 3519 erant
1223 3463 1532 3535 dispositae,
1580 3464 1680 3518 sed
1709 3464 1781 3518 ab
1811 3479 1933 3534 ipso

323 3553 568 3608 claustro
601 3553 830 3624 penitus
850 3557 1150 3624 separatae,
1177 3556 1238 3607 ut
1262 3552 1638 3624 probabimus
1662 3552 1720 3606 in
1746 3555 1938 3606 Anna-

318 3640 468 3695 libus
497 3642 570 3697 ad
610 3659 828 3696 annum
865 3645 1019 3698 1134.
1050 3643 1199 3696 Dum
1231 3658 1364 3696 vero
1390 3641 1581 3696 subdit
1617 3657 1630 3696 :
1665 3643 1935 3713 «Aquam

323 3746 355 3780 »
377 3732 572 3784 autem
613 3733 736 3784 tam
774 3731 1021 3797 haustui,
1055 3747 1232 3802 quam
1261 3729 1489 3784 residuo
1517 3729 1639 3784 usui
1666 3746 1732 3784 ex
1763 3730 1936 3784 ductu

323 3836 356 3870 »
377 3818 675 3890 fontis,qui
696 3819 960 3874 omnium
977 3819 1235 3874 obambit
1250 3820 1562 3885 cellulas,et
1577 3819 1935 3889 singulorum

323 3924 355 3958 »
373 3921 478 3977 per
501 3909 657 3962 certa
687 3907 977 3962 foramina
1007 3907 1260 3961 radiculis
1291 3906 1501 3972 inﬂuit,
1525 3907 1760 3971 habent,
1787 3924 1817 3956 »
1849 3905 1936 3960 his

321 3993 515 4049 innuit
547 3997 817 4065 tempora
849 3994 1324 4060 sanctiAntelmi,
1358 3993 1590 4064 septimi
1623 3993 1935 4047 Carthusize

325 4081 561 4148 Prioris,
596 4082 715 4154 qui,
738 4085 802 4137 ut
822 4083 901 4136 ait
926 4082 1067 4136 Vitae
1087 4083 1214 4136 illus
1237 4084 1456 4149 auctor,
1489 4081 1938 4153 «Apum-ductus

321 4187 356 4222 ν
379 4171 692 4238 multo,sed
705 4170 1049 4242 infatigabili
1064 4171 1260 4225 labore
1273 4170 1770 4241 fabricans,longis
1785 4186 1938 4224 mea-

2039 3038 2256 3077 nonem
2287 3021 2644 3092 imperitiam
2677 3023 2945 3094 prodere,
2989 3023 3223 3078 nicens:
3263 3021 3445 3078 «Inde
3473 3023 3650 3078 etiam

2037 3128 2068 3162 »
2099 3110 2186 3181 (de
2222 3110 2538 3181 Carthusia)
2574 3127 2688 3181 qua
2711 3111 2900 3165 nescio
2917 3111 3651 3178 occasione,mirabilisiste

2037 3199 2278 3253 »Βωηο
2303 3199 2597 3265 recedens,
2646 3203 2955 3271 postquam
3002 3199 3110 3266 his,
3157 3216 3286 3271 quae
3325 3199 3648 3270 pralibavi-

2037 3304 2230 3353 >>mus,
2260 3287 2594 3341 rudimenta
2619 3288 2802 3341 multa
2832 3288 3118 3342 dictorum
3155 3291 3211 3342 et
3240 3287 3527 3343 factorum
3568 3286 3653 3341 in-

2036 3395 2067 3428 »
2093 3375 2411 3430 culcatione
2457 3376 2825 3446 praestiterat,
2858 3375 2931 3430 ad
2961 3377 3195 3446 Apulos,
3237 3375 3449 3443 nescio,
3484 3375 3648 3429 Cala-

2035 3482 2068 3517 »
2090 3465 2299 3519 brosne
2331 3463 2627 3531 concessit,
2663 3466 2721 3518 et
2745 3464 2964 3518 ibidem
2994 3464 3126 3518 huic
3157 3463 3432 3536 quiddam
3463 3462 3648 3518 simile

2036 3574 2064 3604 »
2081 3553 2304 3608 vivendi
2355 3569 2536 3625 genus
2577 3551 2894 3607 instituit.»
2927 3552 3169 3607 Sanctus
3212 3553 3403 3606 Bruno
3436 3551 3648 3606 invitus

2035 3659 2067 3697 e
2093 3641 2349 3697 Cartusia
2372 3642 2624 3709 recessit,
2663 3641 2907 3712 jubente
2952 3645 3011 3696 et
3055 3644 3299 3711 cogente
3341 3641 3571 3696 Urbano
3600 3641 3648 3694 II

2035 3747 2264 3786 summo
2286 3730 2764 3801 Pontiﬁce,quem
2782 3729 2890 3800 piis
2911 3728 3182 3794 consiliis,
3193 3744 3298 3798 per
3315 3728 3532 3800 aliqu-ot
3551 3745 3653 3783 an-

2037 3836 2142 3874 nos
2153 3817 2323 3888 juvit,
2359 3817 2609 3872 maxime
2631 3818 2691 3872 in
2722 3817 2998 3883 conciliis,
3023 3819 3161 3870 tunc
3197 3815 3477 3888 temporis
3506 3817 3650 3871 cele-

2035 3905 2232 3962 bratis.
2263 3906 2376 3960 Sed
2400 3907 2523 3960 haec
2552 3905 2824 3960 omnibus
2855 3909 2995 3960 nota
3022 3905 3174 3959 solus
3203 3904 3492 3976 ignoravit
3516 3904 3647 3959 Gui-

2035 3994 2257 4062 berrus,
2289 3995 2386 4066 qui
2406 3994 2622 4049 fatetur
2645 4011 2704 4048 se
2727 3993 2946 4048 nescire
2969 4009 3083 4065 qua
3104 3993 3401 4048 occasione
3421 3996 3649 4048 sanctus

2036 4083 2224 4137 Bruno
2257 4082 2617 4138 Carthusiam
2643 4081 2945 4137 dimiserit.
2975 4080 3191 4136 Deinde
3209 4084 3372 4154 putat
3385 4085 3648 4137 sanctum

2036 4170 2424 4243 patriarcham
2477 4173 2635 4226 recta
2681 4170 2771 4225 via
2819 4187 2853 4225 a
2887 4170 3079 4226 Galliis
3120 4188 3178 4226 se
3210 4169 3562 4225 transtulisse
3589 4170 3648 4225 in

321 4257 516 4313 rtibus
528 4259 600 4315 ad
616 4260 1121 4332 cellas,coquinam
1135 4264 1482 4332 caetarasque
1497 4259 1755 4314 officinas
1769 4276 1939 4331 aqua-
1958 4260 2016 4325 Ι)
2035 4260 2302 4333 Apuliam
2328 4262 2415 4315 vel
2449 4259 2793 4327 Calabriam,
2823 4259 2924 4315 sed
2953 4260 3027 4314 ad
3065 4263 3256 4314 utram
3282 4275 3482 4314 revera
3509 4275 3648 4314 con-

321 4365 354 4400 »
375 4363 507 4402 rum
539 4350 762 4403 tantam
793 4349 1001 4403 direxit
1028 4349 1507 4416 abundantiam,»
1523 4348 1938 4420 etc.Quodqui-

323 4435 462 4489 dem
475 4451 616 4507 opus
636 4437 892 4508 primum
903 4437 1084 4509 Guigo
1103 4454 1402 4509 aggressus
1416 4438 1728 4505 fuerat,sed
1748 4441 1935 4493 morte

324 4528 648 4596 praeventus
675 4525 816 4579 illud
846 4543 951 4597 per
981 4528 1156 4581 cellas
1187 4527 1469 4581 deducere
1498 4543 1615 4580 non
1647 4529 1933 4597 potuerat,

397 4615 520 4667 270.
550 4612 804 4669 «Scribit
825 4615 1152 4687 (Guibertus
1165 4615 1442 4669 nimirum
1470 4616 1595 4670 loco
1623 4631 1796 4686 supra
1813 4615 1932 4685 cit.)

329 4699 758 4757 Carthusienses
796 4720 1129 4775 «nusquam
1161 4719 1309 4774 pene
1348 4704 1518 4770 locui,
1551 4720 1690 4758 nam
1725 4702 1768 4756 si
1798 4703 1936 4775 quid

327 4808 361 4841 cx
380 4789 499 4861 peti
531 4805 760 4846 necesse
793 4795 898 4860 est,
934 4793 1098 4864 signo
1141 4793 1445 4864 exigitur.»
1495 4793 1608 4848 Sed
1642 4793 1937 4847 videamus

326 4894 395 4932 ex
419 4879 692 4950 Guigonis
735 4881 916 4936 nostri
965 4882 1494 4949 consuetudinibus,
1528 4899 1602 4936 an
1637 4882 1938 4936 Guibertus

329 4971 484 5022 recte
516 4985 710 5023 mores
757 4972 983 5025 nostros
1027 4969 1303 5024 calluerit.
1340 4969 1429 5024 Sic
1468 4969 1642 5042 igitur
1687 4970 1940 5042 loquitur

331 5054 509 5128 Guigo
529 5073 543 5112 :
567 5055 732 5112 «Soli
752 5057 1028 5129 degentes
1051 5058 1216 5130 signa
1237 5058 1633 5113 ccenobiorum
1646 5061 1744 5112 aut
1762 5059 1936 5124 nulla,

330 5159 363 5196 »
390 5149 490 5199 aut
523 5161 704 5218 pauca
750 5147 1031 5213 novimus,
1072 5147 1332 5201 sufﬁcere
1378 5149 1645 5218 putantes
1682 5147 1939 5217 linguam

332 5249 367 5285 »
384 5235 588 5302 solam,
605 5251 722 5290 non
746 5235 922 5290 etiam
939 5237 1177 5290 caeteros
1197 5239 1352 5289 artus
1371 5235 1624 5291 reatibus
1646 5235 1942 5305 implicare

334 5337 366 5375 κο
387 5323 692 5394 loquendi;
726 5326 784 5378 et
826 5323 959 5379 ideo
991 5323 1036 5378 si
1069 5327 1232 5378 tanta
1258 5324 1564 5378 necessitas
1603 5326 1793 5394 urget,
1825 5338 1941 5376 uno

337 5412 488 5465 »πνοι
522 5411 765 5480 duobus,
815 5415 917 5467 aut
953 5416 1105 5467 certe
1157 5411 1512 5485 paucissimis
1540 5412 1746 5480 verbis,
1788 5411 1944 5484 quod

340 5516 373 5552 »
403 5514 495 5554 res
519 5499 790 5572 postulat,
817 5499 1129 5556 maluimus
1158 5500 1420 5558 indicari.
1449 5519 1481 5554 ›>
1511 5501 1638 5557 Non
1672 5499 1848 5573 igitur
1877 5501 1946 5557 si-

2037 4349 2539 4421 cesserit,ignerat.
2563 4348 2804 4403 Sanctus
2822 4349 3180 4414 Bruno,dum
3204 4347 3263 4401 in
3286 4348 3416 4401 aula
3435 4346 3649 4401 Urbani

2034 4439 2440 4505 versabatur,a
2465 4439 2616 4492 clero
2646 4437 2912 4508 Regiensi
2936 4437 2992 4490 in
3025 4435 3649 4508 archiepiscopum,an-

2037 4529 2253 4581 nuente
2303 4526 2602 4593 Pontiﬁce,
2645 4526 2985 4597 postulatus,
3035 4524 3303 4578 electioni
3353 4541 3649 4579 assensum

2036 4616 2295 4687 praebere
2327 4615 2530 4682 noluit,
2548 4617 2898 4684 acceptaque
2919 4613 2990 4667 ab
3008 4612 3129 4683 ipso
3146 4612 3377 4667 Urbano
3398 4613 3649 4679 licentia,

2036 4703 2093 4757 in
2127 4703 2520 4770 solitudinem,
2557 4719 2732 4774 quam
2751 4701 2808 4756 in
2827 4701 3092 4757 Calabria
3119 4699 3649 4773 elegerat,secessit.

2037 4791 2150 4846 Sed
2164 4791 2698 4858 Guibertus,horum
2713 4788 2976 4845 omnium
2987 4788 3483 4860 ignorans,scribit
3494 4804 3651 4855 eum,

2037 4879 2239 4934 dumin
2255 4895 2446 4934 eremo
2464 4879 2978 4944 latitabat,suarum
2988 4877 3363 4932 nihilominus
3380 4877 3652 4932 virtutum

2037 4967 2264 5041 fulgore
2285 4967 2602 5040 proditum,
2627 4983 2661 5021 a
2689 4983 2920 5021 summo
2942 4965 3241 5033 Pontifice,
3265 4968 3330 5020 ut
3343 4964 3510 5020 ﬁeret
3531 4964 3652 5035 epi-

2039 5040 2575 5129 scopus,quaesitum
2595 5058 2654 5109 et
2675 5057 2922 5122 tentum,
2950 5054 3259 5125 aufugisse.
3278 5040 3319 5106 “«
3336 5053 3437 5108 Ibi.
3466 5050 3657 5124 inquit

2041 5165 2072 5200 ››
2096 5146 2398 5200 Guibertus
2440 5145 2534 5214 (an
2575 5142 2635 5197 in
2674 5143 2880 5214 Apulia
2918 5144 3006 5198 vel
3037 5143 3096 5197 in
3143 5142 3404 5197 Calabria
3455 5140 3654 5213 nescit)

2041 5255 2073 5288 »
2099 5251 2232 5289 eum
2279 5234 2464 5288 multa
2497 5231 2822 5286 humilitate
2863 5249 2923 5285 se
2968 5235 3187 5303 ageret,
3230 5235 3288 5286 et
3319 5229 3660 5285 omnimoda

2042 5343 2074 5377 ›>
2091 5323 2321 5394 piorum
2335 5322 2719 5392 exemplorum
2732 5319 3072 5391 prmbitione
3084 5321 3297 5374 circum
3314 5335 3540 5390 quaque
3554 5316 3660 5372 ful-

2044 5431 2076 5467 »
2098 5415 2281 5485 geret,
2305 5410 2378 5466 ad
2401 5409 2654 5482 episcopi
2677 5409 3022 5480 dignitatem
3054 5409 3126 5463 ab
3155 5408 3486 5480 Apostolica
3512 5405 3659 5461 Sede

2045 5520 2077 5556 »
2105 5500 2375 5574 quaesitus
2419 5501 2478 5555 et
2515 5501 2708 5555 tentus
2741 5498 2910 5571 fugit.
2929 5516 2962 5552 »
3006 5498 3085 5553 Ex
3111 5496 3200 5553 his
3231 5499 3391 5569 patet
3415 5495 3656 5552 Guiber-
