4224 6058
329 254 435 316 161

1913 245 2093 307 ACTA

3550 274 3652 335 162

322 383 462 437 tum
488 380 716 452 penitus
744 380 1060 454 ignorasse,
1091 399 1164 438 an
1186 385 1414 440 sanctus
1443 383 1634 439 Bruno
1691 394 1946 452 unquam
1970 383 2026 440 Α
2047 397 2076 426 ››
2110 379 2212 433 468
2245 378 2378 446 Viri,
2396 379 2628 437 feminae
2650 400 2715 439 ac
2735 387 2897 456 pueri
2911 385 3051 446 illud
3067 389 3288 449 vivendi
3309 412 3492 467 genus
3507 401 3652 457 arri-

324 469 569 525 Urbano
619 486 785 541 papae
831 471 1182 537 adhzesisset,
1231 472 1387 544 quod
1442 475 1640 526 tamen
1686 470 1946 542 apprime

320 557 480 613 scire
512 558 790 613 debuerat
824 575 837 627 ;
879 560 1354 631 quandoquidem
1381 564 1438 614 et
1489 559 1700 614 Urbani
1729 575 1948 613 coaevus

319 646 542 713 fuerat,
572 650 630 702 et
655 646 815 720 quasi
843 647 1047 702 eadem
1073 648 1370 719 provincia
1384 649 1632 719 genitus.
1667 649 1809 702 Nam
1828 647 1946 718 ipse

319 751 398 791 ex
413 736 558 790 urbe
580 736 874 790 Bellovaco
897 736 1176 791 oriundus
1189 741 1331 802 erat,
1348 740 1546 807 postea
1569 736 1750 790 factus
1771 735 1946 789 abbas

319 822 401 878 de
429 823 754 895 Novigento
782 823 842 878 in
874 824 1096 878 diaecesi
1132 824 1518 891 Laudunensi,
1554 827 1794 895 utraque
1813 823 1943 877 civi-

314 915 447 967 tate
470 913 576 968 sub
617 913 926 986 metropoli
955 913 1224 967 Remensi
1257 931 1270 979 ;
1296 913 1556 968 Urbanus
1586 929 1718 966 vero
1751 915 1943 966 exter-

314 1001 535 1057 ritorio
564 1006 622 1057 et
643 1003 795 1056 clero
818 1001 1086 1057 Remensi
1116 1005 1262 1069 erat,
1300 1005 1361 1057 ut
1384 1002 1629 1073 ipsemet
1646 1000 1944 1056 Guibertus

317 1091 545 1146 scribit.

396 1183 526 1235 272.
550 1181 718 1234 «Post
731 1180 922 1246 verba,
941 1197 975 1234 a
999 1179 1253 1235 Launoio
1267 1197 1334 1235 ex
1349 1179 1618 1234 Guiberto
1641 1178 1940 1249 exscripta,

316 1269 503 1338 prout
532 1283 603 1320 ea
627 1266 887 1338 superius
913 1267 1234 1335 retulimus,
1272 1266 1465 1321 statim
1493 1266 1789 1338 subjungit
1813 1265 1940 1319 Gui-

315 1355 526 1410 bertus
557 1355 617 1410 in
649 1355 856 1410 eodem
883 1357 1166 1427 capitulo:
1205 1379 1231 1405 ‹‹
1261 1357 1376 1422 Hae,
1397 1356 1656 1428 inquam,
1682 1371 1942 1426 personat

314 1463 352 1492 ››
386 1445 834 1500 conversionum
867 1448 1005 1499 tunc
1030 1445 1313 1516 temporis
1331 1446 1583 1499 extulere
1601 1443 1939 1516 primordia.

316 1553 352 1582 »
385 1532 816 1604 Hisicohaasere
861 1533 1134 1588 cantinuo
1163 1533 1417 1588 virorum
1474 1534 1941 1603 feminarumque

315 1641 351 1670 γι
387 1637 620 1692 greges,
653 1621 843 1676 omnis
866 1622 1128 1693 protinus
1145 1623 1285 1676 ordo
1309 1622 1617 1676 concurrit.
1650 1642 1678 1670 »
1705 1623 1771 1676 Et
1795 1621 1940 1675 infe-

317 1709 489 1764 rius:
541 1733 570 1759 ‹‹
619 1711 692 1764 At
731 1709 965 1764 feminae
1026 1710 1226 1765 itidem
1273 1710 1546 1782 insignes,
1599 1687 2017 1765 maritorumB

317 1818 350 1846 ν
385 1798 704 1853 celebrium
729 1798 1033 1869 jugalitate
1061 1799 1306 1866 deserta,
1357 1802 1413 1852 et
1448 1816 1482 1853 a
1510 1798 1620 1869 piis
1676 1798 1942 1853 cordibus

316 1907 349 1935 ι)
380 1886 705 1941 liberorum
739 1887 1025 1953 abstenta,
1058 1888 1278 1942 collatis
1328 1887 1470 1941 inibi
1503 1887 1726 1957 opibus,
1761 1888 1939 1941 eccle-

319 1995 350 2023 »ι
374 1974 621 2028 siasticis
644 1991 703 2029 se
732 1974 1032 2045 stipendiis
1091 1975 1532 2040 contradebant,
1575 1997 1602 2022 ››
1640 1975 1787 2038 Quid
1819 1975 1942 2027 haec

318 2062 433 2118 sibi
465 2063 714 2117 volunt?
744 2063 1044 2118 Guibertus
1075 2063 1219 2118 obiit
1267 2063 1416 2117 circa
1454 2080 1673 2117 annum
1705 2064 1840 2118 1124-
1885 2064 1942 2115 et

319 2153 526 2206 tamen
555 2151 810 2224 loquitur
840 2151 911 2205 de
937 2151 1169 2206 feminis
1199 2151 1312 2205 sive
1328 2151 1674 2206 monialibus
1701 2152 1940 2206 Carthu-

319 2239 630 2306 siensibus,
665 2240 885 2312 quasin
921 2240 1199 2295 Ordinem
1231 2239 1507 2295 admissas
1553 2243 1745 2295 tantus
1774 2241 1942 2294 fuisse

318 2329 478 2382 circa
507 2345 729 2382 annum
756 2329 914 2398 1145,
937 2327 994 2382 in
1012 2328 1329 2382 Annalibus
1362 2328 1754 2398 probabimus.
1777 2329 1844 2381 Et
1872 2327 1943 2381 de

318 2417 562 2472 feminis
586 2417 820 2488 quidem
839 2417 1113 2488 loquitur,
1139 2433 1266 2487 quae
1299 2439 1326 2466 «
1344 2416 1569 2471 deserta
1599 2416 1944 2471 maritorum

311 2505 649 2577 jugalitate,
682 2524 711 2553 ››
744 2509 1009 2560 nostrum
1041 2505 1366 2560 institutum
1397 2506 1674 2576 amplexa:
1691 2506 1940 2571 fuerant,

319 2610 460 2648 cum
491 2597 718 2648 constet
748 2594 934 2648 nullas
965 2610 1222 2665 unquam
1273 2594 1330 2647 in
1362 2593 1682 2664 partheuiis
1735 2592 1947 2647 nostris

319 2686 619 2753 susceptas
647 2680 818 2735 fuisse
844 2682 1114 2736 mulieres
1146 2681 1259 2735 sive
1302 2680 1519 2747 viduas,
1568 2681 1682 2736 sive
1714 2685 1941 2752 nuptas,

320 2770 429 2825 sed
441 2774 669 2835 tantum
686 2769 934 2824 feminas
947 2787 1046 2824 seu
1065 2769 1332 2840 virgines,
1358 2769 1688 2840 nuptiarum
1707 2769 1944 2824 omnino

321 2861 611 2930 expertes,
643 2862 881 2930 propter
911 2857 1430 2925 consecrationem,
1472 2875 1599 2929 quae
1630 2874 1860 2928 semper
1885 2857 1944 2913 in

321 2965 432 3001 usu
465 2947 575 3001 fuit
601 2947 752 3018 apud
778 2949 1001 3001 nostras
1025 2945 1326 3012 moniales,
1346 2961 1586 3034 quaeque
1618 2945 1750 3034 solis
1771 2945 1943 3017 virgi-
1972 2975 2018 3034 Ο

323 3036 500 3090 nibus
513 3035 1161 3089 conceditur.Pra3terea
1184 3036 1304 3088 toto
1320 3033 1510 3104 primo
1528 3033 1755 3088 Ordinis
1766 3033 1946 3088 nostri

323 3125 539 3180 saeculo
565 3140 745 3178 unum
761 3127 986 3177 tantum
1001 3123 1370 3193 parthenium
1401 3122 1802 3177 Carthusiense
1822 3122 1948 3175 fun-

321 3219 493 3269 atum
522 3213 754 3268 exstitit.
789 3211 985 3283 Pergit
1008 3211 1228 3266 ibidem
1265 3211 1567 3282 Guibertus
1602 3227 1614 3265 :
1644 3232 1671 3260 ‹‹
1705 3209 1852 3274 Quid
1875 3211 1946 3265 de

324 3324 358 3351 η
389 3302 657 3358 mtatibus
701 3303 924 3373 loquar,
955 3317 1086 3354 cum
1141 3301 1427 3354 decennes
1471 3303 1528 3354 et
1580 3299 1947 3354 undecennes

323 3412 358 3441 ››
386 3390 658 3446 infantuli
692 3389 904 3444 similia
929 3388 1348 3443 meditarentur
1375 3391 1433 3442 et
1485 3388 1666 3441 multa
1703 3387 1944 3457 castiga-

325 3501 360 3529 »
392 3480 546 3534 tiora
569 3481 860 3550 gererent,
890 3493 1065 3549 quam
1093 3477 1326 3530 aetatula
1371 3478 1669 3548 pateretur
1697 3475 1725 3529 ‘2
1748 3495 1776 3523 ››
1812 3474 1947 3537 Quis

325 3565 592 3640 unquam
611 3567 746 3620 talia
762 3565 996 3633 audivit,
1024 3565 1108 3618 vel
1130 3564 1353 3636 scripsit
1382 3564 1453 3618 de
1471 3563 1685 3618 Ordine
1715 3562 1948 3616 Carthu-

326 3655 538 3711 siensi?
570 3655 644 3710 ad
669 3671 844 3726 quem
891 3653 1084 3725 pueris
1111 3653 1299 3706 nullus
1331 3668 1588 3722 unquam
1616 3651 1799 3722 patuit
1823 3650 1946 3705 adi-

326 3749 442 3811 tus;
479 3745 599 3799 imo
650 3759 882 3813 semper
915 3740 1235 3813 prohibitus
1253 3740 1419 3811 juxta
1464 3742 1744 3795 statutum
1775 3741 1839 3793 R.
1883 3741 1945 3794 Ρ.

329 3832 627 3904 Guigonis,
654 3832 734 3886 sic
763 3832 833 3886 de
864 3833 1034 3886 (etate
1067 3828 1561 3899 suscipiendorum
1605 3827 1904 3883 scribentis
1931 3845 1945 3882 :

335 3944 365 3972 «ι
387 3924 605 3977 Pueros
633 3921 748 3976 sive
790 3919 1246 3976 adolescentulos
1299 3933 1417 3971 non
1447 3915 1777 3988 recipimus,
1815 3915 1951 3986 quia

331 4030 364 4060 »
397 4025 505 4081 per
533 4025 631 4064 eos
660 4007 1025 4063 monasteriis
1072 4008 1255 4061 multa
1285 4004 1588 4075 contigisse
1619 4004 1946 4058 dolemus...

335 4117 364 4147 »ι
398 4097 501 4152 sed
532 4098 698 4164 viros,
735 4095 831 4168 qui
855 4097 1021 4166 juxta
1037 4096 1393 4165 praeceptum
1423 4091 1655 4146 Domini
1692 4107 1795 4162 per
1824 4108 1950 4146 ma-

337 4208 366 4236 »
398 4202 544 4242 num
561 4183 735 4257 Moysi
765 4183 968 4255 viginti
996 4182 1069 4236 ad
1092 4181 1282 4236 minus
1314 4196 1606 4235 annorum
1635 4196 1797 4234 sacra
1822 4197 1955 4252 pos-

338 4297 366 4325 n
402 4275 520 4328 sint
547 4273 620 4327 ad
644 4273 796 4327 bella
825 4269 1160 4343 procedere.
1191 4288 1218 4317 »

410 4365 537 4418 273.
567 4360 746 4416 «Sunt
770 4363 829 4414 et
856 4360 1039 4414 multa
1061 4357 1173 4412 alia
1200 4357 1286 4411 his
1307 4355 1518 4411 similia
1542 4355 1600 4410 in
1633 4355 1841 4411 eodem
1869 4373 1958 4411 ca-

337 4451 522 4525 pitulo
539 4450 694 4522 apud
714 4449 1070 4514 Guibertum,
1113 4463 1148 4500 a
1178 4445 1359 4501 nostri
1401 4445 1628 4500 Ordinis
1687 4445 1956 4500 institutis

340 4541 426 4596 ita
439 4539 645 4607 aliena,
665 4542 726 4594 ut
741 4537 905 4592 nobis
924 4553 993 4592 ea
1013 4535 1336 4608 legentibus
1350 4533 1652 4589 subieritin
1669 4535 1952 4602 animum,

339 4629 431 4684 vel
446 4644 514 4682 ea
530 4643 649 4681 non
667 4642 788 4680 esse
805 4623 1079 4691 Guiberti,
1104 4623 1191 4677 vel
1211 4622 1413 4676 saltem
1431 4621 1502 4675 ad
1516 4638 1621 4676 nos
1633 4623 1958 4676 nullatenus

341 4720 626 4790 spectare,
655 4715 789 4770 licet
811 4712 1140 4779 Dacherius,
1164 4709 1515 4782 viralioquin
1535 4710 1954 4781 sagacissimus,

340 4804 701 4860 contrarium
715 4801 1012 4868 sentiat,in
1029 4799 1255 4856 scholiis
1277 4798 1349 4853 ad
1381 4798 1711 4869 marginem
1734 4815 1961 4853 eorum-

341 4894 481 4949 dem
507 4893 820 4948 verborum
842 4890 920 4946 sic
951 4889 1207 4944 scribens
1232 4889 1364 4960 post
1387 4887 1624 4943 Notulas
1659 4887 1729 4941 de
1759 4891 1958 4943 sancto

341 4985 658 5040 Brunone:
723 5001 752 5030 ιι
798 4980 912 5035 Viri
943 4995 1008 5034 ac
1037 4977 1272 5034 feminae
1314 4976 1462 5031 illius
1507 4975 1730 5030 vivendi
1779 4993 1961 5047 genus

341 5092 375 5122 η
410 5068 907 5142 arripiunt.Etiam
925 5069 1212 5123 decennes
1228 5069 1287 5122 et
1302 5066 1671 5121 undecennes
1687 5064 1956 5120 infantes.

343 5182 375 5211 ιι
408 5162 720 5216 Innumera
751 5156 1044 5214 constituit
1079 5159 1318 5227 (nempe
1361 5155 1572 5219 Bruno,
1606 5152 1704 5224 qui
1752 5156 1962 5223 praeter

345 5271 376 5300 »ι
411 5249 685 5321 Majorem
711 5245 1073 5304 Carthusiam
1087 5248 1144 5299 et
1170 5242 1588 5298 monasterium
1616 5240 1674 5294 in
1701 5241 1962 5297 Calabria

345 5359 376 5388 ιι
413 5339 635 5393 nullum
662 5337 816 5392 aliud
844 5330 1542 5401 tediﬁcavit)monasteria.
1561 5351 1587 5377 υ
1615 5329 1751 5384 Etin
1773 5330 1960 5387 Indice

347 5427 422 5484 ad
440 5425 1082 5482 eumdemGuibertum:
1103 5445 1129 5472 (ι
1144 5418 1594 5474 Chartliusiensis
1609 5417 1834 5472 Ordinis
1847 5421 1961 5475 ori-

349 5539 380 5568 »
415 5533 491 5587 go
513 5533 643 5589 pag.
663 5518 765 5572 465
788 5531 889 5570 seu
922 5514 1048 5575 467,
1085 5506 1394 5564 Carthusiae
1412 5506 1717 5578 descriptio
1739 5508 1842 5560 466
1863 5525 1966 5566 seu

2045 486 2075 516 »
2108 466 2295 556 piunt.
2339 471 2651 528 Innumera
2703 479 3061 535 constituunt
3103 466 3477 556 monasteria,
3509 489 3649 549 ibid.

2045 571 2076 604 >>
2109 555 2351 647 Abunde
2397 558 2672 616 ditantur.
2711 565 2835 630 467,
2889 584 2920 617 »
2966 572 3074 622 etc.
3132 571 3368 643 Scripsit
3418 555 3652 647 quidem

2046 642 2252 696 eodem
2278 645 2400 700 loco
2431 647 3090 718 Guibertus,hominibus
3112 659 3225 714 sive
3240 642 3653 723 Carthusiensi-

2047 729 2151 785 bus
2179 731 2292 786 sive
2307 733 2450 801 aliis,
2486 735 2556 790 de
2591 739 2794 808 quibus
2827 743 3046 798 locutus
3075 749 3178 814 est,
3211 769 3240 800 «
3273 750 3504 821 caepisse
3536 755 3656 811 ubi-

2045 839 2074 868 »
2110 835 2219 890 que
2235 821 2342 875 loci
2362 839 2509 878 nova
2525 830 2779 883 construi
2793 835 3163 902 monasteria,
3189 839 3653 915 et,undccunque

2045 927 2073 956 ››
2104 908 2525 966 confluentibus
2549 931 2794 985 magnos
2825 919 3236 980 alimentorum
3256 928 3472 983 reditus
3492 908 3654 988 adbi-

2043 1015 2072 1044 »
2104 996 2390 1053 beri.»scd
2419 1001 2601 1068 nobis,
2633 1005 2917 1062 abditiora
2943 1027 3138 1066 rerum
3167 1014 3654 1076 Carthusiensium

2043 1087 2551 1157 perscrutantibus,
2581 1091 2788 1148 horum
2814 1096 3256 1156 innumerorum
3274 1108 3656 1163 monasterio-

2042 1189 2172 1265 rum
2188 1174 2559 1234 fundationes
2577 1197 2862 1254 nusquam
2889 1195 3284 1260 occurrerunt;
3304 1192 3422 1248 imo
3435 1196 3656 1265 patebit

2042 1259 2099 1314 in
2125 1263 2334 1316 nostris
2358 1265 2692 1334 Annalibus,
2727 1276 2860 1327 ante
2873 1291 3091 1330 annum
3121 1282 3256 1333 1124
3285 1281 3370 1334 vix
3399 1259 3655 1356 quinque

2042 1353 2142 1404 aut
2169 1366 2264 1403 sex
2296 1351 2620 1409 Carthusias
2646 1361 2781 1411 tunc
2814 1361 2982 1416 fuisse
3007 1363 3297 1434 fundatas,
3332 1372 3389 1423 et
3415 1351 3510 1424 eas
3536 1351 3658 1443 qui-

2043 1438 2176 1492 dem
2209 1442 2626 1510 pauperrimas.
2656 1464 2686 1497 ›>
2718 1448 2998 1504 Hactenus
3017 1452 3423 1512 Carthusianus
3441 1438 3658 1532 anony-

2042 1542 2191 1592 mus,
2222 1529 2436 1616 merito
2470 1549 2628 1599 sane,
2663 1537 2865 1590 contra
2882 1555 2946 1592 ac
2977 1543 3149 1595 antea
3182 1544 3450 1616 Opinatus
3468 1529 3656 1606 fuerat

2042 1615 2370 1683 Dacherius,
2404 1619 2833 1690 existimans,ad
2863 1626 3266 1686 Carthusianos
3293 1650 3411 1688 non
3432 1641 3654 1706 specta-

2040 1720 2126 1771 re,
2155 1721 2282 1775 qua:
2317 1722 2351 1759 a
2391 1706 2658 1763 Guiberto
2691 1711 2760 1764 de
2789 1712 3013 1784 ingenti
3056 1719 3409 1777 feminarum
3453 1741 3656 1796 puero-

2040 1807 2306 1863 rumque,
2348 1794 2630 1865 religiosae
2669 1802 3071 1858 monasticaeve
3105 1806 3231 1862 vita:
3265 1826 3384 1864 sese
3437 1794 3653 1869 deden-

2039 1878 2207 1945 tium,
2230 1881 2599 1937 multitudine
2624 1885 2720 1940 lib.
2754 1891 2812 1941 et
2836 1905 2961 1960 cap.
2993 1893 3112 1947 citt.
3145 1896 3471 1953 traduntur.

2113 1969 2236 2024 274.
2264 1969 2488 2023 Etenim
2511 1971 2653 2039 haec,
2684 1992 2810 2046 quae
2839 1978 3184 2037 suisibidem
3202 1984 3272 2038 de
3292 1984 3348 2039 S.
3385 1987 3654 2045 Brunone

2043 2054 2208 2109 dictis
2227 2057 2488 2128 proxime
2520 2061 2836 2134 subjungit,
2873 2069 3173 2138 sequentia
3201 2073 3390 2139 verba,
3424 2093 3456 2128 (κ
3488 2076 3651 2134 Hae...

2042 2159 2303 2236 personae
2331 2147 2775 2208 conversionum
2806 2157 2942 2209 tunc
2972 2159 3254 2228 temporis
3280 2164 3533 2220 extulere
3547 2167 3658 2236 pri-

2043 2232 2324 2300 mordia,»
2361 2251 2477 2289 non
2499 2237 2572 2290 ad
2597 2239 2783 2294 solum
2811 2241 2867 2296 S.
2893 2243 3245 2314 Brunonem,
3262 2249 3362 2303 sed
3392 2232 3568 2307 etiam
3583 2254 3657 2309 ad

2044 2319 2101 2374 S.
2138 2319 2439 2378 Simonem
2481 2324 2899 2396 Crispeiensem
2952 2332 3182 2388 Ordinis
3214 2334 3271 2389 S.
3305 2338 3595 2396 Benedicti
3625 2358 3658 2398 θ

2044 2409 2256 2499 comite
2289 2414 2728 2481 monachum,in
2754 2417 2937 2487 Opere
2967 2425 3162 2476 nostro
3205 2424 3278 2478 ad
3305 2427 3372 2480 30
3399 2425 3660 2499 Septem-

2045 2497 2160 2551 bris
2188 2497 2342 2552 diem
2355 2499 2481 2568 jam
2506 2502 2727 2569 datum,
2763 2505 3105 2577 Ebrardum,
3139 2497 3540 2571 Britoliensem
3561 2533 3656 2573 co-

2045 2584 2268 2651 mitem,
2304 2586 2661 2658 aliosque,ad
2687 2592 2863 2648 vitam
2896 2598 3277 2654 monasticam
3323 2606 3422 2657 aut
3451 2606 3655 2662 saltem

2046 2674 2791 2742 meliorem,aCarthusiana
2805 2686 3000 2738 tamen
3021 2685 3655 2762 diversam,conversos,

2045 2761 2117 2815 de
2134 2761 2338 2832 quibus
2383 2765 2642 2834 proxime
2688 2773 2821 2823 ante
2861 2771 3121 2826 habitum
3169 2775 3240 2829 de
3275 2775 3331 2831 S.
3390 2779 3658 2837 Brunone

2045 2865 2376 2940 sermonem
2410 2857 2633 2940 egerat,
2665 2855 2969 2912 referenda
3016 2866 3168 2928 sunt,
3217 2880 3280 2919 ac
3327 2866 3498 2935 proin
3528 2886 3655 2940 quae

2046 2935 2255 2991 deinde
2284 2938 2496 3005 subdit,
2544 2959 2575 2991 «
2605 2941 2700 2995 His
2722 2943 3002 3012 (personis
3029 2966 3406 3023 nempe,quze
3429 2935 3660 3011 conver-

2044 3023 2272 3079 sionum
2292 3029 2428 3080 tunc
2443 3029 2720 3098 temporis
2734 3033 2983 3088 extulere
3010 3036 3354 3110 primordia)
3371 3043 3658 3100 cohaesere

2045 3112 2319 3168 continuo
2344 3114 2598 3169 virorum
2614 3116 3086 3194 feminarumque
3099 3131 3519 3195 greges,omnis
3530 3147 3661 3202 pros

2047 3200 2198 3290 tinus
2241 3202 2385 3257 ordo
2417 3206 2726 3260 concurrit.
2764 3208 2911 3271 Quid
2963 3211 3034 3264 de
3086 3215 3348 3270 natatibus
3398 3200 3602 3290 loquar
3630 3220 3658 3276 ?

2048 3288 2191 3344 Cum
2217 3290 2502 3344 decennes
2516 3296 2573 3346 et
2586 3295 2955 3352 undecennes
2973 3297 3242 3357 infantuli
3262 3304 3462 3360 senilia
3475 3288 3662 3363 incdi-

2047 3379 2328 3445 tarentur,
2348 3381 2404 3432 et
2418 3381 2599 3435 multo
2617 3383 2986 3455 castigatiora
3005 3395 3295 3460 gererent,
3330 3410 3504 3465 quam
3528 3400 3661 3452 asta-

2046 3466 2167 3520 tula
2180 3469 2698 3536 pateretur.Fiebat
2712 3471 2770 3525 in
2787 3473 2895 3528 illis
2913 3477 3663 3549 conversion1bus,etc..nita

2046 3553 2379 3644 accipienda
2398 3560 2604 3611 suntut
2615 3559 3102 3630 significent,tunc
3117 3566 3362 3623 feminas
3373 3569 3657 3644 virosque,

2047 3641 2166 3732 imo
2200 3642 2376 3732 etiam
2402 3660 2633 3714 pueros,
2668 3648 2897 3705 meliori
2929 3651 3165 3721 quidem
3195 3641 3659 3732 castigatiorique

2047 3730 2177 3784 vitae
2194 3747 2315 3784 sese
2347 3731 2590 3798 dedisse,
2618 3751 2734 3789 non
2754 3738 2975 3792 tamem
3017 3756 3220 3797 omnes
3272 3730 3598 3803 institutum
3627 3767 3662 3806 a

2048 3819 2314 3872 Brunone
2348 3819 2645 3888 Ordinem,
2673 3823 2775 3878 sed
2820 3827 2906 3880 vel
2936 3827 3090 3882 hunc
3143 3831 3230 3884 vel
3257 3833 3453 3901 alium,
3489 3841 3662 3905 prout

2049 3907 2321 3978 cujusque
2353 3924 2516 3963 sexus
2544 3913 2642 3964 aut
2657 3912 2912 3967 conditio
2935 3914 3177 3984 ferebat,
3203 3934 3322 3973 esse
3339 3923 3656 3994 amplexos,

2051 3994 2245 4067 itaque
2278 3997 2530 4052 Brunoni
2576 3999 2836 4072 aliisque,
2890 4003 2959 4057 de
2993 4021 3243 4076 quorum
3286 4011 3660 4070 conversione

2051 4085 2352 4139 Guibertus
2372 4088 2589 4157 egerat,
2616 4088 3170 4158 cohaesisse,cuidam
3189 4095 3404 4152 scilicet
3429 4115 3461 4154 θ
3483 4099 3664 4157 diver-

2053 4173 2147 4240 sis,
2181 4190 2310 4244 quae
2365 4173 2422 4228 hi
2455 4176 2542 4229 vel
2589 4175 2977 4246 instituerant,
3014 4183 3102 4236 vel
3153 4184 3352 4239 sectati
3407 4186 3660 4258 fuerant,

1977 4279 2030 4338 D
2053 4261 2311 4316 melioris
2362 4261 2489 4317 vitae
2521 4265 2830 4334 generibus
2862 4283 2982 4322 sese
3025 4269 3311 4326 dedendo.
3347 4273 3473 4329 Jam
3507 4293 3662 4347 vero,

2054 4366 2187 4404 cum
2214 4349 2273 4404 id
2310 4349 2390 4404 ita
2413 4351 2631 4418 sit,non
2656 4357 2740 4408 est
2769 4371 2906 4410 sane
2933 4373 3052 4423 cur,
3086 4375 3214 4430 quae
3240 4363 3393 4432 apud
3427 4364 3665 4422 Guiber-

2056 4442 2179 4494 tum
2192 4439 2288 4494 lib.
2310 4443 2368 4494 et
2397 4439 2527 4512 dap.
2551 4441 2669 4496 citt.
2704 4442 2774 4497 de
2789 4443 2939 4511 viris,
2971 4446 3326 4516 mulieribus,
3361 4453 3667 4526 puerisque

2057 4532 2477 4595 memorantur,
2493 4531 2704 4585 erroris
2717 4531 3047 4588 falsitatisve
3061 4542 3400 4607 arguantur,
3417 4541 3666 4615 hincque

2056 4616 2540 4682 Guiberto,veluti
2572 4619 2668 4689 qui
2701 4620 2841 4674 talia
2869 4621 3073 4677 litteris
3107 4626 3389 4682 mandare
3417 4646 3534 4685 non
3563 4648 3666 4702 po-

2028 4704 2252 4771 -tuerit,
2283 4704 2702 4774 abjudicentur.
2744 4706 2909 4771 Quod
2948 4710 3204 4783 alioquin
3236 4714 3361 4769 ﬁeri
3408 4716 3664 4786 deberet,

2059 4809 2192 4848 cum
2223 4795 2378 4846 certe
2418 4797 2588 4849 zetate
2614 4795 2889 4864 Guiberti,
2919 4798 3016 4870 qui
3047 4805 3374 4871 annoll24,
3393 4808 3455 4859 ut
3477 4806 3666 4862 Mabil-

2059 4881 3168 4956 10niusAnnaliumBenedict_lib.Lxxrv,
3185 4896 3412 4947 num.7l
3427 4933 3440 4959 ,
3461 4897 3519 4948 et
3537 4900 3666 4965 post

2058 4971 2212 5025 hunc
2235 4969 2493 5025 Historiae
2525 4972 2822 5028 litterariae
2856 4975 3106 5031 Francia:
3129 4977 3432 5047 scriptores
3453 4984 3663 5051 tom.X,

2060 5075 2193 5131 pag.
2227 5061 2332 5114 438
2364 5059 2592 5129 docent,
2638 5063 2751 5117 vita
2786 5064 3016 5119 functus
3047 5068 3150 5131 est,
3199 5067 3369 5121 nullae
3401 5070 3666 5141 omnino,

2062 5165 2189 5221 qua:
2212 5149 2630 5205 Carthusiensis
2657 5151 2884 5206 Ordinis
2910 5156 3118 5219 essent,
3146 5154 3427 5211 moniales
3447 5159 3676 5214 exstite-

2059 5238 2198 5304 rint,
2261 5255 2365 5294 nec
2395 5239 2526 5293 ullae
2574 5256 2852 5310 umquam
2890 5240 2949 5293 in
2979 5242 3132 5295 hunc
3159 5241 3342 5297 viduae
3373 5247 3675 5316 nuptiasve

2062 5331 2312 5398 expertae
2337 5327 2608 5382 mulieres
2637 5328 2852 5384 fuerint
2872 5329 3155 5385 admissze.

2135 5421 2258 5473 “275.
2283 5417 2392 5473 Sed
2411 5414 2549 5484 quid
2566 5415 2889 5471 docendum
2919 5419 2990 5475 de
3015 5420 3160 5487 aliis,
3185 5420 3498 5475 aGuiberto
3520 5421 3687 5492 pari-

2068 5508 2153 5563 ter
2208 5503 2563 5569 memoratis,
2592 5520 2718 5578 quae
2761 5506 3122 5580 scriptorem,
3151 5512 3215 5565 ut
3264 5509 3694 5565 Carthusianus
