4224 6058
246 258 354 322 183

1825 248 2006 308 ACTA

3464 254 3565 315 l66

237 389 446 447 tentite
473 388 776 445 interdum
808 385 989 462 (verbi
1008 384 1222 443 scilicet
1251 380 1421 439 unius
1452 375 1866 446 alteriusve,uti
1885 383 1941 441 A
1965 375 2198 444 derunt,
2232 377 2315 445 ut,
2337 374 2383 431 si
2405 374 2544 449 quid
2575 374 2634 430 in
2660 375 2728 432 iis
2745 373 3008 434 miraculi
3027 374 3466 451 deprehendam
3485 384 3573 442 est

239 497 310 534 ex
328 478 707 550 sequentibus
737 479 998 549 apparet,
1032 472 1342 545 scriptione
1368 473 1467 524 aut
1496 469 1863 533 erronea,aut

237 566 392 620 lecta
419 564 660 635 difﬁcili)
711 566 811 618 aut
829 565 1069 618 mutatae
1107 562 1205 615 aut
1252 574 1484 632 prorsus
1509 557 1768 621 sublatze,
1799 557 1862 609 ut

240 655 537 709 nonnulla
562 652 816 727 penitius
843 650 1170 723 inspicienti
1200 648 1343 704 mihi
1375 646 1591 702 fuerint
1620 645 1709 699 vix
1741 661 1859 699 non

234 743 594 812 divinanda;
618 745 827 796 caetera
859 757 1015 807 vero,
1050 756 1177 812 quas
1212 755 1307 792 me
1330 735 1658 810 praeteriere
1688 733 1861 787 verba

234 847 452 887 eorum
485 833 611 886 loco
637 834 853 903 puncta
876 828 1155 902 supplevi,
1190 843 1290 881 seu
1345 823 1597 896 margini
1626 820 1858 894 ascripsi

233 920 355 975 alia
381 919 676 991 quaedam.
728 918 1073 973 Audiveram
1104 932 1240 970 sane
1274 915 1330 968 et
1360 909 1649 967 multoties
1699 926 1859 981 repe-

230 1009 416 1064 titum
447 1025 825 1080 agnoveram,
888 1006 1317 1078 autographum
1355 1002 1428 1057 ad
1481 1002 1677 1055 nostra
1707 1001 1855 1052 tem-

230 1113 388 1170 pora
430 1097 589 1152 inter
620 1097 868 1152 ecclesia:
916 1092 1309 1149 Laudunensis
1339 1092 1589 1145 vetustos
1635 1086 1857 1159 codices

227 1190 616 1254 asservatum,
640 1203 704 1240 ac
730 1184 1104 1259 postmodum
1136 1181 1389 1252 antiquis
1416 1178 1499 1233 rei
1520 1176 1705 1250 perito
1735 1177 1854 1230 viro

227 1276 298 1331 D.
328 1276 456 1346 Dey
487 1273 711 1330 doctori
743 1271 1065 1337 Parisiensi,
1100 1269 1199 1342 qui
1230 1268 1457 1340 pridem
1487 1265 1647 1333 obiit,
1681 1265 1854 1320 colla-

226 1367 394 1431 tum;
430 1378 575 1434 quas
622 1365 818 1417 autem
871 1361 932 1416 in
982 1377 1191 1415 manus
1243 1357 1479 1429 posthac
1523 1355 1856 1409 devolutum

226 1451 435 1520 fuerit,
466 1468 709 1507 omnem
740 1449 894 1505 movi
926 1450 1198 1522 lapidem,
1223 1450 1504 1520 quatenus
1533 1441 1855 1513 comperire

231 1542 525 1607 valerem,
555 1540 657 1596 sed
698 1540 931 1594 frustra.
958 1559 984 1587 ››
1037 1539 1165 1592 Haec
1198 1535 1505 1593 Daclierius
1538 1550 1551 1589 :
1582 1534 1689 1597 ast,
1723 1546 1855 1584 cum

226 1629 412 1683 verba
434 1628 713 1683 duntaxat
743 1626 1172 1697 sententiasque
1206 1640 1296 1691 eo,
1330 1638 1442 1693 quo
1464 1621 1593 1692 jam
1626 1616 1852 1685 monui,

1962 465 2343 520 observarint.

2036 558 2159 611 280.
2180 556 2407 619 «Quam
2426 557 2499 612 ob
2527 574 2653 613 rem
2682 558 2823 614 nihil
2856 564 2941 614 est
2971 560 3289 616 admodum
3321 578 3421 616 cur
3442 580 3570 619 cau-

1962 644 2120 710 seris,
2146 645 2249 699 hos
2266 648 2547 713 auctores,
2578 647 2647 701 de
2661 649 3192 723 quibusloquimur,
3228 668 3295 706 ea
3341 652 3569 709 silentio

1957 733 2297 807 praeteriisse
2321 752 2478 807 ;quaa
2501 737 2573 791 ad
2589 739 3120 794 commendandam
3154 740 3418 796 Priorum
3441 743 3566 798 illo-

1954 840 2086 878 rum
2134 824 2569 879 conversionem
2593 829 2650 881 et
2695 828 2884 882 saeculi
2916 828 3117 899 fugam
3151 829 3564 886 conducerent.

1955 911 2149 983 Neque
2176 929 2310 967 vero
2340 929 2509 967 causa
2538 914 2679 968 mihi
2694 917 2808 969 ulla
2822 916 3200 988 suppetit,cur
3230 918 3568 975 vetustiores

1957 1000 2314 1055 Carthusiani
2340 1002 2693 1074 prmcipuum
2726 1004 2960 1075 originis
2980 1022 3095 1058 suae
3116 1010 3566 1064 monumentum

1957 1089 2460 1161 omisissent,quod
2476 1092 2824 1146 recentiores
2841 1091 2988 1145 exiis
3010 1093 3274 1148 nonnulli
3308 1094 3366 1148 in
3391 1095 3568 1152 libros

1956 1179 2014 1230 et
2042 1177 2352 1248 parietinas
2378 1181 2496 1233 tam
2530 1180 2732 1252 rupide
2753 1179 2908 1251 {conj
2921 1179 3115 1234 uciunt
3147 1185 3205 1236 et
3262 1204 3289 1232 «
3320 1183 3565 1238 horren-

1958 1286 1985 1315 ‹‹
2017 1265 2156 1319 dum
2182 1267 2514 1338 szeculisque
2537 1268 2804 1322 omnibus
2836 1270 3289 1325 memorandum
3342 1274 3563 1343 specta-

1959 1376 1987 1403 «
2019 1355 2213 1408 culum
2248 1375 2274 1402 ι)
2308 1357 2619 1426 appellant.
2653 1357 2766 1411 Hoc
2791 1361 2945 1412 certe
2978 1359 3409 1413 monimentum
3442 1361 3566 1431 eju-

1954 1441 2144 1496 smodi
2170 1458 2288 1497 non
2323 1446 2427 1509 est,
2463 1446 2524 1496 ut
2544 1444 2810 1515 antiquos
2837 1462 3041 1501 omnes
3055 1447 3564 1504 Carthusianosla-

1954 1531 2147 1597 tuerit,
2182 1533 2239 1585 et
2274 1530 2407 1585 solis
2438 1535 2641 1585 notum
2670 1549 2790 1587 esse
2838 1534 3092 1603 potuerit
3124 1535 3564 1607 recentioribus,

1957 1619 2053 1689 qui
2084 1619 2194 1673 hac
2221 1618 2278 1672 in
2303 1622 2464 1691 parte
2488 1619 2530 1673 si
2570 1623 2725 1674 recte
2754 1626 3045 1693 saperent,
3077 1639 3193 1677 non
3213 1624 3320 1678 nisi
3335 1641 3403 1678 ex
3422 1625 3570 1681 anti-

232 1717 421 1771 modo
450 1715 679 1770 mendis
708 1714 1021 1780 laborasse,
1050 1711 1256 1777 edicat,
1291 1709 1416 1782 quis
1472 1708 1607 1761 hinc
1668 1705 1857 1778 capita
1884 1705 1934 1762 B
1955 1706 2223 1777 quiorum
2253 1708 2690 1761 commentariis
2729 1726 2931 1780 sapere
2972 1710 3271 1766 deberent.
3339 1734 3368 1762 «
3398 1712 3566 1777 Quod

229 1806 491 1877 integra,
524 1803 884 1875 insigniaque
904 1802 1273 1872 Fragmenta,
1293 1815 1419 1870 quae
1450 1794 1701 1851 Guiberti
1734 1810 1854 1848 non

230 1897 452 1961 essent,
484 1893 658 1965 Operi
684 1891 855 1947 fuisse
883 1891 1132 1962 adjecta,
1161 1885 1509 1944 concludat?
1537 1886 1664 1939 Jam
1695 1899 1850 1947 vero,

233 1998 370 2037 cum
404 1982 465 2036 id
488 1982 572 2035 ita
599 1981 688 2047 sit,
717 1997 890 2052 supra
918 1980 1046 2052 plus
1075 1977 1255 2032 semel
1271 1977 1474 2030 citatus
1500 1973 1668 2043 hujus
1697 1973 1852 2025 locus

235 2088 355 2144 quo
403 2070 708 2126 initiorum
756 2068 1146 2125 conversionis
1190 2066 1247 2121 S.
1296 2062 1579 2119 Brunonis
1628 2060 1850 2115 occusio

235 2163 633 2226 memoratur,
668 2176 775 2232 pro
795 2156 1295 2223 additamento,ad
1312 2154 1648 2209 Guibertum
1675 2151 1849 2218 facto,

234 2250 442 2305 haberi
473 2239 835 2320 non’potest,
890 2264 955 2301 ac
984 2246 1172 2319 proin,
1207 2244 1363 2316 quod
1396 2261 1463 2298 ex
1490 2246 1710 2297 servato
1746 2240 1849 2295 ibi-

239 2340 377 2394 dem
408 2340 482 2394 ab
505 2340 616 2394 hoc
645 2337 922 2409 scriptore
967 2336 1038 2390 de
1069 2334 1321 2390 doctoris
1353 2331 1684 2388 Parisiensis
1712 2349 1851 2386 ana-

232 2429 371 2483 stasi
386 2427 619 2484 silentio
641 2427 1369 2497 formatur,argumentum
1387 2421 1719 2494 negativum
1736 2420 1852 2475 vim

233 2534 505 2584 omnem,
541 2533 716 2588 quam
736 2531 911 2587 supra
939 2515 990 2569 ei
1020 2512 1274 2579 attribui,
1309 2514 1635 2581 conserpat.
1852 2521 1857 2526 '

235 2619 264 2685 §
289 2616 421 2669 XXI.
454 2613 602 2681 Quid
612 2613 689 2685 gde
726 2612 946 2685 ordinis
977 2608 1387 2685 Carthasiensis,
1412 2608 1496 2661 uti
1514 2607 1854 2685 idLaunoz'us

307 2679 488 2748 vocat,
520 2692 569 2739 et
595 2683 752 2739 Petri
791 2681 1116 2737 Vederabilis
1145 2680 1351 2734 silentio
1373 2679 1707 2733 censendum.

342 2782 585 2847 79.0uae
597 2781 749 2855 apud
772 2780 1069 2834 Labbeum
1092 2781 1236 2832 tom.
1271 2775 1674 2831 [Bibliothecae
1692 2789 1853 2828 novre

234 2875 527 2929 librorum
558 2888 694 2926 mss.
729 2886 864 2942 pag.
884 2870 987 2923 638
1005 2866 1228 2922 etbinis
1253 2882 1413 2937 seqq.
1443 2863 1857 2935 exstant,quin-

237 2979 349 3035 que
362 2961 692 3034 primorum
712 2956 1296 3014 CarthusiaaPriorum
1315 2952 1503 3023 elogia
1519 2968 1641 3005 sum
1653 2968 1857 3006 mean-

237 3051 523 3123 tiquitatis
580 3049 786 3104 merito
813 3046 1087 3119 gaudere,
1120 3060 1187 3098 ac
1216 3041 1563 3097 nominatim
1616 3039 1851 3112 quidem

241 3143 497 3211 quatuor
528 3137 723 3209 priora
753 3138 888 3192 ante
914 3150 1137 3190 annum
1164 3135 1298 3187 H38
1314 3130 1526 3201 scripta
1554 3145 1697 3196 esse,
1720 3128 1854 3183 satis

238 3243 550 3301 superque,
571 3226 743 3297 quae§
768 3228 787 3279 1
813 3223 1136 3278 inmedium
1158 3220 1390 3286 adduxi,
1420 3217 1856 3273 evincuntJlinO

239 3317 474 3372 illorum
508 3317 792 3381 auctores,
843 3315 941 3367 aut
967 3310 1176 3382 potius,
1204 3308 1249 3363 si
1278 3307 1349 3362 de
1372 3309 1621 3379 quatuor
1650 3304 1853 3360 dunta-

238 3407 335 3459 xat
349 3402 558 3476 primis
584 3418 777 3456 sermo
797 3400 887 3467 sit,
918 3402 1217 3455 auctorem
1246 3413 1362 3450 non
1394 3392 1689 3449 immerito
1713 3392 1858 3447 anti-

238 3491 492 3565 quis,qui
506 3491 564 3546 S.
590 3488 869 3545 Brunonis
884 3482 1573 3555 minerunt,scriptoribus
1594 3480 1652 3534 in
1673 3498 1773 3535 sua
1785 3481 1856 3536 de

239 3598 374 3635 vera
388 3596 561 3635 causa
578 3595 826 3634 secessus
847 3576 905 3631 S.
931 3574 1210 3629 Brunonis
1228 3572 1289 3627 in
1302 3586 1567 3626 eremum
1590 3570 1859 3624 Disserta-

239 3670 399 3725 tione
435 3685 562 3740 cap.
595 3672 614 3722 l
643 3665 926 3721 Launoius
947 3666 1228 3718 accenset.
1265 3663 1367 3714 Ast
1399 3676 1475 3713 an
1488 3658 1721 3730 'pariter
1752 3657 1855 3711 ibi-

240 3758 381 3813 dem
399 3774 469 3811 ex
484 3758 706 3810 servato
738 3755 798 3808 in
826 3752 1083 3825 quinque
1100 3749 1207 3805 illis
1229 3748 1451 3820 elogiis,
1470 3748 1530 3803 in
1553 3746 1724 3802 veteri
1744 3763 1850 3800 ms.

245 3846 612 3902 Statutorum
635 3846 693 3898 et
707 3840 1203 3898 Consuetudinum
1240 3836 1468 3892 Ordinis
1500 3834 1858 3890 Carthusien-

240 3934 315 3989 sis
340 3933 540 3989 codice
568 3930 832 3997 inventis,
852 3929 924 3984 de
954 3926 1284 4001 prodigiosa
1310 3924 1560 3980 doctoris
1610 3921 1858 3977 anastasi

241 4022 474 4078 silentio
501 4019 1036 4085 Carthusianorum,
1067 4018 1226 4088 cujus
1245 4016 1546 4079 hocvocat,
1581 4012 1857 4067 Ordinem

246 4117 455 4169 contra
476 4112 634 4166 illam
664 4109 884 4185 testari,
919 4124 1039 4163 non
1092 4105 1391 4160 immerito
1419 4101 1652 4173 arguit?
1680 4103 1856 4156 Ante-

246 4218 449 4276 quam,
485 4217 611 4272 quea
630 4215 762 4254 mea
792 4199 897 4253 hac
926 4197 998 4252 de
1025 4213 1089 4251 re
1104 4194 1178 4249 sit
1209 4193 1426 4266 opinio,
1460 4191 1858 4257 edieam,Lau-

1959 1816 1987 1844 «
2016 1795 2197 1861 enim,
2240 1794 2425 1866 inquit
2453 1795 2745 1861 Baronius,
2796 1796 2866 1850 de
2916 1798 3089 1852 rebus
3114 1798 3258 1852 adeo
3316 1800 3567 1873 antiquis

1955 1903 1983 1932 ‹‹
2012 1882 2134 1936 sine
2162 1882 2325 1953 alieuj
2335 1900 2398 1936 us
2411 1883 2728 1937 vetustioris
2746 1884 3085 1939 auctoritate
3102 1886 3563 1956 profertur,con-

1956 1971 2303 2024 «temnitur.
2340 1993 2360 2013 ν»
2406 1972 2490 2027 Ita
2522 1971 2613 2025 ille
2654 1988 2668 2026 :
2719 1972 2851 2026 audi
2887 1974 3084 2040 modo,
3136 1992 3267 2046 quae
3313 1980 3563 2047 reponat

1950 2058 2213 2113 laudatus
2236 2059 2641 2114 Carthusianus
2664 2077 3047 2131 anonymus.«
3069 2061 3368 2118 Lectorem
3399 2065 3575 2120 bene-

1952 2147 2368 2218 volum,inquit
2383 2146 2690 2201 Annalium
2706 2164 2943 2202 suorum
2976 2149 3074 2203 lib.
3114 2151 3209 2216 cit,
3243 2169 3406 2206 num.
3439 2156 3562 2223 102,

1952 2238 2158 2290 testem
2180 2237 2761 2307 appellamus,utrum
2785 2254 2911 2308 quae
2927 2254 3100 2309 supra
3119 2239 3188 2293 de
3211 2239 3480 2296 Brunone
3510 2244 3570 2298 et

1953 2325 2369 2379 successoribus
2411 2323 2532 2393 ejus
2566 2325 2835 2395 (quatuor
2864 2325 3143 2397 proximis
3184 2344 3244 2382 se
3308 2328 3459 2401 licet)
3505 2330 3567 2387 in

1952 2413 2154 2485 jejuno
2184 2412 2281 2467 illo
2328 2411 2452 2484 (Adi
2483 2412 2778 2467 Labheum
2810 2413 3178 2470 Bibliotheca:
3234 2416 3400 2472 Nova:
3440 2418 3566 2475 loco

1954 2501 2217 2573 proxime
2275 2500 2394 2570 cit.)
2452 2500 2578 2554 vitae
2623 2518 2825 2555 eorum
2885 2502 3148 2557 Breviaro
3212 2504 3334 2558 fam
3374 2507 3569 2576 paucis

1953 2589 2138 2644 verbis
2163 2591 2362 2644 auctor
2390 2588 2600 2643 codicis
2627 2588 2745 2660 (qui
2774 2606 2837 2643 ex
2874 2607 3013 2644 num
3031 2592 3277 2661 praaced.
3311 2592 3565 2650 Launoio

1956 2677 2241 2749 praaluxit)
2271 2676 2569 2748 praemisit,
2602 2677 2749 2731 tanti
2804 2677 2918 2732 sint
2968 2678 3260 2750 ponderis,
3294 2683 3358 2734 ut
3402 2698 3470 2735 ex
3502 2681 3570 2737 iis

1949 2766 2103 2836 juste
2164 2768 2222 2819 et
2273 2764 2481 2818 merito
2543 2764 2827 2819 Launoius
2875 2766 3082 2820 dueere
3121 2768 3375 2837 potuerit
3420 2770 3570 2825 hanc

1955 2853 2430 2925 consequentiam
2491 2869 2504 2906 :
2568 2853 2889 2925 «Antiquis
2933 2854 3140 2927 inquit,
3196 2856 3570 2928 scriptoribus

1960 2964 1988 2993 (ι
2012 2959 2130 2996 non
2163 2957 2395 3013 possum
2414 2957 2530 2995 non
2556 2956 2857 2996 accensere
2872 2959 2987 3007 eos,
3019 2943 3115 3013 qui
3134 2943 3568 3001 codicemil‘lum

1964 3054 1991 3081 ((
2023 3030 2379 3085 Statutorum
2404 3028 2649 3096 Parisiis,
2680 3030 2773 3084 ubi
2800 3048 2950 3084 nunc
2963 3030 3115 3101 apud
3140 3032 3569 3090 Carthusienses

1959 3144 1987 3172 «
2019 3124 2356 3187 asservatur,
2408 3121 2494 3174 vel
2518 3120 2627 3175 alio
2651 3120 2848 3174 inloco
2868 3118 3292 3190 descripserunt
3317 3125 3374 3176 et
3404 3123 3570 3194 quin-

1957 3230 1985 3260 ‹‹
2020 3226 2129 3281 que
2157 3208 2483 3281 primorum
2535 3207 2845 3262 Carthasim
2875 3207 3140 3261 Priorum
3154 3207 3457 3265 historiam
3489 3209 3571 3267 ita

1959 3320 1987 3348 «
2021 3297 2437 3363 edideruntmt,
2456 3295 2648 3367 siquid
2674 3294 2731 3348 in
2758 3295 2826 3349 iis
2858 3295 3567 3369 miraculideprehensum

1959 3410 1987 3439 «
2023 3392 2125 3455 est,
2152 3386 2529 3442 observarint.
2556 3408 2581 3433 ››
2604 3387 2740 3440 Ecce
2775 3390 3019 3457 quantas
3039 3386 3272 3458 projicit
3287 3390 3570 3461 ampullas

1946 3476 2114 3547 juxta
2140 3479 2326 3547 poeta:
2353 3473 2611 3541 elfatum,
2666 3477 2730 3528 ut
2770 3475 2912 3545 stylo
2936 3474 3159 3531 tumido
3216 3493 3346 3531 suas
3388 3478 3570 3533 extol-

1955 3566 2037 3619 lat
2091 3563 2478 3619 auctoritates.
2539 3581 2566 3613 ς
2598 3563 2722 3616 Non
2779 3579 3032 3633 possum,
3068 3563 3275 3634 inquit,
3321 3582 3439 3633 eos,
3468 3565 3567 3637 qui

1960 3676 1987 3705 (ι
2022 3652 2281 3708 codicem
2299 3652 2463 3706 illum
2483 3650 2925 3721 descripserunt.
2958 3669 2985 3701 ι
3020 3652 3222 3705 Nonne
3245 3653 3451 3708 melius
3472 3671 3569 3708 ve-

1955 3741 2185 3812 riusque
2216 3740 2446 3794 dixisset
2464 3754 2598 3791 eum
2626 3737 2724 3808 qui
2754 3737 3010 3791 codicem
3047 3738 3209 3791 illum
3248 3739 3566 3811 descripsit,

1960 3852 1987 3881 «
2012 3846 2143 3884 cum
2171 3827 2257 3882 vix
2287 3825 2527 3897 triginta
2550 3826 2748 3879 foliola
2773 3824 3087 3890 contineat,
3138 3825 3245 3879 nisi
3272 3827 3407 3880 velit
3431 3827 3568 3881 toti-

1961 3941 1989 3969 «
2022 3919 2155 3972 dem
2188 3915 2355 3970 fuisse
2379 3913 2705 3985 scriptores,
2761 3915 2902 3982 quot
2926 3915 3059 3966 sunt
3080 3911 3290 3967 codicis
3320 3913 3504 3969 folia?
3536 3934 3567 3965 ››

2032 4008 2153 4060 281.
2188 4004 2301 4059 Sed
2321 4002 2464 4057 levia
2483 4002 2772 4056 sunthaec.
2798 4000 2945 4054 Audi
2977 4000 3310 4055 tumidiora.
3330 4033 3352 4053 ο
3375 4002 3438 4071 Ιί,
3471 4003 3572 4075 qui

1962 4118 1990 4148 ‹‹
2018 4096 2276 4151 codicem
2302 4092 2467 4146 illum
2494 4089 2937 4161 descripserunt,
2970 4089 3223 4161 quinque
3242 4090 3572 4161 primorum

1959 4205 1987 4235 ι
2022 4181 2332 4239 Carthusite
2355 4180 2620 4235 Priorum
2639 4177 2937 4232 historiam
2969 4177 3048 4231 ita
3073 4178 3401 4247 ediderunt,
3426 4182 3508 4247 ut,
3524 4180 3572 4235 si

249 4289 368 4345 noii
398 4288 575 4343 verba
601 4303 719 4341 una
745 4304 877 4341 cum
892 4283 1252 4341 Carthusiani
1274 4280 1448 4336 nostri
1483 4279 1760 4349 anonymi
1786 4277 1860 4332 ad
1883 4276 1936 4335 D
1962 4294 1989 4325 (ς
2016 4272 2156 4344 quid
2186 4271 2243 4325 in
2275 4269 2353 4323 eis
2397 4266 2656 4321 miraculi
2716 4266 3143 4336 deprehensum
3176 4270 3279 4332 est,
3311 4267 3574 4324 observa-

246 4380 369 4433 htec
401 4376 464 4433 in
488 4376 799 4431 Annalium
826 4373 1057 4432 Ordinis
1085 4372 1169 4427 sui
1185 4372 1329 4426 libro
1350 4371 1555 4442 quarto
1584 4368 1860 4421 hactenus

248 4480 368 4523 non
396 4467 628 4537 vulgato
649 4464 1018 4535 responsione
1066 4463 1175 4516 huc
1201 4458 1540 4515 transcribo.
1578 4455 1860 4511 Launoius

245 4558 445 4628 itaque
476 4558 603 4628 post
649 4554 1000 4625 descriptum
1037 4569 1068 4606 e
1099 4550 1293 4605 codice
1323 4565 1431 4602 ms.
1465 4562 1598 4601 mox
1627 4545 1858 4599 laudato

244 4646 429 4701 sancti
465 4643 645 4699 nostri
696 4642 951 4713 elogium
1007 4640 1088 4694 ita
1142 4637 1408 4693 disserit:
1440 4657 1467 4685 ‹‹
1493 4634 1590 4688 Hic
1639 4632 1858 4687 mentio

247 4736 410 4790 nulla
432 4731 682 4789 doctoris
712 4731 802 4785 vel
834 4727 1095 4785 canonici
1135 4724 1466 4782 Parisiensis
1497 4721 1732 4787 mortui,
1762 4719 1861 4793 qui

248 4824 537 4879 solemnes
559 4822 710 4875 inter
728 4818 1022 4891 exsequias
1039 4817 1383 4873 damnatum
1408 4830 1467 4867 se
1494 4828 1613 4866 esse
1630 4826 1863 4885 respon-

248 4912 421 4978 derit,
465 4914 564 4965 aut
590 4910 827 4980 hujusce
858 4906 1136 4981 portenti,
1182 4904 1337 4976 quod
1378 4903 1613 4957 beatum
1649 4900 1863 4954 Bruno-

248 5018 387 5057 nem
418 5000 478 5055 in
512 5015 778 5055 eremum
805 4996 1117 5063 Carthusim
1143 4990 1469 5065 impulerit:
1505 5007 1633 5062 quae
1662 4991 1859 5042 tamen

248 5091 365 5146 duo
396 5093 523 5144 rata
575 5104 698 5143 esse
731 5087 885 5158 apud
931 5084 1198 5156 antiquos
1253 5096 1480 5145 omnes,
1520 5076 1862 5147 Raynaudus

247 5178 498 5234 scribere
517 5193 637 5233 non
679 5174 977 5230 dubitavit.
1006 5170 1269 5242 Antiquis
1290 5184 1463 5240 porro
1494 5163 1862 5236 scriptoribus

248 5283 369 5324 non
400 5280 636 5339 possum
669 5279 787 5318 non
818 5275 1120 5315 accensere
1151 5274 1268 5325 eos,
1294 5255 1389 5328 qui
1412 5254 1668 5309 codicem
1699 5250 1862 5304 illum

247 5338 613 5412 Statutorum
667 5350 915 5418 Parisiis,
945 5347 1040 5403 ubi
1069 5363 1221 5402 nunc
1253 5344 1408 5416 apud
1436 5338 1865 5397 Carthusienses

249 5446 591 5508 asservatur,
611 5442 697 5497 vel
724 5440 835 5496 alio
877 5440 935 5493 in
972 5439 1098 5492 loco
1136 5432 1581 5504 descripserunt,
1614 5429 1671 5482 et
1696 5425 1865 5499 quin-

249 5550 361 5612 que
389 5526 1038 5608 primorumCarthusiaz
1055 5523 1321 5580 Priorum
1344 5518 1644 5575 historiam
1657 5512 1870 5573 itaedi-

1963 4384 1990 4412 «
2021 4361 2157 4415 rint.
2187 4380 2215 4408 ››
2246 4357 2378 4421 Sed,
2403 4371 2617 4427 quaeso,
2644 4370 2913 4426 quaenam
2944 4356 3077 4407 sunt
3105 4354 3227 4408 haec
3270 4354 3570 4425 miracula,

1960 4465 2088 4521 quae
2118 4447 2176 4500 in
2207 4448 2330 4499 tam
2354 4442 2510 4497 brevi
2551 4441 2906 4506 narratione,
2940 4456 3055 4494 uno
3101 4439 3241 4495 folio
3273 4444 3570 4512 contenta,

1960 4537 2265 4608 scriptores
2291 4532 2371 4586 illi
2402 4528 2797 4586 observarint?
2854 4528 3018 4582 Nulla
3047 4531 3222 4594 certe,
3275 4530 3482 4585 saltem
3511 4530 3574 4585 in

1962 4623 2164 4696 elogiis
2194 4623 2442 4693 quatuor
2472 4619 2793 4690 primorum
2832 4616 3120 4683 Priorum,
3156 4634 3283 4688 quae
3313 4618 3575 4691 superius

1960 4732 2028 4770 ex
2058 4710 2323 4769 omnium
2349 4705 2676 4778 hujusmodi
2706 4704 2969 4760 codicum
3001 4705 3399 4777 antiquissimo
3424 4707 3576 4777 (Adi-

1962 4804 2114 4859 dicta
2144 4815 2306 4855 num.
2331 4796 2383 4866 4)
2401 4794 2721 4850 retulimus.
2750 4795 2827 4848 De
2840 4795 3098 4865 Guigone
3122 4792 3279 4848 enim
3296 4809 3443 4847 nunc
3477 4796 3571 4848 ta-

1961 4906 2178 4956 cemus,
2207 4885 2475 4959 quiaejus
2497 4883 2772 4954 elogium,
2800 4884 2861 4935 ut
2896 4881 3249 4947 monuimus,
3297 4897 3331 4934 a
3353 4881 3575 4936 recensi

1961 4995 2141 5035 manu
2171 4973 2644 5047 superinductum
2668 4970 2794 5026 fuit.
2818 4969 3086 5040 Nunquid
3105 4970 3412 5038 propterea
3432 4968 3576 5025 nihil

1961 5064 2225 5123 miraculi
2245 5064 2399 5119 inter
2412 5062 2519 5116 hos
2532 5060 2751 5131 primos
2776 5060 2991 5124 Patres,
3012 5059 3109 5111 aut
3140 5055 3211 5109 ab
3252 5054 3334 5109 eis
3356 5056 3575 5112 factum

1963 5156 2075 5212 est?
2107 5157 2217 5209 Pro
2246 5152 2410 5207 nobis
2442 5150 2653 5204 iterum
2688 5145 3034 5218 respondeat
3086 5145 3287 5197 Petrus
3344 5144 3573 5198 Clunia-

1964 5243 2166 5299 censis.
2204 5263 2231 5290 ‹‹
2262 5241 2454 5304 Multa,
2509 5237 2716 5309 inquit,
2772 5233 2827 5285 in
2866 5231 2961 5286 illo
2991 5247 3152 5286 sacra
3184 5228 3572 5295 (Carthusien-

1965 5333 2112 5387 sium
2136 5328 2436 5399 nimirum)
2470 5325 2683 5380 Ordine
2711 5320 2991 5377 miracula
3020 5318 3345 5390 contigisse,
3398 5332 3433 5369 a
3455 5316 3579 5386 plu-

1967 5422 2123 5476 ribus
2150 5419 2362 5491 accepi.
2406 5416 2492 5468 An
2521 5412 2697 5484 igitur
2736 5409 2879 5464 falsa
2908 5413 3060 5476 sunt,
3112 5408 3246 5477 quia
3277 5403 3580 5461 scriotores

1968 5507 2178 5564 codicis
2197 5507 2269 5564 de
2285 5507 2352 5562 iis
2371 5503 2655 5560 siluerunt
2672 5502 2699 5559 *ἲ
2732 5498 2845 5556 Sed
2867 5499 2936 5554 ad
2962 5499 3229 5559 sanctum
3248 5497 3585 5551 Brunouem
