4224 6058
528 339 629 397 167
703 317 709 329 ’

1342 332 1403 396 S.
1471 337 1818 396 BRUNONIS
1871 335 2505 398 CARTHUSIANOBUM
2546 340 3014 402 INSTITUTORIS

3745 344 3845 407 168

524 467 853 522 redeamus.
896 464 1214 538 Scriptores
1270 465 1384 522 sive
1436 467 1624 539 potius
1666 465 1911 538 scriptor
1963 464 2207 536 hqjusA
2230 466 2363 520 tuor
2382 467 2628 540 amplius
2657 468 2823 525 annis
2852 469 3104 540 obiisset,
3138 488 3293 528 anno
3352 468 3489 529 1156
3526 472 3603 530 ad
3646 474 3847 531 Domi-

523 555 753 622 codicis,
786 560 850 612 ut
897 557 1206 612 correclius
1227 557 1403 613 modo
1436 558 1765 627 loquamur,
1799 557 1983 610 totam
2010 554 2133 625 ejus

520 646 699 701 vitam
728 646 804 700 ub
824 645 1070 701 infantia
1091 645 1238 701 illius
1268 663 1446 719 usque
1469 646 1543 701 ad
1578 661 1864 701 secessum
1897 644 1956 698 in
1996 643 2130 698 Car-

520 735 773 792 thusiam
805 735 891 789 his
918 734 1271 807 paucissimis
1299 735 1484 790 verbis
1506 734 1917 806 complecitur:
1947 754 1976 783 «
1998 733 2134 787 Bru-

526 846 556 877 «
583 842 659 880 no
678 822 1040 891 Teutonicus,
1073 840 1141 879 ex
1182 824 1324 878 urbe
1353 823 1605 879 'Colonia
1644 823 1980 896 parentibus
2010 838 2132 877 non

524 935 554 965 «
588 914 840 969 obscuris
868 916 1035 967 natus
1058 912 1261 968 litteris
1291 915 1413 968 tam
1457 913 1802 969 secularibus
1835 929 2009 986 quam
2044 911 2129 966 di-

525 1023 555 1055 ‹‹
584 1002 729 1057 vinis
757 1002 923 1057 valde
953 1001 1229 1069 munitus,
1262 1002 1510 1057 ecclesiae
1539 1002 1839 1058 Remensis
1890 1001 2127 1057 canoni-

490 1113 556 1161 _«
582 1109 679 1147 cus
709 1094 768 1146 et
797 1092 1124 1145 scholarum
1160 1091 1453 1163 magister,
1487 1092 1682 1149 relicio
1731 1093 1960 1158 saaculo,
2006 1106 2130 1146 ere-

524 1198 740 1235 «mum
769 1179 1079 1235 Carthusize
1096 1180 1355 1235 fundavit
1377 1184 1434 1236 et
1463 1183 1608 1237 rexit
1631 1199 1725 1237 sex
1757 1181 1942 1237 annis.
1964 1182 2127 1235 'Ecce

516 1272 704 1325 totam
730 1268 1165 1324 conversionem
1195 1269 1251 1324 S.
1288 1270 1590 1337 Brunonis,
1640 1270 1893 1343 quinque
1940 1269 2126 1324 verbis

519 1358 981 1430 comprehendit,
1021 1380 1041 1408 ο
1080 1358 1294 1413 Relicto
1324 1362 1552 1427 saeculo,
1585 1376 1849 1415 eremum
1883 1359 2126 1414 Carthu-

519 1447 617 1503 sias
650 1446 931 1513 fundavit,
951 1467 978 1495 »
1013 1448 1166 1520 quod
1198 1449 1267 1502 de
1280 1448 1441 1519 cujus
1456 1449 1813 1504 libetsaeculo
1834 1449 2125 1503 abrenun-

515 1535 712 1592 tiantis
732 1536 1104 1591 conversione
1126 1536 1233 1591 dici
1262 1539 1467 1608 qotest.
1490 1539 1577 1592 An
1596 1541 1715 1592 tam
1738 1537 1930 1611 paucis
1944 1534 2128 1592 verbis

513 1624 815 1682 historiam
842 1625 1123 1679 Brunonis
1157 1645 1184 1673 »
1214 1624 1293 1685 ita
1319 1625 1497 1680 edidit
1520 1649 1548 1676 «
1569 1626 1813 1698 scriptor
1831 1625 1945 1693 ille,
1983 1648 2011 1676 «
2042 1626 2124 1691 ut,

521 1736 550 1767 «
581 1714 627 1769 si
657 1712 794 1787 quid
820 1712 879 1767 in
914 1730 983 1767 ea
1008 1712 1269 1767 miraculi
1297 1713 1720 1787 deprehensum
1749 1714 2125 1781 est,observa-

2232 572 2372 610 num
2397 557 2685 629 migravit,
2717 559 3018 616 sanctitate
3044 561 3171 617 vitae
3194 562 3360 634 juxta
3380 579 3447 618 ac
3466 563 3618 619 viriis
3645 564 3847 637 Operi-

2229 644 2355 714 bus,
2389 663 2517 718 quae
2542 647 2936 717 concinnarat,
2956 654 3086 722 post
3106 668 3164 706 se
3192 652 3404 707 relictis
3435 652 3687 709 illustris.
3714 655 3847 710 Haec

2229 733 2382 788 inter
2406 752 2588 791 unum
2616 739 2721 803 est,
2754 737 2825 792 de
2854 738 3143 794 miraculis
3171 740 3560 812 conscriptum
3585 744 3760 816 atque
3784 743 3845 800 in

2231 821 2373 878 duos
2401 823 2578 879 libros
2595 824 2858 881 divisum.
2874 829 2937 883 In
2951 828 3162 883 horum
3185 829 3387 897 altero,
3402 846 3524 885 sese
3540 850 3572 884 α
3591 831 3665 887 ad
3675 833 3848 889 robo-

2227 912 2473 967 randam
2505 912 2683 969 fidem
2702 917 2759 970 et
2780 932 2972 971 mores
2997 915 3379 973 instituendos
3390 919 3724 989 miracula,»
3756 924 3844 978 vel

2228 998 2351 1071 ipso
2381 1017 2483 1055 suo
2518 1021 2549 1054 «
2580 1005 2868 1076 tempore,
2901 1006 2988 1059 vel
3018 1004 3168 1061 circa
3195 1022 3298 1060 sua
3333 1009 3602 1080 tempora
3658 1013 3842 1081 gesta,

2229 1105 2475 1162 quorum
2521 1093 2776 1165 cognitio
2809 1094 3047 1151 indubia
3072 1095 3261 1164 datur,
3288 1096 3537 1153 scribere
3567 1118 3595 1147 »
3628 1114 3844 1172 propo-

2226 1178 2418 1248 suisse,
2452 1183 2652 1236 Petrus
2681 1183 2958 1253 praefatur
2986 1186 3044 1238 et
3069 1187 3267 1240 tamen
3290 1184 3551 1240 miraculi
3584 1203 3683 1243 seu
3708 1204 3843 1261 pro-

2230 1267 2388 1340 digii,
2424 1286 2537 1342 quo
2569 1271 2773 1327 doctor
2790 1272 3123 1327 Parisiensis
3141 1289 3200 1327 se
3213 1273 3849 1343 damnatum,innume-

2227 1373 2308 1412 NB
2339 1360 2543 1414 astanti
2571 1361 2768 1433 populi
2800 1362 3157 1418 multitudini
3185 1362 3409 1435 publice
3462 1363 3840 1435 denuntiarit,

2228 1449 2495 1520 nuspiam
2524 1450 2586 1506 in
2612 1455 2734 1508 toto
2761 1453 2992 1508 laudato
3023 1468 3123 1508 suo
3154 1452 3340 1525 Opere
3367 1454 3729 1510 mentionem
3759 1455 3845 1512 fa-

2228 1537 2322 1592 cit.
2357 1538 2516 1606 Hinc,
2532 1556 2770 1597 omnem
2801 1542 2873 1597 de
2895 1543 3153 1598 luctuosa
3171 1542 3281 1597 hac
3299 1542 3540 1597 historia
3557 1544 3845 1599 narratio-

2229 1642 2363 1680 nem
2387 1626 2445 1680 in
2462 1627 2667 1683 fabulis
2697 1646 2816 1684 esse
2838 1630 3191 1698 habendam,
3226 1630 3511 1687 Launoius
3555 1632 3612 1687 in
3640 1649 3743 1687 sua
3772 1632 3844 1688 de

2224 1731 2361 1770 vera
2388 1733 2556 1772 causa
2586 1735 2837 1774 secessus
2857 1718 2916 1773 S.
2941 1719 3223 1774 Brunonis
3254 1720 3313 1775 in
3335 1735 3596 1775 cremum
3624 1721 3842 1776 Disser~

518 1825 548 1855 «
575 1803 671 1871 rit,
706 1823 733 1852 »
762 1805 826 1856 ut
846 1803 965 1856 vult
996 1801 1323 1856 Launoius?
1377 1802 1508 1869 Sed,
1560 1801 1704 1857 sicut
1731 1802 1904 1857 tacuit
1953 1802 2024 1857 de
2054 1802 2129 1857 vi-
2149 1791 2199 1848 Β
2231 1804 2446 1859 latione
2466 1822 2592 1877 cap.
2626 1808 2657 1861 3
2687 1807 3260 1877 pronuntiat.Verum
3289 1825 3362 1863 an
3387 1809 3594 1865 merito
3622 1809 3850 1875 hic,Pa-

515 1892 676 1948 sione
691 1894 912 1962 septem
948 1889 1266 1955 stellarum,
1295 1893 1490 1945 sancto
1513 1890 1735 1961 Hugeni
1754 1891 2028 1958 exhibita,
2056 1891 2127 1945 de

514 1979 804 2036 sexsancti
820 1977 1101 2033 Brunonis
1119 1977 1380 2045 sociis,de
1400 1979 1893 2050 persecutionibus
1914 1980 2130 2034 Manas-

512 2088 611 2138 sae,
626 2069 697 2125 de
714 2071 846 2123 voto
865 2066 1098 2134 illius,et
1118 2068 1188 2122 de
1208 2067 1403 2121 multis
1423 2068 1843 2139 aliis,preeclare
1858 2069 1929 2123 ab
1947 2085 2014 2123 eo
2028 2085 2125 2140 ge-

512 2157 632 2224 stis,
665 2156 746 2211 ita
774 2172 892 2210 non
924 2155 1210 2221 mirum,si
1232 2157 1290 2209 et
1313 2157 1702 2227 spectaculum
1732 2156 2123 2227 praetermisit.

585 2248 709 2301 282.
730 2243 988 2316 Denique
1021 2244 1343 2298 notandum
1377 2246 1463 2298 est
1486 2243 1665 2298 videri
1688 2243 1980 2316 scriptoris
2003 2261 2127 2300 sco-

2228 1893 2457 1964 pyrium
2478 1895 2799 1951 Massonum
2822 1913 3240 1969 supergressus,
3262 1900 3424 1953 tanto
3456 1896 3517 1952 in
3548 1897 3734 1970 pretio
3747 1899 3848 1953 ha-

2226 1981 2351 2036 buit
2381 1983 2533 2037 Petri
2565 1984 2921 2040 Venerabilis
2950 1986 3048 2041 illa
3078 1987 3149 2042 de
3184 2004 3248 2042 re
3279 1986 3611 2042 silentium?
3641 1988 3845 2043 Cartu-

2228 2068 2421 2123 sianus
2441 2074 2638 2126 noster
2663 2072 3131 2146 anonymus,fqui
3158 2074 3474 2129 Annalium
3506 2075 3735 2131 Ordinis
3757 2076 3844 2131 sui

2226 2157 2397 2212 brum
2428 2162 2699 2230 quartum
2730 2161 3007 2217 hactenus
3022 2178 3140 2218 non
3154 2164 3451 2234 vulgatum
3463 2164 3841 2233 concineavit,

2228 2261 2342 2317 quo
2391 2247 2625 2302 Petrum
2668 2250 3002 2305 Parisiensis
3054 2251 3303 2323 prodigii
3344 2251 3403 2306 in
3445 2255 3569 2308 toto
3617 2269 3721 2309 suo
3772 2253 3845 2309 de

512 2350 654 2409 pum
666 2333 820 2388 hunc
836 2331 1006 2386 fuisse
1026 2331 1500 2403 unicum,nempe
1517 2333 1843 2404 catalogum
1863 2332 2128 2388 Priorum
2229 2334 2521 2390 miraculis
2560 2335 2744 2408 Opere
2774 2338 3106 2395 meminisse
3120 2356 3237 2395 non
3270 2339 3551 2409 debuisse,
3577 2342 3847 2399 ostendat

511 2414 824 2480 Carthusiaa
839 2423 1232 2486 cnntexere,et
1250 2436 1433 2475 annos
1444 2420 1799 2492 praelationis
1812 2437 2013 2476 eorum
2035 2422 2131 2477 de-

510 2513 763 2586 signare.
788 2510 937 2565 Nihil
977 2509 1134 2564 enim
1176 2510 1492 2565 accuratius
1520 2511 1842 2566 describere
1880 2511 2125 2581 videtur,

2228 2424 2510 2478 nonnulla
2540 2425 2793 2496 primum
2828 2427 2900 2482 de
2947 2443 3144 2499 scopo,
3186 2444 3362 2501 quem
3404 2429 3463 2484 in
3510 2430 3619 2485 hoc
3651 2434 3848 2486 conte-

2226 2511 2414 2566 xendo
2442 2511 2547 2566 sibi
2558 2513 2859 2584 praeﬁxum
2896 2515 3096 2570 habuit
3133 2518 3360 2571 sanctus
3384 2517 3434 2571 is
3463 2518 3847 2575 cluniacensis

509 2617 644 2657 cum
669 2598 919 2654 maxime
947 2598 1018 2654 de
1042 2598 1309 2652 Brunone
1331 2598 1818 2671 observet,quod»
1846 2615 1938 2653 sex
1962 2602 2128 2656 annis
2228 2599 2492 2666 abbas,in
2521 2601 2781 2656 medium
2837 2603 3401 2677 adducit,simulque,
3452 2622 3581 2678 qua:
3610 2609 3670 2661 et
3700 2623 3843 2679 qua-

509 2688 871 2747 Carthusiam
920 2687 1149 2754 rexerit,
1183 2688 1241 2741 et
1278 2687 1335 2741 in
1369 2686 1629 2741 Calabria
1656 2686 1865 2744 obierit
1894 2708 1921 2737 ››
1951 2690 2129 2745 unde-

2226 2686 2301 2742 lia
2327 2687 2384 2742 in
2417 2688 2513 2744 illo
2568 2690 2782 2745 referat
2814 2691 3110 2759 miracula,
3140 2693 3453 2761 examinat,
3491 2711 3557 2749 ac
3607 2694 3841 2764 deinde,

507 2779 659 2835 cimo
676 2777 1167 2850 plusmiuusanno
1182 2779 1617 2848 postegressum
1644 2776 2127 2842 CarthusiaeQuod
2226 2791 2354 2846 quae
2386 2777 2728 2845 Launoium,
2765 2783 2828 2833 ut
2858 2796 3134 2853 magnam
3167 2784 3371 2836 contra
3394 2781 3644 2837 doctoris
3672 2783 3840 2838 dam-

506 2870 565 2923 et
585 2866 893 2939 diligenter
910 2866 980 2921 de
1005 2865 1128 2921 aliis
1142 2867 1404 2932 annotat,
1439 2865 1519 2919 ita
1544 2867 1605 2919 ut
1620 2865 1724 2919 sub
1744 2865 1922 2920 ﬁnem
1942 2883 2126 2922 annos
2225 2863 2345 2917 nati
2376 2866 2711 2934 anastasim,
2747 2867 2899 2922 Petri
2927 2869 2998 2924 de
3030 2869 3138 2923 hac
3161 2869 3387 2924 silentio
3401 2869 3518 2925 vim
3534 2869 3720 2925 inesse
3733 2888 3840 2943 pu-

504 2954 844 3012 summatim
860 2953 1205 3027 repetat,qui
1223 2970 1257 3007 a
1276 2953 1930 3009 fundationcCarthusiaa
1945 2972 2123 3027 usque
2222 2953 2393 3019 taret,
2428 2953 2732 3026 impulere,
2757 2955 3011 3010 rationes
3035 2955 3353 3012 rationibus
3377 2957 3679 3012 contrariis
3697 2974 3838 3014 con-

506 3045 577 3101 ad
598 3047 850 3100 mortem
883 3042 1295 3098 JoannisTusci
1340 3041 1678 3096 effuxerant.
1700 3061 1730 3094 «
1759 3042 2124 3115 Colliguntur
2145 3079 2192 3138 Ο
2221 3039 2409 3138 futare
2441 3045 2701 3138 conatur.
2726 3045 2956 3111 Totum,
2997 3045 3152 3138 quod
3168 3046 3337 3138 hunc
3361 3045 3426 3138 in
3465 3047 3646 3102 finem
3672 3046 3838 3138 insti-

509 3157 538 3187 ‹‹
569 3135 784 3207 itaque,
814 3132 1021 3205 inquit,
1080 3149 1113 3187 a
1140 3132 1329 3205 primo
1361 3130 1621 3203 magistri
1652 3132 1936 3187 Brunonis
1966 3150 2121 3189 anno
2151 3128 2192 3138 “
2220 3128 2348 3195 tuit,
2407 3130 2794 3198 ratiocinium,
2831 3148 2962 3186 cum
3013 3131 3072 3187 id
3112 3133 3189 3187 ad
3242 3133 3661 3189 confutandam
3692 3135 3837 3190 Lau-

506 3244 536 3276 «
566 3239 747 3294 usque
796 3221 871 3276 ad
897 3222 1067 3293 hujus
1114 3219 1384 3292 (Joannis)
1420 3220 1694 3275 ultimum
1748 3220 1887 3274 anni
1920 3221 2123 3293 viginti
2221 3217 3834 3290 noium,plurimumvalereautumet,obrationem,num.

502 3329 536 3364 α
559 3310 814 3383 quinque
843 3308 961 3381 (qui
986 3311 1120 3363 ante
1152 3307 1373 3362 obitum
1400 3307 1541 3377 ejus,
1570 3308 1667 3379 qui
1707 3310 1792 3362 est
1808 3308 1983 3363 Nonis
2016 3309 2120 3364 Oc-

507 3419 537 3450 ‹‹
568 3396 767 3467 tobris)
783 3395 934 3450 circa
955 3394 1314 3449 nativitatem
1330 3394 1389 3447 B.
1409 3393 1647 3448 Joannis
1676 3394 1942 3467 Baptistzr
1959 3412 2117 3452 com-

2222 3305 2323 3361 185
2350 3306 2411 3361 in
2432 3308 2547 3362 ﬁne
2574 3309 2793 3376 datam,
2818 3309 3114 3382 integrum
3170 3310 3303 3379 huc,
3332 3314 3397 3366 ut
3425 3314 3490 3366 ut
3512 3313 3677 3368 valde
3706 3313 3838 3368 lon-

2220 3411 2361 3467 gum
2394 3396 2485 3462 sit,
2518 3398 2864 3466 transcribo,
2900 3400 3230 3471 adjecturus
3258 3399 3436 3455 etiam
3490 3401 3564 3456 ad
3593 3403 3834 3471 calcem,

502 3504 536 3540 «
566 3482 1159 3559 plentur;taliquippe
1182 3486 1448 3553 tempore
1476 3498 1509 3536 a
1541 3483 1820 3555 magistro
1852 3483 2118 3540 Brunone
2219 3499 2346 3555 qute
2379 3501 2511 3539 mea
2536 3484 2608 3539 sit
2638 3487 2709 3541 de
2739 3503 2803 3541 re
2833 3487 3014 3542 isthac
3047 3487 3262 3560 opinio.

505 3598 535 3631 ι(
563 3573 809 3648 ρι’ὧῖδῐει
829 3570 1001 3644 coepit
1024 3587 1253 3625 eremus
1282 3570 1554 3625 habitari.
1581 3571 1783 3635 «Quod
1806 3571 1982 3628 etiam
2013 3573 2114 3628 ob-

432 3720 437 3724 ,
498 3661 744 3719 servavit
772 3660 886 3727 ille,
918 3659 1015 3732 qui
1042 3658 1319 3730 Guigonis
1356 3658 1609 3731 elogium
1627 3657 1813 3713 eidem
1834 3660 2013 3715 codici
2036 3660 2119 3716 in-

497 3750 694 3822 seruit.
713 3770 740 3799 ››
775 3750 858 3803 Ita
888 3748 1066 3802 habet
1086 3747 1740 3819 anonymiCarthusiani
1761 3748 1833 3803 ad
1863 3749 2114 3821 putitum

496 3856 532 3897 a
557 3837 810 3897 Launoio
843 3855 875 3894 e
901 3836 1109 3893 codicis
1136 3853 1298 3892 num.
1322 3840 1426 3894 279
1447 3837 1661 3893 laudati
1684 3838 1908 3894 silentio
1941 3856 2112 3912 argu-

496 3932 762 3985 mentum
796 3926 1129 3998 negativum
1152 3926 1544 3998 responsio.Et
1565 3926 2108 3997 vero,cumCodicis,

492 4015 552 4073 id
573 4021 676 4085 est,
709 4018 957 4088 quatuor
974 4014 1306 4086 primorum
1325 4013 1636 4068 Garthusiae
1655 4013 1918 4069 Priorum
1937 4015 2112 4073 Chro-

2288 3574 2410 3628 248.
2435 3572 2525 3628 Sic
2546 3574 2738 3646 itaque
2754 3575 2954 3647 Operis
2965 3576 3049 3631 sui
3067 3592 3230 3631 num.
3253 3578 3351 3631 105
3365 3576 3660 3649 praefatur:
3681 3600 3710 3630 ιι
3724 3579 3833 3635 Cu-

2209 3660 2303 3732 jus
2326 3661 2499 3731 (Petri
2524 3663 2851 3733 Venerailis)
2885 3664 3177 3720 silentium
3218 3664 3290 3719 de
3318 3667 3516 3720 nostro
3555 3666 3829 3729 (doctoris

2213 3750 2446 3806 redivivi
2475 3768 2539 3806 ac
2570 3752 2851 3824 damnati)
2881 3755 3203 3825 spectaculo
3232 3753 3528 3808 tantifacit
3546 3755 3833 3811 Launoius

2212 3843 2343 3914 post
2375 3841 2686 3913 Papyrium
2704 3820 3050 3912 Massonum,
3106 3845 3169 3898 ut
3200 3842 3334 3897 inde
3356 3843 3514 3897 illam
3549 3844 3831 3900 narratio-

2212 3945 2347 3983 nem
2371 3927 2432 3983 in
2462 3929 2668 3983 fabulis
2686 3930 3015 3985 habendam
3049 3931 3470 3998 esse,audacter
3490 3932 3829 4004 pronuntiet

2210 4014 2323 4071 Sed
2355 4020 2670 4088 antequam
2722 4019 3262 4091 argumentationes
3314 4019 3437 4091 ejus
3468 4020 3823 4090 refellamus,

492 4103 604 4160 nici
635 4106 836 4158 auctor
864 4103 1045 4156 sancti
1086 4088 1266 4155 no’stri
1312 4100 1489 4155 vitam
1521 4116 1585 4154 ac
1626 4104 1787 4173 gesta
1813 4104 2011 4160 omnia
2041 4123 2108 4163 ex
2207 4107 2441 4177 praestat
2472 4105 2623 4160 Petri
2656 4088 3011 4163 Venerabilis
3042 4109 3213 4181 Opus,
3248 4108 3320 4164 de
3344 4088 3460 4181 quo
3483 4109 3721 4181 quaestio
3739 4088 3826 4167 est

491 4190 752 4248 instituto
784 4207 903 4246 non
926 4189 1308 4262 descripserit,
1364 4190 1662 4260 multaque
1714 4190 1784 4245 de
1839 4192 2106 4250 Brunone
2207 4193 2278 4248 ab
2300 4197 2533 4249 auctore
2553 4194 2891 4269 inscriptum
2920 4220 2948 4248 ‹‹
2974 4199 3055 4253 De
3086 4198 3403 4266 miraculis,
3431 4219 3460 4248 »
3489 4199 3820 4257 minutatim

492 4280 790 4336 subticeat.
821 4296 949 4352 qua:
972 4282 1171 4333 tamen
1205 4276 1489 4349 apprime,
1523 4276 1774 4333 maxime
1822 4279 1886 4347 si,
1918 4283 1979 4335 ut
2004 4300 2103 4355 ap-
2206 4282 2551 4352 expendere,
2586 4287 2648 4338 ut
2690 4301 2757 4338 ex
2805 4289 3071 4341 accurato
3117 4285 3268 4341 illius
3312 4286 3575 4342 examine
3598 4292 3823 4345 cessent

490 4370 677 4441 paret,
713 4367 892 4439 Guigo
930 4366 978 4421 is
1004 4365 1196 4433 fuerit,
1230 4365 1523 4437 explorata
1538 4364 1757 4434 habuit,
1786 4366 2102 4426 formatum
2126 4372 2178 4431 D
2204 4371 2445 4425 lectores
2468 4371 2764 4441 admirari,
2798 4374 2954 4446 quod
2981 4374 3051 4429 de
3076 4377 3198 4429 tam
3229 4376 3514 4446 stupendo
3550 4376 3819 4449 prodigio

491 4472 559 4512 ex
585 4456 733 4512 illius
761 4456 991 4512 silentio
1029 4458 1435 4528 atgumentum
1467 4455 1581 4509 vim
1603 4459 1945 4527 autprorsus
1975 4462 2102 4515 nul-
2202 4458 2447 4528 siluerit;
2498 4480 2529 4513 «
2557 4477 2621 4516 ac
2665 4462 2873 4517 deinde
2905 4480 3029 4518 rem
3070 4464 3253 4536 ipsam
3300 4481 3434 4520 mox
3473 4464 3820 4537 aggrediens

489 4544 609 4600 lam
668 4548 767 4600 aut
807 4548 961 4600 certe
1023 4543 1395 4615 perexiguam
1426 4542 1517 4597 hic
1556 4543 1800 4611 obtinet,
1851 4548 2102 4604 maxime
2200 4548 2355 4603 hunc
2384 4551 2751 4623 prosequitur
2782 4552 2840 4607 in
2873 4552 3117 4607 modum
3147 4569 3161 4607 :
3199 4575 3227 4603 ‹‹
3261 4554 3376 4609 Hoc
3403 4553 3555 4625 Opus
3585 4554 3643 4608 in
3677 4555 3819 4610 duas

489 4649 623 4689 cum
643 4633 790 4689 ratio
825 4633 1020 4689 aﬂ‘erri
1053 4650 1171 4689 non
1210 4635 1403 4705 queat,
1436 4649 1549 4705 qua
1576 4636 1866 4706 utcunque
1895 4637 2103 4692 verosi-
2202 4640 2413 4710 partes,
2437 4638 2550 4693 sive
2571 4640 2747 4695 libros
2763 4641 3154 4713 distinguitur,
3188 4644 3248 4696 ln
3275 4641 3483 4713 prioris
3510 4642 3641 4697 libri
3670 4644 3818 4698 Prae-

487 4722 626 4779 mile
658 4722 880 4791 evadat,
909 4724 1251 4793 scriptorem
1298 4720 1457 4774 illum
1503 4721 1946 4777 commissurum
1981 4741 2099 4780 non
2199 4727 2517 4784 fatiuncula
2545 4730 2694 4784 hanc
2712 4731 2905 4786 reddit
2924 4736 3152 4787 sanctus
3183 4732 3361 4787 abbas
3380 4730 3688 4797 rationem,
3716 4750 3817 4788 cur

483 4811 677 4880 fuisse,
706 4813 769 4866 ut
795 4810 1113 4866 Parisiense
1153 4808 1506 4882 prodigium,
1570 4811 1745 4881 quod,
1790 4811 1835 4865 si
1882 4812 2095 4869 factum
2184 4816 2271 4871 de
2298 4816 2402 4871 hac
2435 4818 2680 4873 materia
2725 4819 2818 4888 (de
2847 4818 3134 4875 miraculis
3157 4819 3394 4890 scilicet)
3442 4820 3691 4875 scribere
3711 4837 3813 4890 ag-

482 4900 676 4970 fuerit,
701 4899 858 4956 haud
876 4899 1047 4955 dubie
1069 4898 1358 4971 cognovit,
1387 4898 1613 4955 silentio
1647 4899 1986 4970 praeteriret.

554 4990 680 5044 283.
740 4987 828 5042 Ad
852 4988 1101 5042 alterum
1136 4985 1332 5051 modo,
1364 4984 1518 5058 quod
1558 4988 1584 5053 §
1618 4987 1886 5058 praesenti
1917 4990 2092 5047 etiam

484 5075 966 5142 examinandum,
1003 5073 1274 5148 quodque
1306 5091 1336 5129 e
1364 5073 1537 5142 Petri,
1571 5080 1962 5145 cognomento
1988 5080 2092 5135 Ve-

481 5163 773 5230 nerabilis,
827 5162 1057 5219 silentio
1088 5162 1396 5228 formatur,
1433 5166 1845 5233 argumentum
1878 5168 2096 5238 negati-

477 5267 615 5309 vum
631 5251 1196 5325 progrediamur,Vir
1214 5250 1487 5318 hic,anno
1508 5249 1734 5305 circiter
1753 5255 1888 5309 1093
1905 5259 2090 5326 natus,

479 5355 612 5393 cum
634 5338 948 5410 gloriosam
990 5354 1093 5409 per
1120 5354 1305 5393 annos
1353 5337 1570 5408 aliquot
1598 5353 1836 5409 operam
1873 5341 2091 5398 militia}

478 5428 761 5493 navasset,
795 5423 1092 5479 monachis
1127 5423 1613 5493 Cluniacensibus,
1642 5429 1847 5482 saeculo
1866 5430 2086 5500 relicto,

2196 4902 2424 4976 gressus
2442 4906 2636 4975 fuerit,
2671 4922 2884 4978 nempe
2921 4925 2994 4962 ne
3037 4930 3065 4959 ‹‹
3098 4909 3177 4962 Ea
3203 4906 3501 4976 miracula,
3531 4925 3659 4980 qua:
3705 4926 3811 4963 no-

2199 5013 2228 5042 «
2259 4992 2410 5060 stris,
2464 4993 2668 5065 inquit,
2705 4995 3064 5066 temporibus
3107 4995 3477 5068 proveniunt,
3532 5012 3665 5050 cum
3690 5014 3810 5052 non

2198 5105 2226 5133 «
2259 5082 2350 5151 sit,
2380 5084 2476 5157 qui
2503 5083 2576 5139 ad
2605 5084 2701 5139 illa
2730 5085 3030 5140 scribenda
3058 5085 3320 5140 animum
3365 5085 3634 5159 applicet,
3677 5103 3809 5158 quas

2198 5192 2225 5222 «
2252 5172 2522 5243 prodesse
2557 5174 2880 5245 legentibus
2909 5174 3244 5229 manifestat
3272 5176 3599 5246 apoterant,
3626 5173 3810 5230 infru-

2197 5280 2226 5309 ‹‹
2256 5263 2451 5315 ctuoso
2480 5261 2706 5317 silentio
2737 5266 2889 5317 tecta
2945 5263 3298 5335 dispereant.
3333 5284 3361 5312 »
3412 5263 3518 5339 [Hic
3548 5262 3696 5319 liber
3724 5264 3806 5318 vi-

2194 5347 2339 5419 ginti
2388 5353 2516 5404 octo
2574 5351 3017 5421 comprehendit
3089 5351 3358 5424 capitula,
3417 5367 3665 5423 quorum
3724 5353 3839 5437 κνῆ-φ

2190 5435 2333 5506 ginti
2351 5441 2409 5492 et
2439 5454 2619 5492 unum
2651 5441 3083 5511 completuntur
3104 5457 3196 5495 res
3226 5440 3540 5507 mirabiles,
3557 5457 3686 5512 quin
3716 5443 3805 5496 vel

475 5526 604 5567 sese
635 5511 913 5599 adjunxit,
973 5525 1221 5580 cumque
1256 5512 1466 5568 deinde
1514 5513 1689 5569 abbas
1730 5515 1883 5572 hisce
1932 5536 2086 5577 anno
2187 5522 2248 5578 in
2273 5523 2763 5596 ipsoCluniacensi
2783 5526 3124 5594 abbatia,vel
3140 5527 3197 5582 in
3217 5527 3341 5583 aliis
3358 5511 3799 5599 ejusdemOrdi-

481 5599 622 5657 1122
658 5598 854 5654 fuisset
871 5599 1423 5673 praefectus,hocque
1450 5619 1658 5658 munus
1695 5603 1930 5677 triginta
1951 5625 2087 5682 qua-

2188 5611 2275 5669 nis
2300 5613 2666 5669 monasteriis
2696 5618 2942 5687 peracta:
2962 5620 3114 5673 sunt.
3134 5618 3195 5673 In
3208 5616 3462 5691 quinque
3483 5617 3609 5673 aliis
3635 5617 3792 5691 capi-
