  <div class='ocr_page' id='page_1' title='image "/cluster/home/n/w/nwhite01/storage/ocr_20150623/152/hvd.32044054760103/091.png"; bbox 0 0 4224 6058; ppageno 0'>
   <div class='ocr_carea' id='block_1_1' title="bbox 484 317 3800 393">
    <p class='ocr_par' dir='ltr' id='par_1_1' title="bbox 484 317 3800 393">
     <span class='ocr_line' id='line_1_1' title="bbox 484 317 3800 393; baseline -0.001 -1"><span class='ocrx_word' id='word_1_1' title='bbox 484 329 579 393; x_wconf 81' lang='lat' dir='ltr'><strong>m</strong></span> <span class='ocrx_word' id='word_1_2' title='bbox 1297 326 1358 392; x_wconf 88' lang='lat' dir='ltr'><strong>s.</strong></span> <span class='ocrx_word' id='word_1_3' title='bbox 1417 331 1763 392; x_wconf 82' lang='lat' dir='ltr'><strong>BRUNONIS</strong></span> <span class='ocrx_word' id='word_1_4' title='bbox 1795 329 2429 390; x_wconf 71' lang='lat' dir='ltr'><strong>CARTHUSLANORUM</strong></span> <span class='ocrx_word' id='word_1_5' title='bbox 2473 317 2942 389; x_wconf 76' lang='lat' dir='ltr'><strong>INSTITUTORIS</strong></span> <span class='ocrx_word' id='word_1_6' title='bbox 3698 327 3800 388; x_wconf 61' lang='grc' dir='ltr'><strong>ηε</strong></span> 
     </span>
    </p>
   </div>
   <div class='ocr_carea' id='block_1_2' title="bbox 479 456 3799 532">
    <p class='ocr_par' dir='ltr' id='par_1_2' title="bbox 479 456 3799 532">
     <span class='ocr_line' id='line_1_2' title="bbox 479 456 3799 532; baseline -0.002 -15"><span class='ocrx_word' id='word_1_7' title='bbox 479 477 512 512; x_wconf 66' lang='grc' dir='ltr'><strong>ι</strong></span> <span class='ocrx_word' id='word_1_8' title='bbox 544 461 679 532; x_wconf 84' lang='lat' dir='ltr'><strong>gula</strong></span> <span class='ocrx_word' id='word_1_9' title='bbox 704 457 1005 528; x_wconf 86' lang='lat' dir='ltr'><strong>miracula,</strong></span> <span class='ocrx_word' id='word_1_10' title='bbox 1028 476 1159 532; x_wconf 67' lang='lat' dir='ltr'><strong>quae</strong></span> <span class='ocrx_word' id='word_1_11' title='bbox 1186 459 1302 515; x_wconf 84' lang='lat' dir='ltr'><strong>suis</strong></span> <span class='ocrx_word' id='word_1_12' title='bbox 1325 462 1699 531; x_wconf 88' lang='lat' dir='ltr'><strong>usurpaverat</strong></span> <span class='ocrx_word' id='word_1_13' title='bbox 1751 457 1950 526; x_wconf 90' lang='lat' dir='ltr'><strong>oculis,</strong></span> <span class='ocrx_word' id='word_1_14' title='bbox 1995 458 2083 513; x_wconf 85' lang='lat' dir='ltr'><strong>vel</strong></span> <span class='ocrx_word' id='word_1_15' title='bbox 2102 459 2160 520; x_wconf 79' lang='grc' dir='ltr'><strong>Α</strong></span> <span class='ocrx_word' id='word_1_16' title='bbox 2185 477 2214 507; x_wconf 84' lang='grc'><strong>››</strong></span> <span class='ocrx_word' id='word_1_17' title='bbox 2249 456 2487 513; x_wconf 75' lang='lat' dir='ltr'><strong>ordinis.</strong></span> <span class='ocrx_word' id='word_1_18' title='bbox 2519 478 2548 508; x_wconf 85' lang='lat'><strong>»</strong></span> <span class='ocrx_word' id='word_1_19' title='bbox 2582 458 2650 513; x_wconf 87' lang='lat' dir='ltr'><strong>Et</strong></span> <span class='ocrx_word' id='word_1_20' title='bbox 2673 472 2876 513; x_wconf 83' lang='lat' dir='ltr'><strong>revera</strong></span> <span class='ocrx_word' id='word_1_21' title='bbox 2904 456 2949 513; x_wconf 97' lang='lat' dir='ltr'><strong>si</strong></span> <span class='ocrx_word' id='word_1_22' title='bbox 2977 456 3338 526; x_wconf 76' lang='lat' dir='ltr'><strong>decrevisset,</strong></span> <span class='ocrx_word' id='word_1_23' title='bbox 3371 456 3799 515; x_wconf 77' lang='lat' dir='ltr'><strong>institutionem</strong></span> 
     </span>
    </p>
   </div>
   <div class='ocr_carea' id='block_1_3' title="bbox 469 547 2083 621">
    <p class='ocr_par' dir='ltr' id='par_1_3' title="bbox 469 547 2083 621">
     <span class='ocr_line' id='line_1_3' title="bbox 469 547 2083 621; baseline -0.001 -20"><span class='ocrx_word' id='word_1_24' title='bbox 469 565 504 601; x_wconf 80' lang='lat'>»</span> <span class='ocrx_word' id='word_1_25' title='bbox 530 566 659 621; x_wconf 66' lang='lat' dir='ltr'><strong>qua:</strong></span> <span class='ocrx_word' id='word_1_26' title='bbox 691 550 764 604; x_wconf 85' lang='lat' dir='ltr'><strong>ab</strong></span> <span class='ocrx_word' id='word_1_27' title='bbox 784 549 1116 605; x_wconf 90' lang='lat' dir='ltr'><strong>hominibus</strong></span> <span class='ocrx_word' id='word_1_28' title='bbox 1142 548 1255 603; x_wconf 85' lang='lat' dir='ltr'><strong>ﬁde</strong></span> <span class='ocrx_word' id='word_1_29' title='bbox 1278 547 1468 619; x_wconf 81' lang='lat' dir='ltr'><strong>dignis</strong></span> <span class='ocrx_word' id='word_1_30' title='bbox 1491 551 1811 619; x_wconf 90' lang='lat' dir='ltr'><strong>acceperat,</strong></span> <span class='ocrx_word' id='word_1_31' title='bbox 1857 547 2083 601; x_wconf 90' lang='lat' dir='ltr'><strong>duobus</strong></span> 
     </span>
    </p>
   </div>
   <div class='ocr_carea' id='block_1_4' title="bbox 470 633 2081 710">
    <p class='ocr_par' dir='ltr' id='par_1_4' title="bbox 470 633 2081 710">
     <span class='ocr_line' id='line_1_4' title="bbox 470 633 2081 710; baseline -0.001 -20"><span class='ocrx_word' id='word_1_32' title='bbox 470 655 503 689; x_wconf 88' lang='grc'><strong>››</strong></span> <span class='ocrx_word' id='word_1_33' title='bbox 529 638 690 692; x_wconf 85' lang='lat' dir='ltr'><strong>libris</strong></span> <span class='ocrx_word' id='word_1_34' title='bbox 740 636 1264 710; x_wconf 82' lang='lat' dir='ltr'><strong>comprehendisse.</strong></span> <span class='ocrx_word' id='word_1_35' title='bbox 1314 656 1346 689; x_wconf 83' lang='grc'><strong>&gt;&gt;</strong></span> <span class='ocrx_word' id='word_1_36' title='bbox 1377 654 1436 691; x_wconf 83' lang='lat' dir='ltr'><strong>1n</strong></span> <span class='ocrx_word' id='word_1_37' title='bbox 1481 656 1515 688; x_wconf 78' lang='lat'><strong>«</strong></span> <span class='ocrx_word' id='word_1_38' title='bbox 1556 636 1645 691; x_wconf 82' lang='lat' dir='ltr'><strong>Ad</strong></span> <span class='ocrx_word' id='word_1_39' title='bbox 1686 634 1921 690; x_wconf 91' lang='lat' dir='ltr'><strong>secundi</strong></span> <span class='ocrx_word' id='word_1_40' title='bbox 1948 633 2081 689; x_wconf 84' lang='lat' dir='ltr'><strong>libri</strong></span> 
     </span>
    </p>
   </div>
   <div class='ocr_carea' id='block_1_5' title="bbox 471 724 2081 796">
    <p class='ocr_par' dir='ltr' id='par_1_5' title="bbox 471 724 2081 796">
     <span class='ocr_line' id='line_1_5' title="bbox 471 724 2081 796; baseline 0 -19"><span class='ocrx_word' id='word_1_41' title='bbox 471 743 503 777; x_wconf 82' lang='lat'><strong>&gt;&gt;</strong></span> <span class='ocrx_word' id='word_1_42' title='bbox 536 728 751 781; x_wconf 84' lang='lat' dir='ltr'><strong>calcem</strong></span> <span class='ocrx_word' id='word_1_43' title='bbox 777 725 1167 782; x_wconf 73' lang='lat' dir='ltr'><strong>Carthusianze</strong></span> <span class='ocrx_word' id='word_1_44' title='bbox 1199 724 1495 796; x_wconf 82' lang='lat' dir='ltr'><strong>religionis</strong></span> <span class='ocrx_word' id='word_1_45' title='bbox 1521 724 1775 791; x_wconf 90' lang='lat' dir='ltr'><strong>initium,</strong></span> <span class='ocrx_word' id='word_1_46' title='bbox 1799 726 2081 778; x_wconf 89' lang='lat' dir='ltr'><strong>statutaet</strong></span> 
     </span>
    </p>
   </div>
   <div class='ocr_carea' id='block_1_6' title="bbox 469 810 2080 885">
    <p class='ocr_par' dir='ltr' id='par_1_6' title="bbox 469 810 2080 885">
     <span class='ocr_line' id='line_1_6' title="bbox 469 810 2080 885; baseline 0.001 -19"><span class='ocrx_word' id='word_1_47' title='bbox 469 832 503 866; x_wconf 77' lang='grc'><strong>&gt;&gt;</strong></span> <span class='ocrx_word' id='word_1_48' title='bbox 534 831 727 870; x_wconf 89' lang='lat' dir='ltr'><strong>mores</strong></span> <span class='ocrx_word' id='word_1_49' title='bbox 757 814 1009 870; x_wconf 90' lang='lat' dir='ltr'><strong>uberiori</strong></span> <span class='ocrx_word' id='word_1_50' title='bbox 1034 813 1296 869; x_wconf 89' lang='lat' dir='ltr'><strong>oratione</strong></span> <span class='ocrx_word' id='word_1_51' title='bbox 1328 810 1668 885; x_wconf 86' lang='lat' dir='ltr'><strong>depinxisse.</strong></span> <span class='ocrx_word' id='word_1_52' title='bbox 1715 833 1746 866; x_wconf 76' lang='lat'><strong>»</strong></span> <span class='ocrx_word' id='word_1_53' title='bbox 1777 828 1831 868; x_wconf 79' lang='lat' dir='ltr'><strong>1v</strong></span> <span class='ocrx_word' id='word_1_54' title='bbox 1857 832 1903 865; x_wconf 65' lang='lat'><strong>.«</strong></span> <span class='ocrx_word' id='word_1_55' title='bbox 1946 812 2080 867; x_wconf 83' lang='lat' dir='ltr'><strong>Sese</strong></span> 
     </span>
    </p>
   </div>
   <div class='ocr_carea' id='block_1_7' title="bbox 470 901 2079 975">
    <p class='ocr_par' dir='ltr' id='par_1_7' title="bbox 470 901 2079 975">
     <span class='ocr_line' id='line_1_7' title="bbox 470 901 2079 975; baseline 0.001 -21"><span class='ocrx_word' id='word_1_56' title='bbox 470 920 503 954; x_wconf 82' lang='lat'>»</span> <span class='ocrx_word' id='word_1_57' title='bbox 534 902 728 958; x_wconf 86' lang='lat' dir='ltr'><strong>dolere</strong></span> <span class='ocrx_word' id='word_1_58' title='bbox 752 904 1085 975; x_wconf 90' lang='lat' dir='ltr'><strong>plurimum,</strong></span> <span class='ocrx_word' id='word_1_59' title='bbox 1108 905 1380 959; x_wconf 78' lang='lat' dir='ltr'><strong>testatum</strong></span> <span class='ocrx_word' id='word_1_60' title='bbox 1396 903 1586 968; x_wconf 87' lang='lat' dir='ltr'><strong>fuisse,</strong></span> <span class='ocrx_word' id='word_1_61' title='bbox 1605 901 1760 974; x_wconf 87' lang='lat' dir='ltr'><strong>quod</strong></span> <span class='ocrx_word' id='word_1_62' title='bbox 1778 902 1942 973; x_wconf 91' lang='lat' dir='ltr'><strong>plura</strong></span> <span class='ocrx_word' id='word_1_63' title='bbox 1960 917 2079 956; x_wconf 92' lang='lat' dir='ltr'><strong>non</strong></span> 
     </span>
    </p>
   </div>
   <div class='ocr_carea' id='block_1_8' title="bbox 474 978 2078 1063">
    <p class='ocr_par' dir='ltr' id='par_1_8' title="bbox 474 978 2078 1063">
     <span class='ocr_line' id='line_1_8' title="bbox 474 978 2078 1063; baseline 0 -20"><span class='ocrx_word' id='word_1_64' title='bbox 474 1009 506 1043; x_wconf 77' lang='lat'>»</span> <span class='ocrx_word' id='word_1_65' title='bbox 531 978 964 1063; x_wconf 47' lang='lat' dir='ltr'><strong>posset/referre</strong></span> <span class='ocrx_word' id='word_1_66' title='bbox 992 994 1289 1061; x_wconf 85' lang='lat' dir='ltr'><strong>miracula,</strong></span> <span class='ocrx_word' id='word_1_67' title='bbox 1335 1008 1463 1063; x_wconf 65' lang='lat' dir='ltr'><strong>qua:</strong></span> <span class='ocrx_word' id='word_1_68' title='bbox 1494 991 1568 1045; x_wconf 92' lang='lat' dir='ltr'><strong>ad</strong></span> <span class='ocrx_word' id='word_1_69' title='bbox 1613 988 2078 1045; x_wconf 89' lang='lat' dir='ltr'><strong>amantissimum</strong></span> 
     </span>
    </p>
   </div>
   <div class='ocr_carea' id='block_1_9' title="bbox 466 1078 2080 1152">
    <p class='ocr_par' dir='ltr' id='par_1_9' title="bbox 466 1078 2080 1152">
     <span class='ocr_line' id='line_1_9' title="bbox 466 1078 2080 1152; baseline 0.001 -21"><span class='ocrx_word' id='word_1_70' title='bbox 466 1098 500 1131; x_wconf 65' lang='grc' dir='ltr'><strong>ι»</strong></span> <span class='ocrx_word' id='word_1_71' title='bbox 527 1078 635 1133; x_wconf 84' lang='lat' dir='ltr'><strong>sibi</strong></span> <span class='ocrx_word' id='word_1_72' title='bbox 655 1080 1165 1137; x_wconf 87' lang='lat' dir='ltr'><strong>Carthusianorum</strong></span> <span class='ocrx_word' id='word_1_73' title='bbox 1186 1082 1452 1137; x_wconf 87' lang='lat' dir='ltr'><strong>ordinem</strong></span> <span class='ocrx_word' id='word_1_74' title='bbox 1477 1082 1795 1152; x_wconf 89' lang='lat' dir='ltr'><strong>spectant.»</strong></span> <span class='ocrx_word' id='word_1_75' title='bbox 1815 1095 1850 1132; x_wconf 91' lang='lat' dir='ltr'><strong>v</strong></span> <span class='ocrx_word' id='word_1_76' title='bbox 1884 1080 2080 1133; x_wconf 83' lang='lat' dir='ltr'><strong>«Inter</strong></span> 
     </span>
    </p>
   </div>
   <div class='ocr_carea' id='block_1_10' title="bbox 468 1166 2077 1241">
    <p class='ocr_par' dir='ltr' id='par_1_10' title="bbox 468 1166 2077 1241">
     <span class='ocr_line' id='line_1_10' title="bbox 468 1166 2077 1241; baseline -0.001 -19"><span class='ocrx_word' id='word_1_77' title='bbox 468 1186 503 1221; x_wconf 60' lang='lat' dir='ltr'><strong>ab</strong></span> <span class='ocrx_word' id='word_1_78' title='bbox 535 1169 816 1223; x_wconf 89' lang='lat' dir='ltr'><strong>miracuta</strong></span> <span class='ocrx_word' id='word_1_79' title='bbox 837 1187 964 1241; x_wconf 69' lang='lat' dir='ltr'><strong>quae</strong></span> <span class='ocrx_word' id='word_1_80' title='bbox 988 1188 1089 1226; x_wconf 91' lang='lat' dir='ltr'><strong>suo</strong></span> <span class='ocrx_word' id='word_1_81' title='bbox 1113 1175 1377 1241; x_wconf 87' lang='lat' dir='ltr'><strong>tempore</strong></span> <span class='ocrx_word' id='word_1_82' title='bbox 1403 1168 1618 1241; x_wconf 87' lang='lat' dir='ltr'><strong>passim</strong></span> <span class='ocrx_word' id='word_1_83' title='bbox 1654 1166 1907 1223; x_wconf 89' lang='lat' dir='ltr'><strong>inGalliis</strong></span> <span class='ocrx_word' id='word_1_84' title='bbox 1924 1167 2077 1222; x_wconf 90' lang='lat' dir='ltr'><strong>facta</strong></span> 
     </span>
    </p>
   </div>
   <div class='ocr_carea' id='block_1_11' title="bbox 464 1255 2075 1330">
    <p class='ocr_par' dir='ltr' id='par_1_11' title="bbox 464 1255 2075 1330">
     <span class='ocr_line' id='line_1_11' title="bbox 464 1255 2075 1330; baseline 0.001 -22"><span class='ocrx_word' id='word_1_85' title='bbox 464 1275 497 1308; x_wconf 79' lang='lat'>»</span> <span class='ocrx_word' id='word_1_86' title='bbox 530 1263 974 1325; x_wconf 87' lang='lat' dir='ltr'><strong>commemorat,</strong></span> <span class='ocrx_word' id='word_1_87' title='bbox 1008 1263 1066 1314; x_wconf 92' lang='lat' dir='ltr'><strong>et</strong></span> <span class='ocrx_word' id='word_1_88' title='bbox 1090 1260 1241 1314; x_wconf 88' lang='lat' dir='ltr'><strong>inter</strong></span> <span class='ocrx_word' id='word_1_89' title='bbox 1255 1276 1346 1321; x_wconf 87' lang='lat' dir='ltr'><strong>ea,</strong></span> <span class='ocrx_word' id='word_1_90' title='bbox 1365 1274 1492 1330; x_wconf 70' lang='lat' dir='ltr'><strong>quae</strong></span> <span class='ocrx_word' id='word_1_91' title='bbox 1519 1257 1590 1311; x_wconf 91' lang='lat' dir='ltr'><strong>de</strong></span> <span class='ocrx_word' id='word_1_92' title='bbox 1614 1256 1806 1327; x_wconf 89' lang='lat' dir='ltr'><strong>prima</strong></span> <span class='ocrx_word' id='word_1_93' title='bbox 1831 1255 2075 1311; x_wconf 86' lang='lat' dir='ltr'><strong>Carthu-</strong></span> 
     </span>
    </p>
   </div>
   <div class='ocr_carea' id='block_1_12' title="bbox 396 1344 2071 1419">
    <p class='ocr_par' dir='ltr' id='par_1_12' title="bbox 396 1344 2071 1419">
     <span class='ocr_line' id='line_1_12' title="bbox 396 1344 2071 1419; baseline 0 -21"><span class='ocrx_word' id='word_1_94' title='bbox 396 1384 399 1387; x_wconf 58' lang='grc'><strong>›</strong></span> <span class='ocrx_word' id='word_1_95' title='bbox 464 1363 499 1397; x_wconf 71' lang='grc' dir='ltr'><strong>»ι</strong></span> <span class='ocrx_word' id='word_1_96' title='bbox 527 1344 825 1400; x_wconf 90' lang='lat' dir='ltr'><strong>sianorum</strong></span> <span class='ocrx_word' id='word_1_97' title='bbox 841 1346 1068 1419; x_wconf 80' lang='lat' dir='ltr'><strong>origine</strong></span> <span class='ocrx_word' id='word_1_98' title='bbox 1093 1352 1151 1403; x_wconf 94' lang='lat' dir='ltr'><strong>et</strong></span> <span class='ocrx_word' id='word_1_99' title='bbox 1176 1347 1467 1402; x_wconf 86' lang='lat' dir='ltr'><strong>miraculis</strong></span> <span class='ocrx_word' id='word_1_100' title='bbox 1497 1344 1783 1411; x_wconf 84' lang='lat' dir='ltr'><strong>disseruit,</strong></span> <span class='ocrx_word' id='word_1_101' title='bbox 1836 1347 2071 1416; x_wconf 84' lang='lat' dir='ltr'><strong>stupen-</strong></span> 
     </span>
    </p>
   </div>
   <div class='ocr_carea' id='block_1_13' title="bbox 462 1431 2070 1490">
    <p class='ocr_par' dir='ltr' id='par_1_13' title="bbox 462 1431 2070 1490">
     <span class='ocr_line' id='line_1_13' title="bbox 462 1431 2070 1490; baseline -0.001 -4"><span class='ocrx_word' id='word_1_102' title='bbox 462 1450 496 1485; x_wconf 63' lang='grc' dir='ltr'>ι</span> <span class='ocrx_word' id='word_1_103' title='bbox 527 1433 661 1487; x_wconf 89' lang='lat' dir='ltr'><strong>dam</strong></span> <span class='ocrx_word' id='word_1_104' title='bbox 687 1433 941 1489; x_wconf 85' lang='lat' dir='ltr'><strong>hominis</strong></span> <span class='ocrx_word' id='word_1_105' title='bbox 985 1435 1198 1490; x_wconf 83' lang='lat' dir='ltr'><strong>mortui</strong></span> <span class='ocrx_word' id='word_1_106' title='bbox 1226 1433 1627 1490; x_wconf 83' lang='lat' dir='ltr'><strong>narrationem</strong></span> <span class='ocrx_word' id='word_1_107' title='bbox 1659 1431 1993 1488; x_wconf 90' lang='lat' dir='ltr'><strong>desiderari.</strong></span> <span class='ocrx_word' id='word_1_108' title='bbox 2038 1451 2070 1484; x_wconf 78' lang='grc'><strong>»</strong></span> 
     </span>
    </p>
   </div>
   <div class='ocr_carea' id='block_1_14' title="bbox 460 1519 2071 1593">
    <p class='ocr_par' dir='ltr' id='par_1_14' title="bbox 460 1519 2071 1593">
     <span class='ocr_line' id='line_1_14' title="bbox 460 1519 2071 1593; baseline -0.001 -18"><span class='ocrx_word' id='word_1_109' title='bbox 460 1521 759 1576; x_wconf 80' lang='lat' dir='ltr'><strong>Postremo</strong></span> <span class='ocrx_word' id='word_1_110' title='bbox 791 1521 980 1593; x_wconf 87' lang='lat' dir='ltr'><strong>ipsum</strong></span> <span class='ocrx_word' id='word_1_111' title='bbox 1004 1524 1240 1578; x_wconf 90' lang='lat' dir='ltr'><strong>Petrum</strong></span> <span class='ocrx_word' id='word_1_112' title='bbox 1270 1542 1303 1575; x_wconf 70' lang='grc' dir='ltr'><strong>α</strong></span> <span class='ocrx_word' id='word_1_113' title='bbox 1325 1521 1548 1587; x_wconf 85' lang='lat' dir='ltr'><strong>dixisse,</strong></span> <span class='ocrx_word' id='word_1_114' title='bbox 1582 1519 2071 1576; x_wconf 89' lang='lat' dir='ltr'><strong>Carthusiensium</strong></span> 
     </span>
    </p>
   </div>
   <div class='ocr_carea' id='block_1_15' title="bbox 461 1609 2073 1683">
    <p class='ocr_par' dir='ltr' id='par_1_15' title="bbox 461 1609 2073 1683">
     <span class='ocr_line' id='line_1_15' title="bbox 461 1609 2073 1683; baseline 0.001 -21"><span class='ocrx_word' id='word_1_115' title='bbox 461 1609 789 1664; x_wconf 78' lang='lat' dir='ltr'><strong>»-ordinem</strong></span> <span class='ocrx_word' id='word_1_116' title='bbox 811 1627 914 1664; x_wconf 93' lang='lat' dir='ltr'><strong>suo</strong></span> <span class='ocrx_word' id='word_1_117' title='bbox 942 1613 1208 1683; x_wconf 90' lang='lat' dir='ltr'><strong>tempore</strong></span> <span class='ocrx_word' id='word_1_118' title='bbox 1240 1610 1567 1666; x_wconf 90' lang='lat' dir='ltr'><strong>institutum</strong></span> <span class='ocrx_word' id='word_1_119' title='bbox 1594 1626 1782 1666; x_wconf 79' lang='lat' dir='ltr'><strong>esse.»</strong></span> <span class='ocrx_word' id='word_1_120' title='bbox 1814 1609 1913 1663; x_wconf 53' lang='lat' dir='ltr'><strong>llas.</strong></span> <span class='ocrx_word' id='word_1_121' title='bbox 1939 1611 2073 1663; x_wconf 91' lang='lat' dir='ltr'><strong>sunt</strong></span> 
     </span>
    </p>
   </div>
   <div class='ocr_carea' id='block_1_16' title="bbox 460 1695 2072 1770">
    <p class='ocr_par' dir='ltr' id='par_1_16' title="bbox 460 1695 2072 1770">
     <span class='ocr_line' id='line_1_16' title="bbox 460 1695 2072 1770; baseline -0.002 -18"><span class='ocrx_word' id='word_1_122' title='bbox 460 1696 735 1765; x_wconf 82' lang='lat' dir='ltr'><strong>rationes,</strong></span> <span class='ocrx_word' id='word_1_123' title='bbox 761 1715 902 1770; x_wconf 87' lang='lat' dir='ltr'><strong>quas</strong></span> <span class='ocrx_word' id='word_1_124' title='bbox 929 1715 1063 1754; x_wconf 91' lang='lat' dir='ltr'><strong>cum</strong></span> <span class='ocrx_word' id='word_1_125' title='bbox 1093 1716 1163 1753; x_wconf 88' lang='lat' dir='ltr'><strong>ex</strong></span> <span class='ocrx_word' id='word_1_126' title='bbox 1188 1698 1397 1765; x_wconf 88' lang='lat' dir='ltr'><strong>verbis,</strong></span> <span class='ocrx_word' id='word_1_127' title='bbox 1445 1701 1572 1753; x_wconf 90' lang='lat' dir='ltr'><strong>tum</strong></span> <span class='ocrx_word' id='word_1_128' title='bbox 1598 1714 1667 1752; x_wconf 88' lang='lat' dir='ltr'><strong>ex</strong></span> <span class='ocrx_word' id='word_1_129' title='bbox 1694 1695 1926 1752; x_wconf 91' lang='lat' dir='ltr'><strong>silentio</strong></span> <span class='ocrx_word' id='word_1_130' title='bbox 1971 1697 2072 1750; x_wconf 90' lang='lat' dir='ltr'><strong>Pe-</strong></span> 
     </span>
    </p>
   </div>
   <div class='ocr_carea' id='block_1_17' title="bbox 2185 545 3793 620">
    <p class='ocr_par' dir='ltr' id='par_1_17' title="bbox 2185 545 3793 620">
     <span class='ocr_line' id='line_1_17' title="bbox 2185 545 3793 620; baseline 0.001 -19"><span class='ocrx_word' id='word_1_131' title='bbox 2185 545 2405 602; x_wconf 86' lang='lat' dir='ltr'><strong>ordinis</strong></span> <span class='ocrx_word' id='word_1_132' title='bbox 2436 546 2771 619; x_wconf 83' lang='lat' dir='ltr'><strong>depingere,</strong></span> <span class='ocrx_word' id='word_1_133' title='bbox 2807 547 2992 601; x_wconf 89' lang='lat' dir='ltr'><strong>multa</strong></span> <span class='ocrx_word' id='word_1_134' title='bbox 3022 546 3134 602; x_wconf 91' lang='lat' dir='ltr'><strong>alia</strong></span> <span class='ocrx_word' id='word_1_135' title='bbox 3176 550 3590 619; x_wconf 72' lang='lat' dir='ltr'><strong>narasset,qua2</strong></span> <span class='ocrx_word' id='word_1_136' title='bbox 3622 546 3793 620; x_wconf 85' lang='lat' dir='ltr'><strong>igno-</strong></span> 
     </span>
    </p>
   </div>
   <div class='ocr_carea' id='block_1_18' title="bbox 2183 634 3793 707">
    <p class='ocr_par' dir='ltr' id='par_1_18' title="bbox 2183 634 3793 707">
     <span class='ocr_line' id='line_1_18' title="bbox 2183 634 3793 707; baseline 0.001 -17"><span class='ocrx_word' id='word_1_137' title='bbox 2183 652 2313 690; x_wconf 90' lang='lat' dir='ltr'><strong>rare</strong></span> <span class='ocrx_word' id='word_1_138' title='bbox 2342 652 2461 691; x_wconf 90' lang='lat' dir='ltr'><strong>non</strong></span> <span class='ocrx_word' id='word_1_139' title='bbox 2488 637 2734 707; x_wconf 83' lang='lat' dir='ltr'><strong>poterat.</strong></span> <span class='ocrx_word' id='word_1_140' title='bbox 2768 634 2929 690; x_wconf 91' lang='lat' dir='ltr'><strong>Unde</strong></span> <span class='ocrx_word' id='word_1_141' title='bbox 2943 635 3087 690; x_wconf 88' lang='lat' dir='ltr'><strong>nihil</strong></span> <span class='ocrx_word' id='word_1_142' title='bbox 3112 636 3183 690; x_wconf 89' lang='lat' dir='ltr'><strong>de</strong></span> <span class='ocrx_word' id='word_1_143' title='bbox 3197 652 3367 691; x_wconf 88' lang='lat' dir='ltr'><strong>causa</strong></span> <span class='ocrx_word' id='word_1_144' title='bbox 3395 634 3793 703; x_wconf 81' lang='lat' dir='ltr'><strong>institutionis,</strong></span> 
     </span>
    </p>
   </div>
   <div class='ocr_carea' id='block_1_19' title="bbox 2184 724 3793 781">
    <p class='ocr_par' dir='ltr' id='par_1_19' title="bbox 2184 724 3793 781">
     <span class='ocr_line' id='line_1_19' title="bbox 2184 724 3793 781; baseline 0.001 -2"><span class='ocrx_word' id='word_1_145' title='bbox 2184 725 2298 779; x_wconf 79' lang='lat' dir='ltr'><strong>sive</strong></span> <span class='ocrx_word' id='word_1_146' title='bbox 2330 724 2427 779; x_wconf 90' lang='lat' dir='ltr'><strong>illa</strong></span> <span class='ocrx_word' id='word_1_147' title='bbox 2457 726 2584 779; x_wconf 89' lang='lat' dir='ltr'><strong>orta</strong></span> <span class='ocrx_word' id='word_1_148' title='bbox 2612 724 2785 779; x_wconf 84' lang='lat' dir='ltr'><strong>fuerit</strong></span> <span class='ocrx_word' id='word_1_149' title='bbox 2816 740 2885 779; x_wconf 87' lang='lat' dir='ltr'><strong>ex</strong></span> <span class='ocrx_word' id='word_1_150' title='bbox 2916 724 3226 781; x_wconf 84' lang='lat' dir='ltr'><strong>collatione</strong></span> <span class='ocrx_word' id='word_1_151' title='bbox 3275 727 3538 780; x_wconf 89' lang='lat' dir='ltr'><strong>sanctum</strong></span> <span class='ocrx_word' id='word_1_152' title='bbox 3572 726 3793 780; x_wconf 89' lang='lat' dir='ltr'><strong>Bruno-</strong></span> 
     </span>
    </p>
   </div>
   <div class='ocr_carea' id='block_1_20' title="bbox 2182 812 3793 882">
    <p class='ocr_par' dir='ltr' id='par_1_20' title="bbox 2182 812 3793 882">
     <span class='ocr_line' id='line_1_20' title="bbox 2182 812 3793 882; baseline 0.001 -15"><span class='ocrx_word' id='word_1_153' title='bbox 2182 829 2321 868; x_wconf 89' lang='lat' dir='ltr'><strong>nem</strong></span> <span class='ocrx_word' id='word_1_154' title='bbox 2350 812 2503 867; x_wconf 91' lang='lat' dir='ltr'><strong>inter</strong></span> <span class='ocrx_word' id='word_1_155' title='bbox 2531 815 2590 867; x_wconf 91' lang='lat' dir='ltr'><strong>et</strong></span> <span class='ocrx_word' id='word_1_156' title='bbox 2614 812 2755 867; x_wconf 90' lang='lat' dir='ltr'><strong>alios</strong></span> <span class='ocrx_word' id='word_1_157' title='bbox 2767 812 3000 868; x_wconf 89' lang='lat' dir='ltr'><strong>clericos</strong></span> <span class='ocrx_word' id='word_1_158' title='bbox 3027 813 3337 868; x_wconf 86' lang='lat' dir='ltr'><strong>Remenses</strong></span> <span class='ocrx_word' id='word_1_159' title='bbox 3359 814 3577 882; x_wconf 88' lang='lat' dir='ltr'><strong>habita,</strong></span> <span class='ocrx_word' id='word_1_160' title='bbox 3591 814 3707 869; x_wconf 90' lang='lat' dir='ltr'><strong>sive</strong></span> <span class='ocrx_word' id='word_1_161' title='bbox 3725 831 3793 869; x_wconf 83' lang='lat' dir='ltr'><strong>ex</strong></span> 
     </span>
    </p>
   </div>
   <div class='ocr_carea' id='block_1_21' title="bbox 2180 901 3792 972">
    <p class='ocr_par' dir='ltr' id='par_1_21' title="bbox 2180 901 3792 972">
     <span class='ocr_line' id='line_1_21' title="bbox 2180 901 3792 972; baseline 0.001 -16"><span class='ocrx_word' id='word_1_162' title='bbox 2180 901 2976 972; x_wconf 65' lang='lat' dir='ltr'><strong>persecutionibusManassaa,</strong></span> <span class='ocrx_word' id='word_1_163' title='bbox 2999 904 3098 957; x_wconf 91' lang='lat' dir='ltr'><strong>aut</strong></span> <span class='ocrx_word' id='word_1_164' title='bbox 3127 919 3195 957; x_wconf 86' lang='lat' dir='ltr'><strong>ex</strong></span> <span class='ocrx_word' id='word_1_165' title='bbox 3236 902 3499 957; x_wconf 90' lang='lat' dir='ltr'><strong>terriﬁcis</strong></span> <span class='ocrx_word' id='word_1_166' title='bbox 3529 903 3792 959; x_wconf 86' lang='lat' dir='ltr'><strong>damnati</strong></span> 
     </span>
    </p>
   </div>
   <div class='ocr_carea' id='block_1_22' title="bbox 2179 989 3794 1059">
    <p class='ocr_par' dir='ltr' id='par_1_22' title="bbox 2179 989 3794 1059">
     <span class='ocr_line' id='line_1_22' title="bbox 2179 989 3794 1059; baseline 0.001 -14"><span class='ocrx_word' id='word_1_167' title='bbox 2179 989 2434 1045; x_wconf 88' lang='lat' dir='ltr'><strong>hominis</strong></span> <span class='ocrx_word' id='word_1_168' title='bbox 2463 990 2810 1045; x_wconf 87' lang='lat' dir='ltr'><strong>clamoribus</strong></span> <span class='ocrx_word' id='word_1_169' title='bbox 2834 1006 2847 1045; x_wconf 90' lang='lat'><strong>:</strong></span> <span class='ocrx_word' id='word_1_170' title='bbox 2880 989 3019 1045; x_wconf 88' lang='lat' dir='ltr'><strong>nihil</strong></span> <span class='ocrx_word' id='word_1_171' title='bbox 3051 990 3226 1045; x_wconf 90' lang='lat' dir='ltr'><strong>etiam</strong></span> <span class='ocrx_word' id='word_1_172' title='bbox 3254 990 3325 1046; x_wconf 92' lang='lat' dir='ltr'><strong>de</strong></span> <span class='ocrx_word' id='word_1_173' title='bbox 3346 991 3544 1059; x_wconf 91' lang='lat' dir='ltr'><strong>modo,</strong></span> <span class='ocrx_word' id='word_1_174' title='bbox 3578 991 3649 1046; x_wconf 93' lang='lat' dir='ltr'><strong>de</strong></span> <span class='ocrx_word' id='word_1_175' title='bbox 3666 1009 3794 1048; x_wconf 86' lang='lat' dir='ltr'><strong>san-</strong></span> 
     </span>
    </p>
   </div>
   <div class='ocr_carea' id='block_1_23' title="bbox 2132 1066 3791 1153">
    <p class='ocr_par' dir='ltr' id='par_1_23' title="bbox 2132 1066 3791 1153">
     <span class='ocr_line' id='line_1_23' title="bbox 2132 1066 3791 1153; baseline 0.002 -20"><span class='ocrx_word' id='word_1_176' title='bbox 2132 1066 2160 1083; x_wconf 65' lang='grc'>⁶</span> <span class='ocrx_word' id='word_1_177' title='bbox 2179 1078 2255 1133; x_wconf 91' lang='lat' dir='ltr'><strong>cti</strong></span> <span class='ocrx_word' id='word_1_178' title='bbox 2287 1078 2592 1145; x_wconf 90' lang='lat' dir='ltr'><strong>Brunonis,</strong></span> <span class='ocrx_word' id='word_1_179' title='bbox 2622 1081 2680 1132; x_wconf 90' lang='lat' dir='ltr'><strong>et</strong></span> <span class='ocrx_word' id='word_1_180' title='bbox 2711 1094 2804 1133; x_wconf 86' lang='lat' dir='ltr'><strong>sex</strong></span> <span class='ocrx_word' id='word_1_181' title='bbox 2852 1078 3139 1134; x_wconf 90' lang='lat' dir='ltr'><strong>sociorum</strong></span> <span class='ocrx_word' id='word_1_182' title='bbox 3170 1079 3294 1150; x_wconf 85' lang='lat' dir='ltr'><strong>ejus</strong></span> <span class='ocrx_word' id='word_1_183' title='bbox 3335 1079 3791 1153; x_wconf 86' lang='lat' dir='ltr'><strong>Gratianopolim</strong></span> 
     </span>
    </p>
   </div>
   <div class='ocr_carea' id='block_1_24' title="bbox 2176 1166 3787 1241">
    <p class='ocr_par' dir='ltr' id='par_1_24' title="bbox 2176 1166 3787 1241">
     <span class='ocr_line' id='line_1_24' title="bbox 2176 1166 3787 1241; baseline 0.002 -19"><span class='ocrx_word' id='word_1_184' title='bbox 2176 1168 2448 1235; x_wconf 86' lang='lat' dir='ltr'><strong>adventu,</strong></span> <span class='ocrx_word' id='word_1_185' title='bbox 2490 1167 2632 1221; x_wconf 81' lang='lat' dir='ltr'><strong>nihil</strong></span> <span class='ocrx_word' id='word_1_186' title='bbox 2671 1166 2743 1221; x_wconf 91' lang='lat' dir='ltr'><strong>de</strong></span> <span class='ocrx_word' id='word_1_187' title='bbox 2789 1184 3018 1222; x_wconf 90' lang='lat' dir='ltr'><strong>accessu</strong></span> <span class='ocrx_word' id='word_1_188' title='bbox 3066 1167 3141 1222; x_wconf 90' lang='lat' dir='ltr'><strong>ad</strong></span> <span class='ocrx_word' id='word_1_189' title='bbox 3190 1171 3452 1223; x_wconf 89' lang='lat' dir='ltr'><strong>sanctum</strong></span> <span class='ocrx_word' id='word_1_190' title='bbox 3484 1170 3787 1241; x_wconf 87' lang='lat' dir='ltr'><strong>Hugonem</strong></span> 
     </span>
    </p>
   </div>
   <div class='ocr_carea' id='block_1_25' title="bbox 2174 1255 3787 1330">
    <p class='ocr_par' dir='ltr' id='par_1_25' title="bbox 2174 1255 3787 1330">
     <span class='ocr_line' id='line_1_25' title="bbox 2174 1255 3787 1330; baseline 0.002 -20"><span class='ocrx_word' id='word_1_191' title='bbox 2174 1256 2528 1328; x_wconf 89' lang='lat' dir='ltr'><strong>episcopum,</strong></span> <span class='ocrx_word' id='word_1_192' title='bbox 2555 1255 2697 1311; x_wconf 87' lang='lat' dir='ltr'><strong>nihil</strong></span> <span class='ocrx_word' id='word_1_193' title='bbox 2731 1256 2802 1310; x_wconf 90' lang='lat' dir='ltr'><strong>de</strong></span> <span class='ocrx_word' id='word_1_194' title='bbox 2844 1259 3067 1327; x_wconf 90' lang='lat' dir='ltr'><strong>septem</strong></span> <span class='ocrx_word' id='word_1_195' title='bbox 3107 1257 3402 1312; x_wconf 90' lang='lat' dir='ltr'><strong>stellarum</strong></span> <span class='ocrx_word' id='word_1_196' title='bbox 3431 1257 3622 1312; x_wconf 90' lang='lat' dir='ltr'><strong>eidem</strong></span> <span class='ocrx_word' id='word_1_197' title='bbox 3670 1258 3787 1330; x_wconf 88' lang='lat' dir='ltr'><strong>epi-</strong></span> 
     </span>
    </p>
   </div>
   <div class='ocr_carea' id='block_1_26' title="bbox 2173 1343 3784 1418">
    <p class='ocr_par' dir='ltr' id='par_1_26' title="bbox 2173 1343 3784 1418">
     <span class='ocr_line' id='line_1_26' title="bbox 2173 1343 3784 1418; baseline 0.003 -20"><span class='ocrx_word' id='word_1_198' title='bbox 2173 1360 2347 1416; x_wconf 90' lang='lat' dir='ltr'><strong>scopo</strong></span> <span class='ocrx_word' id='word_1_199' title='bbox 2370 1343 2751 1400; x_wconf 84' lang='lat' dir='ltr'><strong>factavisione</strong></span> <span class='ocrx_word' id='word_1_200' title='bbox 2776 1344 3038 1416; x_wconf 81' lang='lat' dir='ltr'><strong>profatus</strong></span> <span class='ocrx_word' id='word_1_201' title='bbox 3065 1348 3180 1413; x_wconf 90' lang='lat' dir='ltr'><strong>est;</strong></span> <span class='ocrx_word' id='word_1_202' title='bbox 3213 1362 3341 1418; x_wconf 69' lang='lat' dir='ltr'><strong>qua:</strong></span> <span class='ocrx_word' id='word_1_203' title='bbox 3379 1349 3578 1401; x_wconf 90' lang='lat' dir='ltr'><strong>tamen</strong></span> <span class='ocrx_word' id='word_1_204' title='bbox 3617 1346 3784 1418; x_wconf 88' lang='lat' dir='ltr'><strong>igno-</strong></span> 
     </span>
    </p>
   </div>
   <div class='ocr_carea' id='block_1_27' title="bbox 2172 1432 3783 1508">
    <p class='ocr_par' dir='ltr' id='par_1_27' title="bbox 2172 1432 3783 1508">
     <span class='ocr_line' id='line_1_27' title="bbox 2172 1432 3783 1508; baseline 0.002 -22"><span class='ocrx_word' id='word_1_205' title='bbox 2172 1448 2326 1487; x_wconf 90' lang='lat' dir='ltr'><strong>rasse</strong></span> <span class='ocrx_word' id='word_1_206' title='bbox 2360 1432 2605 1487; x_wconf 90' lang='lat' dir='ltr'><strong>minime</strong></span> <span class='ocrx_word' id='word_1_207' title='bbox 2636 1432 2957 1488; x_wconf 90' lang='lat' dir='ltr'><strong>credendus</strong></span> <span class='ocrx_word' id='word_1_208' title='bbox 2985 1436 3071 1488; x_wconf 88' lang='lat' dir='ltr'><strong>est</strong></span> <span class='ocrx_word' id='word_1_209' title='bbox 3105 1450 3119 1489; x_wconf 89' lang='lat'><strong>:</strong></span> <span class='ocrx_word' id='word_1_210' title='bbox 3147 1432 3266 1488; x_wconf 91' lang='lat' dir='ltr'><strong>imo</strong></span> <span class='ocrx_word' id='word_1_211' title='bbox 3297 1451 3371 1489; x_wconf 91' lang='lat' dir='ltr'><strong>ne</strong></span> <span class='ocrx_word' id='word_1_212' title='bbox 3402 1434 3640 1490; x_wconf 86' lang='lat' dir='ltr'><strong>verbum</strong></span> <span class='ocrx_word' id='word_1_213' title='bbox 3658 1435 3783 1508; x_wconf 88' lang='lat' dir='ltr'><strong>qui-</strong></span> 
     </span>
    </p>
   </div>
   <div class='ocr_carea' id='block_1_28' title="bbox 2173 1519 3785 1597">
    <p class='ocr_par' dir='ltr' id='par_1_28' title="bbox 2173 1519 3785 1597">
     <span class='ocr_line' id='line_1_28' title="bbox 2173 1519 3785 1597; baseline 0.004 -23"><span class='ocrx_word' id='word_1_214' title='bbox 2173 1519 2306 1575; x_wconf 90' lang='lat' dir='ltr'><strong>dem</strong></span> <span class='ocrx_word' id='word_1_215' title='bbox 2340 1538 2521 1576; x_wconf 91' lang='lat' dir='ltr'><strong>unum</strong></span> <span class='ocrx_word' id='word_1_216' title='bbox 2553 1521 2623 1575; x_wconf 92' lang='lat' dir='ltr'><strong>de</strong></span> <span class='ocrx_word' id='word_1_217' title='bbox 2634 1525 2832 1576; x_wconf 87' lang='lat' dir='ltr'><strong>sancto</strong></span> <span class='ocrx_word' id='word_1_218' title='bbox 2855 1522 3094 1593; x_wconf 86' lang='lat' dir='ltr'><strong>Hugone</strong></span> <span class='ocrx_word' id='word_1_219' title='bbox 3117 1521 3226 1577; x_wconf 89' lang='lat' dir='ltr'><strong>sibi</strong></span> <span class='ocrx_word' id='word_1_220' title='bbox 3252 1521 3470 1595; x_wconf 86' lang='lat' dir='ltr'><strong>Optime</strong></span> <span class='ocrx_word' id='word_1_221' title='bbox 3493 1526 3631 1580; x_wconf 93' lang='lat' dir='ltr'><strong>noto</strong></span> <span class='ocrx_word' id='word_1_222' title='bbox 3648 1541 3785 1597; x_wconf 87' lang='lat' dir='ltr'><strong>pro-</strong></span> 
     </span>
    </p>
   </div>
   <div class='ocr_carea' id='block_1_29' title="bbox 2169 1610 3785 1681">
    <p class='ocr_par' dir='ltr' id='par_1_29' title="bbox 2169 1610 3785 1681">
     <span class='ocr_line' id='line_1_29' title="bbox 2169 1610 3785 1681; baseline 0.004 -17"><span class='ocrx_word' id='word_1_223' title='bbox 2169 1610 2303 1677; x_wconf 83' lang='lat' dir='ltr'><strong>fert,</strong></span> <span class='ocrx_word' id='word_1_224' title='bbox 2337 1626 2450 1681; x_wconf 89' lang='lat' dir='ltr'><strong>quo</strong></span> <span class='ocrx_word' id='word_1_225' title='bbox 2481 1611 2837 1677; x_wconf 88' lang='lat' dir='ltr'><strong>consulente,</strong></span> <span class='ocrx_word' id='word_1_226' title='bbox 2851 1610 3108 1681; x_wconf 90' lang='lat' dir='ltr'><strong>juvante,</strong></span> <span class='ocrx_word' id='word_1_227' title='bbox 3125 1610 3785 1679; x_wconf 66' lang='lat' dir='ltr'><strong>comitante,Cartbusiaa</strong></span> 
     </span>
    </p>
   </div>
   <div class='ocr_carea' id='block_1_30' title="bbox 2173 1697 3781 1772">
    <p class='ocr_par' dir='ltr' id='par_1_30' title="bbox 2173 1697 3781 1772">
     <span class='ocr_line' id='line_1_30' title="bbox 2173 1697 3781 1772; baseline 0.003 -20"><span class='ocrx_word' id='word_1_228' title='bbox 2173 1698 2543 1753; x_wconf 87' lang='lat' dir='ltr'><strong>solitudinem</strong></span> <span class='ocrx_word' id='word_1_229' title='bbox 2557 1697 2733 1769; x_wconf 90' lang='lat' dir='ltr'><strong>primi</strong></span> <span class='ocrx_word' id='word_1_230' title='bbox 2758 1700 2957 1753; x_wconf 85' lang='lat' dir='ltr'><strong>Patres</strong></span> <span class='ocrx_word' id='word_1_231' title='bbox 2981 1699 3266 1767; x_wconf 89' lang='lat' dir='ltr'><strong>adierant,</strong></span> <span class='ocrx_word' id='word_1_232' title='bbox 3302 1701 3360 1754; x_wconf 91' lang='lat' dir='ltr'><strong>et</strong></span> <span class='ocrx_word' id='word_1_233' title='bbox 3390 1703 3781 1772; x_wconf 83' lang='lat' dir='ltr'><strong>extraxerant;</strong></span> 
     </span>
    </p>
   </div>
   <div class='ocr_carea' id='block_1_31' title="bbox 456 1782 3782 1864">
    <p class='ocr_par' dir='ltr' id='par_1_31' title="bbox 456 1782 3782 1864">
     <span class='ocr_line' id='line_1_31' title="bbox 456 1782 3782 1864; baseline 0.002 -23"><span class='ocrx_word' id='word_1_234' title='bbox 456 1787 533 1842; x_wconf 88' lang='lat' dir='ltr'><strong>tri</strong></span> <span class='ocrx_word' id='word_1_235' title='bbox 558 1787 901 1842; x_wconf 83' lang='lat' dir='ltr'><strong>venerabilis</strong></span> <span class='ocrx_word' id='word_1_236' title='bbox 955 1789 1160 1842; x_wconf 89' lang='lat' dir='ltr'><strong>contra</strong></span> <span class='ocrx_word' id='word_1_237' title='bbox 1177 1788 1479 1842; x_wconf 82' lang='lat' dir='ltr'><strong>veritatem</strong></span> <span class='ocrx_word' id='word_1_238' title='bbox 1508 1785 1757 1859; x_wconf 88' lang='lat' dir='ltr'><strong>prodigii</strong></span> <span class='ocrx_word' id='word_1_239' title='bbox 1785 1784 2068 1840; x_wconf 86' lang='lat' dir='ltr'><strong>Parisien-</strong></span> <span class='ocrx_word' id='word_1_240' title='bbox 2097 1782 2150 1842; x_wconf 90' lang='lat' dir='ltr'><strong>B</strong></span> <span class='ocrx_word' id='word_1_241' title='bbox 2172 1787 2317 1842; x_wconf 85' lang='lat' dir='ltr'><strong>adeo</strong></span> <span class='ocrx_word' id='word_1_242' title='bbox 2346 1790 2432 1841; x_wconf 90' lang='lat' dir='ltr'><strong>est</strong></span> <span class='ocrx_word' id='word_1_243' title='bbox 2447 1788 2652 1842; x_wconf 87' lang='lat' dir='ltr'><strong>Petrus</strong></span> <span class='ocrx_word' id='word_1_244' title='bbox 2679 1787 2958 1858; x_wconf 84' lang='lat' dir='ltr'><strong>propositi</strong></span> <span class='ocrx_word' id='word_1_245' title='bbox 2988 1786 3074 1842; x_wconf 91' lang='lat' dir='ltr'><strong>sui</strong></span> <span class='ocrx_word' id='word_1_246' title='bbox 3109 1790 3281 1843; x_wconf 86' lang='lat' dir='ltr'><strong>tenax</strong></span> <span class='ocrx_word' id='word_1_247' title='bbox 3310 1788 3424 1843; x_wconf 90' lang='lat' dir='ltr'><strong>sive</strong></span> <span class='ocrx_word' id='word_1_248' title='bbox 3454 1790 3633 1862; x_wconf 89' lang='lat' dir='ltr'><strong>scopi,</strong></span> <span class='ocrx_word' id='word_1_249' title='bbox 3667 1808 3782 1864; x_wconf 90' lang='lat' dir='ltr'><strong>quo</strong></span> 
     </span>
    </p>
   </div>
   <div class='ocr_carea' id='block_1_32' title="bbox 454 1870 2069 1947">
    <p class='ocr_par' dir='ltr' id='par_1_32' title="bbox 454 1870 2069 1947">
     <span class='ocr_line' id='line_1_32' title="bbox 454 1870 2069 1947; baseline 0.002 -24"><span class='ocrx_word' id='word_1_250' title='bbox 454 1870 530 1926; x_wconf 89' lang='lat' dir='ltr'><strong>sis</strong></span> <span class='ocrx_word' id='word_1_251' title='bbox 554 1871 786 1927; x_wconf 85' lang='lat' dir='ltr'><strong>deduxit</strong></span> <span class='ocrx_word' id='word_1_252' title='bbox 823 1874 1128 1930; x_wconf 85' lang='lat' dir='ltr'><strong>Launoius.</strong></span> <span class='ocrx_word' id='word_1_253' title='bbox 1178 1874 1303 1929; x_wconf 81' lang='lat' dir='ltr'><strong>Adi</strong></span> <span class='ocrx_word' id='word_1_254' title='bbox 1340 1874 1779 1947; x_wconf 90' lang='lat' dir='ltr'><strong>respondemus,</strong></span> <span class='ocrx_word' id='word_1_255' title='bbox 1836 1875 2069 1928; x_wconf 88' lang='lat' dir='ltr'><strong>Petrum</strong></span> 
     </span>
    </p>
   </div>
   <div class='ocr_carea' id='block_1_33' title="bbox 457 1958 2068 2030">
    <p class='ocr_par' dir='ltr' id='par_1_33' title="bbox 457 1958 2068 2030">
     <span class='ocr_line' id='line_1_33' title="bbox 457 1958 2068 2030; baseline 0.002 -18"><span class='ocrx_word' id='word_1_256' title='bbox 457 1958 692 2030; x_wconf 86' lang='lat' dir='ltr'><strong>quidem</strong></span> <span class='ocrx_word' id='word_1_257' title='bbox 721 1960 945 2029; x_wconf 81' lang='lat' dir='ltr'><strong>dixisse,</strong></span> <span class='ocrx_word' id='word_1_258' title='bbox 970 1962 1274 2017; x_wconf 87' lang='lat' dir='ltr'><strong>consilium</strong></span> <span class='ocrx_word' id='word_1_259' title='bbox 1306 1963 1501 2030; x_wconf 88' lang='lat' dir='ltr'><strong>fuisse,</strong></span> <span class='ocrx_word' id='word_1_260' title='bbox 1548 1986 1578 2014; x_wconf 72' lang='grc' dir='ltr'><strong>ιι</strong></span> <span class='ocrx_word' id='word_1_261' title='bbox 1603 1962 1871 2017; x_wconf 84' lang='lat' dir='ltr'><strong>Miracula</strong></span> <span class='ocrx_word' id='word_1_262' title='bbox 1901 1961 2068 2016; x_wconf 91' lang='lat' dir='ltr'><strong>ubili-</strong></span> 
     </span>
    </p>
   </div>
   <div class='ocr_carea' id='block_1_34' title="bbox 453 2048 2069 2125">
    <p class='ocr_par' dir='ltr' id='par_1_34' title="bbox 453 2048 2069 2125">
     <span class='ocr_line' id='line_1_34' title="bbox 453 2048 2069 2125; baseline 0.002 -23"><span class='ocrx_word' id='word_1_263' title='bbox 453 2066 485 2100; x_wconf 79' lang='lat'>»</span> <span class='ocrx_word' id='word_1_264' title='bbox 510 2048 610 2104; x_wconf 88' lang='lat' dir='ltr'><strong>bet</strong></span> <span class='ocrx_word' id='word_1_265' title='bbox 631 2067 733 2105; x_wconf 92' lang='lat' dir='ltr'><strong>suo</strong></span> <span class='ocrx_word' id='word_1_266' title='bbox 751 2054 1017 2121; x_wconf 90' lang='lat' dir='ltr'><strong>tempore</strong></span> <span class='ocrx_word' id='word_1_267' title='bbox 1036 2052 1190 2108; x_wconf 88' lang='lat' dir='ltr'><strong>facta</strong></span> <span class='ocrx_word' id='word_1_268' title='bbox 1219 2052 1292 2107; x_wconf 89' lang='lat' dir='ltr'><strong>ad</strong></span> <span class='ocrx_word' id='word_1_269' title='bbox 1312 2056 1677 2125; x_wconf 85' lang='lat' dir='ltr'><strong>posterorum</strong></span> <span class='ocrx_word' id='word_1_270' title='bbox 1718 2052 2069 2107; x_wconf 88' lang='lat' dir='ltr'><strong>memoriam</strong></span> 
     </span>
    </p>
   </div>
   <div class='ocr_carea' id='block_1_35' title="bbox 454 2147 2065 2221">
    <p class='ocr_par' dir='ltr' id='par_1_35' title="bbox 454 2147 2065 2221">
     <span class='ocr_line' id='line_1_35' title="bbox 454 2147 2065 2221; baseline 0.002 -23"><span class='ocrx_word' id='word_1_271' title='bbox 454 2163 488 2197; x_wconf 76' lang='lat'><strong>»</strong></span> <span class='ocrx_word' id='word_1_272' title='bbox 513 2147 1074 2215; x_wconf 86' lang='lat' dir='ltr'><strong>transmittere,»sed</strong></span> <span class='ocrx_word' id='word_1_273' title='bbox 1093 2150 1627 2221; x_wconf 85' lang='lat' dir='ltr'><strong>probavimus,eum</strong></span> <span class='ocrx_word' id='word_1_274' title='bbox 1643 2148 1820 2203; x_wconf 91' lang='lat' dir='ltr'><strong>etiam</strong></span> <span class='ocrx_word' id='word_1_275' title='bbox 1840 2148 2065 2216; x_wconf 86' lang='lat' dir='ltr'><strong>dixisse,</strong></span> 
     </span>
    </p>
   </div>
   <div class='ocr_carea' id='block_1_36' title="bbox 453 2237 2070 2310">
    <p class='ocr_par' dir='ltr' id='par_1_36' title="bbox 453 2237 2070 2310">
     <span class='ocr_line' id='line_1_36' title="bbox 453 2237 2070 2310; baseline 0.002 -20"><span class='ocrx_word' id='word_1_276' title='bbox 453 2240 715 2291; x_wconf 89' lang='lat' dir='ltr'><strong>mentem</strong></span> <span class='ocrx_word' id='word_1_277' title='bbox 740 2253 905 2292; x_wconf 89' lang='lat' dir='ltr'><strong>suam</strong></span> <span class='ocrx_word' id='word_1_278' title='bbox 933 2237 1371 2306; x_wconf 88' lang='lat' dir='ltr'><strong>fuisse,narrare</strong></span> <span class='ocrx_word' id='word_1_279' title='bbox 1389 2255 1476 2304; x_wconf 90' lang='lat' dir='ltr'><strong>ea,</strong></span> <span class='ocrx_word' id='word_1_280' title='bbox 1503 2255 1631 2310; x_wconf 65' lang='lat' dir='ltr'><strong>qua:</strong></span> <span class='ocrx_word' id='word_1_281' title='bbox 1657 2237 1811 2292; x_wconf 89' lang='lat' dir='ltr'><strong>circa</strong></span> <span class='ocrx_word' id='word_1_282' title='bbox 1845 2238 2070 2293; x_wconf 87' lang='lat' dir='ltr'><strong>Clunia-</strong></span> 
     </span>
    </p>
   </div>
   <div class='ocr_carea' id='block_1_37' title="bbox 452 2325 2066 2398">
    <p class='ocr_par' dir='ltr' id='par_1_37' title="bbox 452 2325 2066 2398">
     <span class='ocr_line' id='line_1_37' title="bbox 452 2325 2066 2398; baseline 0.002 -21"><span class='ocrx_word' id='word_1_283' title='bbox 452 2339 584 2379; x_wconf 85' lang='lat' dir='ltr'><strong>cum</strong></span> <span class='ocrx_word' id='word_1_284' title='bbox 628 2328 791 2396; x_wconf 87' lang='lat' dir='ltr'><strong>gesta</strong></span> <span class='ocrx_word' id='word_1_285' title='bbox 813 2326 1063 2393; x_wconf 76' lang='lat' dir='ltr'><strong>fuerant;</strong></span> <span class='ocrx_word' id='word_1_286' title='bbox 1115 2330 1174 2381; x_wconf 89' lang='lat' dir='ltr'><strong>et</strong></span> <span class='ocrx_word' id='word_1_287' title='bbox 1196 2344 1263 2381; x_wconf 81' lang='lat' dir='ltr'><strong>ex</strong></span> <span class='ocrx_word' id='word_1_288' title='bbox 1291 2326 1640 2381; x_wconf 90' lang='lat' dir='ltr'><strong>discussione</strong></span> <span class='ocrx_word' id='word_1_289' title='bbox 1666 2325 1843 2380; x_wconf 87' lang='lat' dir='ltr'><strong>totius</strong></span> <span class='ocrx_word' id='word_1_290' title='bbox 1873 2326 2066 2398; x_wconf 88' lang='lat' dir='ltr'><strong>eperis</strong></span> 
     </span>
    </p>
   </div>
   <div class='ocr_carea' id='block_1_38' title="bbox 452 2413 2063 2488">
    <p class='ocr_par' dir='ltr' id='par_1_38' title="bbox 452 2413 2063 2488">
     <span class='ocr_line' id='line_1_38' title="bbox 452 2413 2063 2488; baseline 0 -20"><span class='ocrx_word' id='word_1_291' title='bbox 452 2414 862 2486; x_wconf 90' lang='lat' dir='ltr'><strong>comperimus,</strong></span> <span class='ocrx_word' id='word_1_292' title='bbox 886 2419 1093 2470; x_wconf 91' lang='lat' dir='ltr'><strong>cuncta</strong></span> <span class='ocrx_word' id='word_1_293' title='bbox 1103 2416 1226 2475; x_wconf 85' lang='lat' dir='ltr'><strong>fere</strong></span> <span class='ocrx_word' id='word_1_294' title='bbox 1239 2416 1311 2470; x_wconf 90' lang='lat' dir='ltr'><strong>ab</strong></span> <span class='ocrx_word' id='word_1_295' title='bbox 1326 2433 1395 2470; x_wconf 90' lang='lat' dir='ltr'><strong>eo</strong></span> <span class='ocrx_word' id='word_1_296' title='bbox 1425 2414 1748 2488; x_wconf 90' lang='lat' dir='ltr'><strong>conscripta</strong></span> <span class='ocrx_word' id='word_1_297' title='bbox 1763 2413 2063 2482; x_wconf 89' lang='lat' dir='ltr'><strong>miracula,</strong></span> 
     </span>
    </p>
   </div>
   <div class='ocr_carea' id='block_1_39' title="bbox 453 2503 2065 2577">
    <p class='ocr_par' dir='ltr' id='par_1_39' title="bbox 453 2503 2065 2577">
     <span class='ocr_line' id='line_1_39' title="bbox 453 2503 2065 2577; baseline 0.001 -21"><span class='ocrx_word' id='word_1_298' title='bbox 453 2518 583 2574; x_wconf 57' lang='lat' dir='ltr'><strong>qua</strong></span> <span class='ocrx_word' id='word_1_299' title='bbox 608 2520 776 2558; x_wconf 90' lang='lat' dir='ltr'><strong>suum</strong></span> <span class='ocrx_word' id='word_1_300' title='bbox 818 2504 1083 2560; x_wconf 88' lang='lat' dir='ltr'><strong>ordinem</strong></span> <span class='ocrx_word' id='word_1_301' title='bbox 1116 2521 1232 2559; x_wconf 94' lang='lat' dir='ltr'><strong>non</strong></span> <span class='ocrx_word' id='word_1_302' title='bbox 1273 2504 1612 2576; x_wconf 89' lang='lat' dir='ltr'><strong>respiciunt,</strong></span> <span class='ocrx_word' id='word_1_303' title='bbox 1641 2506 1870 2577; x_wconf 87' lang='lat' dir='ltr'><strong>patrata</strong></span> <span class='ocrx_word' id='word_1_304' title='bbox 1893 2503 2065 2558; x_wconf 89' lang='lat' dir='ltr'><strong>fuisse</strong></span> 
     </span>
    </p>
   </div>
   <div class='ocr_carea' id='block_1_40' title="bbox 450 2590 2064 2663">
    <p class='ocr_par' dir='ltr' id='par_1_40' title="bbox 450 2590 2064 2663">
     <span class='ocr_line' id='line_1_40' title="bbox 450 2590 2064 2663; baseline 0.002 -18"><span class='ocrx_word' id='word_1_305' title='bbox 450 2590 510 2646; x_wconf 92' lang='lat' dir='ltr'><strong>in</strong></span> <span class='ocrx_word' id='word_1_306' title='bbox 553 2592 906 2663; x_wconf 86' lang='lat' dir='ltr'><strong>regionibus,</strong></span> <span class='ocrx_word' id='word_1_307' title='bbox 943 2611 977 2647; x_wconf 87' lang='lat' dir='ltr'><strong>a</strong></span> <span class='ocrx_word' id='word_1_308' title='bbox 1024 2593 1294 2649; x_wconf 87' lang='lat' dir='ltr'><strong>Cluniaco</strong></span> <span class='ocrx_word' id='word_1_309' title='bbox 1343 2610 1462 2649; x_wconf 91' lang='lat' dir='ltr'><strong>non</strong></span> <span class='ocrx_word' id='word_1_310' title='bbox 1514 2594 1763 2648; x_wconf 90' lang='lat' dir='ltr'><strong>multum</strong></span> <span class='ocrx_word' id='word_1_311' title='bbox 1793 2592 2064 2648; x_wconf 88' lang='lat' dir='ltr'><strong>remotis:</strong></span> 
     </span>
    </p>
   </div>
   <div class='ocr_carea' id='block_1_41' title="bbox 451 2680 2066 2753">
    <p class='ocr_par' dir='ltr' id='par_1_41' title="bbox 451 2680 2066 2753">
     <span class='ocr_line' id='line_1_41' title="bbox 451 2680 2066 2753; baseline 0.001 -19"><span class='ocrx_word' id='word_1_312' title='bbox 451 2696 580 2752; x_wconf 70' lang='lat' dir='ltr'><strong>qua:</strong></span> <span class='ocrx_word' id='word_1_313' title='bbox 591 2696 726 2736; x_wconf 86' lang='lat' dir='ltr'><strong>vero</strong></span> <span class='ocrx_word' id='word_1_314' title='bbox 745 2682 804 2736; x_wconf 91' lang='lat' dir='ltr'><strong>in</strong></span> <span class='ocrx_word' id='word_1_315' title='bbox 827 2681 1034 2737; x_wconf 88' lang='lat' dir='ltr'><strong>exteris</strong></span> <span class='ocrx_word' id='word_1_316' title='bbox 1055 2681 1170 2737; x_wconf 90' lang='lat' dir='ltr'><strong>sive</strong></span> <span class='ocrx_word' id='word_1_317' title='bbox 1190 2681 1639 2737; x_wconf 89' lang='lat' dir='ltr'><strong>remontioribus</strong></span> <span class='ocrx_word' id='word_1_318' title='bbox 1654 2681 1791 2737; x_wconf 92' lang='lat' dir='ltr'><strong>locis</strong></span> <span class='ocrx_word' id='word_1_319' title='bbox 1805 2680 2066 2753; x_wconf 83' lang='lat' dir='ltr'><strong>contige-</strong></span> 
     </span>
    </p>
   </div>
   <div class='ocr_carea' id='block_1_42' title="bbox 448 2768 2066 2836">
    <p class='ocr_par' dir='ltr' id='par_1_42' title="bbox 448 2768 2066 2836">
     <span class='ocr_line' id='line_1_42' title="bbox 448 2768 2066 2836; baseline 0 -13"><span class='ocrx_word' id='word_1_320' title='bbox 448 2773 603 2836; x_wconf 89' lang='lat' dir='ltr'><strong>rant,</strong></span> <span class='ocrx_word' id='word_1_321' title='bbox 632 2771 717 2824; x_wconf 86' lang='lat' dir='ltr'><strong>vel</strong></span> <span class='ocrx_word' id='word_1_322' title='bbox 753 2769 813 2825; x_wconf 91' lang='lat' dir='ltr'><strong>in</strong></span> <span class='ocrx_word' id='word_1_323' title='bbox 841 2770 925 2825; x_wconf 92' lang='lat' dir='ltr'><strong>sui</strong></span> <span class='ocrx_word' id='word_1_324' title='bbox 959 2770 1178 2825; x_wconf 88' lang='lat' dir='ltr'><strong>ordinis</strong></span> <span class='ocrx_word' id='word_1_325' title='bbox 1204 2770 1570 2825; x_wconf 86' lang='lat' dir='ltr'><strong>monasteriis</strong></span> <span class='ocrx_word' id='word_1_326' title='bbox 1606 2772 1734 2824; x_wconf 89' lang='lat' dir='ltr'><strong>acta</strong></span> <span class='ocrx_word' id='word_1_327' title='bbox 1758 2768 1951 2836; x_wconf 89' lang='lat' dir='ltr'><strong>fuisse,</strong></span> <span class='ocrx_word' id='word_1_328' title='bbox 1979 2769 2066 2823; x_wconf 88' lang='lat' dir='ltr'><strong>vel</strong></span> 
     </span>
    </p>
   </div>
   <div class='ocr_carea' id='block_1_43' title="bbox 447 2857 2064 2930">
    <p class='ocr_par' dir='ltr' id='par_1_43' title="bbox 447 2857 2064 2930">
     <span class='ocr_line' id='line_1_43' title="bbox 447 2857 2064 2930; baseline 0.001 -19"><span class='ocrx_word' id='word_1_329' title='bbox 447 2873 483 2911; x_wconf 91' lang='lat' dir='ltr'><strong>a</strong></span> <span class='ocrx_word' id='word_1_330' title='bbox 510 2858 771 2930; x_wconf 90' lang='lat' dir='ltr'><strong>personis</strong></span> <span class='ocrx_word' id='word_1_331' title='bbox 808 2859 1067 2930; x_wconf 88' lang='lat' dir='ltr'><strong>ejusdem</strong></span> <span class='ocrx_word' id='word_1_332' title='bbox 1096 2858 1201 2914; x_wconf 91' lang='lat' dir='ltr'><strong>sibi</strong></span> <span class='ocrx_word' id='word_1_333' title='bbox 1229 2860 1431 2913; x_wconf 89' lang='lat' dir='ltr'><strong>relata.</strong></span> <span class='ocrx_word' id='word_1_334' title='bbox 1460 2858 1548 2913; x_wconf 80' lang='lat' dir='ltr'><strong>Ad</strong></span> <span class='ocrx_word' id='word_1_335' title='bbox 1576 2874 1616 2914; x_wconf 86' lang='grc' dir='ltr'>ιι</span> <span class='ocrx_word' id='word_1_336' title='bbox 1646 2857 1889 2914; x_wconf 85' lang='lat' dir='ltr'><strong>fecimus</strong></span> <span class='ocrx_word' id='word_1_337' title='bbox 1907 2857 2064 2925; x_wconf 89' lang='lat' dir='ltr'><strong>satis,</strong></span> 
     </span>
    </p>
   </div>
   <div class='ocr_carea' id='block_1_44' title="bbox 448 2947 2065 3019">
    <p class='ocr_par' dir='ltr' id='par_1_44' title="bbox 448 2947 2065 3019">
     <span class='ocr_line' id='line_1_44' title="bbox 448 2947 2065 3019; baseline 0.001 -19"><span class='ocrx_word' id='word_1_338' title='bbox 448 2962 582 3001; x_wconf 91' lang='lat' dir='ltr'><strong>cum</strong></span> <span class='ocrx_word' id='word_1_339' title='bbox 620 2947 996 3015; x_wconf 89' lang='lat' dir='ltr'><strong>ostendimus,</strong></span> <span class='ocrx_word' id='word_1_340' title='bbox 1028 2964 1160 3003; x_wconf 90' lang='lat' dir='ltr'><strong>eum</strong></span> <span class='ocrx_word' id='word_1_341' title='bbox 1182 2951 1305 3003; x_wconf 92' lang='lat' dir='ltr'><strong>toto</strong></span> <span class='ocrx_word' id='word_1_342' title='bbox 1336 2964 1438 3002; x_wconf 91' lang='lat' dir='ltr'><strong>suo</strong></span> <span class='ocrx_word' id='word_1_343' title='bbox 1476 2963 1651 3019; x_wconf 88' lang='lat' dir='ltr'><strong>opere</strong></span> <span class='ocrx_word' id='word_1_344' title='bbox 1679 2948 2065 3017; x_wconf 88' lang='lat' dir='ltr'><strong>comprehen-</strong></span> 
     </span>
    </p>
   </div>
   <div class='ocr_carea' id='block_1_45' title="bbox 447 3034 2133 3137">
    <p class='ocr_par' dir='ltr' id='par_1_45' title="bbox 447 3034 2133 3137">
     <span class='ocr_line' id='line_1_45' title="bbox 447 3034 2133 3137; baseline 0 -48"><span class='ocrx_word' id='word_1_345' title='bbox 447 3034 593 3090; x_wconf 87' lang='lat' dir='ltr'><strong>disse</strong></span> <span class='ocrx_word' id='word_1_346' title='bbox 610 3038 837 3091; x_wconf 87' lang='lat' dir='ltr'><strong>tantum</strong></span> <span class='ocrx_word' id='word_1_347' title='bbox 855 3036 1233 3098; x_wconf 80' lang='lat' dir='ltr'><strong>miraeula.ad</strong></span> <span class='ocrx_word' id='word_1_348' title='bbox 1245 3053 1411 3091; x_wconf 90' lang='lat' dir='ltr'><strong>suum</strong></span> <span class='ocrx_word' id='word_1_349' title='bbox 1433 3035 1700 3091; x_wconf 88' lang='lat' dir='ltr'><strong>ordinem</strong></span> <span class='ocrx_word' id='word_1_350' title='bbox 1724 3035 2062 3108; x_wconf 88' lang='lat' dir='ltr'><strong>spectantia.</strong></span> <span class='ocrx_word' id='word_1_351' title='bbox 2085 3076 2133 3137; x_wconf 64' lang='grc' dir='ltr'>Ο</span> 
     </span>
    </p>
   </div>
   <div class='ocr_carea' id='block_1_46' title="bbox 445 3124 2067 3197">
    <p class='ocr_par' dir='ltr' id='par_1_46' title="bbox 445 3124 2067 3197">
     <span class='ocr_line' id='line_1_46' title="bbox 445 3124 2067 3197; baseline 0 -19"><span class='ocrx_word' id='word_1_352' title='bbox 445 3127 659 3196; x_wconf 71' lang='lat' dir='ltr'><strong>praeter</strong></span> <span class='ocrx_word' id='word_1_353' title='bbox 683 3124 905 3194; x_wconf 90' lang='lat' dir='ltr'><strong>decem,</strong></span> <span class='ocrx_word' id='word_1_354' title='bbox 938 3142 1184 3197; x_wconf 87' lang='lat' dir='ltr'><strong>quorum</strong></span> <span class='ocrx_word' id='word_1_355' title='bbox 1215 3128 1463 3197; x_wconf 88' lang='lat' dir='ltr'><strong>quatuor</strong></span> <span class='ocrx_word' id='word_1_356' title='bbox 1490 3127 1590 3179; x_wconf 90' lang='lat' dir='ltr'><strong>aut</strong></span> <span class='ocrx_word' id='word_1_357' title='bbox 1603 3124 1857 3197; x_wconf 91' lang='lat' dir='ltr'><strong>quinque</strong></span> <span class='ocrx_word' id='word_1_358' title='bbox 1877 3141 1912 3178; x_wconf 92' lang='lat' dir='ltr'><strong>a</strong></span> <span class='ocrx_word' id='word_1_359' title='bbox 1937 3124 2067 3179; x_wconf 91' lang='lat' dir='ltr'><strong>Clu-</strong></span> 
     </span>
    </p>
   </div>
   <div class='ocr_carea' id='block_1_47' title="bbox 447 3211 2064 3281">
    <p class='ocr_par' dir='ltr' id='par_1_47' title="bbox 447 3211 2064 3281">
     <span class='ocr_line' id='line_1_47' title="bbox 447 3211 2064 3281; baseline 0.001 -15"><span class='ocrx_word' id='word_1_360' title='bbox 447 3211 809 3268; x_wconf 90' lang='lat' dir='ltr'><strong>niacensibns</strong></span> <span class='ocrx_word' id='word_1_361' title='bbox 837 3214 1156 3281; x_wconf 89' lang='lat' dir='ltr'><strong>monachis,</strong></span> <span class='ocrx_word' id='word_1_362' title='bbox 1197 3217 1408 3269; x_wconf 75' lang='lat' dir='ltr'><strong>caetera</strong></span> <span class='ocrx_word' id='word_1_363' title='bbox 1447 3213 1521 3268; x_wconf 91' lang='lat' dir='ltr'><strong>ab</strong></span> <span class='ocrx_word' id='word_1_364' title='bbox 1553 3212 1754 3268; x_wconf 89' lang='lat' dir='ltr'><strong>amicis</strong></span> <span class='ocrx_word' id='word_1_365' title='bbox 1793 3212 2064 3268; x_wconf 91' lang='lat' dir='ltr'><strong>Cluniaco</strong></span> 
     </span>
    </p>
   </div>
   <div class='ocr_carea' id='block_1_48' title="bbox 446 3298 975 3357">
    <p class='ocr_par' dir='ltr' id='par_1_48' title="bbox 446 3298 975 3357">
     <span class='ocr_line' id='line_1_48' title="bbox 446 3298 975 3357; baseline 0.008 -4"><span class='ocrx_word' id='word_1_366' title='bbox 446 3298 647 3354; x_wconf 87' lang='lat' dir='ltr'><strong>vicinis</strong></span> <span class='ocrx_word' id='word_1_367' title='bbox 676 3301 975 3357; x_wconf 88' lang='lat' dir='ltr'><strong>didicerat.</strong></span> 
     </span>
    </p>
   </div>
   <div class='ocr_carea' id='block_1_49' title="bbox 515 3386 2065 3459">
    <p class='ocr_par' dir='ltr' id='par_1_49' title="bbox 515 3386 2065 3459">
     <span class='ocr_line' id='line_1_49' title="bbox 515 3386 2065 3459; baseline -0.001 -15"><span class='ocrx_word' id='word_1_368' title='bbox 515 3388 640 3444; x_wconf 83' lang='lat'><strong>289.</strong></span> <span class='ocrx_word' id='word_1_369' title='bbox 667 3408 699 3441; x_wconf 62' lang='grc' dir='ltr'><em>ς</em></span> <span class='ocrx_word' id='word_1_370' title='bbox 718 3388 806 3444; x_wconf 82' lang='lat' dir='ltr'><strong>Ad</strong></span> <span class='ocrx_word' id='word_1_371' title='bbox 829 3405 910 3443; x_wconf 84' lang='lat' dir='ltr'><strong>III.</strong></span> <span class='ocrx_word' id='word_1_372' title='bbox 942 3389 1232 3456; x_wconf 85' lang='lat' dir='ltr'><strong>Fatemur,</strong></span> <span class='ocrx_word' id='word_1_373' title='bbox 1269 3390 1505 3444; x_wconf 88' lang='lat' dir='ltr'><strong>Petrum</strong></span> <span class='ocrx_word' id='word_1_374' title='bbox 1524 3387 1704 3459; x_wconf 87' lang='lat' dir='ltr'><strong>longa</strong></span> <span class='ocrx_word' id='word_1_375' title='bbox 1731 3386 2065 3443; x_wconf 83' lang='lat' dir='ltr'><strong>narratione</strong></span> 
     </span>
    </p>
   </div>
   <div class='ocr_carea' id='block_1_50' title="bbox 446 3474 2062 3548">
    <p class='ocr_par' dir='ltr' id='par_1_50' title="bbox 446 3474 2062 3548">
     <span class='ocr_line' id='line_1_50' title="bbox 446 3474 2062 3548; baseline 0 -18"><span class='ocrx_word' id='word_1_376' title='bbox 446 3477 660 3531; x_wconf 85' lang='lat' dir='ltr'><strong>statuta</strong></span> <span class='ocrx_word' id='word_1_377' title='bbox 684 3480 743 3531; x_wconf 91' lang='lat' dir='ltr'><strong>et</strong></span> <span class='ocrx_word' id='word_1_378' title='bbox 757 3492 950 3531; x_wconf 88' lang='lat' dir='ltr'><strong>mores</strong></span> <span class='ocrx_word' id='word_1_379' title='bbox 970 3475 1153 3531; x_wconf 87' lang='lat' dir='ltr'><strong>nostri</strong></span> <span class='ocrx_word' id='word_1_380' title='bbox 1185 3475 1404 3531; x_wconf 89' lang='lat' dir='ltr'><strong>ordinis</strong></span> <span class='ocrx_word' id='word_1_381' title='bbox 1433 3474 1775 3548; x_wconf 90' lang='lat' dir='ltr'><strong>depinxisse,</strong></span> <span class='ocrx_word' id='word_1_382' title='bbox 1812 3476 1914 3531; x_wconf 90' lang='lat' dir='ltr'><strong>sed</strong></span> <span class='ocrx_word' id='word_1_383' title='bbox 1943 3491 2062 3530; x_wconf 92' lang='lat' dir='ltr'><strong>non</strong></span> 
     </span>
    </p>
   </div>
   <div class='ocr_carea' id='block_1_51' title="bbox 443 3562 2058 3635">
    <p class='ocr_par' dir='ltr' id='par_1_51' title="bbox 443 3562 2058 3635">
     <span class='ocr_line' id='line_1_51' title="bbox 443 3562 2058 3635; baseline 0 -16"><span class='ocrx_word' id='word_1_384' title='bbox 443 3562 527 3619; x_wconf 89' lang='lat' dir='ltr'><strong>ita</strong></span> <span class='ocrx_word' id='word_1_385' title='bbox 546 3564 798 3619; x_wconf 89' lang='lat' dir='ltr'><strong>ubertim</strong></span> <span class='ocrx_word' id='word_1_386' title='bbox 824 3564 988 3619; x_wconf 90' lang='lat' dir='ltr'><strong>initia</strong></span> <span class='ocrx_word' id='word_1_387' title='bbox 1037 3563 1159 3634; x_wconf 85' lang='lat' dir='ltr'><strong>ejus</strong></span> <span class='ocrx_word' id='word_1_388' title='bbox 1190 3562 1468 3635; x_wconf 85' lang='lat' dir='ltr'><strong>depinxit,</strong></span> <span class='ocrx_word' id='word_1_389' title='bbox 1503 3564 1566 3617; x_wconf 92' lang='lat' dir='ltr'><strong>ut</strong></span> <span class='ocrx_word' id='word_1_390' title='bbox 1592 3564 1713 3619; x_wconf 86' lang='lat' dir='ltr'><strong>vult</strong></span> <span class='ocrx_word' id='word_1_391' title='bbox 1755 3562 2058 3619; x_wconf 88' lang='lat' dir='ltr'><strong>Launoius.</strong></span> 
     </span>
    </p>
   </div>
   <div class='ocr_carea' id='block_1_52' title="bbox 445 3650 2060 3725">
    <p class='ocr_par' dir='ltr' id='par_1_52' title="bbox 445 3650 2060 3725">
     <span class='ocr_line' id='line_1_52' title="bbox 445 3650 2060 3725; baseline -0.001 -17"><span class='ocrx_word' id='word_1_392' title='bbox 445 3651 537 3708; x_wconf 90' lang='lat' dir='ltr'><strong>Sic</strong></span> <span class='ocrx_word' id='word_1_393' title='bbox 568 3652 726 3709; x_wconf 92' lang='lat' dir='ltr'><strong>enim</strong></span> <span class='ocrx_word' id='word_1_394' title='bbox 757 3652 828 3708; x_wconf 90' lang='lat' dir='ltr'><strong>de</strong></span> <span class='ocrx_word' id='word_1_395' title='bbox 860 3651 949 3707; x_wconf 88' lang='lat' dir='ltr'><strong>his</strong></span> <span class='ocrx_word' id='word_1_396' title='bbox 982 3652 1159 3707; x_wconf 88' lang='lat' dir='ltr'><strong>habet</strong></span> <span class='ocrx_word' id='word_1_397' title='bbox 1186 3665 1203 3706; x_wconf 91' lang='lat'><strong>:</strong></span> <span class='ocrx_word' id='word_1_398' title='bbox 1239 3673 1268 3703; x_wconf 88' lang='lat'><strong>«</strong></span> <span class='ocrx_word' id='word_1_399' title='bbox 1300 3652 1591 3718; x_wconf 87' lang='lat' dir='ltr'><strong>Servatur,</strong></span> <span class='ocrx_word' id='word_1_400' title='bbox 1625 3673 1654 3701; x_wconf 85' lang='lat'>»</span> <span class='ocrx_word' id='word_1_401' title='bbox 1679 3651 1888 3725; x_wconf 86' lang='lat' dir='ltr'><strong>inquit,</strong></span> <span class='ocrx_word' id='word_1_402' title='bbox 1925 3674 1954 3704; x_wconf 89' lang='grc'><strong>‹‹</strong></span> <span class='ocrx_word' id='word_1_403' title='bbox 1999 3650 2060 3708; x_wconf 91' lang='lat' dir='ltr'><strong>in</strong></span> 
     </span>
    </p>
   </div>
   <div class='ocr_carea' id='block_1_53' title="bbox 444 3738 2062 3814">
    <p class='ocr_par' dir='ltr' id='par_1_53' title="bbox 444 3738 2062 3814">
     <span class='ocr_line' id='line_1_53' title="bbox 444 3738 2062 3814; baseline 0 -19"><span class='ocrx_word' id='word_1_404' title='bbox 444 3760 477 3795; x_wconf 87' lang='lat'>»</span> <span class='ocrx_word' id='word_1_405' title='bbox 499 3742 846 3814; x_wconf 68' lang='lat' dir='ltr'><strong>Burgundiaa</strong></span> <span class='ocrx_word' id='word_1_406' title='bbox 872 3740 1132 3813; x_wconf 88' lang='lat' dir='ltr'><strong>partibus</strong></span> <span class='ocrx_word' id='word_1_407' title='bbox 1160 3738 1315 3795; x_wconf 90' lang='lat' dir='ltr'><strong>inter</strong></span> <span class='ocrx_word' id='word_1_408' title='bbox 1340 3756 1544 3796; x_wconf 90' lang='lat' dir='ltr'><strong>omnes</strong></span> <span class='ocrx_word' id='word_1_409' title='bbox 1570 3741 1813 3814; x_wconf 71' lang='lat' dir='ltr'><strong>Europa-3</strong></span> <span class='ocrx_word' id='word_1_410' title='bbox 1849 3744 2062 3796; x_wconf 63' lang='lat' dir='ltr'><strong>nostra;</strong></span> 
     </span>
    </p>
   </div>
   <div class='ocr_carea' id='block_1_54' title="bbox 442 3828 2060 3903">
    <p class='ocr_par' dir='ltr' id='par_1_54' title="bbox 442 3828 2060 3903">
     <span class='ocr_line' id='line_1_54' title="bbox 442 3828 2060 3903; baseline -0.001 -18"><span class='ocrx_word' id='word_1_411' title='bbox 442 3851 476 3885; x_wconf 88' lang='lat'><strong>»</strong></span> <span class='ocrx_word' id='word_1_412' title='bbox 496 3830 1034 3888; x_wconf 86' lang='lat' dir='ltr'><strong>monasticiordinis</strong></span> <span class='ocrx_word' id='word_1_413' title='bbox 1055 3829 1439 3903; x_wconf 81' lang='lat' dir='ltr'><strong>professiones</strong></span> <span class='ocrx_word' id='word_1_414' title='bbox 1458 3828 1736 3902; x_wconf 86' lang='lat' dir='ltr'><strong>professio</strong></span> <span class='ocrx_word' id='word_1_415' title='bbox 1769 3829 2060 3902; x_wconf 71' lang='lat' dir='ltr'><strong>quaedam,</strong></span> 
     </span>
    </p>
   </div>
   <div class='ocr_carea' id='block_1_55' title="bbox 440 3915 2065 3990">
    <p class='ocr_par' dir='ltr' id='par_1_55' title="bbox 440 3915 2065 3990">
     <span class='ocr_line' id='line_1_55' title="bbox 440 3915 2065 3990; baseline -0.003 -15"><span class='ocrx_word' id='word_1_416' title='bbox 440 3939 476 3974; x_wconf 82' lang='grc'>›</span> <span class='ocrx_word' id='word_1_417' title='bbox 508 3920 704 3975; x_wconf 91' lang='lat' dir='ltr'><strong>multis</strong></span> <span class='ocrx_word' id='word_1_418' title='bbox 733 3919 857 3975; x_wconf 90' lang='lat' dir='ltr'><strong>aliis</strong></span> <span class='ocrx_word' id='word_1_419' title='bbox 885 3918 1147 3990; x_wconf 88' lang='lat' dir='ltr'><strong>ejusdem</strong></span> <span class='ocrx_word' id='word_1_420' title='bbox 1176 3915 1480 3972; x_wconf 88' lang='lat' dir='ltr'><strong>monastici</strong></span> <span class='ocrx_word' id='word_1_421' title='bbox 1502 3915 1782 3989; x_wconf 86' lang='lat' dir='ltr'><strong>propositi</strong></span> <span class='ocrx_word' id='word_1_422' title='bbox 1813 3915 2065 3972; x_wconf 88' lang='lat' dir='ltr'><strong>sanctior</strong></span> 
     </span>
    </p>
   </div>
   <div class='ocr_carea' id='block_1_56' title="bbox 442 4004 2064 4077">
    <p class='ocr_par' dir='ltr' id='par_1_56' title="bbox 442 4004 2064 4077">
     <span class='ocr_line' id='line_1_56' title="bbox 442 4004 2064 4077; baseline -0.003 -14"><span class='ocrx_word' id='word_1_423' title='bbox 442 4029 477 4063; x_wconf 79' lang='grc'>»</span> <span class='ocrx_word' id='word_1_424' title='bbox 507 4015 567 4065; x_wconf 90' lang='lat' dir='ltr'><strong>et</strong></span> <span class='ocrx_word' id='word_1_425' title='bbox 619 4009 859 4075; x_wconf 87' lang='lat' dir='ltr'><strong>cautior,</strong></span> <span class='ocrx_word' id='word_1_426' title='bbox 890 4007 1155 4064; x_wconf 89' lang='lat' dir='ltr'><strong>instituta</strong></span> <span class='ocrx_word' id='word_1_427' title='bbox 1185 4009 1382 4061; x_wconf 90' lang='lat' dir='ltr'><strong>nostro</strong></span> <span class='ocrx_word' id='word_1_428' title='bbox 1435 4009 1702 4077; x_wconf 90' lang='lat' dir='ltr'><strong>tempore</strong></span> <span class='ocrx_word' id='word_1_429' title='bbox 1745 4021 1781 4059; x_wconf 89' lang='lat' dir='ltr'><strong>a</strong></span> <span class='ocrx_word' id='word_1_430' title='bbox 1829 4004 2064 4076; x_wconf 88' lang='lat' dir='ltr'><strong>quibus-</strong></span> 
     </span>
    </p>
   </div>
   <div class='ocr_carea' id='block_1_57' title="bbox 444 4092 2063 4167">
    <p class='ocr_par' dir='ltr' id='par_1_57' title="bbox 444 4092 2063 4167">
     <span class='ocr_line' id='line_1_57' title="bbox 444 4092 2063 4167; baseline -0.004 -14"><span class='ocrx_word' id='word_1_431' title='bbox 444 4118 478 4153; x_wconf 70' lang='lat'>»</span> <span class='ocrx_word' id='word_1_432' title='bbox 510 4098 651 4155; x_wconf 90' lang='lat' dir='ltr'><strong>dum</strong></span> <span class='ocrx_word' id='word_1_433' title='bbox 675 4098 938 4153; x_wconf 90' lang='lat' dir='ltr'><strong>Patribus</strong></span> <span class='ocrx_word' id='word_1_434' title='bbox 962 4094 1211 4167; x_wconf 85' lang='lat' dir='ltr'><strong>magnis,</strong></span> <span class='ocrx_word' id='word_1_435' title='bbox 1233 4093 1414 4149; x_wconf 90' lang='lat' dir='ltr'><strong>doctis</strong></span> <span class='ocrx_word' id='word_1_436' title='bbox 1442 4095 1500 4148; x_wconf 88' lang='lat' dir='ltr'><strong>et</strong></span> <span class='ocrx_word' id='word_1_437' title='bbox 1527 4092 1760 4161; x_wconf 89' lang='lat' dir='ltr'><strong>sanctis,</strong></span> <span class='ocrx_word' id='word_1_438' title='bbox 1783 4092 2063 4166; x_wconf 84' lang='lat' dir='ltr'><strong>magistro</strong></span> 
     </span>
    </p>
   </div>
   <div class='ocr_carea' id='block_1_58' title="bbox 445 4180 2052 4254">
    <p class='ocr_par' dir='ltr' id='par_1_58' title="bbox 445 4180 2052 4254">
     <span class='ocr_line' id='line_1_58' title="bbox 445 4180 2052 4254; baseline -0.004 -12"><span class='ocrx_word' id='word_1_439' title='bbox 445 4205 479 4241; x_wconf 77' lang='grc'><strong>»</strong></span> <span class='ocrx_word' id='word_1_440' title='bbox 509 4188 778 4242; x_wconf 90' lang='lat' dir='ltr'><strong>Brunone</strong></span> <span class='ocrx_word' id='word_1_441' title='bbox 806 4182 1156 4249; x_wconf 86' lang='lat' dir='ltr'><strong>Coloniensi,</strong></span> <span class='ocrx_word' id='word_1_442' title='bbox 1180 4181 1460 4254; x_wconf 90' lang='lat' dir='ltr'><strong>magistro</strong></span> <span class='ocrx_word' id='word_1_443' title='bbox 1490 4180 1791 4236; x_wconf 88' lang='lat' dir='ltr'><strong>Lauduino</strong></span> <span class='ocrx_word' id='word_1_444' title='bbox 1834 4180 2052 4248; x_wconf 90' lang='lat' dir='ltr'><strong>Italico,</strong></span> 
     </span>
    </p>
   </div>
   <div class='ocr_carea' id='block_1_59' title="bbox 446 4267 2064 4348">
    <p class='ocr_par' dir='ltr' id='par_1_59' title="bbox 446 4267 2064 4348">
     <span class='ocr_line' id='line_1_59' title="bbox 446 4267 2064 4348; baseline -0.005 -17"><span class='ocrx_word' id='word_1_445' title='bbox 446 4294 482 4330; x_wconf 74' lang='grc'><strong>»</strong></span> <span class='ocrx_word' id='word_1_446' title='bbox 512 4293 579 4331; x_wconf 86' lang='lat' dir='ltr'><strong>ac</strong></span> <span class='ocrx_word' id='word_1_447' title='bbox 610 4273 956 4348; x_wconf 90' lang='lat' dir='ltr'><strong>quibusdam</strong></span> <span class='ocrx_word' id='word_1_448' title='bbox 981 4270 1108 4326; x_wconf 91' lang='lat' dir='ltr'><strong>aliis</strong></span> <span class='ocrx_word' id='word_1_449' title='bbox 1133 4286 1264 4325; x_wconf 89' lang='lat' dir='ltr'><strong>vere</strong></span> <span class='ocrx_word' id='word_1_450' title='bbox 1290 4267 1543 4340; x_wconf 86' lang='lat' dir='ltr'><strong>magnis,</strong></span> <span class='ocrx_word' id='word_1_451' title='bbox 1568 4271 1632 4323; x_wconf 90' lang='lat' dir='ltr'><strong>ut</strong></span> <span class='ocrx_word' id='word_1_452' title='bbox 1646 4268 1782 4336; x_wconf 86' lang='lat' dir='ltr'><strong>dixi,</strong></span> <span class='ocrx_word' id='word_1_453' title='bbox 1807 4272 1866 4324; x_wconf 90' lang='lat' dir='ltr'><strong>et</strong></span> <span class='ocrx_word' id='word_1_454' title='bbox 1880 4270 2064 4324; x_wconf 91' lang='lat' dir='ltr'><strong>Deum</strong></span> 
     </span>
    </p>
   </div>
   <div class='ocr_carea' id='block_1_60' title="bbox 447 4345 2138 4430">
    <p class='ocr_par' dir='ltr' id='par_1_60' title="bbox 447 4345 2138 4430">
     <span class='ocr_line' id='line_1_60' title="bbox 447 4345 2138 4430; baseline -0.007 -13"><span class='ocrx_word' id='word_1_455' title='bbox 447 4382 483 4417; x_wconf 81' lang='grc'>»</span> <span class='ocrx_word' id='word_1_456' title='bbox 510 4345 850 4419; x_wconf 75' lang='lat' dir='ltr'><strong>timentibus</strong></span> <span class='ocrx_word' id='word_1_457' title='bbox 894 4358 1052 4425; x_wconf 90' lang='lat' dir='ltr'><strong>viris,</strong></span> <span class='ocrx_word' id='word_1_458' title='bbox 1110 4356 1208 4430; x_wconf 92' lang='lat' dir='ltr'><strong>qui</strong></span> <span class='ocrx_word' id='word_1_459' title='bbox 1239 4356 1633 4429; x_wconf 88' lang='lat' dir='ltr'><strong>quorumdam</strong></span> <span class='ocrx_word' id='word_1_460' title='bbox 1686 4355 2063 4428; x_wconf 89' lang='lat' dir='ltr'><strong>antiquorum</strong></span> <span class='ocrx_word' id='word_1_461' title='bbox 2083 4345 2138 4405; x_wconf 89' lang='lat' dir='ltr'><strong>D</strong></span> 
     </span>
    </p>
   </div>
   <div class='ocr_carea' id='block_1_61' title="bbox 446 4442 2066 4518">
    <p class='ocr_par' dir='ltr' id='par_1_61' title="bbox 446 4442 2066 4518">
     <span class='ocr_line' id='line_1_61' title="bbox 446 4442 2066 4518; baseline -0.004 -14"><span class='ocrx_word' id='word_1_462' title='bbox 446 4469 482 4504; x_wconf 76' lang='grc'>»</span> <span class='ocrx_word' id='word_1_463' title='bbox 511 4449 930 4506; x_wconf 86' lang='lat' dir='ltr'><strong>monachorum</strong></span> <span class='ocrx_word' id='word_1_464' title='bbox 959 4445 1281 4518; x_wconf 87' lang='lat' dir='ltr'><strong>tepiditate,</strong></span> <span class='ocrx_word' id='word_1_465' title='bbox 1335 4442 1693 4515; x_wconf 88' lang='lat' dir='ltr'><strong>negligentia</strong></span> <span class='ocrx_word' id='word_1_466' title='bbox 1726 4460 1792 4498; x_wconf 91' lang='lat' dir='ltr'><strong>ac</strong></span> <span class='ocrx_word' id='word_1_467' title='bbox 1848 4443 2066 4499; x_wconf 88' lang='lat' dir='ltr'><strong>desidia</strong></span> 
     </span>
    </p>
   </div>
   <div class='ocr_carea' id='block_1_62' title="bbox 448 4532 2066 4612">
    <p class='ocr_par' dir='ltr' id='par_1_62' title="bbox 448 4532 2066 4612">
     <span class='ocr_line' id='line_1_62' title="bbox 448 4532 2066 4612; baseline -0.005 -18"><span class='ocrx_word' id='word_1_468' title='bbox 448 4558 484 4593; x_wconf 60' lang='grc' dir='ltr'><strong>ν</strong></span> <span class='ocrx_word' id='word_1_469' title='bbox 515 4536 813 4612; x_wconf 72' lang='lat' dir='ltr'><strong>prmdocti,</strong></span> <span class='ocrx_word' id='word_1_470' title='bbox 834 4537 1039 4591; x_wconf 70' lang='lat' dir='ltr'><strong>saeculo</strong></span> <span class='ocrx_word' id='word_1_471' title='bbox 1085 4532 1497 4588; x_wconf 87' lang='lat' dir='ltr'><strong>abrenuntiare</strong></span> <span class='ocrx_word' id='word_1_472' title='bbox 1531 4532 1808 4600; x_wconf 87' lang='lat' dir='ltr'><strong>volentes,</strong></span> <span class='ocrx_word' id='word_1_473' title='bbox 1846 4532 2066 4587; x_wconf 89' lang='lat' dir='ltr'><strong>cautius</strong></span> 
     </span>
    </p>
   </div>
   <div class='ocr_carea' id='block_1_63' title="bbox 449 4620 2062 4697">
    <p class='ocr_par' dir='ltr' id='par_1_63' title="bbox 449 4620 2062 4697">
     <span class='ocr_line' id='line_1_63' title="bbox 449 4620 2062 4697; baseline -0.007 -16"><span class='ocrx_word' id='word_1_474' title='bbox 449 4645 485 4681; x_wconf 74' lang='grc'>›</span> <span class='ocrx_word' id='word_1_475' title='bbox 506 4626 612 4682; x_wconf 87' lang='lat' dir='ltr'><strong>sibi</strong></span> <span class='ocrx_word' id='word_1_476' title='bbox 637 4625 865 4697; x_wconf 89' lang='lat' dir='ltr'><strong>suisque</strong></span> <span class='ocrx_word' id='word_1_477' title='bbox 886 4624 944 4678; x_wconf 90' lang='lat' dir='ltr'><strong>in</strong></span> <span class='ocrx_word' id='word_1_478' title='bbox 962 4623 1052 4677; x_wconf 91' lang='lat' dir='ltr'><strong>via</strong></span> <span class='ocrx_word' id='word_1_479' title='bbox 1065 4621 1163 4677; x_wconf 89' lang='lat' dir='ltr'><strong>Dei</strong></span> <span class='ocrx_word' id='word_1_480' title='bbox 1185 4620 1581 4687; x_wconf 89' lang='lat' dir='ltr'><strong>sectatoribus,</strong></span> <span class='ocrx_word' id='word_1_481' title='bbox 1597 4621 2062 4687; x_wconf 84' lang='lat' dir='ltr'><strong>consuluerunt,»</strong></span> 
     </span>
    </p>
   </div>
   <div class='ocr_carea' id='block_1_64' title="bbox 454 4707 2064 4775">
    <p class='ocr_par' dir='ltr' id='par_1_64' title="bbox 454 4707 2064 4775">
     <span class='ocr_line' id='line_1_64' title="bbox 454 4707 2064 4775; baseline -0.006 -3"><span class='ocrx_word' id='word_1_482' title='bbox 454 4718 564 4773; x_wconf 90' lang='lat' dir='ltr'><strong>etc.</strong></span> <span class='ocrx_word' id='word_1_483' title='bbox 594 4714 813 4770; x_wconf 86' lang='lat' dir='ltr'><strong>Deinde</strong></span> <span class='ocrx_word' id='word_1_484' title='bbox 862 4713 1047 4767; x_wconf 90' lang='lat' dir='ltr'><strong>multa</strong></span> <span class='ocrx_word' id='word_1_485' title='bbox 1089 4711 1160 4765; x_wconf 91' lang='lat' dir='ltr'><strong>de</strong></span> <span class='ocrx_word' id='word_1_486' title='bbox 1200 4708 1470 4775; x_wconf 82' lang='lat' dir='ltr'><strong>vestibus,</strong></span> <span class='ocrx_word' id='word_1_487' title='bbox 1522 4708 1594 4763; x_wconf 90' lang='lat' dir='ltr'><strong>de</strong></span> <span class='ocrx_word' id='word_1_488' title='bbox 1635 4707 1935 4775; x_wconf 87' lang='lat' dir='ltr'><strong>reditibus,</strong></span> <span class='ocrx_word' id='word_1_489' title='bbox 1992 4708 2064 4763; x_wconf 87' lang='lat' dir='ltr'><strong>de</strong></span> 
     </span>
    </p>
   </div>
   <div class='ocr_carea' id='block_1_65' title="bbox 456 4795 2064 4867">
    <p class='ocr_par' dir='ltr' id='par_1_65' title="bbox 456 4795 2064 4867">
     <span class='ocr_line' id='line_1_65' title="bbox 456 4795 2064 4867; baseline -0.006 -7"><span class='ocrx_word' id='word_1_490' title='bbox 456 4804 715 4860; x_wconf 83' lang='lat' dir='ltr'><strong>moribus</strong></span> <span class='ocrx_word' id='word_1_491' title='bbox 760 4819 824 4857; x_wconf 93' lang='lat' dir='ltr'><strong>ac</strong></span> <span class='ocrx_word' id='word_1_492' title='bbox 858 4800 1084 4856; x_wconf 83' lang='lat' dir='ltr'><strong>statutis</strong></span> <span class='ocrx_word' id='word_1_493' title='bbox 1118 4797 1299 4852; x_wconf 88' lang='lat' dir='ltr'><strong>addit.</strong></span> <span class='ocrx_word' id='word_1_494' title='bbox 1360 4797 1484 4850; x_wconf 67' lang='lat' dir='ltr'><strong>Haec</strong></span> <span class='ocrx_word' id='word_1_495' title='bbox 1529 4799 1615 4850; x_wconf 88' lang='lat' dir='ltr'><strong>est</strong></span> <span class='ocrx_word' id='word_1_496' title='bbox 1652 4795 1773 4867; x_wconf 89' lang='lat' dir='ltr'><strong>ejus</strong></span> <span class='ocrx_word' id='word_1_497' title='bbox 1808 4796 2064 4863; x_wconf 87' lang='lat' dir='ltr'><strong>uberior,</strong></span> 
     </span>
    </p>
   </div>
   <div class='ocr_carea' id='block_1_66' title="bbox 452 4883 2067 4964">
    <p class='ocr_par' dir='ltr' id='par_1_66' title="bbox 452 4883 2067 4964">
     <span class='ocr_line' id='line_1_66' title="bbox 452 4883 2067 4964; baseline -0.007 -15"><span class='ocrx_word' id='word_1_498' title='bbox 452 4893 568 4950; x_wconf 92' lang='lat' dir='ltr'><strong>sive</strong></span> <span class='ocrx_word' id='word_1_499' title='bbox 592 4892 782 4964; x_wconf 88' lang='lat' dir='ltr'><strong>potius</strong></span> <span class='ocrx_word' id='word_1_500' title='bbox 800 4889 1049 4944; x_wconf 88' lang='lat' dir='ltr'><strong>sterilior</strong></span> <span class='ocrx_word' id='word_1_501' title='bbox 1070 4885 1327 4940; x_wconf 88' lang='lat' dir='ltr'><strong>narratio</strong></span> <span class='ocrx_word' id='word_1_502' title='bbox 1356 4885 1427 4939; x_wconf 89' lang='lat' dir='ltr'><strong>de</strong></span> <span class='ocrx_word' id='word_1_503' title='bbox 1458 4883 1622 4938; x_wconf 89' lang='lat' dir='ltr'><strong>initio</strong></span> <span class='ocrx_word' id='word_1_504' title='bbox 1649 4884 1888 4939; x_wconf 91' lang='lat' dir='ltr'><strong>ordinis.</strong></span> <span class='ocrx_word' id='word_1_505' title='bbox 1920 4885 2067 4938; x_wconf 84' lang='lat' dir='ltr'><strong>Nam</strong></span> 
     </span>
    </p>
   </div>
   <div class='ocr_carea' id='block_1_67' title="bbox 452 4972 2069 5049">
    <p class='ocr_par' dir='ltr' id='par_1_67' title="bbox 452 4972 2069 5049">
     <span class='ocr_line' id='line_1_67' title="bbox 452 4972 2069 5049; baseline -0.004 -13"><span class='ocrx_word' id='word_1_506' title='bbox 452 4982 533 5037; x_wconf 90' lang='lat' dir='ltr'><strong>ibi</strong></span> <span class='ocrx_word' id='word_1_507' title='bbox 565 4983 792 5035; x_wconf 89' lang='lat' dir='ltr'><strong>tantum</strong></span> <span class='ocrx_word' id='word_1_508' title='bbox 824 4978 982 5043; x_wconf 88' lang='lat' dir='ltr'><strong>dicit,</strong></span> <span class='ocrx_word' id='word_1_509' title='bbox 1020 4974 1177 5049; x_wconf 88' lang='lat' dir='ltr'><strong>quod</strong></span> <span class='ocrx_word' id='word_1_510' title='bbox 1222 4994 1249 5025; x_wconf 85' lang='lat'><strong>«</strong></span> <span class='ocrx_word' id='word_1_511' title='bbox 1294 4972 1573 5045; x_wconf 88' lang='lat' dir='ltr'><strong>professio</strong></span> <span class='ocrx_word' id='word_1_512' title='bbox 1624 4973 1892 5044; x_wconf 60' lang='lat' dir='ltr'><strong>quaedam</strong></span> <span class='ocrx_word' id='word_1_513' title='bbox 1942 4972 2069 5029; x_wconf 89' lang='lat' dir='ltr'><strong>aliis</strong></span> 
     </span>
    </p>
   </div>
   <div class='ocr_carea' id='block_1_68' title="bbox 453 5060 2069 5131">
    <p class='ocr_par' dir='ltr' id='par_1_68' title="bbox 453 5060 2069 5131">
     <span class='ocr_line' id='line_1_68' title="bbox 453 5060 2069 5131; baseline -0.004 -10"><span class='ocrx_word' id='word_1_514' title='bbox 453 5091 482 5121; x_wconf 83' lang='lat'><strong>»</strong></span> <span class='ocrx_word' id='word_1_515' title='bbox 517 5068 770 5124; x_wconf 88' lang='lat' dir='ltr'><strong>sanctior</strong></span> <span class='ocrx_word' id='word_1_516' title='bbox 793 5066 1056 5121; x_wconf 87' lang='lat' dir='ltr'><strong>instituta</strong></span> <span class='ocrx_word' id='word_1_517' title='bbox 1080 5061 1256 5117; x_wconf 87' lang='lat' dir='ltr'><strong>fuerit</strong></span> <span class='ocrx_word' id='word_1_518' title='bbox 1280 5077 1315 5114; x_wconf 90' lang='lat' dir='ltr'><strong>a</strong></span> <span class='ocrx_word' id='word_1_519' title='bbox 1346 5060 1624 5131; x_wconf 70' lang='lat' dir='ltr'><strong>magistro</strong></span> <span class='ocrx_word' id='word_1_520' title='bbox 1665 5061 1933 5116; x_wconf 88' lang='lat' dir='ltr'><strong>Brunone</strong></span> <span class='ocrx_word' id='word_1_521' title='bbox 1966 5060 2069 5115; x_wconf 88' lang='lat' dir='ltr'><strong>Co-</strong></span> 
     </span>
    </p>
   </div>
   <div class='ocr_carea' id='block_1_69' title="bbox 455 5148 2066 5226">
    <p class='ocr_par' dir='ltr' id='par_1_69' title="bbox 455 5148 2066 5226">
     <span class='ocr_line' id='line_1_69' title="bbox 455 5148 2066 5226; baseline -0.002 -19"><span class='ocrx_word' id='word_1_522' title='bbox 455 5179 484 5208; x_wconf 75' lang='lat'><strong>»</strong></span> <span class='ocrx_word' id='word_1_523' title='bbox 514 5156 1066 5226; x_wconf 87' lang='lat' dir='ltr'><strong>loniensi,magistro</strong></span> <span class='ocrx_word' id='word_1_524' title='bbox 1096 5148 1393 5206; x_wconf 86' lang='lat' dir='ltr'><strong>Lauduino</strong></span> <span class='ocrx_word' id='word_1_525' title='bbox 1413 5148 1606 5202; x_wconf 89' lang='lat' dir='ltr'><strong>Italico</strong></span> <span class='ocrx_word' id='word_1_526' title='bbox 1627 5165 1693 5203; x_wconf 89' lang='lat' dir='ltr'><strong>ac</strong></span> <span class='ocrx_word' id='word_1_527' title='bbox 1719 5148 2066 5220; x_wconf 88' lang='lat' dir='ltr'><strong>quibusdam</strong></span> 
     </span>
    </p>
   </div>
   <div class='ocr_carea' id='block_1_70' title="bbox 454 5236 2067 5315">
    <p class='ocr_par' dir='ltr' id='par_1_70' title="bbox 454 5236 2067 5315">
     <span class='ocr_line' id='line_1_70' title="bbox 454 5236 2067 5315; baseline -0.003 -18"><span class='ocrx_word' id='word_1_528' title='bbox 454 5267 483 5297; x_wconf 82' lang='lat'>»</span> <span class='ocrx_word' id='word_1_529' title='bbox 517 5244 643 5300; x_wconf 91' lang='lat' dir='ltr'><strong>aliis</strong></span> <span class='ocrx_word' id='word_1_530' title='bbox 664 5261 795 5298; x_wconf 89' lang='lat' dir='ltr'><strong>vere</strong></span> <span class='ocrx_word' id='word_1_531' title='bbox 824 5241 1054 5315; x_wconf 86' lang='lat' dir='ltr'><strong>magnis</strong></span> <span class='ocrx_word' id='word_1_532' title='bbox 1087 5239 1431 5295; x_wconf 84' lang='lat' dir='ltr'><strong>Patribus..»</strong></span> <span class='ocrx_word' id='word_1_533' title='bbox 1466 5236 1579 5290; x_wconf 90' lang='lat' dir='ltr'><strong>Sed</strong></span> <span class='ocrx_word' id='word_1_534' title='bbox 1602 5240 1800 5306; x_wconf 91' lang='lat' dir='ltr'><strong>postea</strong></span> <span class='ocrx_word' id='word_1_535' title='bbox 1822 5241 1883 5291; x_wconf 91' lang='lat' dir='ltr'><strong>ut</strong></span> <span class='ocrx_word' id='word_1_536' title='bbox 1908 5241 2067 5293; x_wconf 90' lang='lat' dir='ltr'><strong>recte</strong></span> 
     </span>
    </p>
   </div>
   <div class='ocr_carea' id='block_1_71' title="bbox 454 5323 2068 5396">
    <p class='ocr_par' dir='ltr' id='par_1_71' title="bbox 454 5323 2068 5396">
     <span class='ocr_line' id='line_1_71' title="bbox 454 5323 2068 5396; baseline -0.005 -9"><span class='ocrx_word' id='word_1_537' title='bbox 454 5332 750 5387; x_wconf 75' lang='lat' dir='ltr'><strong>annotavit</strong></span> <span class='ocrx_word' id='word_1_538' title='bbox 786 5330 1091 5394; x_wconf 87' lang='lat' dir='ltr'><strong>Launoius,</strong></span> <span class='ocrx_word' id='word_1_539' title='bbox 1128 5350 1154 5378; x_wconf 87' lang='grc'><em>‹‹</em></span> <span class='ocrx_word' id='word_1_540' title='bbox 1187 5324 1451 5382; x_wconf 90' lang='lat' dir='ltr'><strong>Uberiori</strong></span> <span class='ocrx_word' id='word_1_541' title='bbox 1496 5323 1760 5378; x_wconf 88' lang='lat' dir='ltr'><strong>oratione</strong></span> <span class='ocrx_word' id='word_1_542' title='bbox 1804 5324 2068 5396; x_wconf 84' lang='lat' dir='ltr'><strong>depingit</strong></span> 
     </span>
    </p>
   </div>
   <div class='ocr_carea' id='block_1_72' title="bbox 455 5411 2063 5485">
    <p class='ocr_par' dir='ltr' id='par_1_72' title="bbox 455 5411 2063 5485">
     <span class='ocr_line' id='line_1_72' title="bbox 455 5411 2063 5485; baseline -0.004 -11"><span class='ocrx_word' id='word_1_543' title='bbox 455 5442 484 5470; x_wconf 89' lang='grc'><strong>››</strong></span> <span class='ocrx_word' id='word_1_544' title='bbox 519 5424 731 5474; x_wconf 83' lang='lat' dir='ltr'><strong>statuta</strong></span> <span class='ocrx_word' id='word_1_545' title='bbox 759 5423 817 5473; x_wconf 90' lang='lat' dir='ltr'><strong>et</strong></span> <span class='ocrx_word' id='word_1_546' title='bbox 843 5434 1038 5473; x_wconf 88' lang='lat' dir='ltr'><strong>mores</strong></span> <span class='ocrx_word' id='word_1_547' title='bbox 1065 5415 1302 5470; x_wconf 89' lang='lat' dir='ltr'><strong>ordinis.</strong></span> <span class='ocrx_word' id='word_1_548' title='bbox 1328 5435 1355 5463; x_wconf 86' lang='grc'><strong>››</strong></span> <span class='ocrx_word' id='word_1_549' title='bbox 1393 5411 1491 5467; x_wconf 85' lang='lat' dir='ltr'><strong>Hic</strong></span> <span class='ocrx_word' id='word_1_550' title='bbox 1521 5412 1679 5467; x_wconf 90' lang='lat' dir='ltr'><strong>enim</strong></span> <span class='ocrx_word' id='word_1_551' title='bbox 1703 5415 1830 5466; x_wconf 86' lang='lat' dir='ltr'><strong>erat</strong></span> <span class='ocrx_word' id='word_1_552' title='bbox 1859 5429 2063 5485; x_wconf 90' lang='lat' dir='ltr'><strong>scopus</strong></span> 
     </span>
    </p>
   </div>
   <div class='ocr_carea' id='block_1_73' title="bbox 450 5500 2063 5578">
    <p class='ocr_par' dir='ltr' id='par_1_73' title="bbox 450 5500 2063 5578">
     <span class='ocr_line' id='line_1_73' title="bbox 450 5500 2063 5578; baseline -0.005 -14"><span class='ocrx_word' id='word_1_553' title='bbox 450 5508 621 5575; x_wconf 89' lang='lat' dir='ltr'><strong>illius,</strong></span> <span class='ocrx_word' id='word_1_554' title='bbox 653 5512 715 5562; x_wconf 90' lang='lat' dir='ltr'><strong>ut</strong></span> <span class='ocrx_word' id='word_1_555' title='bbox 738 5506 1032 5578; x_wconf 85' lang='lat' dir='ltr'><strong>sapienter</strong></span> <span class='ocrx_word' id='word_1_556' title='bbox 1053 5503 1281 5559; x_wconf 89' lang='lat' dir='ltr'><strong>monuit</strong></span> <span class='ocrx_word' id='word_1_557' title='bbox 1302 5500 2063 5572; x_wconf 77' lang='lat' dir='ltr'><strong>doctusSausszeius,nempe</strong></span> 
     </span>
    </p>
   </div>
   <div class='ocr_carea' id='block_1_74' title="bbox 441 5588 2065 5669">
    <p class='ocr_par' dir='ltr' id='par_1_74' title="bbox 441 5588 2065 5669">
     <span class='ocr_line' id='line_1_74' title="bbox 441 5588 2065 5669; baseline -0.004 -15"><span class='ocrx_word' id='word_1_558' title='bbox 441 5613 472 5654; x_wconf 74' lang='grc' dir='ltr'><strong><em>ι</em></strong></span> <span class='ocrx_word' id='word_1_559' title='bbox 513 5596 700 5669; x_wconf 81' lang='lat' dir='ltr'><strong>Agere</strong></span> <span class='ocrx_word' id='word_1_560' title='bbox 715 5594 787 5651; x_wconf 88' lang='lat' dir='ltr'><strong>de</strong></span> <span class='ocrx_word' id='word_1_561' title='bbox 801 5592 1070 5652; x_wconf 86' lang='lat' dir='ltr'><strong>instituto</strong></span> <span class='ocrx_word' id='word_1_562' title='bbox 1080 5630 1095 5657; x_wconf 87' lang='lat'><strong>,</strong></span> <span class='ocrx_word' id='word_1_563' title='bbox 1110 5607 1225 5649; x_wconf 88' lang='lat' dir='ltr'><strong>non</strong></span> <span class='ocrx_word' id='word_1_564' title='bbox 1240 5591 1311 5649; x_wconf 86' lang='lat' dir='ltr'><strong>de</strong></span> <span class='ocrx_word' id='word_1_565' title='bbox 1328 5588 1689 5647; x_wconf 87' lang='lat' dir='ltr'><strong>institutione</strong></span> <span class='ocrx_word' id='word_1_566' title='bbox 1703 5588 2065 5648; x_wconf 65' lang='lat' dir='ltr'><strong>Carthusiani</strong></span> 
     </span>
    </p>
   </div>
   <div class='ocr_carea' id='block_1_75' title="bbox 2172 1874 3785 1951">
    <p class='ocr_par' dir='ltr' id='par_1_75' title="bbox 2172 1874 3785 1951">
     <span class='ocr_line' id='line_1_75' title="bbox 2172 1874 3785 1951; baseline 0.004 -22"><span class='ocrx_word' id='word_1_567' title='bbox 2172 1876 2243 1930; x_wconf 92' lang='lat' dir='ltr'><strong>de</strong></span> <span class='ocrx_word' id='word_1_568' title='bbox 2254 1874 2528 1930; x_wconf 89' lang='lat' dir='ltr'><strong>institutis</strong></span> <span class='ocrx_word' id='word_1_569' title='bbox 2542 1875 3034 1931; x_wconf 88' lang='lat' dir='ltr'><strong>Carthusiensibus</strong></span> <span class='ocrx_word' id='word_1_570' title='bbox 3051 1878 3280 1931; x_wconf 91' lang='lat' dir='ltr'><strong>tantum</strong></span> <span class='ocrx_word' id='word_1_571' title='bbox 3305 1878 3462 1949; x_wconf 88' lang='lat' dir='ltr'><strong>loqui</strong></span> <span class='ocrx_word' id='word_1_572' title='bbox 3480 1896 3785 1951; x_wconf 85' lang='lat' dir='ltr'><strong>aggressus</strong></span> 
     </span>
    </p>
   </div>
   <div class='ocr_carea' id='block_1_76' title="bbox 2169 1963 3782 2040">
    <p class='ocr_par' dir='ltr' id='par_1_76' title="bbox 2169 1963 3782 2040">
     <span class='ocr_line' id='line_1_76' title="bbox 2169 1963 3782 2040; baseline 0.004 -22"><span class='ocrx_word' id='word_1_573' title='bbox 2169 1964 2377 2018; x_wconf 86' lang='lat' dir='ltr'><strong>fuerat.</strong></span> <span class='ocrx_word' id='word_1_574' title='bbox 2413 1963 2648 2036; x_wconf 89' lang='lat' dir='ltr'><strong>thuod</strong></span> <span class='ocrx_word' id='word_1_575' title='bbox 2677 1963 2864 2035; x_wconf 86' lang='lat' dir='ltr'><strong>magis</strong></span> <span class='ocrx_word' id='word_1_576' title='bbox 2876 1968 2961 2019; x_wconf 92' lang='lat' dir='ltr'><strong>est</strong></span> <span class='ocrx_word' id='word_1_577' title='bbox 2991 1965 3437 2033; x_wconf 86' lang='lat' dir='ltr'><strong>observandum,</strong></span> <span class='ocrx_word' id='word_1_578' title='bbox 3460 1984 3567 2022; x_wconf 90' lang='lat' dir='ltr'><strong>nec</strong></span> <span class='ocrx_word' id='word_1_579' title='bbox 3596 1967 3782 2040; x_wconf 89' lang='lat' dir='ltr'><strong>ipsam</strong></span> 
     </span>
    </p>
   </div>
   <div class='ocr_carea' id='block_1_77' title="bbox 2173 2051 3782 2128">
    <p class='ocr_par' dir='ltr' id='par_1_77' title="bbox 2173 2051 3782 2128">
     <span class='ocr_line' id='line_1_77' title="bbox 2173 2051 3782 2128; baseline 0.004 -21"><span class='ocrx_word' id='word_1_580' title='bbox 2173 2052 2553 2119; x_wconf 88' lang='lat' dir='ltr'><strong>Carthusiam,</strong></span> <span class='ocrx_word' id='word_1_581' title='bbox 2578 2069 2686 2107; x_wconf 89' lang='lat' dir='ltr'><strong>nec</strong></span> <span class='ocrx_word' id='word_1_582' title='bbox 2712 2051 2899 2124; x_wconf 90' lang='lat' dir='ltr'><strong>ipsum</strong></span> <span class='ocrx_word' id='word_1_583' title='bbox 2936 2052 3225 2122; x_wconf 86' lang='lat' dir='ltr'><strong>ordinem,</strong></span> <span class='ocrx_word' id='word_1_584' title='bbox 3267 2054 3340 2109; x_wconf 89' lang='lat' dir='ltr'><strong>de</strong></span> <span class='ocrx_word' id='word_1_585' title='bbox 3365 2071 3479 2127; x_wconf 91' lang='lat' dir='ltr'><strong>quo</strong></span> <span class='ocrx_word' id='word_1_586' title='bbox 3504 2057 3782 2128; x_wconf 89' lang='lat' dir='ltr'><strong>loqueba-</strong></span> 
     </span>
    </p>
   </div>
   <div class='ocr_carea' id='block_1_78' title="bbox 2170 2140 3780 2216">
    <p class='ocr_par' dir='ltr' id='par_1_78' title="bbox 2170 2140 3780 2216">
     <span class='ocr_line' id='line_1_78' title="bbox 2170 2140 3780 2216; baseline 0.004 -22"><span class='ocrx_word' id='word_1_587' title='bbox 2170 2144 2282 2205; x_wconf 90' lang='lat' dir='ltr'><strong>tur,</strong></span> <span class='ocrx_word' id='word_1_588' title='bbox 2323 2140 2611 2195; x_wconf 88' lang='lat' dir='ltr'><strong>nominat.</strong></span> <span class='ocrx_word' id='word_1_589' title='bbox 2649 2141 2810 2196; x_wconf 90' lang='lat' dir='ltr'><strong>Unde</strong></span> <span class='ocrx_word' id='word_1_590' title='bbox 2836 2141 3086 2197; x_wconf 82' lang='lat' dir='ltr'><strong>dubitari</strong></span> <span class='ocrx_word' id='word_1_591' title='bbox 3116 2144 3327 2214; x_wconf 90' lang='lat' dir='ltr'><strong>posset,</strong></span> <span class='ocrx_word' id='word_1_592' title='bbox 3367 2143 3438 2198; x_wconf 91' lang='lat' dir='ltr'><strong>de</strong></span> <span class='ocrx_word' id='word_1_593' title='bbox 3469 2160 3582 2216; x_wconf 93' lang='lat' dir='ltr'><strong>quo</strong></span> <span class='ocrx_word' id='word_1_594' title='bbox 3605 2146 3780 2201; x_wconf 86' lang='lat' dir='ltr'><strong>verba</strong></span> 
     </span>
    </p>
   </div>
   <div class='ocr_carea' id='block_1_79' title="bbox 2167 2228 3785 2297">
    <p class='ocr_par' dir='ltr' id='par_1_79' title="bbox 2167 2228 3785 2297">
     <span class='ocr_line' id='line_1_79' title="bbox 2167 2228 3785 2297; baseline 0.004 -15"><span class='ocrx_word' id='word_1_595' title='bbox 2167 2228 2361 2297; x_wconf 85' lang='lat' dir='ltr'><strong>faciat,</strong></span> <span class='ocrx_word' id='word_1_596' title='bbox 2406 2228 2516 2284; x_wconf 90' lang='lat' dir='ltr'><strong>nisi</strong></span> <span class='ocrx_word' id='word_1_597' title='bbox 2540 2246 2704 2284; x_wconf 90' lang='lat' dir='ltr'><strong>suam</strong></span> <span class='ocrx_word' id='word_1_598' title='bbox 2770 2230 3166 2286; x_wconf 89' lang='lat' dir='ltr'><strong>narrationem</strong></span> <span class='ocrx_word' id='word_1_599' title='bbox 3204 2230 3303 2286; x_wconf 90' lang='lat' dir='ltr'><strong>tali</strong></span> <span class='ocrx_word' id='word_1_600' title='bbox 3333 2230 3673 2288; x_wconf 81' lang='lat' dir='ltr'><strong>inscriberet</strong></span> <span class='ocrx_word' id='word_1_601' title='bbox 3718 2233 3785 2289; x_wconf 92' lang='lat' dir='ltr'><strong>ti-</strong></span> 
     </span>
    </p>
   </div>
   <div class='ocr_carea' id='block_1_80' title="bbox 2167 2316 3778 2377">
    <p class='ocr_par' dir='ltr' id='par_1_80' title="bbox 2167 2316 3778 2377">
     <span class='ocr_line' id='line_1_80' title="bbox 2167 2316 3778 2377; baseline 0.002 -6"><span class='ocrx_word' id='word_1_602' title='bbox 2167 2318 2323 2372; x_wconf 89' lang='lat' dir='ltr'><strong>tulo:</strong></span> <span class='ocrx_word' id='word_1_603' title='bbox 2352 2339 2380 2368; x_wconf 79' lang='grc' dir='ltr'><strong>α</strong></span> <span class='ocrx_word' id='word_1_604' title='bbox 2410 2319 2490 2373; x_wconf 91' lang='lat' dir='ltr'><strong>De</strong></span> <span class='ocrx_word' id='word_1_605' title='bbox 2507 2316 2780 2373; x_wconf 89' lang='lat' dir='ltr'><strong>institutis</strong></span> <span class='ocrx_word' id='word_1_606' title='bbox 2793 2317 3280 2374; x_wconf 89' lang='lat' dir='ltr'><strong>Carthusiensium</strong></span> <span class='ocrx_word' id='word_1_607' title='bbox 3297 2321 3778 2377; x_wconf 78' lang='lat' dir='ltr'><strong>monachorum.»</strong></span> 
     </span>
    </p>
   </div>
   <div class='ocr_carea' id='block_1_81' title="bbox 2167 2406 3783 2483">
    <p class='ocr_par' dir='ltr' id='par_1_81' title="bbox 2167 2406 3783 2483">
     <span class='ocr_line' id='line_1_81' title="bbox 2167 2406 3783 2483; baseline 0.004 -23"><span class='ocrx_word' id='word_1_608' title='bbox 2167 2407 2290 2461; x_wconf 86' lang='lat' dir='ltr'><strong>Non</strong></span> <span class='ocrx_word' id='word_1_609' title='bbox 2304 2409 2389 2463; x_wconf 89' lang='lat' dir='ltr'><strong>est</strong></span> <span class='ocrx_word' id='word_1_610' title='bbox 2409 2406 2926 2478; x_wconf 88' lang='lat' dir='ltr'><strong>igiturirridendus</strong></span> <span class='ocrx_word' id='word_1_611' title='bbox 2954 2424 2988 2462; x_wconf 94' lang='lat' dir='ltr'><strong>a</strong></span> <span class='ocrx_word' id='word_1_612' title='bbox 3015 2408 3268 2464; x_wconf 83' lang='lat' dir='ltr'><strong>Launoio</strong></span> <span class='ocrx_word' id='word_1_613' title='bbox 3287 2408 3783 2483; x_wconf 73' lang='lat' dir='ltr'><strong>Saussmius,quod</strong></span> 
     </span>
    </p>
   </div>
   <div class='ocr_carea' id='block_1_82' title="bbox 2168 2494 3369 2552">
    <p class='ocr_par' dir='ltr' id='par_1_82' title="bbox 2168 2494 3369 2552">
     <span class='ocr_line' id='line_1_82' title="bbox 2168 2494 3369 2552; baseline 0.002 -3"><span class='ocrx_word' id='word_1_614' title='bbox 2168 2494 2492 2550; x_wconf 83' lang='lat' dir='ltr'><strong>distinxerit</strong></span> <span class='ocrx_word' id='word_1_615' title='bbox 2520 2494 2949 2551; x_wconf 88' lang='lat' dir='ltr'><strong>institutionem</strong></span> <span class='ocrx_word' id='word_1_616' title='bbox 2978 2495 3051 2551; x_wconf 89' lang='lat' dir='ltr'><strong>ab</strong></span> <span class='ocrx_word' id='word_1_617' title='bbox 3073 2495 3369 2552; x_wconf 73' lang='lat' dir='ltr'><strong>institutis.</strong></span> 
     </span>
    </p>
   </div>
   <div class='ocr_carea' id='block_1_83' title="bbox 2238 2583 3778 2658">
    <p class='ocr_par' dir='ltr' id='par_1_83' title="bbox 2238 2583 3778 2658">
     <span class='ocr_line' id='line_1_83' title="bbox 2238 2583 3778 2658; baseline 0.002 -19"><span class='ocrx_word' id='word_1_618' title='bbox 2238 2583 2588 2639; x_wconf 80' lang='lat' dir='ltr'><strong>290.«Ad1v.</strong></span> <span class='ocrx_word' id='word_1_619' title='bbox 2616 2585 2978 2655; x_wconf 86' lang='lat' dir='ltr'><strong>Ignoramus,</strong></span> <span class='ocrx_word' id='word_1_620' title='bbox 3004 2584 3144 2656; x_wconf 90' lang='lat' dir='ltr'><strong>quid</strong></span> <span class='ocrx_word' id='word_1_621' title='bbox 3169 2585 3275 2640; x_wconf 90' lang='lat' dir='ltr'><strong>sibi</strong></span> <span class='ocrx_word' id='word_1_622' title='bbox 3302 2585 3438 2641; x_wconf 90' lang='lat' dir='ltr'><strong>velit</strong></span> <span class='ocrx_word' id='word_1_623' title='bbox 3455 2585 3778 2658; x_wconf 57' lang='lat' dir='ltr'><strong>,Launoius,</strong></span> 
     </span>
    </p>
   </div>
   <div class='ocr_carea' id='block_1_84' title="bbox 2166 2671 3780 2745">
    <p class='ocr_par' dir='ltr' id='par_1_84' title="bbox 2166 2671 3780 2745">
     <span class='ocr_line' id='line_1_84' title="bbox 2166 2671 3780 2745; baseline 0.004 -19"><span class='ocrx_word' id='word_1_624' title='bbox 2166 2672 2306 2727; x_wconf 91' lang='lat' dir='ltr'><strong>dum</strong></span> <span class='ocrx_word' id='word_1_625' title='bbox 2336 2673 2572 2727; x_wconf 89' lang='lat' dir='ltr'><strong>Petrum</strong></span> <span class='ocrx_word' id='word_1_626' title='bbox 2607 2671 3043 2728; x_wconf 90' lang='lat' dir='ltr'><strong>Cluniacensem</strong></span> <span class='ocrx_word' id='word_1_627' title='bbox 3071 2672 3363 2741; x_wconf 88' lang='lat' dir='ltr'><strong>describit,</strong></span> <span class='ocrx_word' id='word_1_628' title='bbox 3400 2698 3428 2726; x_wconf 84' lang='lat'><strong>«</strong></span> <span class='ocrx_word' id='word_1_629' title='bbox 3451 2676 3780 2745; x_wconf 87' lang='lat' dir='ltr'><strong>Delentem,</strong></span> 
     </span>
    </p>
   </div>
   <div class='ocr_carea' id='block_1_85' title="bbox 2166 2760 3780 2862">
    <p class='ocr_par' dir='ltr' id='par_1_85' title="bbox 2166 2760 3780 2862">
     <span class='ocr_line' id='line_1_85' title="bbox 2166 2760 3780 2862; baseline 0.006 -52"><span class='ocrx_word' id='word_1_630' title='bbox 2166 2782 2195 2810; x_wconf 84' lang='grc'><strong>››</strong></span> <span class='ocrx_word' id='word_1_631' title='bbox 2228 2760 2382 2833; x_wconf 84' lang='lat' dir='ltr'><strong>quod</strong></span> <span class='ocrx_word' id='word_1_632' title='bbox 2402 2761 2569 2833; x_wconf 90' lang='lat' dir='ltr'><strong>plura</strong></span> <span class='ocrx_word' id='word_1_633' title='bbox 2600 2777 2718 2816; x_wconf 90' lang='lat' dir='ltr'><strong>non</strong></span> <span class='ocrx_word' id='word_1_634' title='bbox 2745 2763 2925 2832; x_wconf 85' lang='lat' dir='ltr'><strong>possit</strong></span> <span class='ocrx_word' id='word_1_635' title='bbox 2951 2760 3169 2816; x_wconf 89' lang='lat' dir='ltr'><strong>referre</strong></span> <span class='ocrx_word' id='word_1_636' title='bbox 3212 2761 3515 2862; x_wconf 51' lang='lat' dir='ltr'><strong>miracula,</strong></span> <span class='ocrx_word' id='word_1_637' title='bbox 3545 2780 3675 2835; x_wconf 72' lang='lat' dir='ltr'><strong>quae</strong></span> <span class='ocrx_word' id='word_1_638' title='bbox 3704 2765 3780 2820; x_wconf 90' lang='lat' dir='ltr'><strong>ad</strong></span> 
     </span>
    </p>
   </div>
   <div class='ocr_carea' id='block_1_86' title="bbox 2165 2848 3781 2925">
    <p class='ocr_par' dir='ltr' id='par_1_86' title="bbox 2165 2848 3781 2925">
     <span class='ocr_line' id='line_1_86' title="bbox 2165 2848 3781 2925; baseline 0.006 -27"><span class='ocrx_word' id='word_1_639' title='bbox 2165 2870 2196 2899; x_wconf 83' lang='grc'><strong>››</strong></span> <span class='ocrx_word' id='word_1_640' title='bbox 2229 2848 2691 2904; x_wconf 84' lang='lat' dir='ltr'><strong>amantissimum</strong></span> <span class='ocrx_word' id='word_1_641' title='bbox 2709 2849 2817 2903; x_wconf 89' lang='lat' dir='ltr'><strong>sibi</strong></span> <span class='ocrx_word' id='word_1_642' title='bbox 2834 2848 3355 2906; x_wconf 63' lang='lat' dir='ltr'><strong>Carthusianorum&#39;</strong></span> <span class='ocrx_word' id='word_1_643' title='bbox 3374 2850 3642 2907; x_wconf 90' lang='lat' dir='ltr'><strong>ordinem</strong></span> <span class='ocrx_word' id='word_1_644' title='bbox 3656 2869 3781 2925; x_wconf 88' lang='lat' dir='ltr'><strong>spe-</strong></span> 
     </span>
    </p>
   </div>
   <div class='ocr_carea' id='block_1_87' title="bbox 2166 2936 3779 3010">
    <p class='ocr_par' dir='ltr' id='par_1_87' title="bbox 2166 2936 3779 3010">
     <span class='ocr_line' id='line_1_87' title="bbox 2166 2936 3779 3010; baseline 0.004 -19"><span class='ocrx_word' id='word_1_645' title='bbox 2166 2958 2195 2987; x_wconf 85' lang='lat'>»</span> <span class='ocrx_word' id='word_1_646' title='bbox 2225 2939 2400 2992; x_wconf 91' lang='lat' dir='ltr'><strong>ctent.</strong></span> <span class='ocrx_word' id='word_1_647' title='bbox 2434 2958 2463 2987; x_wconf 88' lang='grc'><strong>››</strong></span> <span class='ocrx_word' id='word_1_648' title='bbox 2495 2936 2554 2992; x_wconf 91' lang='lat' dir='ltr'><strong>Si</strong></span> <span class='ocrx_word' id='word_1_649' title='bbox 2581 2936 2961 2993; x_wconf 89' lang='lat' dir='ltr'><strong>nihilominus</strong></span> <span class='ocrx_word' id='word_1_650' title='bbox 2980 2938 3237 2993; x_wconf 88' lang='lat' dir='ltr'><strong>divinare</strong></span> <span class='ocrx_word' id='word_1_651' title='bbox 3279 2939 3432 3005; x_wconf 90' lang='lat' dir='ltr'><strong>licet,</strong></span> <span class='ocrx_word' id='word_1_652' title='bbox 3466 2940 3779 3010; x_wconf 88' lang='lat' dir='ltr'><strong>credimus,</strong></span> 
     </span>
    </p>
   </div>
   <div class='ocr_carea' id='block_1_88' title="bbox 2167 3025 3776 3097">
    <p class='ocr_par' dir='ltr' id='par_1_88' title="bbox 2167 3025 3776 3097">
     <span class='ocr_line' id='line_1_88' title="bbox 2167 3025 3776 3097; baseline 0.004 -17"><span class='ocrx_word' id='word_1_653' title='bbox 2167 3042 2300 3080; x_wconf 91' lang='lat' dir='ltr'><strong>eum</strong></span> <span class='ocrx_word' id='word_1_654' title='bbox 2344 3025 2433 3080; x_wconf 91' lang='lat' dir='ltr'><strong>his</strong></span> <span class='ocrx_word' id='word_1_655' title='bbox 2474 3025 2659 3081; x_wconf 90' lang='lat' dir='ltr'><strong>verbis</strong></span> <span class='ocrx_word' id='word_1_656' title='bbox 2707 3025 3023 3097; x_wconf 87' lang='lat' dir='ltr'><strong>ingeniosis</strong></span> <span class='ocrx_word' id='word_1_657' title='bbox 3058 3026 3342 3082; x_wconf 90' lang='lat' dir='ltr'><strong>subtiliter</strong></span> <span class='ocrx_word' id='word_1_658' title='bbox 3392 3027 3632 3084; x_wconf 88' lang='lat' dir='ltr'><strong>voluisse</strong></span> <span class='ocrx_word' id='word_1_659' title='bbox 3674 3030 3776 3086; x_wconf 88' lang='lat' dir='ltr'><strong>de-</strong></span> 
     </span>
    </p>
   </div>
   <div class='ocr_carea' id='block_1_89' title="bbox 2166 3113 3781 3195">
    <p class='ocr_par' dir='ltr' id='par_1_89' title="bbox 2166 3113 3781 3195">
     <span class='ocr_line' id='line_1_89' title="bbox 2166 3113 3781 3195; baseline 0.003 -26"><span class='ocrx_word' id='word_1_660' title='bbox 2166 3114 2383 3170; x_wconf 89' lang='lat' dir='ltr'><strong>clinare</strong></span> <span class='ocrx_word' id='word_1_661' title='bbox 2438 3113 2827 3195; x_wconf 90' lang='lat' dir='ltr'><strong>objectionem</strong></span> <span class='ocrx_word' id='word_1_662' title='bbox 2883 3113 2989 3169; x_wconf 88' lang='lat' dir='ltr'><strong>sibi</strong></span> <span class='ocrx_word' id='word_1_663' title='bbox 3044 3130 3114 3170; x_wconf 86' lang='lat' dir='ltr'><strong>ex</strong></span> <span class='ocrx_word' id='word_1_664' title='bbox 3180 3114 3368 3170; x_wconf 90' lang='lat' dir='ltr'><strong>verbis</strong></span> <span class='ocrx_word' id='word_1_665' title='bbox 3430 3117 3781 3174; x_wconf 88' lang='lat' dir='ltr'><strong>venerabilis</strong></span> 
     </span>
    </p>
   </div>
   <div class='ocr_carea' id='block_1_90' title="bbox 2166 3202 3778 3277">
    <p class='ocr_par' dir='ltr' id='par_1_90' title="bbox 2166 3202 3778 3277">
     <span class='ocr_line' id='line_1_90' title="bbox 2166 3202 3778 3277; baseline 0.002 -18"><span class='ocrx_word' id='word_1_666' title='bbox 2166 3203 2390 3259; x_wconf 89' lang='lat' dir='ltr'><strong>abbatis</strong></span> <span class='ocrx_word' id='word_1_667' title='bbox 2418 3203 2769 3270; x_wconf 85' lang='lat' dir='ltr'><strong>faciendam,</strong></span> <span class='ocrx_word' id='word_1_668' title='bbox 2813 3202 2974 3274; x_wconf 67' lang='lat' dir='ltr'><strong>cuius</strong></span> <span class='ocrx_word' id='word_1_669' title='bbox 3001 3202 3053 3258; x_wconf 91' lang='lat' dir='ltr'><strong>vi</strong></span> <span class='ocrx_word' id='word_1_670' title='bbox 3079 3220 3284 3259; x_wconf 89' lang='lat' dir='ltr'><strong>omnes</strong></span> <span class='ocrx_word' id='word_1_671' title='bbox 3310 3206 3778 3277; x_wconf 88' lang='lat' dir='ltr'><strong>consequentias,</strong></span> 
     </span>
    </p>
   </div>
   <div class='ocr_carea' id='block_1_91' title="bbox 2165 3290 3777 3368">
    <p class='ocr_par' dir='ltr' id='par_1_91' title="bbox 2165 3290 3777 3368">
     <span class='ocr_line' id='line_1_91' title="bbox 2165 3290 3777 3368; baseline 0.002 -22"><span class='ocrx_word' id='word_1_672' title='bbox 2165 3309 2307 3364; x_wconf 85' lang='lat' dir='ltr'><strong>quas</strong></span> <span class='ocrx_word' id='word_1_673' title='bbox 2334 3309 2403 3347; x_wconf 87' lang='lat' dir='ltr'><strong>ex</strong></span> <span class='ocrx_word' id='word_1_674' title='bbox 2428 3290 2654 3347; x_wconf 88' lang='lat' dir='ltr'><strong>silentio</strong></span> <span class='ocrx_word' id='word_1_675' title='bbox 2681 3292 2804 3364; x_wconf 89' lang='lat' dir='ltr'><strong>ejus</strong></span> <span class='ocrx_word' id='word_1_676' title='bbox 2830 3291 3005 3359; x_wconf 89' lang='lat' dir='ltr'><strong>ducit,</strong></span> <span class='ocrx_word' id='word_1_677' title='bbox 3023 3291 3252 3364; x_wconf 90' lang='lat' dir='ltr'><strong>penitus</strong></span> <span class='ocrx_word' id='word_1_678' title='bbox 3276 3295 3607 3349; x_wconf 88' lang='lat' dir='ltr'><strong>corruturas</strong></span> <span class='ocrx_word' id='word_1_679' title='bbox 3627 3311 3777 3368; x_wconf 68' lang='lat' dir='ltr'><strong>prae-</strong></span> 
     </span>
    </p>
   </div>
   <div class='ocr_carea' id='block_1_92' title="bbox 2162 3379 3781 3454">
    <p class='ocr_par' dir='ltr' id='par_1_92' title="bbox 2162 3379 3781 3454">
     <span class='ocr_line' id='line_1_92' title="bbox 2162 3379 3781 3454; baseline 0.005 -23"><span class='ocrx_word' id='word_1_680' title='bbox 2162 3379 2415 3435; x_wconf 90' lang='lat' dir='ltr'><strong>videbat.</strong></span> <span class='ocrx_word' id='word_1_681' title='bbox 2450 3380 2595 3435; x_wconf 85' lang='lat' dir='ltr'><strong>Nam</strong></span> <span class='ocrx_word' id='word_1_682' title='bbox 2620 3395 2727 3450; x_wconf 89' lang='lat' dir='ltr'><strong>per</strong></span> <span class='ocrx_word' id='word_1_683' title='bbox 2759 3380 2884 3435; x_wconf 66' lang='lat' dir='ltr'><strong>haec</strong></span> <span class='ocrx_word' id='word_1_684' title='bbox 2917 3380 3092 3435; x_wconf 89' lang='lat' dir='ltr'><strong>verba</strong></span> <span class='ocrx_word' id='word_1_685' title='bbox 3125 3380 3411 3451; x_wconf 89' lang='lat' dir='ltr'><strong>signiﬁcat</strong></span> <span class='ocrx_word' id='word_1_686' title='bbox 3439 3382 3569 3454; x_wconf 87' lang='lat' dir='ltr'><strong>pius</strong></span> <span class='ocrx_word' id='word_1_687' title='bbox 3598 3384 3781 3439; x_wconf 86' lang='lat' dir='ltr'><strong>abbas</strong></span> 
     </span>
    </p>
   </div>
   <div class='ocr_carea' id='block_1_93' title="bbox 2162 3467 3777 3540">
    <p class='ocr_par' dir='ltr' id='par_1_93' title="bbox 2162 3467 3777 3540">
     <span class='ocr_line' id='line_1_93' title="bbox 2162 3467 3777 3540; baseline 0.002 -17"><span class='ocrx_word' id='word_1_688' title='bbox 2162 3468 2275 3523; x_wconf 86' lang='lat' dir='ltr'><strong>alia</strong></span> <span class='ocrx_word' id='word_1_689' title='bbox 2300 3468 2538 3540; x_wconf 91' lang='lat' dir='ltr'><strong>quidem</strong></span> <span class='ocrx_word' id='word_1_690' title='bbox 2571 3467 2852 3524; x_wconf 91' lang='lat' dir='ltr'><strong>miracula</strong></span> <span class='ocrx_word' id='word_1_691' title='bbox 2879 3468 2940 3523; x_wconf 92' lang='lat' dir='ltr'><strong>in</strong></span> <span class='ocrx_word' id='word_1_692' title='bbox 2962 3468 3168 3524; x_wconf 87' lang='lat' dir='ltr'><strong>ordine</strong></span> <span class='ocrx_word' id='word_1_693' title='bbox 3192 3468 3582 3526; x_wconf 88' lang='lat' dir='ltr'><strong>Carthusiensi</strong></span> <span class='ocrx_word' id='word_1_694' title='bbox 3598 3471 3777 3528; x_wconf 87' lang='lat' dir='ltr'><strong>fuisse</strong></span> 
     </span>
    </p>
   </div>
   <div class='ocr_carea' id='block_1_94' title="bbox 2161 3555 3780 3632">
    <p class='ocr_par' dir='ltr' id='par_1_94' title="bbox 2161 3555 3780 3632">
     <span class='ocr_line' id='line_1_94' title="bbox 2161 3555 3780 3632; baseline 0.002 -21"><span class='ocrx_word' id='word_1_695' title='bbox 2161 3557 2515 3628; x_wconf 88' lang='lat' dir='ltr'><strong>patrata,sed</strong></span> <span class='ocrx_word' id='word_1_696' title='bbox 2557 3557 2758 3612; x_wconf 92' lang='lat' dir='ltr'><strong>dolore</strong></span> <span class='ocrx_word' id='word_1_697' title='bbox 2795 3573 2855 3612; x_wconf 89' lang='lat' dir='ltr'><strong>se</strong></span> <span class='ocrx_word' id='word_1_698' title='bbox 2886 3555 3060 3620; x_wconf 85' lang='lat' dir='ltr'><strong>afﬁci,</strong></span> <span class='ocrx_word' id='word_1_699' title='bbox 3115 3556 3271 3629; x_wconf 91' lang='lat' dir='ltr'><strong>quod</strong></span> <span class='ocrx_word' id='word_1_700' title='bbox 3327 3574 3397 3613; x_wconf 90' lang='lat' dir='ltr'><strong>ea</strong></span> <span class='ocrx_word' id='word_1_701' title='bbox 3445 3576 3563 3615; x_wconf 91' lang='lat' dir='ltr'><strong>non</strong></span> <span class='ocrx_word' id='word_1_702' title='bbox 3596 3559 3780 3632; x_wconf 87' lang='lat' dir='ltr'><strong>possit</strong></span> 
     </span>
    </p>
   </div>
   <div class='ocr_carea' id='block_1_95' title="bbox 2161 3643 3774 3717">
    <p class='ocr_par' dir='ltr' id='par_1_95' title="bbox 2161 3643 3774 3717">
     <span class='ocr_line' id='line_1_95' title="bbox 2161 3643 3774 3717; baseline 0.003 -18"><span class='ocrx_word' id='word_1_703' title='bbox 2161 3645 2400 3702; x_wconf 88' lang='lat' dir='ltr'><strong>referre.</strong></span> <span class='ocrx_word' id='word_1_704' title='bbox 2423 3644 2745 3717; x_wconf 89' lang='lat' dir='ltr'><strong>Statimque</strong></span> <span class='ocrx_word' id='word_1_705' title='bbox 2783 3661 3017 3700; x_wconf 85' lang='lat' dir='ltr'><strong>causam</strong></span> <span class='ocrx_word' id='word_1_706' title='bbox 3050 3643 3134 3699; x_wconf 87' lang='lat' dir='ltr'><strong>sui</strong></span> <span class='ocrx_word' id='word_1_707' title='bbox 3164 3644 3380 3702; x_wconf 89' lang='lat' dir='ltr'><strong>doloris</strong></span> <span class='ocrx_word' id='word_1_708' title='bbox 3409 3648 3562 3702; x_wconf 90' lang='lat' dir='ltr'><strong>hanc</strong></span> <span class='ocrx_word' id='word_1_709' title='bbox 3596 3647 3774 3704; x_wconf 88' lang='lat' dir='ltr'><strong>fuisse</strong></span> 
     </span>
    </p>
   </div>
   <div class='ocr_carea' id='block_1_96' title="bbox 2161 3732 3777 3808">
    <p class='ocr_par' dir='ltr' id='par_1_96' title="bbox 2161 3732 3777 3808">
     <span class='ocr_line' id='line_1_96' title="bbox 2161 3732 3777 3808; baseline 0.002 -19"><span class='ocrx_word' id='word_1_710' title='bbox 2161 3736 2391 3789; x_wconf 89' lang='lat' dir='ltr'><strong>sanctus</strong></span> <span class='ocrx_word' id='word_1_711' title='bbox 2418 3734 2506 3789; x_wconf 90' lang='lat' dir='ltr'><strong>vir</strong></span> <span class='ocrx_word' id='word_1_712' title='bbox 2525 3732 2791 3788; x_wconf 87' lang='lat' dir='ltr'><strong>enuntiat</strong></span> <span class='ocrx_word' id='word_1_713' title='bbox 2816 3733 2905 3788; x_wconf 92' lang='lat' dir='ltr'><strong>his</strong></span> <span class='ocrx_word' id='word_1_714' title='bbox 2935 3732 3258 3804; x_wconf 87' lang='lat' dir='ltr'><strong>verbisjam</strong></span> <span class='ocrx_word' id='word_1_715' title='bbox 3287 3734 3548 3807; x_wconf 80' lang='lat' dir='ltr'><strong>superius</strong></span> <span class='ocrx_word' id='word_1_716' title='bbox 3570 3737 3777 3808; x_wconf 62' lang='lat' dir='ltr'><strong>praeci-</strong></span> 
     </span>
    </p>
   </div>
   <div class='ocr_carea' id='block_1_97' title="bbox 2163 3821 3783 3893">
    <p class='ocr_par' dir='ltr' id='par_1_97' title="bbox 2163 3821 3783 3893">
     <span class='ocr_line' id='line_1_97' title="bbox 2163 3821 3783 3893; baseline 0.002 -16"><span class='ocrx_word' id='word_1_717' title='bbox 2163 3822 2317 3890; x_wconf 84' lang='lat' dir='ltr'><strong>tatis,</strong></span> <span class='ocrx_word' id='word_1_718' title='bbox 2369 3822 2493 3890; x_wconf 90' lang='lat' dir='ltr'><strong>sed,</strong></span> <span class='ocrx_word' id='word_1_719' title='bbox 2559 3821 2652 3877; x_wconf 89' lang='lat' dir='ltr'><strong>hic</strong></span> <span class='ocrx_word' id='word_1_720' title='bbox 2716 3822 3038 3877; x_wconf 87' lang='lat' dir='ltr'><strong>necessario</strong></span> <span class='ocrx_word' id='word_1_721' title='bbox 3086 3822 3466 3893; x_wconf 89' lang='lat' dir='ltr'><strong>repetendis:</strong></span> <span class='ocrx_word' id='word_1_722' title='bbox 3526 3846 3555 3874; x_wconf 75' lang='grc' dir='ltr'><strong>«ι</strong></span> <span class='ocrx_word' id='word_1_723' title='bbox 3607 3825 3783 3881; x_wconf 85' lang='lat' dir='ltr'><strong>Multa</strong></span> 
     </span>
    </p>
   </div>
   <div class='ocr_carea' id='block_1_98' title="bbox 2163 3908 3782 3984">
    <p class='ocr_par' dir='ltr' id='par_1_98' title="bbox 2163 3908 3782 3984">
     <span class='ocr_line' id='line_1_98' title="bbox 2163 3908 3782 3984; baseline 0.006 -24"><span class='ocrx_word' id='word_1_724' title='bbox 2163 3931 2192 3961; x_wconf 85' lang='lat'>»</span> <span class='ocrx_word' id='word_1_725' title='bbox 2229 3910 2488 3984; x_wconf 87' lang='lat' dir='ltr'><strong>quidem,</strong></span> <span class='ocrx_word' id='word_1_726' title='bbox 2516 3930 2544 3959; x_wconf 88' lang='grc'><strong>››</strong></span> <span class='ocrx_word' id='word_1_727' title='bbox 2569 3908 2778 3983; x_wconf 89' lang='lat' dir='ltr'><strong>inquit,</strong></span> <span class='ocrx_word' id='word_1_728' title='bbox 2810 3932 2840 3961; x_wconf 68' lang='grc' dir='ltr'><strong>(ί</strong></span> <span class='ocrx_word' id='word_1_729' title='bbox 2870 3909 2930 3965; x_wconf 92' lang='lat' dir='ltr'><strong>in</strong></span> <span class='ocrx_word' id='word_1_730' title='bbox 2953 3909 3049 3965; x_wconf 90' lang='lat' dir='ltr'><strong>illo</strong></span> <span class='ocrx_word' id='word_1_731' title='bbox 3074 3927 3235 3965; x_wconf 91' lang='lat' dir='ltr'><strong>sacro</strong></span> <span class='ocrx_word' id='word_1_732' title='bbox 3269 3910 3475 3967; x_wconf 89' lang='lat' dir='ltr'><strong>ordine</strong></span> <span class='ocrx_word' id='word_1_733' title='bbox 3492 3912 3782 3970; x_wconf 84' lang='lat' dir='ltr'><strong>miracula</strong></span> 
     </span>
    </p>
   </div>
   <div class='ocr_carea' id='block_1_99' title="bbox 2163 3998 3779 4075">
    <p class='ocr_par' dir='ltr' id='par_1_99' title="bbox 2163 3998 3779 4075">
     <span class='ocr_line' id='line_1_99' title="bbox 2163 3998 3779 4075; baseline 0.006 -26"><span class='ocrx_word' id='word_1_734' title='bbox 2163 4019 2193 4049; x_wconf 73' lang='grc' dir='ltr'><strong>»ι</strong></span> <span class='ocrx_word' id='word_1_735' title='bbox 2228 3999 2557 4071; x_wconf 87' lang='lat' dir='ltr'><strong>contigisse,</strong></span> <span class='ocrx_word' id='word_1_736' title='bbox 2575 4015 2610 4053; x_wconf 90' lang='lat' dir='ltr'><strong>a</strong></span> <span class='ocrx_word' id='word_1_737' title='bbox 2633 3998 2894 4071; x_wconf 89' lang='lat' dir='ltr'><strong>pluribus</strong></span> <span class='ocrx_word' id='word_1_738' title='bbox 2923 3998 3148 4070; x_wconf 88' lang='lat' dir='ltr'><strong>accepi;</strong></span> <span class='ocrx_word' id='word_1_739' title='bbox 3168 3998 3269 4054; x_wconf 92' lang='lat' dir='ltr'><strong>sed</strong></span> <span class='ocrx_word' id='word_1_740' title='bbox 3289 3999 3426 4072; x_wconf 86' lang='lat' dir='ltr'><strong>quia</strong></span> <span class='ocrx_word' id='word_1_741' title='bbox 3448 4000 3555 4075; x_wconf 89' lang='lat' dir='ltr'><strong>ipsi</strong></span> <span class='ocrx_word' id='word_1_742' title='bbox 3584 4001 3779 4058; x_wconf 89' lang='lat' dir='ltr'><strong>humi-</strong></span> 
     </span>
    </p>
   </div>
   <div class='ocr_carea' id='block_1_100' title="bbox 2164 4086 3783 4163">
    <p class='ocr_par' dir='ltr' id='par_1_100' title="bbox 2164 4086 3783 4163">
     <span class='ocr_line' id='line_1_100' title="bbox 2164 4086 3783 4163; baseline 0.005 -25"><span class='ocrx_word' id='word_1_743' title='bbox 2164 4108 2193 4138; x_wconf 83' lang='lat'><strong>»</strong></span> <span class='ocrx_word' id='word_1_744' title='bbox 2215 4087 2394 4143; x_wconf 89' lang='lat' dir='ltr'><strong>litatis</strong></span> <span class='ocrx_word' id='word_1_745' title='bbox 2411 4087 2763 4160; x_wconf 88' lang='lat' dir='ltr'><strong>virtute,qua</strong></span> <span class='ocrx_word' id='word_1_746' title='bbox 2775 4102 3006 4161; x_wconf 89' lang='lat' dir='ltr'><strong>semper</strong></span> <span class='ocrx_word' id='word_1_747' title='bbox 3022 4086 3170 4142; x_wconf 88' lang='lat' dir='ltr'><strong>servi</strong></span> <span class='ocrx_word' id='word_1_748' title='bbox 3191 4086 3290 4143; x_wconf 89' lang='lat' dir='ltr'><strong>Dei</strong></span> <span class='ocrx_word' id='word_1_749' title='bbox 3321 4087 3591 4145; x_wconf 90' lang='lat' dir='ltr'><strong>miranda</strong></span> <span class='ocrx_word' id='word_1_750' title='bbox 3602 4106 3783 4163; x_wconf 82' lang='lat' dir='ltr'><strong>Opera</strong></span> 
     </span>
    </p>
   </div>
   <div class='ocr_carea' id='block_1_101' title="bbox 2164 4175 3781 4251">
    <p class='ocr_par' dir='ltr' id='par_1_101' title="bbox 2164 4175 3781 4251">
     <span class='ocr_line' id='line_1_101' title="bbox 2164 4175 3781 4251; baseline 0.006 -24"><span class='ocrx_word' id='word_1_751' title='bbox 2164 4197 2193 4227; x_wconf 87' lang='lat'><strong>»</strong></span> <span class='ocrx_word' id='word_1_752' title='bbox 2226 4193 2349 4244; x_wconf 89' lang='lat' dir='ltr'><strong>sua,</strong></span> <span class='ocrx_word' id='word_1_753' title='bbox 2378 4179 2595 4249; x_wconf 90' lang='lat' dir='ltr'><strong>quanto</strong></span> <span class='ocrx_word' id='word_1_754' title='bbox 2626 4177 2865 4247; x_wconf 89' lang='lat' dir='ltr'><strong>possunt</strong></span> <span class='ocrx_word' id='word_1_755' title='bbox 2901 4175 3049 4242; x_wconf 90' lang='lat' dir='ltr'><strong>nisu,</strong></span> <span class='ocrx_word' id='word_1_756' title='bbox 3092 4176 3403 4244; x_wconf 88' lang='lat' dir='ltr'><strong>occultant,</strong></span> <span class='ocrx_word' id='word_1_757' title='bbox 3433 4175 3523 4233; x_wconf 89' lang='lat' dir='ltr'><strong>vix</strong></span> <span class='ocrx_word' id='word_1_758' title='bbox 3562 4177 3781 4251; x_wconf 88' lang='lat' dir='ltr'><strong>aliquid</strong></span> 
     </span>
    </p>
   </div>
   <div class='ocr_carea' id='block_1_102' title="bbox 2163 4263 3778 4337">
    <p class='ocr_par' dir='ltr' id='par_1_102' title="bbox 2163 4263 3778 4337">
     <span class='ocr_line' id='line_1_102' title="bbox 2163 4263 3778 4337; baseline 0.002 -18"><span class='ocrx_word' id='word_1_759' title='bbox 2163 4285 2192 4315; x_wconf 83' lang='lat'><strong>»</strong></span> <span class='ocrx_word' id='word_1_760' title='bbox 2226 4282 2293 4320; x_wconf 85' lang='lat' dir='ltr'><strong>ex</strong></span> <span class='ocrx_word' id='word_1_761' title='bbox 2304 4263 2394 4320; x_wconf 89' lang='lat' dir='ltr'><strong>his</strong></span> <span class='ocrx_word' id='word_1_762' title='bbox 2418 4264 2664 4337; x_wconf 90' lang='lat' dir='ltr'><strong>prodere</strong></span> <span class='ocrx_word' id='word_1_763' title='bbox 2690 4263 2858 4319; x_wconf 87' lang='lat' dir='ltr'><strong>alicui</strong></span> <span class='ocrx_word' id='word_1_764' title='bbox 2887 4264 3212 4332; x_wconf 84' lang='lat' dir='ltr'><strong>voluerunt,</strong></span> <span class='ocrx_word' id='word_1_765' title='bbox 3234 4280 3388 4332; x_wconf 89' lang='lat' dir='ltr'><strong>rara,</strong></span> <span class='ocrx_word' id='word_1_766' title='bbox 3414 4263 3534 4322; x_wconf 90' lang='lat' dir='ltr'><strong>imo</strong></span> <span class='ocrx_word' id='word_1_767' title='bbox 3554 4266 3778 4323; x_wconf 84' lang='lat' dir='ltr'><strong>rarissi-</strong></span> 
     </span>
    </p>
   </div>
   <div class='ocr_carea' id='block_1_103' title="bbox 2164 4352 3775 4425">
    <p class='ocr_par' dir='ltr' id='par_1_103' title="bbox 2164 4352 3775 4425">
     <span class='ocr_line' id='line_1_103' title="bbox 2164 4352 3775 4425; baseline 0.005 -21"><span class='ocrx_word' id='word_1_768' title='bbox 2164 4370 2319 4421; x_wconf 70' lang='lat' dir='ltr'><strong>nma,</strong></span> <span class='ocrx_word' id='word_1_769' title='bbox 2334 4353 2540 4425; x_wconf 87' lang='lat' dir='ltr'><strong>quibus</strong></span> <span class='ocrx_word' id='word_1_770' title='bbox 2570 4352 2915 4408; x_wconf 89' lang='lat' dir='ltr'><strong>omnimoda</strong></span> <span class='ocrx_word' id='word_1_771' title='bbox 2938 4352 3082 4407; x_wconf 87' lang='lat' dir='ltr'><strong>ﬁdes</strong></span> <span class='ocrx_word' id='word_1_772' title='bbox 3093 4353 3591 4410; x_wconf 88' lang='lat' dir='ltr'><strong>accommodanda</strong></span> <span class='ocrx_word' id='word_1_773' title='bbox 3603 4358 3775 4425; x_wconf 86' lang='lat' dir='ltr'><strong>esset,</strong></span> 
     </span>
    </p>
   </div>
   <div class='ocr_carea' id='block_1_104' title="bbox 2166 4440 3780 4516">
    <p class='ocr_par' dir='ltr' id='par_1_104' title="bbox 2166 4440 3780 4516">
     <span class='ocr_line' id='line_1_104' title="bbox 2166 4440 3780 4516; baseline 0.004 -23"><span class='ocrx_word' id='word_1_774' title='bbox 2166 4464 2194 4493; x_wconf 87' lang='grc'><strong>‹‹</strong></span> <span class='ocrx_word' id='word_1_775' title='bbox 2212 4441 2286 4496; x_wconf 88' lang='lat' dir='ltr'><strong>ad</strong></span> <span class='ocrx_word' id='word_1_776' title='bbox 2316 4458 2411 4497; x_wconf 89' lang='lat' dir='ltr'><strong>me</strong></span> <span class='ocrx_word' id='word_1_777' title='bbox 2454 4440 2735 4496; x_wconf 88' lang='lat' dir='ltr'><strong>miracula</strong></span> <span class='ocrx_word' id='word_1_778' title='bbox 2756 4443 3162 4512; x_wconf 88' lang='lat' dir='ltr'><strong>pervenerunt.</strong></span> <span class='ocrx_word' id='word_1_779' title='bbox 3189 4440 3329 4505; x_wconf 55' lang='lat' dir='ltr'><strong>Quae</strong></span> <span class='ocrx_word' id='word_1_780' title='bbox 3346 4445 3545 4499; x_wconf 88' lang='lat' dir='ltr'><strong>tamen</strong></span> <span class='ocrx_word' id='word_1_781' title='bbox 3561 4444 3780 4516; x_wconf 88' lang='lat' dir='ltr'><strong>absque</strong></span> 
     </span>
    </p>
   </div>
   <div class='ocr_carea' id='block_1_105' title="bbox 2162 4528 3776 4605">
    <p class='ocr_par' dir='ltr' id='par_1_105' title="bbox 2162 4528 3776 4605">
     <span class='ocr_line' id='line_1_105' title="bbox 2162 4528 3776 4605; baseline 0.002 -25"><span class='ocrx_word' id='word_1_782' title='bbox 2162 4550 2192 4580; x_wconf 70' lang='grc' dir='ltr'><strong>η</strong></span> <span class='ocrx_word' id='word_1_783' title='bbox 2209 4529 2384 4585; x_wconf 90' lang='lat' dir='ltr'><strong>dubio</strong></span> <span class='ocrx_word' id='word_1_784' title='bbox 2400 4534 2558 4585; x_wconf 87' lang='lat' dir='ltr'><strong>certa</strong></span> <span class='ocrx_word' id='word_1_785' title='bbox 2567 4547 2695 4585; x_wconf 93' lang='lat' dir='ltr'><strong>com</strong></span> <span class='ocrx_word' id='word_1_786' title='bbox 2703 4528 3042 4601; x_wconf 88' lang='lat' dir='ltr'><strong>peri,tacere</strong></span> <span class='ocrx_word' id='word_1_787' title='bbox 3053 4546 3160 4585; x_wconf 89' lang='lat' dir='ltr'><strong>nec</strong></span> <span class='ocrx_word' id='word_1_788' title='bbox 3170 4530 3435 4599; x_wconf 90' lang='lat' dir='ltr'><strong>volo,nec</strong></span> <span class='ocrx_word' id='word_1_789' title='bbox 3446 4533 3776 4605; x_wconf 78' lang='lat' dir='ltr'><strong>proposui.»</strong></span> 
     </span>
    </p>
   </div>
   <div class='ocr_carea' id='block_1_106' title="bbox 2164 4616 3780 4689">
    <p class='ocr_par' dir='ltr' id='par_1_106' title="bbox 2164 4616 3780 4689">
     <span class='ocr_line' id='line_1_106' title="bbox 2164 4616 3780 4689; baseline 0.003 -16"><span class='ocrx_word' id='word_1_790' title='bbox 2164 4617 2385 4674; x_wconf 90' lang='lat' dir='ltr'><strong>Deinde</strong></span> <span class='ocrx_word' id='word_1_791' title='bbox 2396 4618 2510 4672; x_wconf 91' lang='lat' dir='ltr'><strong>duo</strong></span> <span class='ocrx_word' id='word_1_792' title='bbox 2527 4616 2815 4673; x_wconf 89' lang='lat' dir='ltr'><strong>mirabilia</strong></span> <span class='ocrx_word' id='word_1_793' title='bbox 2827 4618 2896 4672; x_wconf 92' lang='lat' dir='ltr'><strong>de</strong></span> <span class='ocrx_word' id='word_1_794' title='bbox 2908 4618 3163 4689; x_wconf 88' lang='lat' dir='ltr'><strong>quodam</strong></span> <span class='ocrx_word' id='word_1_795' title='bbox 3175 4617 3353 4674; x_wconf 85' lang='lat' dir='ltr'><strong>fratre</strong></span> <span class='ocrx_word' id='word_1_796' title='bbox 3369 4635 3780 4688; x_wconf 87' lang='lat' dir='ltr'><strong>converso,nec</strong></span> 
     </span>
    </p>
   </div>
   <div class='ocr_carea' id='block_1_107' title="bbox 2165 4706 3781 4780">
    <p class='ocr_par' dir='ltr' id='par_1_107' title="bbox 2165 4706 3781 4780">
     <span class='ocr_line' id='line_1_107' title="bbox 2165 4706 3781 4780; baseline 0.002 -18"><span class='ocrx_word' id='word_1_797' title='bbox 2165 4708 2331 4779; x_wconf 89' lang='lat' dir='ltr'><strong>plura</strong></span> <span class='ocrx_word' id='word_1_798' title='bbox 2345 4706 2415 4761; x_wconf 92' lang='lat' dir='ltr'><strong>de</strong></span> <span class='ocrx_word' id='word_1_799' title='bbox 2434 4724 2524 4773; x_wconf 88' lang='lat' dir='ltr'><strong>eo,</strong></span> <span class='ocrx_word' id='word_1_800' title='bbox 2557 4707 2646 4761; x_wconf 90' lang='lat' dir='ltr'><strong>vel</strong></span> <span class='ocrx_word' id='word_1_801' title='bbox 2672 4706 2743 4761; x_wconf 92' lang='lat' dir='ltr'><strong>de</strong></span> <span class='ocrx_word' id='word_1_802' title='bbox 2760 4706 2886 4761; x_wconf 86' lang='lat' dir='ltr'><strong>aliis</strong></span> <span class='ocrx_word' id='word_1_803' title='bbox 2913 4709 3127 4761; x_wconf 89' lang='lat' dir='ltr'><strong>narrat.</strong></span> <span class='ocrx_word' id='word_1_804' title='bbox 3164 4707 3294 4762; x_wconf 63' lang='lat' dir='ltr'><strong>Hanc</strong></span> <span class='ocrx_word' id='word_1_805' title='bbox 3318 4707 3543 4780; x_wconf 90' lang='lat' dir='ltr'><strong>scripsit</strong></span> <span class='ocrx_word' id='word_1_806' title='bbox 3578 4710 3781 4766; x_wconf 88' lang='lat' dir='ltr'><strong>Petrus</strong></span> 
     </span>
    </p>
   </div>
   <div class='ocr_carea' id='block_1_108' title="bbox 2166 4794 3782 4866">
    <p class='ocr_par' dir='ltr' id='par_1_108' title="bbox 2166 4794 3782 4866">
     <span class='ocr_line' id='line_1_108' title="bbox 2166 4794 3782 4866; baseline 0.003 -16"><span class='ocrx_word' id='word_1_807' title='bbox 2166 4795 2264 4850; x_wconf 90' lang='lat' dir='ltr'><strong>diu</strong></span> <span class='ocrx_word' id='word_1_808' title='bbox 2290 4799 2649 4866; x_wconf 90' lang='lat' dir='ltr'><strong>postannum</strong></span> <span class='ocrx_word' id='word_1_809' title='bbox 2682 4797 2835 4850; x_wconf 70' lang='grc'><strong>1145.</strong></span> <span class='ocrx_word' id='word_1_810' title='bbox 2858 4797 2920 4848; x_wconf 92' lang='lat' dir='ltr'><strong>ut</strong></span> <span class='ocrx_word' id='word_1_811' title='bbox 2933 4812 3000 4848; x_wconf 89' lang='lat' dir='ltr'><strong>ex</strong></span> <span class='ocrx_word' id='word_1_812' title='bbox 3021 4794 3271 4866; x_wconf 88' lang='lat' dir='ltr'><strong>capitulo</strong></span> <span class='ocrx_word' id='word_1_813' title='bbox 3291 4799 3356 4851; x_wconf 78' lang='lat'><strong>25</strong></span> <span class='ocrx_word' id='word_1_814' title='bbox 3381 4796 3513 4851; x_wconf 90' lang='lat' dir='ltr'><strong>libri</strong></span> <span class='ocrx_word' id='word_1_815' title='bbox 3543 4798 3782 4855; x_wconf 86' lang='lat' dir='ltr'><strong>secundi</strong></span> 
     </span>
    </p>
   </div>
   <div class='ocr_carea' id='block_1_109' title="bbox 2166 4882 3779 4957">
    <p class='ocr_par' dir='ltr' id='par_1_109' title="bbox 2166 4882 3779 4957">
     <span class='ocr_line' id='line_1_109' title="bbox 2166 4882 3779 4957; baseline 0.002 -19"><span class='ocrx_word' id='word_1_816' title='bbox 2166 4883 2513 4955; x_wconf 89' lang='lat' dir='ltr'><strong>colligimus,</strong></span> <span class='ocrx_word' id='word_1_817' title='bbox 2545 4882 2639 4937; x_wconf 89' lang='lat' dir='ltr'><strong>ubi</strong></span> <span class='ocrx_word' id='word_1_818' title='bbox 2664 4882 2742 4937; x_wconf 92' lang='lat' dir='ltr'><strong>sic</strong></span> <span class='ocrx_word' id='word_1_819' title='bbox 2770 4883 3045 4954; x_wconf 87' lang='lat' dir='ltr'><strong>loquitur:</strong></span> <span class='ocrx_word' id='word_1_820' title='bbox 3071 4884 3166 4938; x_wconf 80' lang='lat' dir='ltr'><strong>«In</strong></span> <span class='ocrx_word' id='word_1_821' title='bbox 3183 4883 3521 4955; x_wconf 86' lang='lat' dir='ltr'><strong>primordiis</strong></span> <span class='ocrx_word' id='word_1_822' title='bbox 3542 4886 3779 4957; x_wconf 79' lang='lat' dir='ltr'><strong>pontiﬁ-</strong></span> 
     </span>
    </p>
   </div>
   <div class='ocr_carea' id='block_1_110' title="bbox 2167 4970 3781 5043">
    <p class='ocr_par' dir='ltr' id='par_1_110' title="bbox 2167 4970 3781 5043">
     <span class='ocr_line' id='line_1_110' title="bbox 2167 4970 3781 5043; baseline 0.004 -19"><span class='ocrx_word' id='word_1_823' title='bbox 2167 4990 2200 5024; x_wconf 68' lang='grc' dir='ltr'><strong><em>α</em></strong></span> <span class='ocrx_word' id='word_1_824' title='bbox 2237 4975 2396 5027; x_wconf 85' lang='lat' dir='ltr'><strong>catus</strong></span> <span class='ocrx_word' id='word_1_825' title='bbox 2429 4970 2652 5027; x_wconf 90' lang='lat' dir='ltr'><strong>domini</strong></span> <span class='ocrx_word' id='word_1_826' title='bbox 2679 4987 2842 5043; x_wconf 80' lang='lat' dir='ltr'><strong>papae</strong></span> <span class='ocrx_word' id='word_1_827' title='bbox 2874 4970 3137 5043; x_wconf 86' lang='lat' dir='ltr'><strong>Eugenii,</strong></span> <span class='ocrx_word' id='word_1_828' title='bbox 3169 4971 3244 5026; x_wconf 90' lang='lat' dir='ltr'><strong>ad</strong></span> <span class='ocrx_word' id='word_1_829' title='bbox 3276 4971 3622 5027; x_wconf 82' lang='lat' dir='ltr'><strong>visitandum</strong></span> <span class='ocrx_word' id='word_1_830' title='bbox 3657 4977 3781 5031; x_wconf 87' lang='lat' dir='ltr'><strong>tam</strong></span> 
     </span>
    </p>
   </div>
   <div class='ocr_carea' id='block_1_111' title="bbox 2167 5060 3783 5132">
    <p class='ocr_par' dir='ltr' id='par_1_111' title="bbox 2167 5060 3783 5132">
     <span class='ocr_line' id='line_1_111' title="bbox 2167 5060 3783 5132; baseline 0.006 -23"><span class='ocrx_word' id='word_1_831' title='bbox 2167 5081 2196 5109; x_wconf 90' lang='grc'><strong>››</strong></span> <span class='ocrx_word' id='word_1_832' title='bbox 2229 5060 2439 5132; x_wconf 89' lang='lat' dir='ltr'><strong>ipsum,</strong></span> <span class='ocrx_word' id='word_1_833' title='bbox 2464 5076 2641 5132; x_wconf 88' lang='lat' dir='ltr'><strong>quam</strong></span> <span class='ocrx_word' id='word_1_834' title='bbox 2666 5075 3040 5114; x_wconf 89' lang='lat' dir='ltr'><strong>communem</strong></span> <span class='ocrx_word' id='word_1_835' title='bbox 3057 5062 3307 5114; x_wconf 88' lang='lat' dir='ltr'><strong>matrem</strong></span> <span class='ocrx_word' id='word_1_836' title='bbox 3340 5060 3665 5116; x_wconf 86' lang='lat' dir='ltr'><strong>Romanam</strong></span> <span class='ocrx_word' id='word_1_837' title='bbox 3685 5063 3783 5118; x_wconf 83' lang='lat' dir='ltr'><strong>Ee-</strong></span> 
     </span>
    </p>
   </div>
   <div class='ocr_carea' id='block_1_112' title="bbox 2165 5147 3778 5220">
    <p class='ocr_par' dir='ltr' id='par_1_112' title="bbox 2165 5147 3778 5220">
     <span class='ocr_line' id='line_1_112' title="bbox 2165 5147 3778 5220; baseline 0.007 -24"><span class='ocrx_word' id='word_1_838' title='bbox 2165 5169 2195 5197; x_wconf 81' lang='grc'><strong>››</strong></span> <span class='ocrx_word' id='word_1_839' title='bbox 2222 5149 2478 5214; x_wconf 89' lang='lat' dir='ltr'><strong>clesiam,</strong></span> <span class='ocrx_word' id='word_1_840' title='bbox 2502 5149 2749 5203; x_wconf 86' lang='lat' dir='ltr'><strong>Romam</strong></span> <span class='ocrx_word' id='word_1_841' title='bbox 2766 5147 2903 5203; x_wconf 89' lang='lat' dir='ltr'><strong>adii.</strong></span> <span class='ocrx_word' id='word_1_842' title='bbox 2926 5168 2953 5196; x_wconf 82' lang='grc'><strong>››</strong></span> <span class='ocrx_word' id='word_1_843' title='bbox 2975 5148 3198 5202; x_wconf 86' lang='lat' dir='ltr'><strong>Electus</strong></span> <span class='ocrx_word' id='word_1_844' title='bbox 3213 5152 3300 5203; x_wconf 91' lang='lat' dir='ltr'><strong>est</strong></span> <span class='ocrx_word' id='word_1_845' title='bbox 3313 5148 3603 5220; x_wconf 88' lang='lat' dir='ltr'><strong>Eugenius</strong></span> <span class='ocrx_word' id='word_1_846' title='bbox 3619 5167 3778 5208; x_wconf 86' lang='lat' dir='ltr'><strong>anno</strong></span> 
     </span>
    </p>
   </div>
   <div class='ocr_carea' id='block_1_113' title="bbox 2169 5236 3780 5310">
    <p class='ocr_par' dir='ltr' id='par_1_113' title="bbox 2169 5236 3780 5310">
     <span class='ocr_line' id='line_1_113' title="bbox 2169 5236 3780 5310; baseline 0.002 -18"><span class='ocrx_word' id='word_1_847' title='bbox 2169 5238 2326 5303; x_wconf 76' lang='grc'>1145,</span> <span class='ocrx_word' id='word_1_848' title='bbox 2376 5236 2477 5291; x_wconf 91' lang='lat' dir='ltr'><strong>sed</strong></span> <span class='ocrx_word' id='word_1_849' title='bbox 2531 5236 2763 5308; x_wconf 87' lang='lat' dir='ltr'><strong>quando</strong></span> <span class='ocrx_word' id='word_1_850' title='bbox 2812 5236 2937 5291; x_wconf 72' lang='lat' dir='ltr'><strong>haec</strong></span> <span class='ocrx_word' id='word_1_851' title='bbox 2986 5236 3186 5290; x_wconf 90' lang='lat' dir='ltr'><strong>Petrus</strong></span> <span class='ocrx_word' id='word_1_852' title='bbox 3230 5236 3535 5293; x_wconf 87' lang='lat' dir='ltr'><strong>scribebat.</strong></span> <span class='ocrx_word' id='word_1_853' title='bbox 3586 5239 3780 5310; x_wconf 88' lang='lat' dir='ltr'><strong>plures</strong></span> 
     </span>
    </p>
   </div>
   <div class='ocr_carea' id='block_1_114' title="bbox 2156 5323 3781 5396">
    <p class='ocr_par' dir='ltr' id='par_1_114' title="bbox 2156 5323 3781 5396">
     <span class='ocr_line' id='line_1_114' title="bbox 2156 5323 3781 5396; baseline 0.002 -17"><span class='ocrx_word' id='word_1_854' title='bbox 2156 5324 2283 5396; x_wconf 86' lang='lat' dir='ltr'><strong>jam</strong></span> <span class='ocrx_word' id='word_1_855' title='bbox 2306 5340 2490 5379; x_wconf 87' lang='lat' dir='ltr'><strong>annos</strong></span> <span class='ocrx_word' id='word_1_856' title='bbox 2509 5323 3007 5392; x_wconf 83' lang='lat' dir='ltr'><strong>efﬂuxisse,innuit</strong></span> <span class='ocrx_word' id='word_1_857' title='bbox 3027 5323 3253 5379; x_wconf 87' lang='lat' dir='ltr'><strong>dicens:</strong></span> <span class='ocrx_word' id='word_1_858' title='bbox 3302 5343 3328 5377; x_wconf 73' lang='grc' dir='ltr'><strong><em>ι</em></strong></span> <span class='ocrx_word' id='word_1_859' title='bbox 3352 5326 3415 5378; x_wconf 84' lang='lat' dir='ltr'><strong>In</strong></span> <span class='ocrx_word' id='word_1_860' title='bbox 3442 5325 3781 5396; x_wconf 89' lang='lat' dir='ltr'><strong>primordiis</strong></span> 
     </span>
    </p>
   </div>
   <div class='ocr_carea' id='block_1_115' title="bbox 2167 5412 3780 5485">
    <p class='ocr_par' dir='ltr' id='par_1_115' title="bbox 2167 5412 3780 5485">
     <span class='ocr_line' id='line_1_115' title="bbox 2167 5412 3780 5485; baseline 0.004 -21"><span class='ocrx_word' id='word_1_861' title='bbox 2167 5434 2195 5464; x_wconf 72' lang='grc' dir='ltr'><strong><em>η</em></strong></span> <span class='ocrx_word' id='word_1_862' title='bbox 2222 5413 2591 5485; x_wconf 88' lang='lat' dir='ltr'><strong>pontiﬁcatus</strong></span> <span class='ocrx_word' id='word_1_863' title='bbox 2632 5412 3036 5483; x_wconf 70' lang='lat' dir='ltr'><strong>dominipapm</strong></span> <span class='ocrx_word' id='word_1_864' title='bbox 3077 5412 3339 5483; x_wconf 85' lang='lat' dir='ltr'><strong>Eugenii.</strong></span> <span class='ocrx_word' id='word_1_865' title='bbox 3375 5433 3403 5461; x_wconf 86' lang='lat'>»</span> <span class='ocrx_word' id='word_1_866' title='bbox 3436 5412 3581 5469; x_wconf 89' lang='lat' dir='ltr'><strong>Cum</strong></span> <span class='ocrx_word' id='word_1_867' title='bbox 3601 5414 3780 5485; x_wconf 87' lang='lat' dir='ltr'><strong>igitur</strong></span> 
     </span>
    </p>
   </div>
   <div class='ocr_carea' id='block_1_116' title="bbox 2162 5488 3779 5573">
    <p class='ocr_par' dir='ltr' id='par_1_116' title="bbox 2162 5488 3779 5573">
     <span class='ocr_line' id='line_1_116' title="bbox 2162 5488 3779 5573; baseline 0.002 -17"><span class='ocrx_word' id='word_1_868' title='bbox 2162 5505 2389 5558; x_wconf 84' lang='lat' dir='ltr'><strong>tantum</strong></span> <span class='ocrx_word' id='word_1_869' title='bbox 2418 5488 2757 5556; x_wconf 87' lang='lat' dir='ltr'><strong>meminerit</strong></span> <span class='ocrx_word' id='word_1_870' title='bbox 2782 5500 2853 5555; x_wconf 91' lang='lat' dir='ltr'><strong>de</strong></span> <span class='ocrx_word' id='word_1_871' title='bbox 2873 5501 3075 5555; x_wconf 90' lang='lat' dir='ltr'><strong>ordine</strong></span> <span class='ocrx_word' id='word_1_872' title='bbox 3097 5503 3292 5555; x_wconf 87' lang='lat' dir='ltr'><strong>nostro</strong></span> <span class='ocrx_word' id='word_1_873' title='bbox 3316 5500 3602 5573; x_wconf 89' lang='lat' dir='ltr'><strong>capitibus</strong></span> <span class='ocrx_word' id='word_1_874' title='bbox 3620 5505 3689 5558; x_wconf 81' lang='lat'><strong>28</strong></span> <span class='ocrx_word' id='word_1_875' title='bbox 3718 5508 3779 5560; x_wconf 91' lang='lat' dir='ltr'><strong>et</strong></span> 
     </span>
    </p>
   </div>
   <div class='ocr_carea' id='block_1_117' title="bbox 2163 5588 3775 5669">
    <p class='ocr_par' dir='ltr' id='par_1_117' title="bbox 2163 5588 3775 5669">
     <span class='ocr_line' id='line_1_117' title="bbox 2163 5588 3775 5669; baseline 0.003 -21"><span class='ocrx_word' id='word_1_876' title='bbox 2163 5596 2230 5653; x_wconf 80' lang='lat'><strong>29</strong></span> <span class='ocrx_word' id='word_1_877' title='bbox 2242 5589 2833 5668; x_wconf 56' lang='lat' dir='ltr'><strong>ejusdemlibrimatet</strong></span> <span class='ocrx_word' id='word_1_878' title='bbox 2852 5607 2941 5656; x_wconf 85' lang='lat' dir='ltr'><strong>ea,</strong></span> <span class='ocrx_word' id='word_1_879' title='bbox 2963 5606 3090 5664; x_wconf 62' lang='lat' dir='ltr'><strong>quae</strong></span> <span class='ocrx_word' id='word_1_880' title='bbox 3120 5588 3191 5647; x_wconf 85' lang='lat' dir='ltr'><strong>de</strong></span> <span class='ocrx_word' id='word_1_881' title='bbox 3224 5589 3476 5669; x_wconf 82' lang='lat' dir='ltr'><strong>antiquis</strong></span> <span class='ocrx_word' id='word_1_882' title='bbox 3511 5590 3775 5653; x_wconf 67' lang='lat' dir='ltr'><strong>Fat-ribus</strong></span> 
     </span>
    </p>
   </div>
   <div class='ocr_carea' id='block_1_118' title="bbox 4106 4694 4120 5253">
    <p class='ocr_par' dir='ltr' id='par_1_118' title="bbox 4106 4784 4120 5179">
     <span class='ocr_line' id='line_1_118' title="bbox 4112 4784 4119 4819; baseline 0 0"><span class='ocrx_word' id='word_1_883' title='bbox 4112 4784 4119 4819; x_wconf 59' lang='grc' dir='ltr'><strong><em>τ</em></strong></span> 
     </span>
     <span class='ocr_line' id='line_1_119' title="bbox 4108 4872 4120 4910; baseline 0 0"><span class='ocrx_word' id='word_1_884' title='bbox 4108 4872 4120 4910; x_wconf 62' lang='grc' dir='ltr'>ι</span> 
     </span>
     <span class='ocr_line' id='line_1_120' title="bbox 4114 4948 4119 5001; baseline 0 0"><span class='ocrx_word' id='word_1_885' title='bbox 4114 4948 4119 5001; x_wconf 68' lang='lat' dir='ltr'><strong>i</strong></span> 
     </span>
     <span class='ocr_line' id='line_1_121' title="bbox 4112 5054 4120 5089; baseline 0 0"><span class='ocrx_word' id='word_1_886' title='bbox 4112 5054 4120 5089; x_wconf 59' lang='grc' dir='ltr'><strong>ξ</strong></span> 
     </span>
     <span class='ocr_line' id='line_1_122' title="bbox 4106 5140 4120 5179; baseline 0 0"><span class='ocrx_word' id='word_1_887' title='bbox 4106 5140 4120 5179; x_wconf 65' lang='lat'><em>3</em></span> 
     </span>
    </p>
   </div>
   <div class='ocr_carea' id='block_1_119' title="bbox 4108 5503 4120 5807">
    <p class='ocr_par' dir='ltr' id='par_1_119' title="bbox 4108 5503 4120 5807">
     <span class='ocr_line' id='line_1_123' title="bbox 4110 5503 4120 5541; baseline 0 0"><span class='ocrx_word' id='word_1_888' title='bbox 4110 5503 4120 5541; x_wconf 56' lang='grc' dir='ltr'>ἦ</span> 
     </span>
     <span class='ocr_line' id='line_1_124' title="bbox 4108 5592 4120 5627; baseline 0 0"><span class='ocrx_word' id='word_1_889' title='bbox 4108 5592 4120 5627; x_wconf 58' lang='grc' dir='ltr'>ἓ</span> 
     </span>
     <span class='ocr_line' id='line_1_125' title="bbox 4110 5682 4120 5719; baseline 0 0"><span class='ocrx_word' id='word_1_890' title='bbox 4110 5682 4120 5719; x_wconf 71' lang='lat' dir='ltr'><strong>l</strong></span> 
     </span>
     <span class='ocr_line' id='line_1_126' title="bbox 4114 5772 4120 5807; baseline 0 0"><span class='ocrx_word' id='word_1_891' title='bbox 4114 5772 4120 5807; x_wconf 73' lang='lat'>1</span> 
     </span>
    </p>
   </div>
  </div>
