4224 6058
284 418 385 481 l73

1858 414 2043 481 ACTA

3499 430 3605 497 174

267 547 473 617 refert,
499 546 576 603 ab
600 562 669 604 eo
693 547 921 603 tantum
944 543 1155 619 scripta
1178 544 1348 601 fuisse
1380 544 1476 636 diu
1506 548 1635 621 post
1664 561 1884 603 annum
1906 548 1964 610 Α
1991 563 2024 599 »
2056 547 2174 603 Deo
2206 545 2388 617 datas,
2412 547 2456 605 si
2488 550 2628 625 quid
2652 550 2894 626 dignum
2920 552 3009 611 vel
3057 554 3195 613 utile
3224 552 3483 618 invenire
3506 578 3609 636 po-

275 640 429 693 ms.
454 637 620 692 Unde
640 653 759 692 non
783 635 1019 703 mirum,
1043 634 1143 690 sia
1175 634 1685 704 Carthusiensibus,
1713 653 1891 710 opera

268 744 368 782 sua
411 726 855 793 occultantibus,
896 725 1284 798 spectaculum
1323 724 1464 779 illud
1512 725 1686 781 etiam
1720 726 1889 781 Petro

267 817 522 871 celatum
553 815 681 883 fuit,
711 814 867 887 quod
887 814 1014 885 jam
1044 814 1166 868 fere
1207 813 1278 868 ab
1319 813 1502 868 annis'
1526 813 1894 887 septuaginta

267 905 351 959 vel
392 905 580 959 etiam
612 903 859 976 amplius
887 901 1228 973 contigerat,
1272 904 1329 956 et
1373 902 1469 957 diu
1514 904 1650 957 ante
1700 904 1893 958 ortum

268 992 535 1064 ejusdem
570 991 811 1057 abbatis,
846 992 910 1044 ut
939 1006 1073 1044 mox
1102 989 1500 1061 probabimus.

332 1082 436 1137 291
452 1081 598 1136 .«Ad
618 1079 815 1135 v.Huie
830 1077 1039 1134 rationi
1058 1077 1275 1133 factum
1298 1081 1382 1134 est
1398 1078 1534 1134 satis
1556 1096 1621 1133 ex
1642 1078 1898 1153 superio-

262 1172 423 1228 ribus
452 1170 762 1243 responsis,
823 1168 1029 1241 quibus
1060 1167 1448 1239 probavimus,
1483 1168 1759 1240 pleraque
1786 1166 1897 1223 mi-

262 1261 487 1327 racula,
516 1277 646 1333 qua
677 1275 779 1313 suo
828 1261 1093 1329 tempore
1144 1255 1354 1327 passim
1405 1256 1463 1311 in
1507 1256 1696 1311 Galliis
1748 1257 1900 1311 facta

265 1348 721 1412 commemorat,
752 1348 1008 1419 spectare
1021 1345 1372 1400 monasteria
1400 1344 1784 1400 Cluniacensis
1808 1361 1904 1405 or-

267 1436 455 1504 dinis;
485 1434 831 1509 paucissima
847 1451 1003 1501 vero,
1029 1450 1156 1506 qua
1179 1433 1252 1488 ad
1284 1450 1419 1488 eum
1444 1450 1561 1488 non
1582 1432 1896 1507 pertinent,

265 1525 424 1582 edita
475 1525 651 1579 fuisse
680 1523 831 1579 circa
861 1522 1231 1587 Cluniacum;
1270 1539 1398 1595 qua
1443 1521 1575 1577 licet
1625 1522 1899 1578 daremus

267 1614 488 1689 passim
539 1613 718 1668 etiam
761 1612 913 1667 facta
959 1610 1019 1666 in
1068 1610 1277 1679 Galliis,
1314 1610 1453 1665 nihil
1500 1608 1678 1665 etiam
1731 1609 1897 1665 nobis

266 1704 500 1760 obesset
520 1703 674 1759 Petri
713 1701 1027 1769 silentium,
1059 1700 1156 1773 qui
1188 1703 1308 1755 tam
1340 1716 1524 1772 pauca
1552 1697 1612 1753 in
1640 1702 1761 1754 toto
1793 1716 1894 1755 suo

268 1809 450 1867 opere
466 1792 799 1848 describens
813 1792 998 1846 multa
1022 1791 1133 1845 alia
1154 1790 1241 1843 vel
1270 1787 1559 1862 ignoravit
1582 1788 1668 1843 vel
1692 1788 1892 1843 tacuit.

1992 653 2025 688 »
2054 635 2248 704 tuerit,
2282 638 2357 693 ad
2382 640 2483 694 Dei
2536 642 2768 697 laudem
2798 644 2887 698 vel
2913 644 3238 715 profectum
3285 648 3605 721 legentium

1992 743 2025 778 δ)
2056 726 2351 781 modernis
2379 729 2466 783 vel
2513 730 2755 802 posteris
2807 733 3333 792 manifestaturum.
3358 758 3390 791 »
3421 740 3489 794 Et
3518 742 3606 795 ta-

1995 830 2153 881 men,
2204 831 2337 869 cum
2381 816 2713 888 hujusmodi
2764 822 2927 876 tanto
2972 824 3270 880 teneretur
3298 826 3603 896 desiderio,

1994 903 2134 958 nihil
2167 903 2237 958 de
2260 903 2345 958 sui
2386 906 2667 977 temporis
2707 908 3139 982 thaumaturgo,
3172 917 3369 971 sancto
3397 916 3610 974 scilicet

1994 992 2287 1048 Bernardo
2303 993 2410 1048 sibi
2424 994 2834 1052 amicissimoet
2846 998 3295 1059 familiarissime
3309 1004 3605 1072 dixit,cum

1997 1082 2225 1153 amplus
2261 1081 2367 1137 sibi
2398 1085 2621 1155 pateret
2647 1085 3058 1143 miraculorum
3082 1090 3154 1145 ab
3182 1090 3303 1162 ipso
3335 1092 3608 1166 frequen-

1998 1168 2213 1225 tissime
2238 1174 2598 1241 patratorum
2627 1191 2882 1247 campus,
2915 1193 2983 1231 ex
3012 1194 3125 1251 quo
3159 1180 3364 1235 saltem
3402 1198 3605 1253 pauca,

1998 1274 2181 1330 eaque
2210 1258 2530 1333 insigniora
2559 1278 2862 1335 excerpere
2875 1266 3169 1335 potuisset,
3198 1266 3258 1323 in
3284 1269 3491 1341 quibus
3520 1287 3608 1326 esv

1999 1348 2083 1400 set
2108 1346 2205 1401 illa
2230 1351 2433 1404 notatu
2452 1350 2627 1422 digna
2649 1351 2808 1406 ducis
2824 1352 3148 1427 Aquitania
3179 1356 3461 1413 Guillelmi
3480 1375 3615 1415 con-

1998 1434 2202 1491 versio.
2235 1437 2384 1492 Nihil
2415 1439 2485 1493 de
2506 1439 2716 1495 sanctis
2744 1441 2994 1497 Noberto
3034 1446 3095 1498 et
3122 1444 3372 1501 Roberto
3404 1447 3475 1502 de
3503 1448 3612 1503 Ar-

1996 1521 2270 1594 bricello;
2318 1526 2462 1581 nihil
2493 1527 2564 1582 de
2613 1530 2702 1584 tot
2754 1528 2878 1584 aliis
2906 1529 3040 1585 viris
3087 1533 3480 1603 sanctissimis,
3512 1536 3609 1609 qui

1996 1613 2203 1668 eodem
2235 1629 2366 1669 eum
2386 1615 2553 1671 Petro
2575 1616 2840 1673 vivebant
2869 1620 3132 1691 tempore
3155 1638 3170 1689 ;
3204 1621 3346 1677 nihil
3372 1622 3443 1678 de
3464 1624 3615 1680 ordi-

1996 1699 2165 1755 nibus
2194 1704 2636 1773 monachorum,
2664 1705 2761 1777 qui
2790 1709 2929 1761 tunc
2958 1708 3152 1764 multis
3181 1710 3510 1768 claruerunt
3536 1713 3613 1770 si-

1994 1788 2124 1859 gnis
2149 1792 2208 1845 et
2234 1789 2569 1861 virtutibus;
2607 1793 2768 1861 nihil,
2807 1794 3067 1868 inquam,
3114 1798 3184 1852 de
3226 1798 3314 1854 bis
3344 1800 3615 1857 omnibus

257 1882 342 1937 Ad
369 1882 677 1948 ultimum,
709 1879 1099 1946 concedimus,
1133 1880 1369 1933 Petrum
1397 1875 1707 1949 scripsisse,
1739 1876 1896 1932 insti—
1921 1876 1972 1937 B
1991 1876 2233 1948 scripsit.
2266 1879 2523 1951 Cumque
2574 1881 2740 1952 plura
2767 1882 2839 1937 de
2871 1883 3364 1942 Carthusiensibus
3392 1888 3610 1946 referre

257 1974 448 2026 tutam
476 1971 655 2025 fuisse
682 1984 783 2023 suo
814 1972 1080 2040 tempore
1125 1967 1614 2023 Carthusiensium
1660 1965 1892 2039 religio-

257 2077 416 2125 nem,
442 2060 547 2114 sed
575 2060 697 2129 ejus
723 2059 895 2113 verba
917 2074 1036 2112 non
1061 2057 1141 2112 ita
1153 2055 1345 2111 stricte
1369 2056 1653 2111 sumenda
1665 2072 1808 2123 esse,
1826 2071 1895 2109 ex

256 2149 358 2204 hoc
398 2148 532 2222 ipso
581 2148 779 2220 liquet,
829 2145 984 2219 quod
1021 2148 1262 2211 constet,
1312 2160 1447 2200 eum
1479 2144 1736 2227 pluribus
1765 2145 1895 2216 post

254 2238 561 2293 conditum
594 2235 860 2290 ordinem
895 2233 1065 2289 annis
1097 2235 1302 2289 natum
1346 2232 1540 2287 fuisse.
1570 2233 1715 2287 Nam
1757 2247 1889 2287 cum

253 2327 481 2382 dicatur
507 2326 722 2380 electus
748 2323 924 2379 abbas
948 2340 1102 2377 anno
1133 2319 1337 2376 Christi
1362 2323 1519 2387 H22,
1550 2319 1734 2375 atatis
1754 2336 1889 2375 vero

250 2417 443 2487 (aliter
470 2418 661 2472 statue
709 2431 777 2469 ex
818 2429 982 2468 num.
1036 2409 1159 2484 283)
1213 2428 1314 2465 suo
1367 2408 1645 2482 vigesimo
1702 2409 1889 2464 ferme

248 2510 474 2572 octavo,
503 2503 704 2560 debuit
722 2505 949 2557 tantum
973 2500 1127 2555 nasci
1154 2516 1307 2554 anno
1339 2501 1496 2567 {095,
1523 2499 1610 2554 vel
1639 2497 1886 2567 circiter,

252 2592 306 2647 id
338 2595 451 2659 est,
486 2588 926 2664 quatuordecim
958 2590 1089 2661 post
1125 2587 1309 2641 editos
1336 2583 1598 2640 damnati
1630 2582 1889 2640 hominis

252 2682 543 2735 clamores
575 2678 765 2734 annis.
795 2678 944 2749 Ergo
974 2693 1089 2730 non
1122 2673 1271 2749 petri
1296 2676 1584 2747 tempore,
1619 2672 1721 2727 sed
1750 2675 1886 2728 ante

250 2770 373 2839 ejus
396 2772 674 2840 tempora
696 2766 839 2822 ordo
866 2764 1156 2821 institutus
1176 2766 1281 2818 est.
1302 2762 1412 2817 Nec
1422 2762 1585 2833 juvat
1600 2777 1886 2834 reponere

252 2858 417 2913 illum
454 2856 633 2912 etiam
676 2853 939 2910 retulisse
968 2851 1238 2908 historias
1279 2853 1338 2906 et
1394 2850 1691 2918 miracula,
1735 2849 1886 2905 circa

253 2962 354 3002 sua
384 2950 661 3018 tempora
715 2944 1069 3017 perpetrata,
1100 2940 1255 3014 quod
1299 2939 1533 3013 quidem
1568 2955 1768 2994 verum
1799 2943 1886 2994 est

250 3052 391 3108 erga
430 3051 524 3089 res
578 3030 1063 3098 Cluniacensium,
1117 3028 1217 3085 sed
1270 3045 1389 3083 non
1423 3044 1565 3100 erga
1618 3026 1883 3101 prodigia

249 3125 443 3179 cidem
488 3122 679 3179 ordini
710 3125 1005 3188 extranea,
1058 3135 1184 3192 qua
1215 3118 1334 3174 fere
1380 3117 1599 3185 omnia,
1633 3133 1750 3172 uno
1782 3118 1881 3171 aut

247 3214 473 3268 duobus
501 3212 784 3266 duntaxat
813 3208 1083 3282 exceptis,
1118 3207 1345 3263 vivente
1370 3207 1452 3261 vel
1485 3206 1659 3260 etiam
1691 3206 1880 3278 prasi-

246 3302 422 3358 dente
482 3303 679 3368 Petro,
731 3298 1022 3365 accidisse,
1080 3313 1146 3350 ex
1201 3294 1550 3367 praecedenti
1613 3294 1877 3350 examine

246 3390 628 3446 ostendimus.
647 3389 903 3461 Denique
923 3387 1105 3442 multa
1121 3384 1396 3439 miracula
1410 3385 1646 3438 Petrum
1665 3382 1877 3455 fugisse

247 3485 343 3535 aut
361 3480 624 3546 latuisse,
649 3477 974 3549 colligimus
992 3493 1057 3529 ex
1076 3475 1197 3546 ejus
1212 3471 1552 3545 prafatione
1585 3471 1659 3527 ad
1679 3488 1878 3527 secun-

245 3570 382 3624 dum
408 3569 627 3623 librum
657 3567 726 3623 de
744 3563 1032 3621 miraculis
1056 3583 1070 3633 ;
1096 3563 1191 3618 ubi
1206 3562 1284 3617 sic
1304 3559 1700 3633 conqueritur,
1722 3560 1875 3633 quod

244 3676 356 3713 non
387 3658 483 3722 sit,
517 3656 615 3729 qui
647 3656 719 3711 ad
759 3654 1037 3709 miracula
1056 3650 1361 3707 scribenda
1391 3648 1657 3704 animum
1690 3646 1872 3721 appli-

244 3750 367 3801 cet:
399 3766 433 3798 α
459 3745 551 3799 Ad
576 3748 803 3800 tantum
859 3746 1075 3808 autem,
1096 3760 1126 3791 ››
1160 3738 1347 3812 inquit
1396 3738 1573 3809 «jam
1618 3736 1874 3793 fructum

243 3856 271 3885 ι
300 3834 665 3890 infructuosa
712 3833 881 3904 hujus
910 3829 1120 3886 silentii
1171 3827 1441 3901 segnities
1486 3825 1765 3898 pervenit,
1812 3827 1876 3880 ut

241 3943 270 3973 ›
299 3938 687 3996 quacumque
718 3921 777 3975 in
824 3917 1070 3974 Ecclesia
1095 3916 1195 3973 Dei
1228 3917 1341 3971 sive
1386 3914 1443 3968 in
1474 3913 1670 3986 regnis
1695 3913 1871 3969 chris-

238 4031 268 4061 ι
298 4011 473 4067 tianis
504 4027 541 4064 a
562 4007 997 4082 quadringentis
1022 4008 1105 4061 vel
1138 4003 1469 4078 quingentis
1497 4002 1681 4057 ferme
1709 4001 1875 4057 annis

235 4118 264 4151 ›
294 4101 450 4154 facta
482 4100 641 4165 sunt,
676 4097 935 4152 universa
963 4112 1110 4169 pene
1134 4092 1301 4149 nobis
1327 4095 1383 4147 et
1410 4091 1682 4147 omnibus
1708 4090 1872 4163 igno-

237 4207 266 4238 ,
297 4190 715 4331 Ξὲῗῃὲτειηῐδ
757 4272 914 4329 enim
951 4274 1193 4345 apparet
1218 4268 1488 4324 distantia
1528 4270 1861 4323 nostrorum

1904 3169 1953 3230 C

1994 1966 2291 2036 potuisset,
2316 1984 2459 2039 quos
2484 1967 2578 2023 ille
2605 1968 2663 2023 in
2691 1970 2944 2041 quadam
2966 1972 3227 2043 epistola,
3257 1992 3431 2049 quam
3456 1977 3615 2034 dabi-

1993 2069 2122 2108 mus
2151 2070 2306 2109 anno
2361 2059 2517 2125 1156,
2564 2056 2781 2114 fatetur
2823 2059 3210 2117 «innumeris
3256 2080 3361 2136 per
3408 2065 3612 2123 orbem

1992 2159 2024 2193 »
2056 2141 2273 2198 diffusis
2302 2143 2594 2200 miraculis
2625 2147 2913 2216 claruisse,
2939 2167 2972 2201 »
3004 2165 3131 2222 qua
3161 2148 3292 2207 ideo
3334 2152 3497 2209 illum
3527 2155 3611 2211 la-

1990 2231 2113 2285 tere
2136 2247 2253 2286 non
2286 2235 2617 2305 potuerant,
2652 2234 2821 2290 unius
2859 2239 3058 2293 tamen
3111 2239 3306 2295 fratris
3352 2244 3612 2301 conversi

1990 2319 2177 2373 solum
2209 2321 2498 2390 meminit,
2529 2339 2647 2378 non
2679 2323 2867 2378 solum
2903 2326 3040 2398 quia
3079 2326 3255 2398 primi
3287 2330 3483 2386 Patres
3510 2349 3614 2388 sua

1990 2422 2171 2478 opera
2181 2409 2495 2480 pradicare
2513 2411 2810 2480 nolebant,
2828 2413 2929 2467 sed
2939 2416 3094 2469 certe
3114 2416 3289 2472 etiam
3303 2435 3371 2473 ex
3385 2418 3611 2476 defectu

1987 2511 2103 2564 sua
2134 2496 2455 2566 memoria,
2490 2502 2553 2554 ut
2591 2503 2855 2556 constare
2885 2502 3111 2558 videtur
3148 2521 3215 2559 ex
3245 2505 3483 2563 historia
3515 2507 3614 2567 illa

1990 2582 2335 2640 miraculosa
2354 2585 2604 2641 Auduini
2620 2589 2892 2644 monachi
2920 2590 3253 2659 Chartusia,
3288 2593 3440 2650 intra
3454 2597 3613 2653 nives

1987 2672 2251 2728 etruinas
2273 2674 2609 2730 monasterii
2628 2680 2759 2747 post
2780 2677 2900 2733 dies
2923 2678 3229 2736 duodecim
3249 2682 3353 2737 vivi
3372 2685 3611 2756 reperti,

1988 2777 2165 2833 quam
2189 2762 2385 2818 omisit
2416 2764 2638 2832 Petrus,
2667 2764 2801 2820 licet
2829 2783 2961 2822 eam
2990 2769 3209 2840 optime
3230 2774 3444 2840 nosset,
3476 2788 3609 2830 cum

1985 2848 2056 2903 de
2086 2865 2218 2904 casu
2250 2850 2347 2905 illo
2390 2850 2607 2906 nivium
2635 2855 2694 2908 et
2730 2854 2964 2927 rupium
2994 2858 3441 2915 consolatoriam
3472 2861 3609 2917 scri-

1983 2936 2161 3008 pserit
2189 2939 2262 2993 ad
2293 2938 2615 3011 Guigouem
2646 2941 2975 3015 epistolam,
3025 2962 3201 3019 quam
3234 2964 3340 3003 suo
3390 2950 3517 3006 loco
3548 2950 3607 3007 in

1983 3026 2300 3081 Annalibus
2326 3028 2614 3085 dabimus.

2050 3117 2174 3169 293.
2203 3134 2235 3168 α
2263 3115 2376 3170 Sed
2399 3117 2555 3189 quod
2583 3116 2769 3190 magis
2790 3118 3113 3189 miraberis,
3143 3121 3284 3178 nihil
3313 3125 3513 3181 Petrus
3534 3126 3606 3182 de

1979 3207 2176 3259 sancto
2210 3205 2447 3277 Hugone
2479 3206 2686 3261 abbate
2712 3207 3093 3277 Cluniacensi,
3122 3227 3157 3265 a
3183 3228 3297 3282 quo
3326 3216 3605 3270 monasti-

1978 3307 2110 3346 cum
2122 3292 2384 3347 habitum
2397 3298 2959 3367 suseeperat,prater
2969 3299 3287 3370 quamdam
3301 3301 3578 3358 visionem
3591 3345 3605 3371 ,

1980 3382 2265 3450 narravit;
2297 3399 2331 3436 a
2357 3399 2469 3455 quo
2497 3386 2696 3438 tamen
2729 3386 2912 3440 multa
2937 3387 3215 3457 praclara
3231 3392 3289 3444 et
3318 3392 3608 3463 stupenda

1976 3467 2274 3537 miracula,
2315 3473 2439 3525 tum
2487 3470 2546 3525 in
2578 3471 2712 3539 vita,
2742 3475 2867 3528 tum
2898 3478 3027 3546 post
3058 3480 3311 3534 mortem
3353 3482 3602 3551 patrata,

1974 3557 2222 3628 legimus
2247 3557 2304 3611 in
2332 3558 2454 3630 ejus
2471 3559 2616 3614 Vita.
2646 3561 2904 3616 Debilem
2934 3562 3127 3635 itaque
3148 3568 3605 3635 argumentatio-

1977 3662 2114 3700 nem
2146 3661 2213 3699 ex
2238 3645 2464 3701 silentio
2492 3646 2644 3702 Petri
2668 3648 3054 3705 Cluniacensis
3082 3651 3328 3709 rimatus
3352 3658 3440 3709 est
3469 3673 3599 3713 cum

1972 3734 2230 3790 Massono
2263 3734 2567 3802 Launoius,
2587 3735 2684 3807 qui
2718 3738 2839 3791 sola
2882 3736 2979 3793 illa
3021 3740 3245 3795 ratione
3295 3742 3599 3801 historiam

1973 3823 2123 3878 hanc
2158 3822 2397 3877 nomine
2429 3822 2637 3877 fabula
2662 3826 2720 3878 et
2749 3824 2916 3879 anilis
2945 3828 3293 3883 narrationis
3322 3831 3596 3888 traduxit.

1976 3911 2073 3983 qu
2083 3928 2148 3965 us
2167 3910 2212 3965 si
2242 3909 2457 3983 regulis
2475 3912 2832 3980 teneremur,
2852 3912 3005 3968 inter
3023 3913 3248 3971 fabulas
3265 3917 3442 3973 etiam
3467 3936 3598 3975 cen-

1972 4016 2250 4067 seremus,
2285 3998 2564 4072 quidquid
2594 3998 2665 4054 de
2697 3999 2821 4055 aliis
2856 4001 3068 4057 sanctis
3102 4004 3304 4059 Petrus
3336 4008 3532 4064 tacuit.
3562 4027 3595 4062 »

1971 4087 2101 4143 Hac
2132 4087 2329 4144 omnia
2358 4087 2768 4143 Carthusianus
2785 4092 2982 4145 noster
3003 4108 3354 4162 anonymus.
3384 4095 3497 4152 Sed
3518 4114 3591 4154 an

1968 4176 2256 4248 negativo,
2289 4176 2444 4249 quod
2470 4193 2502 4230 e
2520 4176 2670 4231 Petri
2702 4177 3088 4233 Cluniacensis
3116 4180 3348 4236 silentio
3380 4184 3595 4241 forma-

1963 4268 2076 4333 tur,
2110 4268 2455 4337 argumento
2476 4264 2591 4319 vim
2619 4281 2859 4321 omnem
2888 4267 3199 4323 adimunt?
3228 4271 3275 4322 A
3299 4271 3467 4326 Petro
3490 4274 3591 4329 Ve-

230 4384 260 4417 ι
288 4369 652 4437 temporum,
672 4366 900 4433 ut,qua
919 4363 1052 4415 ante
1066 4359 1414 4433 quingentos
1435 4357 1662 4413 etmille
1678 4373 1862 4411 annos
1887 4435 1918 4437 _
1964 4354 2227 4421 nerabili,
2276 4353 2357 4407 ait
2400 4356 2682 4426 quantum
2713 4353 2787 4408 ad
2841 4355 3248 4424 substantiam,
3307 4358 3587 4416 duntaxat

233 4473 262 4505 ι
291 4435 457 4525 gesta
516 4454 655 4507 sunt
705 4449 868 4505 nobis
919 4448 1220 4503 notissima
1277 4463 1407 4518 qua
1460 4461 1596 4500 vero
1653 4444 1859 4499 exinde
1886 4435 1938 4493 D
1962 4442 2214 4514 quinque
2240 4446 2464 4511 autsex,
2484 4458 2611 4515 qua
2633 4442 2707 4496 ad
2726 4442 3158 4498 Cluniaceusem
3178 4446 3445 4504 ordinem
3465 4467 3583 4507 non

233 4561 261 4592 ε
288 4542 431 4613 ipsis
477 4554 712 4612 quoque
768 4538 967 4592 diebus
1018 4535 1225 4591 nostris
1271 4538 1398 4588 acta
1430 4535 1581 4600 sunt,
1627 4548 1860 4604 prorsus

237 4647 267 4680 s
296 4630 505 4701 ignota
552 4627 687 4681 sint.
721 4627 859 4681 lude
909 4625 1013 4691 cst,
1056 4623 1211 4696 quod
1266 4621 1527 4676 Historiis
1585 4620 1856 4692 antiquis,

237 4735 266 4767 ι
298 4714 697 4773 ecclesiasticis
728 4714 922 4787 gestis,
971 4712 1131 4767 libris
1176 4709 1508 4783 multiplicis
1561 4708 1857 4775 doctrinm,

238 4826 267 4857 ι
297 4807 540 4861 Patrum
570 4802 974 4859 instructiones
1007 4804 1065 4855 ct
1097 4800 1363 4872 exempla
1409 4797 1858 4865 continentibus,

239 4912 267 4946 ο
290 4894 686 4949 abundamus'
719 4907 925 4947 eorum
969 4893 1164 4945 autem
1209 4904 1336 4960 qua
1366 4886 1727 4958 temporibus
1755 4901 1860 4940 no-

240 5003 268 5034 ι
292 4984 381 5040 bis
410 4979 699 5053 contiguis
723 4980 1112 5053 contigerunt,
1144 4977 1353 5043 nescio,
1373 4976 1418 5029 si
1445 4975 1533 5029 vel
1560 4990 1739 5029 unum
1756 4973 1859 5028 ha-

238 5091 267 5124 »
296 5073 526 5127 bemus.
546 5088 579 5121 θ
610 5069 741 5124 Hac
771 5069 886 5136 ille,
916 5067 1011 5139 qui
1032 5065 1290 5138 superius
1320 5064 1560 5130 dixerat,
1596 5082 1628 5115 «
1655 5063 1859 5118 Dolore

240 5180 268 5211 ι
292 5177 351 5215 se
376 5162 437 5215 et
480 5174 659 5230 supra
683 5172 859 5229 quam
894 5155 1088 5211 multis
1118 5154 1267 5210 forte
1312 5151 1584 5208 credibile
1618 5151 1710 5219 sit,
1738 5152 1858 5205 tor-

240 5269 269 5297 »
294 5248 419 5321 peri
452 5247 774 5321 multorum
826 5243 1013 5310 irasci,
1047 5242 1164 5316 qui,
1201 5258 1333 5297 cum
1365 5239 1621 5306 scientia,
1655 5238 1861 5295 litteris

242 5358 270 5387 ι
296 5316 469 5409 atque
504 5316 737 5407 eloquio
783 5333 1102 5388 abundent.
1144 5329 1409 5385 miranda
1448 5327 1863 5400 omnipotentis

248 5445 274 5476 υ
302 5425 401 5481 Dei
420 5440 627 5499 opera,
644 5439 771 5495 qua
783 5439 933 5495 sape
953 5421 1013 5476 in
1037 5418 1273 5475 diversis
1291 5419 1580 5501 terrarum
1608 5416 1865 5487 partibus

251 5535 277 5564 ›
301 5516 371 5569 ad
403 5512 853 5568 instructionem
883 5509 1141 5566 Ecclesia
1162 5507 1331 5574 ﬁunt,
1354 5504 1655 5560 memoria
1680 5509 1868 5576 poste-

254 5622 280 5654 ι
304 5619 505 5659 rerum
530 5601 811 5657 mandare
824 5598 1128 5656 scribendo
1158 5594 1562 5667 pigritantur.»
1580 5591 1867 5655 Quamob-

257 5710 369 5751 rem
416 5692 526 5748 sub
557 5690 736 5746 finem
769 5691 1094 5767 proﬁtetur,
1126 5702 1189 5743 se
1232 5703 1265 5737 ‹
1300 5681 1617 5741 secundum
1658 5680 1802 5749 vires
1833 5702 1868 5740 α

1959 4532 2238 4602 spectent,
2272 4529 2550 4585 miracula
2570 4534 2963 4597 recensentur,
2983 4547 3049 4585 ac
3068 4533 3240 4604 proin
3260 4551 3445 4606 pauca
3459 4538 3582 4594 hac

1958 4618 2108 4673 inter
2150 4635 2269 4673 non
2310 4617 2552 4673 inveniri
2602 4617 2994 4690 prodigiosam
3025 4619 3280 4677 doctoris
3319 4624 3580 4684 damnati

1961 4706 2291 4774 anastasim,
2323 4705 2537 4761 mirum
2578 4722 2697 4763 non
2742 4708 2847 4773 est,
2901 4707 3154 4764 maxime
3200 4726 3332 4767 cum
3379 4715 3578 4771 Petrus

1959 4795 2255 4850 stellarum
2285 4797 2507 4866 septem
2535 4793 2836 4863 visionem,
2860 4793 2918 4850 S.
2939 4794 3167 4868 Hugoni
3199 4799 3578 4876 GratianOpo-

1959 4883 2139 4939 litano
2171 4883 2457 4956 episcopo,
2490 4882 2629 4938 dum
2678 4882 2751 4938 ad
2781 4899 2917 4940 eum
2975 4883 3035 4940 S.
3070 4886 3262 4944 Bruno
3314 4905 3445 4945 eum
3480 4908 3577 4947 sex

1959 4972 2126 5029 sociis
2154 4972 2473 5027 accederet.
2523 4972 2736 5027 oblata.
2779 4971 3006 5047 aliaque
3064 4977 3346 5031 nonnulla
3393 4977 3467 5032 ad
3510 4979 3570 5035 S.

1960 5063 2293 5117 Brunonem
2335 5059 2674 5131 spectantia,
2722 5059 2951 5117 silentio
2994 5060 3173 5116 etiam
3204 5063 3569 5134 praterierit.

1958 5153 2145 5222 Atque
2160 5151 2281 5205 hac
2308 5148 2564 5222 quidem,
2590 5149 2665 5205 ob
2690 5165 2866 5222 quam
2895 5148 3142 5221 petitum
3168 5166 3200 5205 e
3221 5144 3371 5207 Petri
3399 5153 3575 5211 silen-

1959 5238 2040 5295 tio
2072 5240 2274 5294 contra
2294 5236 2543 5292 doctoris
2562 5237 2823 5293 damnati
2845 5235 3145 5292 historiam
3161 5245 3572 5311 argumentum

1963 5343 2170 5383 enerve
2200 5328 2364 5398 putat
2387 5342 2454 5380 ac
2482 5324 2801 5393 inﬁrmum,
2819 5324 2968 5380 ratio
3000 5322 3228 5383 videtur
3249 5330 3570 5404 pracipua;

1964 5432 2165 5471 verum
2183 5415 2286 5469 etsi
2313 5413 2511 5470 omnia
2538 5414 2659 5469 fere
2685 5412 2981 5481 miracula,
3002 5428 3132 5485 qua
3154 5417 3356 5473 Petrus
3371 5418 3574 5477 litteris

1966 5486 2343 5576 consigbavit,
2385 5503 2459 5558 ad
2504 5501 2937 5559 Cluniacensem
2981 5501 3250 5561 ordinem
3291 5512 3573 5577 spectent,

1966 5592 2060 5650 hic
2088 5595 2287 5647 tamen
2335 5591 2577 5665 scriptor
2628 5589 2990 5662 propositum
3042 5590 3150 5647 sibi
3201 5593 3455 5654 habebat
3501 5597 3579 5652 ad

1967 5682 2230 5759 posteros
2272 5681 2661 5741 transmittere
2706 5680 2884 5740 etiam
2922 5682 3224 5752 miracula,
3255 5699 3386 5759 qua
3424 5685 3589 5751 alibi,
