4224 6058
605 358 704 418 175

599 574 792 649 inquit
819 573 919 629 lib.
951 590 1011 641 ιι,
1040 588 1165 644 cap.
1200 572 1360 639 28,..,
1379 568 1437 625 in
1459 570 1582 624 toto
1614 567 1721 623 isto
1748 582 1920 639 opere
1939 565 2221 639 principe:-

600 663 689 731 lis,
728 667 789 718 ut
809 680 959 735 saepe
983 661 1107 733 jam
1126 658 1260 728 dixi,
1290 657 1399 713 fuit
1424 656 1564 712 mihi
1592 673 1762 712 causa
1784 654 2219 722 scribendi,hoe

603 756 687 809 est
713 752 988 807 miracula
1018 749 1277 816 ubilibet,
1308 750 1365 803 et
1391 746 1649 818 quolibet
1679 747 1941 817 tempore
1970 743 2121 799 facta
2144 743 2219 799 ad

602 840 972 916 praesentium
1021 840 1107 894 vel
1152 840 1518 910 posterorum
1550 832 1897 889 memoriam
1920 833 2216 888 transmit-

600 930 781 985 tendi.
806 949 838 982 »
868 927 1015 983 Audi
1047 926 1243 993 etiam,
1279 942 1406 998 quae
1435 924 1547 979 huc
1576 921 1851 979 facientia
1896 921 1955 975 in
2009 921 2216 977 eodem

599 1020 746 1074 libro
769 1017 1018 1073 secundo
1042 1016 1229 1071 fuerat
1255 1013 1548 1087 praefatus.
1582 1031 1613 1066 α
1638 1010 1922 1077 Quoniam
1952 1009 2025 1066 ad
2049 1010 2219 1066 robo-

595 1107 841 1164 randam
863 1106 1038 1162 ﬁdem
1064 1103 1259 1177 (verba
1277 1104 1412 1159 sunt
1435 1100 1607 1174 Petri)
1631 1103 1689 1157 et
1707 1116 1900 1156 mores
1921 1097 2218 1154 instituen-

598 1195 702 1251 dos
722 1196 999 1251 miracula
1024 1195 1220 1249 nostro
1252 1195 1518 1265 tempore
1536 1190 1625 1246 vel
1655 1187 1805 1245 circa
1834 1191 2033 1244 nostra
2066 1191 2214 1243 tem-

596 1301 741 1358 pora
771 1287 951 1357 gesta,
974 1299 1222 1356 quorum
1244 1280 1477 1353 cognito
1498 1277 1734 1335 indubia
1751 1277 1938 1345 datur,
1966 1275 2216 1332 scribere

595 1372 891 1445 proposui.
918 1373 1052 1428 Post
1076 1388 1166 1439 eo,
1200 1386 1327 1442 qua:
1353 1365 1649 1441 praemissa
1670 1368 1821 1434 sunt,
1849 1365 1962 1421 alia
1986 1381 2215 1439 quoque

597 1461 923 1533 legentibus
966 1460 1054 1515 vel
1099 1456 1463 1514 audientibus
1501 1471 1619 1512 non
1646 1455 1855 1523 minus,
1903 1457 1968 1509 ut
2018 1454 2213 1524 credo,

599 1550 761 1605 utilia
791 1547 1164 1622 adjungenda
1189 1549 1341 1603 sunt.

667 1641 791 1694 29's.
822 1640 929 1693 «In
962 1636 1187 1711 quibus,
1220 1638 1283 1690 ut
1311 1651 1485 1707 supra
1507 1632 1632 1706 jam
1661 1630 1795 1701 dixi,
1826 1633 2049 1688 nullum
2075 1635 2218 1687 tem-

594 1727 751 1800 poris
781 1726 1047 1782 ordinem
1077 1742 1261 1792 servo,
1289 1723 1499 1778 nullius
1520 1721 1749 1795 generis
1770 1721 2050 1777 miracula
2076 1720 2213 1790 vito,

1451 347 1512 407 S.
1535 346 1881 408 BRUNONIS
1929 344 2565 407 CABTHUSIANORUM
2605 348 3083 429 lNSTlTUTORlS

603 501 777 560 quam
808 481 867 539 in
901 476 1257 538 Cluniacensi
1285 495 1387 536 suo
1406 478 1630 548 ordine,
1654 475 1991 535 evenissent.
2017 495 2049 530 ει
2065 476 2225 544 Haec,
2238 478 2293 539 Α
2324 474 2459 531 dam
2474 475 2996 550 Patribusmaguis,
3009 474 3190 533 doctis
3201 478 3259 532 et
3269 475 3793 552 sanctis,magistro
3805 468 3990 541 Bm.

3838 359 3980 414 i76

2320 582 2494 634 none,
2509 566 2786 639 magistro
2804 565 3099 622 Lauduino
3114 565 3308 622 Italico
3321 583 3387 622 ac
3400 566 3743 640 quibusdam
3757 571 3981 628 aliis.»

2320 654 2534 719 Quibus
2558 656 2742 712 verbis
2773 672 2904 710 cum
2943 671 3128 728 pauca
3159 655 3368 710 saltem
3413 656 3484 711 de
3525 657 3986 717 Carthusiensis

2318 744 2537 801 ordinis
2566 744 2927 801 institutione
2944 747 3393 813 commemoret,
3413 746 3739 804 verosimile
3762 766 3981 823 appa-

2316 836 2426 900 ret,
2459 832 2799 906 scriptorem
2853 834 3039 903 illum,
3073 833 3171 906 qui
3212 835 3368 889 totus
3413 838 3499 890 est
3527 834 3587 890 in
3619 837 3987 896 referendis

2316 921 2607 977 miraculis
2644 925 2779 995 apta
2797 922 2906 978 hac
2931 922 3280 994 exponendi,
3313 940 3443 996 quae
3484 924 3631 981 sacri
3660 926 3810 982 illius
3857 926 3985 984 in-

2315 1010 2591 1067 stituendi
2627 1010 2845 1067 ordinis
2883 1028 3054 1067 causa
3081 1010 3300 1079 fuisset,
3333 1012 3632 1069 occasione
3679 1016 3979 1086 obtenta,

2314 1100 2632 1157 luctuosam
2657 1100 2823 1173 juxta
2868 1117 2932 1156 ac
2962 1100 3357 1172 prodigiosam
3386 1100 3639 1158 doctoris
3679 1104 3981 1162 damnati

2314 1188 2637 1258 historiam,
2652 1189 2699 1245 si
2711 1190 2902 1245 locum
2920 1206 3177 1261 unquam
3193 1189 3316 1245 haec
3330 1190 3689 1262 obtinuisset,
3709 1193 3976 1253 silentio

2315 1294 2434 1333 non
2454 1277 2624 1334 fuisse
2648 1278 3099 1352 praeteriturum.
3125 1278 3403 1334 Omnibus
3424 1279 3641 1354 itaque,
3656 1299 3784 1354 qua:
3800 1282 3975 1340 Car-

2314 1365 2568 1422 thusiani
2594 1366 2873 1440 anonymi
2885 1366 3072 1422 verbis
3083 1383 3255 1440 supra
3268 1367 3521 1424 recitatis
3540 1368 3974 1443 includuntur,

2312 1455 2635 1511 rationibus
2648 1456 2758 1511 rite
2780 1455 3061 1528 expensis,
3091 1459 3437 1529 argumento
3461 1458 3751 1530 negativo,
3780 1462 3974 1533 quod

2315 1561 2347 1600 e
2377 1544 2533 1600 Petri
2547 1544 2897 1600 Venerabilis
2916 1544 3142 1601 silentio
3162 1547 3369 1601 contra
3388 1545 3640 1603 doctoris
3661 1548 3981 1611 Parisien-

2314 1632 2389 1688 sis
2421 1632 2733 1689 anastasim
2776 1633 3086 1702 formatur,
3115 1650 3354 1689 omnem
3376 1651 3609 1706 prorsus
3627 1637 3744 1692 vim
3766 1638 3980 1695 dene-

2315 1738 2454 1794 gare
2500 1738 2619 1778 non
2674 1722 2880 1791 ausim,
2929 1722 3035 1778 etsi
3078 1722 3314 1778 interim
3360 1725 3610 1780 multum
3652 1726 3823 1791 absit,
3888 1732 3978 1784 ut.

593 1816 695 1872 sed
722 1815 865 1870 sicut
895 1832 964 1870 ea
992 1814 1077 1869 vel
1108 1812 1246 1869 olim
1280 1811 1471 1880 didici,
1504 1812 1592 1867 vel
1626 1809 1884 1883 quotidie
1923 1827 1957 1866 a
1986 1807 2217 1865 diversis
2242 1808 2293 1868 B
2316 1810 2572 1867 Launoio
2605 1811 3020 1885 assentiar,qui
3043 1810 3103 1866 in
3131 1829 3234 1867 sua
3259 1812 3330 1868 de
3353 1830 3669 1871 veracausa
3686 1833 3973 1873 secessus

592 1907 653 1959 et
668 1904 779 1960 fide
792 1903 979 1977 dignis
991 1903 1207 1959 discere
1224 1918 1480 1975 possum,
1494 1900 1789 1971 scriptura:
1805 1897 2215 1955 commendo.»

596 1993 669 2048 Ut
692 1992 830 2065 quid
851 2009 990 2064 ergo
1010 1993 1230 2058 Petrus,
1259 1989 1369 2058 cui,
1400 1992 1465 2045 ut
1491 2006 1559 2044 ex
1583 1988 1737 2043 hisce
1761 1986 2012 2043 recitatis
2030 1987 2217 2042 verbis

598 2081 959 2154 intelligitur,
993 2095 1350 2156 qumcunque
1392 2080 1449 2132 et
1491 2076 1816 2149 ubicunque
1847 2079 2009 2148 gesta
2038 2074 2215 2131 mira-

592 2171 720 2226 cula
749 2171 809 2226 in
836 2170 1056 2225 litteras
1098 2168 1328 2224 mittere
1379 2165 1738 2239 propositum
1792 2166 1936 2231 erat,
1987 2163 2215 2219 silentio

617 2253 908 2326 "rzeteriit,
938 2258 983 2313 si
1025 2258 1241 2314 factum
1270 2272 1529 2327 unquam
1558 2253 1650 2323 sit,
1688 2253 2043 2309 horrendum
2077 2252 2217 2308 illud

591 2349 943 2425 prodigium,
976 2364 1091 2421 quo
1123 2346 1324 2402 doctor
1351 2342 1682 2399 Parisiensis
1707 2342 1989 2414 tantisper
2011 2341 2218 2397 redivi-

588 2457 711 2506 vus,
754 2439 910 2511 justo
932 2436 1033 2493 Dei
1050 2433 1269 2507 judicio
1285 2450 1344 2488 se
1370 2432 1734 2499 damnatum,
1763 2430 1989 2505 publice
2017 2447 2214 2486 coram

589 2527 899 2584 innumera
928 2523 1354 2597 propemodum
1386 2520 1583 2594 populi
1611 2519 1983 2575 multitudine
2018 2518 2217 2574 efere-

586 2620 678 2673 tro
701 2614 1072 2688 proclamarit
1087 2614 1114 2668 '3
1134 2612 1230 2667 Ais
1250 2610 1506 2683 quidem,
1531 2610 1716 2665 multa
1736 2608 1846 2664 alia
1870 2606 2134 2680 prodigia
2151 2623 2215 2663 ac

589 2706 867 2761 miracula
909 2703 1135 2759 silentio
1190 2700 1405 2774 pariter
1432 2715 1467 2753 a
1508 2699 1678 2753 Petro
1727 2696 1966 2764 involvi;
2015 2713 2215 2752 verum

588 2794 806 2863 isthmc,
861 2810 988 2866 qua:
1038 2789 1255 2864 pariter
1310 2788 1383 2843 ab
1435 2786 1545 2842 hoc
1594 2785 1871 2860 scriptore
1921 2802 2038 2840 non
2091 2802 2213 2840 me-

588 2887 913 2949 morantur,
944 2883 1077 2936 sunt
1098 2876 1448 2950 hujusmodi,
1483 2878 1546 2931 ut
1565 2875 1731 2931 facile
1754 2875 1826 2929 ab
1848 2890 1915 2930 eo
1942 2874 2024 2929 vel
2048 2874 2214 2946 igno-

584 2973 722 3039 rari,
774 2972 861 3026 vel
894 2987 1026 3025 cum
1075 2967 1373 3033 scriberet,
1420 2966 1480 3020 in
1522 2963 1809 3020 memoria
1840 2980 1959 3018 non
1989 2961 2213 3030 haberi,

585 3064 674 3117 vel
702 3060 951 3132 denique
998 3058 1153 3113 velut
1203 3053 1396 3110 minus
1446 3057 1649 3109 notatu
1702 3052 1878 3125 digna
1932 3050 2216 3125 prmteriri

587 3149 901 3222 potuerint.
918 3149 990 3201 At
1004 3162 1135 3199 vero
1150 3143 1465 3200 Parisiense
1483 3140 1834 3214 prodigium,
1851 3144 2048 3212 utpote
2063 3140 2218 3213 quod

589 3239 649 3293 in
681 3237 975 3309 opinione,
994 3250 1169 3306 quam
1196 3232 1286 3286 hic
1301 3232 1657 3298 discutimus,
1686 3246 1883 3284 coram
1908 3228 2219 3284 innumera

592 3324 1016 3398 propemodum
1048 3320 1243 3393 populi
1267 3318 1637 3374 multitudine
1659 3317 1900 3383 factum,
1929 3318 2218 3389 longeque

591 3414 834 3488 proinde
866 3429 929 3467 ac
962 3413 1076 3466 late
1111 3408 1468 3479 divulgatum
1502 3409 1674 3479 atque
1713 3406 1786 3461 ad
1818 3406 2219 3478 posteritatem

589 3502 991 3559 transmissum
1017 3498 1236 3565 fuisset,
1269 3494 1528 3568 ignorari
1550 3494 1703 3550 haud
1725 3494 1891 3550 facile
1915 3495 1986 3549 ab
2013 3494 2220 3550 eodem

592 3596 759 3648 Petro
796 3589 1090 3664 potuisset,
1121 3604 1155 3641 a
1183 3602 1295 3659 quo
1352 3583 1529 3640 etiam
1579 3582 1845 3655 proinde,
1899 3586 2099 3653 utpote
2144 3582 2219 3637 si-

594 3682 714 3739 mul
740 3683 798 3735 et
828 3681 1030 3735 notatu
1065 3673 1494 3749 dignissimum,
1528 3675 1586 3727 et
1625 3672 1698 3727 ad
1724 3672 1903 3727 ﬁnem
1935 3674 2224 3743 praeterea

596 3789 629 3825 a
643 3772 717 3825 Pe
726 3772 812 3825 tro
829 3767 1139 3832 intentum,
1156 3781 1256 3820 seu
1272 3762 1380 3817 «ad
1394 3761 1570 3817 ﬁdem
1588 3760 1704 3833 (adi
1718 3761 1839 3832 ejus
1852 3761 2027 3815 verba
2037 3759 2225 3832 proxi-

600 3877 694 3914 me
725 3856 983 3927 recitata)
1012 3852 1452 3909 roborandam»
1493 3852 1793 3922 bonosque
1827 3866 2021 3904 mores
2052 3848 2225 3920 inspi-

598 3947 813 4004 randos
835 3947 1009 4016 longe
1041 3941 1406 4014 aptissimum
1428 3937 1831 3994 verosimiliter
1855 3940 1912 3992 et
1940 3936 1999 3991 in
2027 3940 2224 3992 mente

601 4035 886 4099 habitum,
921 4034 980 4086 et
1015 4030 1543 4085 commemoratum
1572 4026 1790 4094 fuisset,
1823 4024 2077 4080 maxime
2093 4042 2225 4081 cum

605 4125 805 4178 Petrus
820 4121 877 4177 in
895 4135 1065 4192 super
1084 4117 1339 4172 studium
1360 4118 1417 4170 et
1432 4131 1672 4186 operam
1692 4114 1967 4187 posuerit,
1992 4117 2074 4183 ut,
2097 4132 2225 4187 qua:

606 4213 680 4269 ad
697 4210 962 4266 ordinem
977 4204 1442 4262 Carthusiensem
1457 4203 1816 4274 spectabant,
1834 4202 2112 4258 miracula
2126 4222 2229 4258 un-

610 4302 909 4371 decunque
930 4294 1317 4367 conquireret,
1333 4294 1745 4364 compertaque
1763 4292 2089 4347 litterarum
2106 4309 2231 4348 mo-

2316 1899 2373 1955 S.
2408 1899 2692 1955 Brunonis
2719 1898 2779 1956 in
2812 1916 3078 1956 eremum
3108 1900 3519 1958 Dissertatione
3544 1904 3634 1959 vel
3652 1904 3726 1960 ob
3748 1906 3971 1962 solum

2316 1988 2469 2045 Petri
2496 1987 2851 2044 Venerabilis
2899 1989 2970 2045 de
3008 1988 3342 2063 prodigiosa
3390 1990 3641 2048 doctoris
3685 1995 3972 2050 anastasi

2314 2077 2606 2133 silentium
2637 2076 2846 2133 fabulis
2866 2078 3328 2152 commentisque
3350 2078 3498 2134 hanc
3517 2081 3970 2137 accensendam

2316 2169 2600 2224 autumat.
2620 2167 2688 2221 Et
2709 2182 2864 2235 vero,
2893 2184 3024 2223 cum
3047 2168 3249 2223 Petrus
3281 2166 3395 2239 (adi
3420 2168 3543 2240 ejus
3572 2169 3747 2226 verba
3771 2187 3967 2226 num.

2315 2255 2563 2330 praeced.
2597 2254 2856 2327 recitata)
2891 2255 3102 2311 diserte
3161 2255 3437 2324 afﬁrmet,
3467 2273 3589 2312 sese
3616 2273 3771 2326 rara,
3820 2258 3967 2316 imo

2315 2344 2628 2412 rarissima,
2658 2360 2785 2416 quae
2818 2343 2890 2398 ad
2920 2343 3189 2399 ordinem
3223 2343 3689 2400 Carthusiensem
3717 2350 3971 2419 specta-

2315 2435 2466 2501 rent,
2492 2431 2785 2504 ﬁdemque
2817 2432 3222 2487 omnimodam
3247 2437 3633 2502 mererentur,
3662 2434 3972 2493 miracula

2315 2520 2679 2590 intellexisse,
2746 2536 2928 2593 eaque
2973 2520 3367 2589 nihilominus,
3428 2538 3555 2594 quae
3617 2522 3973 2582 indubitata

2315 2626 2456 2677 esse,
2489 2606 2793 2680 comperit,
2840 2608 3043 2664 litteris
3072 2609 3401 2674 mandasse,
3453 2610 3579 2666 fieri
3609 2616 3824 2684 potest,
3893 2618 3971 2671 ut

2313 2699 2653 2755 horribilem
2685 2697 2936 2754 doctoris
2987 2698 3249 2753 damnati
3277 2697 3599 2768 historiam,
3647 2705 3710 2756 ut
3739 2705 3806 2758 ut
3839 2703 3965 2760 sibi

2316 2804 2437 2843 non
2467 2787 2752 2859 ignotam,
2770 2788 3359 2843 commemorandam
3385 2805 3503 2844 non
3521 2788 3765 2859 duxerit,
3784 2793 3966 2864 quod

2316 2894 2469 2944 eam,
2492 2880 2692 2948 utpote
2729 2893 2905 2949 quam
2936 2876 3085 2931 forte
3124 2875 3291 2930 nullis
3332 2892 3569 2947 prorsus
3612 2877 3963 2937 litterarum

2316 2964 2732 3032 monumentis,
2766 2965 2867 3020 sed
2897 2964 3020 3020 sola
3046 2963 3359 3020 traditione
3387 2966 3654 3039 populive
3672 2967 3960 3026 famain-

2315 3054 2641 3122 tellexisset,
2669 3070 2774 3126 pro
2807 3052 3046 3109 omnino
3078 3056 3235 3109 certa
3259 3056 3432 3127 atque
3462 3054 3790 3113 indubitata
3825 3074 3955 3114 non

2316 3144 2577 3199 haberet.

2319 3248 2526 3323 θιςνιι,
2564 3247 2714 3323 Quid
2750 3248 2829 3323 Ade
2876 3249 3135 3323 aliorum,
3175 3264 3307 3320 quos
3355 3249 3632 3311 Launoius
3677 3259 3956 3323 praeterea

2389 3318 2599 3444 iunctim,
2650 3321 2969 3392 scriptorum
3015 3318 3362 3392 antiquorum
3402 3323 3617 3379 silentio
3663 3318 3842 3380 statui
3869 3325 3963 3380 (le—

2424 3408 2484 3444 ea
2516 3432 2529 3444 .

2424 3408 2529 3445 eat.

2390 3501 2514 3553 296.
2539 3500 2695 3553 Inter
2709 3497 3018 3572 scriptores
3031 3499 3320 3572 antiquos,
3340 3500 3584 3569 silendo,
3604 3506 3667 3558 ut
3677 3502 3801 3558 vult
3813 3503 3960 3559 Lau-

2320 3587 2507 3656 nouis,
2532 3586 2921 3659 prodigiosam
2937 3588 3186 3644 doctoris
3216 3589 3548 3645 Parisiensis
3577 3592 3898 3647 anastasim
3925 3609 3961 3646 a

2318 3693 2454 3732 vero
2468 3676 2721 3730 alienam
2740 3678 2999 3744 testatos,
3025 3694 3146 3733 esse
3160 3677 3337 3733 etiam
3352 3680 3681 3747 nonnullos,
3697 3696 3956 3753 quorum

2321 3764 2615 3820 silentium
2642 3767 2741 3819 aut
2771 3765 2948 3832 nulla,
2982 3769 3080 3820 aut
3112 3766 3277 3821 valde
3317 3766 3523 3839 exigua
3553 3771 3758 3824 contra
3802 3771 3958 3825 hanc

2321 3852 2376 3908 vi
2406 3853 2607 3923 pollet,
2628 3851 2755 3924 jam
2772 3870 2946 3926 supra
2962 3851 3228 3909 iudicavi.
3252 3855 3465 3911 Verum
3485 3855 3573 3924 iis,
3605 3856 3676 3912 de
3698 3873 3956 3930 quorum

2325 3939 2550 3996 silentio
2582 3939 2805 3996 duobus
2831 3941 3093 4014 proxime
3122 3943 3456 4015 praegressis
3487 3947 3549 4014 §§
3573 3944 3837 4013 disserui,
3864 3945 3957 4001 hic

2326 4029 2510 4084 adhuc
2556 4045 2624 4084 ex
2654 4029 2949 4085 recensitis
2986 4048 3020 4086 a
3052 4031 3305 4087 Launoio
3365 4032 3505 4087 alios
3554 4035 3888 4102 nonnullos,
3921 4050 3955 4088 a

2326 4118 2515 4173 Bulaao
2540 4117 2599 4172 in
2631 4118 3022 4174 Universitatis
3061 4120 3392 4176 Parisiensis
3424 4121 3669 4176 Historia
3697 4126 3740 4179 t.
3781 4126 3807 4179 Ι
3851 4122 3951 4178 ad-

2327 4207 2546 4274 ductos,
2575 4206 2789 4262 addere
2804 4206 3013 4263 idcirco
3044 4208 3224 4276 lubet,
3257 4209 3413 4283 quod
3433 4209 3666 4268 illorum
3682 4211 3948 4267 omnium

2326 4294 2619 4351 silentium
2645 4300 2849 4351 contra
2875 4296 3027 4351 hunc
3070 4295 3434 4370 scriptorem,
3486 4299 3723 4355 maximi
3757 4300 3822 4356 id
3866 4299 3950 4354 fa-

614 4365 907 4444 numentis
937 4365 1327 4455 consignaret,
1362 4380 1442 4435 uti
1474 4380 1720 4451 ipsemet
1748 4380 1894 4436 libro
1923 4398 1982 4447 ιι,
2009 4397 2135 4453 cap.
2160 4384 2228 4437 29
2251 4365 2301 4425 Ῑ)
2328 4384 2599 4450 cientem,
2656 4383 2865 4439 nullius
2906 4401 3138 4458 prorsus
3184 4365 3309 4441 esse
3361 4386 3586 4442 roboris
3636 4387 3947 4444 contendat

613 4476 831 4533 indicat
858 4474 1012 4529 hisce
1045 4470 1246 4526 verbis.
1286 4489 1318 4522 ‹‹
1343 4470 1515 4525 Multa
1544 4467 1781 4540 quidem
1829 4468 1888 4523 in
1929 4468 2025 4525 illo
2068 4486 2228 4525 sacro

616 4561 1124 4637 (Carthusiensium
1139 4558 1367 4630 scilicet)
1386 4557 1591 4613 ordine
1610 4556 1889 4612 miracula
1900 4558 2227 4630 contigisse,

618 4673 652 4710 a
683 4652 939 4727 pluribus
958 4649 1172 4722 accepi,
1201 4648 1301 4703 sed
1332 4646 1467 4719 quia
1498 4644 1603 4718 ipsi
1627 4644 1969 4701 humilitatis
1999 4648 2229 4715 virtute,

619 4760 733 4816 qua
756 4756 988 4811 semper
1015 4737 1159 4792 servi
1188 4736 1289 4792 Dei
1317 4734 1585 4790 miranda
1628 4750 1805 4805 opera
1855 4751 1979 4803 sua,
2013 4738 2231 4807 quanto

619 4833 859 4905 possunt
887 4828 1035 4894 nisu,
1062 4827 1370 4892 occultant,
1398 4824 1504 4881 vix.
1526 4823 1744 4895 aliquid
1773 4839 1839 4877 ex
1869 4823 1958 4877 his
1984 4824 2234 4895 prodere

619 4920 795 4993 aliqui
846 4917 1170 4973 voluerunt.
1232 4915 1409 4982 Rara,
1470 4911 1588 4967 imo
1641 4910 1972 4977 rarissima,
2028 4912 2236 4984 quibus

621 5005 964 5065 omnimoda
995 5004 1137 5059 fides
1167 5000 1665 5058 accommodanda
1689 5004 1857 5068 esset,
1892 5000 1964 5056 ad
1996 5018 2090 5057 me
2123 5001 2234 5056 mi-

621 5098 815 5153 racula
841 5095 1260 5167 pervenerunt;
1283 5107 1411 5163 quae
1428 5093 1621 5144 tamen
1647 5089 1861 5161 absque
1886 5088 2058 5145 dubio
2080 5106 2236 5146 com-

621 5186 765 5258 peri,
797 5188 986 5239 tacere
1024 5199 1131 5238 nec
1156 5181 1304 5249 volo,
1333 5195 1440 5234 nec
1466 5177 1757 5252 proposui.
1791 5197 1823 5230 »

693 5277 816 5330 295.
858 5272 946 5326 Ad
973 5273 1097 5326 hare
1138 5272 1338 5325 Petrus
1368 5267 1468 5323 lib.
1518 5283 1579 5334 ιι,
1622 5282 1749 5338 cap.
1799 5269 1865 5322 28
1895 5265 1974 5322 sic
2002 5266 2230 5325 scribit:

624 5382 655 5414 «
668 5363 935 5418 Servatur
950 5358 1007 5414 in
1027 5357 1371 5429 Burgundia:
1385 5355 1596 5412 finibus
1611 5354 1761 5411 inter
1773 5372 1976 5411 omnes
1992 5356 2232 5429 Europos

624 5454 834 5504 nostra:
849 5445 1151 5502 monastici
1165 5446 1382 5500 ordinis
1392 5443 1777 5518 professiones
1787 5444 2062 5516 professio
2081 5462 2233 5517 qua:-

622 5535 780 5601 dam,
800 5536 994 5590 multis
1011 5533 1137 5588 aliis
1162 5534 1424 5603 ejusdem
1453 5533 1755 5590 monastici
1788 5531 2067 5606 pr0positi
2095 5549 2227 5591 san-

621 5624 1097 5686 Iftioreteautior,
1120 5619 1379 5676 instituta
1397 5625 1592 5678 nostro
1624 5624 1888 5695 tempore
1919 5638 1952 5677 a
1994 5622 2224 5695 quibus-

2331 4472 2738 4528 Carthusianus
2768 4489 3112 4545 anonymus,
3127 4474 3440 4530 Annalium
3457 4475 3675 4531 ordinis
3705 4476 3792 4531 sui
3820 4472 3943 4530 libri

2331 4560 2517 4633 quarti
2534 4560 2809 4617 hactenus
2829 4577 2947 4616 non
2959 4562 3173 4633 vulgati
3185 4566 3404 4630 auctor,
3424 4563 3583 4634 cujus
3602 4565 3943 4636 argumenta

2331 4649 2552 4715 omnia,
2596 4648 2846 4704 doctoris
2884 4649 3145 4705 damnati
3190 4650 3445 4706 historiae
3501 4655 3793 4726 utcunque
3836 4650 3942 4707 suf-

2331 4735 2641 4809 fragantia,
2675 4737 2733 4791 in
2761 4737 3020 4793 medium
3055 4738 3225 4793 statui
3250 4739 3531 4810 proferre.
3563 4742 3612 4795 Α
3647 4740 3937 4814 Sigeberto

2332 4825 2727 4880 Gemblacensi
2757 4825 2901 4880 duco
2955 4825 3203 4882 initium.
3248 4827 3436 4884 Hicin
3484 4826 3937 4903 chronographia

2332 4913 2407 4969 ad
2418 4930 2638 4968 annum
2654 4915 2789 4969 1084
2810 4914 2881 4969 de
2904 4917 3101 4971 sancto
3125 4915 3393 4971 Brunone
3420 4916 3500 4972 sic
3523 4918 3746 4974 scribit:
3770 4938 3800 4972 ς
3816 4917 3938 4971 Bru-

2333 5018 2409 5058 no
2426 5002 2664 5058 natione
2676 5003 3020 5059 Teutonicus
3031 5021 3101 5059 ex
3115 5005 3257 5060 urbe
3271 5005 3530 5074 Colonia,
3546 5006 3751 5062 litteris
3762 5000 3933 5078 appri-

2332 5107 2427 5146 me
2445 5090 2722 5159 eruditus,
2744 5092 3039 5148 Remensis
3057 5093 3307 5150 ecclesias
3327 5094 3635 5151 canonicus
3654 5098 3711 5150 et
3727 5092 3929 5150 schola-

2330 5196 2463 5235 rum
2500 5180 2796 5253 magister,
2831 5180 3032 5237 relicto
3073 5183 3301 5250 saeculo,
3331 5200 3596 5239 eremum
3635 5177 3925 5239 Carthasim

2330 5269 2556 5337 fundat,
2571 5268 3047 5341 propositumque
3059 5271 3394 5327 monasticis
3409 5269 3925 5328 conversationissa-

2330 5357 2401 5414 tis
2413 5359 2658 5414 arduum
2673 5358 3046 5431 instituit.Huj
3055 5377 3117 5415 us
3128 5360 3307 5415 sancti
3320 5360 3598 5433 propositi
3608 5359 3921 5433 cooperator

2331 5450 2389 5501 et
2408 5448 2714 5501 mmulator
2726 5448 2911 5502 beatae
2936 5448 3238 5504 memoria:
3266 5449 3448 5522 Hugo,
3473 5444 3919 5520 Gratianopolita-

2330 5552 2437 5593 nus
2465 5535 2765 5608 episcopus
2793 5538 2865 5593 ab
2895 5537 3103 5594 eodem
3135 5538 3402 5595 Brunone
3444 5538 3708 5595 habitum
3736 5548 3911 5595 mona-

2328 5624 2552 5681 chicum
2574 5625 2839 5697 sumpsit,
2867 5625 3289 5702 cunctisqucibi
3306 5627 3700 5687 habitantibus
3717 5623 3910 5697 insigne

4050 4612 4062 4657 ι

4040 4780 4053 4835 1

4038 4872 4051 4941 l

4032 4952 4047 5013 ἐ

4022 5140 4039 5191 Ι

4016 5316 4029 5371 1

4096 3640 4105 3673 ε

4086 3812 4099 3855 l

4086 3902 4095 3941 ι

4082 3986 4093 4033 l

4128 2918 4138 2955 l

4128 3010 4139 3043 ὲ

4120 3104 4133 3135 3

4126 3192 4131 3223 l
