  <div class='ocr_page' id='page_1' title='image "/cluster/home/n/w/nwhite01/storage/ocr_20150623/152/hvd.32044054760103/094.png"; bbox 0 0 4026 6042; ppageno 0'>
   <div class='ocr_carea' id='block_1_1' title="bbox 276 228 378 278">
    <p class='ocr_par' dir='ltr' id='par_1_1' title="bbox 276 228 378 278">
     <span class='ocr_line' id='line_1_1' title="bbox 276 228 378 278; baseline 0 0"><span class='ocrx_word' id='word_1_1' title='bbox 276 228 378 278; x_wconf 81' lang='grc'><strong>177</strong></span> 
     </span>
    </p>
   </div>
   <div class='ocr_carea' id='block_1_2' title="bbox 1852 224 2032 285">
    <p class='ocr_par' dir='ltr' id='par_1_2' title="bbox 1852 224 2032 285">
     <span class='ocr_line' id='line_1_2' title="bbox 1852 224 2032 285; baseline 0 -1"><span class='ocrx_word' id='word_1_2' title='bbox 1852 224 2032 285; x_wconf 76' lang='lat' dir='ltr'><strong>ACTA</strong></span> 
     </span>
    </p>
   </div>
   <div class='ocr_carea' id='block_1_3' title="bbox 3499 238 3599 293">
    <p class='ocr_par' dir='ltr' id='par_1_3' title="bbox 3499 238 3599 293">
     <span class='ocr_line' id='line_1_3' title="bbox 3499 238 3599 293; baseline 0 -1"><span class='ocrx_word' id='word_1_3' title='bbox 3499 238 3599 293; x_wconf 87' lang='grc'><strong>178</strong></span> 
     </span>
    </p>
   </div>
   <div class='ocr_carea' id='block_1_4' title="bbox 268 349 3603 432">
    <p class='ocr_par' dir='ltr' id='par_1_4' title="bbox 268 349 3603 432">
     <span class='ocr_line' id='line_1_4' title="bbox 268 349 3603 432; baseline 0.003 -27"><span class='ocrx_word' id='word_1_4' title='bbox 268 349 526 419; x_wconf 72' lang='lat' dir='ltr'><strong>prmbuit</strong></span> <span class='ocrx_word' id='word_1_5' title='bbox 554 351 903 425; x_wconf 66' lang='lat' dir='ltr'><strong>eueniplum.</strong></span> <span class='ocrx_word' id='word_1_6' title='bbox 943 370 974 402; x_wconf 68' lang='grc' dir='ltr'><strong>η</strong></span> <span class='ocrx_word' id='word_1_7' title='bbox 1004 350 1309 420; x_wconf 85' lang='lat' dir='ltr'><strong>Launoius,</strong></span> <span class='ocrx_word' id='word_1_8' title='bbox 1360 350 1423 407; x_wconf 91' lang='lat' dir='ltr'><strong>in</strong></span> <span class='ocrx_word' id='word_1_9' title='bbox 1464 356 1568 407; x_wconf 89' lang='lat' dir='ltr'><strong>sua</strong></span> <span class='ocrx_word' id='word_1_10' title='bbox 1624 352 1696 408; x_wconf 92' lang='lat' dir='ltr'><strong>de</strong></span> <span class='ocrx_word' id='word_1_11' title='bbox 1752 368 1889 409; x_wconf 85' lang='lat' dir='ltr'><strong>vera</strong></span> <span class='ocrx_word' id='word_1_12' title='bbox 1908 354 1966 417; x_wconf 77' lang='grc' dir='ltr'><strong>Α</strong></span> <span class='ocrx_word' id='word_1_13' title='bbox 1988 354 2264 426; x_wconf 77' lang='lat' dir='ltr'><strong>assignat,</strong></span> <span class='ocrx_word' id='word_1_14' title='bbox 2298 355 2369 411; x_wconf 88' lang='lat' dir='ltr'><strong>de</strong></span> <span class='ocrx_word' id='word_1_15' title='bbox 2388 355 2956 429; x_wconf 57' lang='lat' dir='ltr'><strong>‘Hugone,tanquam</strong></span> <span class='ocrx_word' id='word_1_16' title='bbox 2980 359 3233 427; x_wconf 86' lang='lat' dir='ltr'><strong>mortuo,</strong></span> <span class='ocrx_word' id='word_1_17' title='bbox 3260 356 3498 432; x_wconf 82' lang='lat' dir='ltr'><strong>jamque</strong></span> <span class='ocrx_word' id='word_1_18' title='bbox 3518 361 3603 417; x_wconf 87' lang='lat' dir='ltr'><strong>in-</strong></span> 
     </span>
    </p>
   </div>
   <div class='ocr_carea' id='block_1_5' title="bbox 272 439 1887 498">
    <p class='ocr_par' dir='ltr' id='par_1_5' title="bbox 272 439 1887 498">
     <span class='ocr_line' id='line_1_5' title="bbox 272 439 1887 498; baseline 0.002 -5"><span class='ocrx_word' id='word_1_19' title='bbox 272 454 448 494; x_wconf 81' lang='lat' dir='ltr'><strong>censa</strong></span> <span class='ocrx_word' id='word_1_20' title='bbox 469 456 721 496; x_wconf 78' lang='lat' dir='ltr'><strong>secessus</strong></span> <span class='ocrx_word' id='word_1_21' title='bbox 741 439 801 495; x_wconf 91' lang='lat' dir='ltr'><strong>S.</strong></span> <span class='ocrx_word' id='word_1_22' title='bbox 832 440 1117 496; x_wconf 87' lang='lat' dir='ltr'><strong>Brunonis</strong></span> <span class='ocrx_word' id='word_1_23' title='bbox 1140 440 1199 496; x_wconf 93' lang='lat' dir='ltr'><strong>in</strong></span> <span class='ocrx_word' id='word_1_24' title='bbox 1235 457 1499 497; x_wconf 88' lang='lat' dir='ltr'><strong>eremum</strong></span> <span class='ocrx_word' id='word_1_25' title='bbox 1533 440 1887 498; x_wconf 88' lang='lat' dir='ltr'><strong>dissertatio-</strong></span> 
     </span>
    </p>
   </div>
   <div class='ocr_carea' id='block_1_6' title="bbox 275 529 1889 598">
    <p class='ocr_par' dir='ltr' id='par_1_6' title="bbox 275 529 1889 598">
     <span class='ocr_line' id='line_1_6' title="bbox 275 529 1889 598; baseline 0.003 -16"><span class='ocrx_word' id='word_1_26' title='bbox 275 545 349 583; x_wconf 90' lang='lat' dir='ltr'><strong>ne</strong></span> <span class='ocrx_word' id='word_1_27' title='bbox 378 529 636 584; x_wconf 73' lang='lat' dir='ltr'><strong>recitatis</strong></span> <span class='ocrx_word' id='word_1_28' title='bbox 666 530 845 585; x_wconf 90' lang='lat' dir='ltr'><strong>etiam</strong></span> <span class='ocrx_word' id='word_1_29' title='bbox 896 529 1051 585; x_wconf 88' lang='lat' dir='ltr'><strong>hisce</strong></span> <span class='ocrx_word' id='word_1_30' title='bbox 1095 530 1301 598; x_wconf 84' lang='lat' dir='ltr'><strong>verbis,</strong></span> <span class='ocrx_word' id='word_1_31' title='bbox 1333 531 1526 587; x_wconf 77' lang='lat' dir='ltr'><strong>subdit</strong></span> <span class='ocrx_word' id='word_1_32' title='bbox 1556 548 1570 587; x_wconf 91' lang='lat'>:</span> <span class='ocrx_word' id='word_1_33' title='bbox 1607 554 1634 582; x_wconf 91' lang='grc'><strong>‹‹</strong></span> <span class='ocrx_word' id='word_1_34' title='bbox 1662 532 1792 587; x_wconf 64' lang='lat' dir='ltr'><strong>Hinc</strong></span> <span class='ocrx_word' id='word_1_35' title='bbox 1821 548 1889 587; x_wconf 86' lang='lat' dir='ltr'><strong>ex</strong></span> 
     </span>
    </p>
   </div>
   <div class='ocr_carea' id='block_1_7' title="bbox 272 616 1886 691">
    <p class='ocr_par' dir='ltr' id='par_1_7' title="bbox 272 616 1886 691">
     <span class='ocr_line' id='line_1_7' title="bbox 272 616 1886 691; baseline 0.003 -21"><span class='ocrx_word' id='word_1_36' title='bbox 272 616 533 673; x_wconf 92' lang='lat' dir='ltr'><strong>editione</strong></span> <span class='ocrx_word' id='word_1_37' title='bbox 589 619 841 687; x_wconf 89' lang='lat' dir='ltr'><strong>Pistorii,</strong></span> <span class='ocrx_word' id='word_1_38' title='bbox 892 636 1020 691; x_wconf 71' lang='lat' dir='ltr'><strong>quas</strong></span> <span class='ocrx_word' id='word_1_39' title='bbox 1064 619 1123 673; x_wconf 91' lang='lat' dir='ltr'><strong>in</strong></span> <span class='ocrx_word' id='word_1_40' title='bbox 1149 620 1405 676; x_wconf 73' lang='lat' dir='ltr'><strong>editione</strong></span> <span class='ocrx_word' id='word_1_41' title='bbox 1432 619 1607 676; x_wconf 66' lang='lat' dir='ltr'><strong>Mirmi</strong></span> <span class='ocrx_word' id='word_1_42' title='bbox 1661 620 1886 676; x_wconf 84' lang='lat' dir='ltr'><strong>desunt.</strong></span> 
     </span>
    </p>
   </div>
   <div class='ocr_carea' id='block_1_8' title="bbox 269 705 1891 781">
    <p class='ocr_par' dir='ltr' id='par_1_8' title="bbox 269 705 1891 781">
     <span class='ocr_line' id='line_1_8' title="bbox 269 705 1891 781; baseline 0.002 -20"><span class='ocrx_word' id='word_1_43' title='bbox 269 705 498 761; x_wconf 64' lang='lat' dir='ltr'><strong>Nireus</strong></span> <span class='ocrx_word' id='word_1_44' title='bbox 512 710 711 762; x_wconf 89' lang='lat' dir='ltr'><strong>tamen</strong></span> <span class='ocrx_word' id='word_1_45' title='bbox 725 707 784 762; x_wconf 91' lang='lat' dir='ltr'><strong>in</strong></span> <span class='ocrx_word' id='word_1_46' title='bbox 806 707 1060 762; x_wconf 79' lang='lat' dir='ltr'><strong>editione</strong></span> <span class='ocrx_word' id='word_1_47' title='bbox 1071 725 1175 763; x_wconf 86' lang='lat' dir='ltr'><strong>sua</strong></span> <span class='ocrx_word' id='word_1_48' title='bbox 1188 725 1368 763; x_wconf 88' lang='lat' dir='ltr'><strong>unum</strong></span> <span class='ocrx_word' id='word_1_49' title='bbox 1387 708 1669 781; x_wconf 88' lang='lat' dir='ltr'><strong>Sigeberti</strong></span> <span class='ocrx_word' id='word_1_50' title='bbox 1686 725 1891 764; x_wconf 85' lang='lat' dir='ltr'><strong>manu-</strong></span> 
     </span>
    </p>
   </div>
   <div class='ocr_carea' id='block_1_9' title="bbox 268 794 1891 869">
    <p class='ocr_par' dir='ltr' id='par_1_9' title="bbox 268 794 1891 869">
     <span class='ocr_line' id='line_1_9' title="bbox 268 794 1891 869; baseline 0.002 -20"><span class='ocrx_word' id='word_1_51' title='bbox 268 794 555 867; x_wconf 86' lang='lat' dir='ltr'><strong>scriptum</strong></span> <span class='ocrx_word' id='word_1_52' title='bbox 584 796 845 851; x_wconf 85' lang='lat' dir='ltr'><strong>codicem</strong></span> <span class='ocrx_word' id='word_1_53' title='bbox 871 813 902 851; x_wconf 91' lang='lat' dir='ltr'><strong>e</strong></span> <span class='ocrx_word' id='word_1_54' title='bbox 927 796 1274 852; x_wconf 81' lang='lat' dir='ltr'><strong>bibliotheca</strong></span> <span class='ocrx_word' id='word_1_55' title='bbox 1298 798 1439 853; x_wconf 86' lang='lat' dir='ltr'><strong>Justi</strong></span> <span class='ocrx_word' id='word_1_56' title='bbox 1472 797 1640 869; x_wconf 86' lang='lat' dir='ltr'><strong>Lipsii</strong></span> <span class='ocrx_word' id='word_1_57' title='bbox 1671 798 1891 864; x_wconf 81' lang='lat' dir='ltr'><strong>citat,in</strong></span> 
     </span>
    </p>
   </div>
   <div class='ocr_carea' id='block_1_10' title="bbox 267 884 1892 959">
    <p class='ocr_par' dir='ltr' id='par_1_10' title="bbox 267 884 1892 959">
     <span class='ocr_line' id='line_1_10' title="bbox 267 884 1892 959; baseline 0.002 -21"><span class='ocrx_word' id='word_1_58' title='bbox 267 900 388 956; x_wconf 81' lang='lat' dir='ltr'><strong>quo</strong></span> <span class='ocrx_word' id='word_1_59' title='bbox 410 884 536 939; x_wconf 69' lang='lat' dir='ltr'><strong>haec</strong></span> <span class='ocrx_word' id='word_1_60' title='bbox 560 888 727 940; x_wconf 89' lang='lat' dir='ltr'><strong>erant</strong></span> <span class='ocrx_word' id='word_1_61' title='bbox 756 885 827 940; x_wconf 90' lang='lat' dir='ltr'><strong>de</strong></span> <span class='ocrx_word' id='word_1_62' title='bbox 855 886 1158 941; x_wconf 87' lang='lat' dir='ltr'><strong>Brunone:</strong></span> <span class='ocrx_word' id='word_1_63' title='bbox 1196 909 1223 937; x_wconf 85' lang='lat'><strong>«</strong></span> <span class='ocrx_word' id='word_1_64' title='bbox 1240 888 1303 941; x_wconf 90' lang='lat' dir='ltr'><strong>In</strong></span> <span class='ocrx_word' id='word_1_65' title='bbox 1328 890 1486 941; x_wconf 89' lang='lat' dir='ltr'><strong>vasta</strong></span> <span class='ocrx_word' id='word_1_66' title='bbox 1513 903 1731 954; x_wconf 91' lang='lat' dir='ltr'><strong>eremo,</strong></span> <span class='ocrx_word' id='word_1_67' title='bbox 1764 904 1892 959; x_wconf 67' lang='lat' dir='ltr'><strong>quae</strong></span> 
     </span>
    </p>
   </div>
   <div class='ocr_carea' id='block_1_11' title="bbox 270 972 1892 1048">
    <p class='ocr_par' dir='ltr' id='par_1_11' title="bbox 270 972 1892 1048">
     <span class='ocr_line' id='line_1_11' title="bbox 270 972 1892 1048; baseline 0.002 -21"><span class='ocrx_word' id='word_1_68' title='bbox 270 992 300 1020; x_wconf 83' lang='lat'><strong>»</strong></span> <span class='ocrx_word' id='word_1_69' title='bbox 332 972 638 1028; x_wconf 84' lang='lat' dir='ltr'><strong>Carthusia</strong></span> <span class='ocrx_word' id='word_1_70' title='bbox 666 973 898 1042; x_wconf 86' lang='lat' dir='ltr'><strong>dicitur,</strong></span> <span class='ocrx_word' id='word_1_71' title='bbox 927 973 1082 1047; x_wconf 90' lang='lat' dir='ltr'><strong>apud</strong></span> <span class='ocrx_word' id='word_1_72' title='bbox 1112 974 1571 1048; x_wconf 88' lang='lat' dir='ltr'><strong>Gratianopolim</strong></span> <span class='ocrx_word' id='word_1_73' title='bbox 1598 979 1892 1031; x_wconf 86' lang='lat' dir='ltr'><strong>monaste-</strong></span> 
     </span>
    </p>
   </div>
   <div class='ocr_carea' id='block_1_12' title="bbox 271 1060 1407 1136">
    <p class='ocr_par' dir='ltr' id='par_1_12' title="bbox 271 1060 1407 1136">
     <span class='ocr_line' id='line_1_12' title="bbox 271 1060 1407 1136; baseline 0.001 -25"><span class='ocrx_word' id='word_1_74' title='bbox 271 1081 303 1110; x_wconf 71' lang='grc' dir='ltr'><strong><em>ιι</em></strong></span> <span class='ocrx_word' id='word_1_75' title='bbox 337 1060 496 1115; x_wconf 87' lang='lat' dir='ltr'><strong>rium</strong></span> <span class='ocrx_word' id='word_1_76' title='bbox 523 1065 581 1117; x_wconf 91' lang='lat' dir='ltr'><strong>et</strong></span> <span class='ocrx_word' id='word_1_77' title='bbox 615 1062 785 1117; x_wconf 89' lang='lat' dir='ltr'><strong>cellas</strong></span> <span class='ocrx_word' id='word_1_78' title='bbox 814 1062 1100 1117; x_wconf 70' lang='lat' dir='ltr'><strong>aedificare</strong></span> <span class='ocrx_word' id='word_1_79' title='bbox 1130 1063 1351 1136; x_wconf 87' lang='lat' dir='ltr'><strong>incipit.</strong></span> <span class='ocrx_word' id='word_1_80' title='bbox 1378 1083 1407 1113; x_wconf 84' lang='lat'><strong>»</strong></span> 
     </span>
    </p>
   </div>
   <div class='ocr_carea' id='block_1_13' title="bbox 348 1150 1894 1219">
    <p class='ocr_par' dir='ltr' id='par_1_13' title="bbox 348 1150 1894 1219">
     <span class='ocr_line' id='line_1_13' title="bbox 348 1150 1894 1219; baseline 0.001 -14"><span class='ocrx_word' id='word_1_81' title='bbox 348 1152 478 1206; x_wconf 72' lang='lat'><strong>279.</strong></span> <span class='ocrx_word' id='word_1_82' title='bbox 514 1172 544 1201; x_wconf 74' lang='grc' dir='ltr'><strong>«ί</strong></span> <span class='ocrx_word' id='word_1_83' title='bbox 573 1151 701 1206; x_wconf 59' lang='lat' dir='ltr'><strong>Hac</strong></span> <span class='ocrx_word' id='word_1_84' title='bbox 730 1150 929 1206; x_wconf 87' lang='lat' dir='ltr'><strong>omnia</strong></span> <span class='ocrx_word' id='word_1_85' title='bbox 957 1153 1233 1207; x_wconf 83' lang='lat' dir='ltr'><strong>lectorem</strong></span> <span class='ocrx_word' id='word_1_86' title='bbox 1264 1154 1450 1207; x_wconf 88' lang='lat' dir='ltr'><strong>celare</strong></span> <span class='ocrx_word' id='word_1_87' title='bbox 1481 1151 1661 1219; x_wconf 89' lang='lat' dir='ltr'><strong>nolui,</strong></span> <span class='ocrx_word' id='word_1_88' title='bbox 1689 1169 1763 1208; x_wconf 90' lang='lat' dir='ltr'><strong>ne</strong></span> <span class='ocrx_word' id='word_1_89' title='bbox 1788 1152 1894 1207; x_wconf 88' lang='lat' dir='ltr'><strong>sibi</strong></span> 
     </span>
    </p>
   </div>
   <div class='ocr_carea' id='block_1_14' title="bbox 270 1237 1892 1314">
    <p class='ocr_par' dir='ltr' id='par_1_14' title="bbox 270 1237 1892 1314">
     <span class='ocr_line' id='line_1_14' title="bbox 270 1237 1892 1314; baseline 0.002 -21"><span class='ocrx_word' id='word_1_90' title='bbox 270 1237 476 1294; x_wconf 81' lang='lat' dir='ltr'><strong>fucum</strong></span> <span class='ocrx_word' id='word_1_91' title='bbox 507 1255 575 1294; x_wconf 75' lang='lat' dir='ltr'><strong>ex</strong></span> <span class='ocrx_word' id='word_1_92' title='bbox 605 1239 911 1311; x_wconf 81' lang='lat' dir='ltr'><strong>Sigeberto</strong></span> <span class='ocrx_word' id='word_1_93' title='bbox 942 1240 1066 1296; x_wconf 79' lang='lat' dir='ltr'><strong>fieri</strong></span> <span class='ocrx_word' id='word_1_94' title='bbox 1098 1245 1392 1313; x_wconf 88' lang='lat' dir='ltr'><strong>queratur.</strong></span> <span class='ocrx_word' id='word_1_95' title='bbox 1427 1241 1539 1297; x_wconf 90' lang='lat' dir='ltr'><strong>Sed</strong></span> <span class='ocrx_word' id='word_1_96' title='bbox 1587 1242 1701 1297; x_wconf 86' lang='lat' dir='ltr'><strong>sive</strong></span> <span class='ocrx_word' id='word_1_97' title='bbox 1722 1241 1892 1314; x_wconf 88' lang='lat' dir='ltr'><strong>Lipsii</strong></span> 
     </span>
    </p>
   </div>
   <div class='ocr_carea' id='block_1_15' title="bbox 270 1326 1893 1402">
    <p class='ocr_par' dir='ltr' id='par_1_15' title="bbox 270 1326 1893 1402">
     <span class='ocr_line' id='line_1_15' title="bbox 270 1326 1893 1402; baseline 0.002 -21"><span class='ocrx_word' id='word_1_98' title='bbox 270 1326 562 1395; x_wconf 83' lang='lat' dir='ltr'><strong>codicem,</strong></span> <span class='ocrx_word' id='word_1_99' title='bbox 593 1327 707 1382; x_wconf 86' lang='lat' dir='ltr'><strong>sive</strong></span> <span class='ocrx_word' id='word_1_100' title='bbox 762 1328 991 1383; x_wconf 88' lang='lat' dir='ltr'><strong>Pistorii</strong></span> <span class='ocrx_word' id='word_1_101' title='bbox 1037 1329 1357 1384; x_wconf 83' lang='lat' dir='ltr'><strong>editionem</strong></span> <span class='ocrx_word' id='word_1_102' title='bbox 1401 1346 1731 1402; x_wconf 87' lang='lat' dir='ltr'><strong>sequamur,</strong></span> <span class='ocrx_word' id='word_1_103' title='bbox 1756 1330 1893 1385; x_wconf 90' lang='lat' dir='ltr'><strong>inde</strong></span> 
     </span>
    </p>
   </div>
   <div class='ocr_carea' id='block_1_16' title="bbox 268 1416 1893 1490">
    <p class='ocr_par' dir='ltr' id='par_1_16' title="bbox 268 1416 1893 1490">
     <span class='ocr_line' id='line_1_16' title="bbox 268 1416 1893 1490; baseline 0.002 -20"><span class='ocrx_word' id='word_1_104' title='bbox 268 1416 566 1471; x_wconf 82' lang='lat' dir='ltr'><strong>constabit</strong></span> <span class='ocrx_word' id='word_1_105' title='bbox 592 1432 843 1490; x_wconf 83' lang='lat' dir='ltr'><strong>semper,</strong></span> <span class='ocrx_word' id='word_1_106' title='bbox 875 1418 1028 1490; x_wconf 88' lang='lat' dir='ltr'><strong>apud</strong></span> <span class='ocrx_word' id='word_1_107' title='bbox 1049 1417 1317 1490; x_wconf 86' lang='lat' dir='ltr'><strong>antiquos</strong></span> <span class='ocrx_word' id='word_1_108' title='bbox 1343 1435 1547 1475; x_wconf 90' lang='lat' dir='ltr'><strong>omnes</strong></span> <span class='ocrx_word' id='word_1_109' title='bbox 1567 1422 1752 1473; x_wconf 87' lang='lat' dir='ltr'><strong>ratam</strong></span> <span class='ocrx_word' id='word_1_110' title='bbox 1776 1435 1893 1474; x_wconf 89' lang='lat' dir='ltr'><strong>non</strong></span> 
     </span>
    </p>
   </div>
   <div class='ocr_carea' id='block_1_17' title="bbox 268 1505 1894 1573">
    <p class='ocr_par' dir='ltr' id='par_1_17' title="bbox 268 1505 1894 1573">
     <span class='ocr_line' id='line_1_17' title="bbox 268 1505 1894 1573; baseline 0.001 -14"><span class='ocrx_word' id='word_1_111' title='bbox 268 1520 399 1559; x_wconf 88' lang='lat' dir='ltr'><strong>esse</strong></span> <span class='ocrx_word' id='word_1_112' title='bbox 441 1506 513 1561; x_wconf 90' lang='lat' dir='ltr'><strong>de</strong></span> <span class='ocrx_word' id='word_1_113' title='bbox 543 1505 779 1561; x_wconf 89' lang='lat' dir='ltr'><strong>doctore</strong></span> <span class='ocrx_word' id='word_1_114' title='bbox 810 1507 1229 1561; x_wconf 85' lang='lat' dir='ltr'><strong>narrationem.</strong></span> <span class='ocrx_word' id='word_1_115' title='bbox 1256 1528 1284 1556; x_wconf 83' lang='lat'>»</span> <span class='ocrx_word' id='word_1_116' title='bbox 1315 1509 1399 1561; x_wconf 89' lang='lat' dir='ltr'><strong>lta</strong></span> <span class='ocrx_word' id='word_1_117' title='bbox 1428 1506 1894 1573; x_wconf 87' lang='lat' dir='ltr'><strong>Launoius,recte</strong></span> 
     </span>
    </p>
   </div>
   <div class='ocr_carea' id='block_1_18' title="bbox 264 1592 1896 1668">
    <p class='ocr_par' dir='ltr' id='par_1_18' title="bbox 264 1592 1896 1668">
     <span class='ocr_line' id='line_1_18' title="bbox 264 1592 1896 1668; baseline 0.001 -21"><span class='ocrx_word' id='word_1_118' title='bbox 264 1609 414 1648; x_wconf 86' lang='lat' dir='ltr'><strong>sane</strong></span> <span class='ocrx_word' id='word_1_119' title='bbox 443 1592 817 1661; x_wconf 87' lang='lat' dir='ltr'><strong>hicinnuens,</strong></span> <span class='ocrx_word' id='word_1_120' title='bbox 855 1594 1349 1668; x_wconf 70' lang='lat' dir='ltr'><strong>Chronographize</strong></span> <span class='ocrx_word' id='word_1_121' title='bbox 1378 1594 1759 1667; x_wconf 67' lang='lat' dir='ltr'><strong>Sigebertinm</strong></span> <span class='ocrx_word' id='word_1_122' title='bbox 1792 1611 1896 1667; x_wconf 90' lang='lat' dir='ltr'><strong>per</strong></span> 
     </span>
    </p>
   </div>
   <div class='ocr_carea' id='block_1_19' title="bbox 1990 445 3597 520">
    <p class='ocr_par' dir='ltr' id='par_1_19' title="bbox 1990 445 3597 520">
     <span class='ocr_line' id='line_1_19' title="bbox 1990 445 3597 520; baseline 0.004 -23"><span class='ocrx_word' id='word_1_123' title='bbox 1990 446 2080 498; x_wconf 88' lang='lat' dir='ltr'><strong>ter</strong></span> <span class='ocrx_word' id='word_1_124' title='bbox 2099 447 2326 500; x_wconf 90' lang='lat' dir='ltr'><strong>sanctos</strong></span> <span class='ocrx_word' id='word_1_125' title='bbox 2344 445 2548 513; x_wconf 88' lang='lat' dir='ltr'><strong>relato,</strong></span> <span class='ocrx_word' id='word_1_126' title='bbox 2595 461 2925 501; x_wconf 89' lang='lat' dir='ltr'><strong>sermonem</strong></span> <span class='ocrx_word' id='word_1_127' title='bbox 2973 445 3120 514; x_wconf 75' lang='lat' dir='ltr'><strong>fieri,</strong></span> <span class='ocrx_word' id='word_1_128' title='bbox 3149 462 3455 520; x_wconf 80' lang='lat' dir='ltr'><strong>perperam</strong></span> <span class='ocrx_word' id='word_1_129' title='bbox 3481 449 3597 504; x_wconf 79' lang='lat' dir='ltr'><strong>exi-</strong></span> 
     </span>
    </p>
   </div>
   <div class='ocr_carea' id='block_1_20' title="bbox 1989 531 3603 605">
    <p class='ocr_par' dir='ltr' id='par_1_20' title="bbox 1989 531 3603 605">
     <span class='ocr_line' id='line_1_20' title="bbox 1989 531 3603 605; baseline 0.003 -20"><span class='ocrx_word' id='word_1_130' title='bbox 1989 531 2185 587; x_wconf 85' lang='lat' dir='ltr'><strong>stimet</strong></span> <span class='ocrx_word' id='word_1_131' title='bbox 2211 549 2242 588; x_wconf 93' lang='lat' dir='ltr'><strong>e</strong></span> <span class='ocrx_word' id='word_1_132' title='bbox 2273 534 2536 605; x_wconf 87' lang='lat' dir='ltr'><strong>solo,quo</strong></span> <span class='ocrx_word' id='word_1_133' title='bbox 2551 534 3109 603; x_wconf 88' lang='lat' dir='ltr'><strong>hicinillisornatur,</strong></span> <span class='ocrx_word' id='word_1_134' title='bbox 3138 535 3364 591; x_wconf 74' lang='lat' dir='ltr'><strong>«beatas</strong></span> <span class='ocrx_word' id='word_1_135' title='bbox 3384 553 3603 592; x_wconf 85' lang='lat' dir='ltr'><strong>memn-</strong></span> 
     </span>
    </p>
   </div>
   <div class='ocr_carea' id='block_1_21' title="bbox 1989 620 3601 696">
    <p class='ocr_par' dir='ltr' id='par_1_21' title="bbox 1989 620 3601 696">
     <span class='ocr_line' id='line_1_21' title="bbox 1989 620 3601 696; baseline 0.002 -21"><span class='ocrx_word' id='word_1_136' title='bbox 1989 620 2119 689; x_wconf 73' lang='lat' dir='ltr'><strong>rim;</strong></span> <span class='ocrx_word' id='word_1_137' title='bbox 2148 621 2334 690; x_wconf 87' lang='lat' dir='ltr'><strong>titulo,</strong></span> <span class='ocrx_word' id='word_1_138' title='bbox 2361 624 2561 694; x_wconf 88' lang='lat' dir='ltr'><strong>utpote</strong></span> <span class='ocrx_word' id='word_1_139' title='bbox 2580 621 2896 679; x_wconf 85' lang='lat' dir='ltr'><strong>viventibus</strong></span> <span class='ocrx_word' id='word_1_140' title='bbox 2944 624 3152 691; x_wconf 88' lang='lat' dir='ltr'><strong>adhuc,</strong></span> <span class='ocrx_word' id='word_1_141' title='bbox 3180 625 3243 678; x_wconf 90' lang='lat' dir='ltr'><strong>ut</strong></span> <span class='ocrx_word' id='word_1_142' title='bbox 3274 624 3523 696; x_wconf 78' lang='lat' dir='ltr'><strong>Congius</strong></span> <span class='ocrx_word' id='word_1_143' title='bbox 3542 625 3601 679; x_wconf 90' lang='lat' dir='ltr'><strong>in</strong></span> 
     </span>
    </p>
   </div>
   <div class='ocr_carea' id='block_1_22' title="bbox 1989 708 3607 785">
    <p class='ocr_par' dir='ltr' id='par_1_22' title="bbox 1989 708 3607 785">
     <span class='ocr_line' id='line_1_22' title="bbox 1989 708 3607 785; baseline 0.004 -22"><span class='ocrx_word' id='word_1_144' title='bbox 1989 708 2269 765; x_wconf 82' lang='lat' dir='ltr'><strong>Glosserio</strong></span> <span class='ocrx_word' id='word_1_145' title='bbox 2301 710 2373 765; x_wconf 91' lang='lat' dir='ltr'><strong>ad</strong></span> <span class='ocrx_word' id='word_1_146' title='bbox 2403 711 2742 767; x_wconf 87' lang='lat' dir='ltr'><strong>vocabulum</strong></span> <span class='ocrx_word' id='word_1_147' title='bbox 2802 735 2829 763; x_wconf 83' lang='lat'><strong>«</strong></span> <span class='ocrx_word' id='word_1_148' title='bbox 2856 711 3202 780; x_wconf 82' lang='lat' dir='ltr'><strong>Memoria,»</strong></span> <span class='ocrx_word' id='word_1_149' title='bbox 3263 712 3475 785; x_wconf 84' lang='lat' dir='ltr'><strong>aliique</strong></span> <span class='ocrx_word' id='word_1_150' title='bbox 3509 713 3607 769; x_wconf 82' lang='lat' dir='ltr'><strong>do-</strong></span> 
     </span>
    </p>
   </div>
   <div class='ocr_carea' id='block_1_23' title="bbox 1994 799 3608 873">
    <p class='ocr_par' dir='ltr' id='par_1_23' title="bbox 1994 799 3608 873">
     <span class='ocr_line' id='line_1_23' title="bbox 1994 799 3608 873; baseline 0.002 -21"><span class='ocrx_word' id='word_1_151' title='bbox 1994 802 2145 865; x_wconf 86' lang='lat' dir='ltr'><strong>cent,</strong></span> <span class='ocrx_word' id='word_1_152' title='bbox 2165 815 2269 870; x_wconf 90' lang='lat' dir='ltr'><strong>per</strong></span> <span class='ocrx_word' id='word_1_153' title='bbox 2293 799 2599 873; x_wconf 89' lang='lat' dir='ltr'><strong>scriptores</strong></span> <span class='ocrx_word' id='word_1_154' title='bbox 2615 800 2885 873; x_wconf 89' lang='lat' dir='ltr'><strong>antiquos</strong></span> <span class='ocrx_word' id='word_1_155' title='bbox 2908 799 3153 855; x_wconf 84' lang='lat' dir='ltr'><strong>subinde</strong></span> <span class='ocrx_word' id='word_1_156' title='bbox 3165 800 3341 857; x_wconf 88' lang='lat' dir='ltr'><strong>etiam</strong></span> <span class='ocrx_word' id='word_1_157' title='bbox 3370 800 3608 856; x_wconf 89' lang='lat' dir='ltr'><strong>attribu-</strong></span> 
     </span>
    </p>
   </div>
   <div class='ocr_carea' id='block_1_24' title="bbox 1996 887 3608 961">
    <p class='ocr_par' dir='ltr' id='par_1_24' title="bbox 1996 887 3608 961">
     <span class='ocr_line' id='line_1_24' title="bbox 1996 887 3608 961; baseline 0.002 -20"><span class='ocrx_word' id='word_1_158' title='bbox 1996 890 2074 942; x_wconf 93' lang='lat' dir='ltr'><strong>to.</strong></span> <span class='ocrx_word' id='word_1_159' title='bbox 2130 887 2337 942; x_wconf 89' lang='lat' dir='ltr'><strong>Verum</strong></span> <span class='ocrx_word' id='word_1_160' title='bbox 2370 904 2442 942; x_wconf 87' lang='lat' dir='ltr'><strong>an</strong></span> <span class='ocrx_word' id='word_1_161' title='bbox 2478 888 2791 955; x_wconf 90' lang='lat' dir='ltr'><strong>silentium,</strong></span> <span class='ocrx_word' id='word_1_162' title='bbox 2841 888 2996 961; x_wconf 91' lang='lat' dir='ltr'><strong>quod</strong></span> <span class='ocrx_word' id='word_1_163' title='bbox 3026 889 3099 944; x_wconf 91' lang='lat' dir='ltr'><strong>de</strong></span> <span class='ocrx_word' id='word_1_164' title='bbox 3146 889 3480 961; x_wconf 83' lang='lat' dir='ltr'><strong>prodigiosa</strong></span> <span class='ocrx_word' id='word_1_165' title='bbox 3509 889 3608 944; x_wconf 87' lang='lat' dir='ltr'><strong>do-</strong></span> 
     </span>
    </p>
   </div>
   <div class='ocr_carea' id='block_1_25' title="bbox 1994 974 3607 1049">
    <p class='ocr_par' dir='ltr' id='par_1_25' title="bbox 1994 974 3607 1049">
     <span class='ocr_line' id='line_1_25' title="bbox 1994 974 3607 1049; baseline 0.001 -20"><span class='ocrx_word' id='word_1_166' title='bbox 1994 974 2165 1031; x_wconf 85' lang='lat' dir='ltr'><strong>ctoris</strong></span> <span class='ocrx_word' id='word_1_167' title='bbox 2216 976 2462 1031; x_wconf 86' lang='lat' dir='ltr'><strong>anastasi</strong></span> <span class='ocrx_word' id='word_1_168' title='bbox 2508 976 2566 1030; x_wconf 92' lang='lat' dir='ltr'><strong>in</strong></span> <span class='ocrx_word' id='word_1_169' title='bbox 2617 977 2859 1031; x_wconf 88' lang='lat' dir='ltr'><strong>laudatis</strong></span> <span class='ocrx_word' id='word_1_170' title='bbox 2903 976 3399 1049; x_wconf 60' lang='lat' dir='ltr'><strong>Chronographias</strong></span> <span class='ocrx_word' id='word_1_171' title='bbox 3449 975 3607 1046; x_wconf 78' lang='lat' dir='ltr'><strong>Sige-</strong></span> 
     </span>
    </p>
   </div>
   <div class='ocr_carea' id='block_1_26' title="bbox 1995 1064 3606 1133">
    <p class='ocr_par' dir='ltr' id='par_1_26' title="bbox 1995 1064 3606 1133">
     <span class='ocr_line' id='line_1_26' title="bbox 1995 1064 3606 1133; baseline 0.001 -15"><span class='ocrx_word' id='word_1_172' title='bbox 1995 1064 2235 1119; x_wconf 68' lang='lat' dir='ltr'><strong>bertinaz</strong></span> <span class='ocrx_word' id='word_1_173' title='bbox 2272 1064 2456 1119; x_wconf 85' lang='lat' dir='ltr'><strong>verbis</strong></span> <span class='ocrx_word' id='word_1_174' title='bbox 2486 1069 2763 1132; x_wconf 85' lang='lat' dir='ltr'><strong>servatur,</strong></span> <span class='ocrx_word' id='word_1_175' title='bbox 2804 1065 3013 1120; x_wconf 89' lang='lat' dir='ltr'><strong>merito</strong></span> <span class='ocrx_word' id='word_1_176' title='bbox 3049 1065 3248 1133; x_wconf 88' lang='lat' dir='ltr'><strong>etiam,</strong></span> <span class='ocrx_word' id='word_1_177' title='bbox 3279 1064 3324 1119; x_wconf 88' lang='lat' dir='ltr'><strong>si</strong></span> <span class='ocrx_word' id='word_1_178' title='bbox 3368 1065 3491 1119; x_wconf 67' lang='lat' dir='ltr'><strong>haec</strong></span> <span class='ocrx_word' id='word_1_179' title='bbox 3520 1064 3606 1120; x_wconf 92' lang='lat' dir='ltr'><strong>Si-</strong></span> 
     </span>
    </p>
   </div>
   <div class='ocr_carea' id='block_1_27' title="bbox 1995 1152 3610 1224">
    <p class='ocr_par' dir='ltr' id='par_1_27' title="bbox 1995 1152 3610 1224">
     <span class='ocr_line' id='line_1_27' title="bbox 1995 1152 3610 1224; baseline 0.002 -17"><span class='ocrx_word' id='word_1_180' title='bbox 1995 1152 2214 1224; x_wconf 89' lang='lat' dir='ltr'><strong>gcberti</strong></span> <span class='ocrx_word' id='word_1_181' title='bbox 2244 1169 2373 1208; x_wconf 89' lang='lat' dir='ltr'><strong>vere</strong></span> <span class='ocrx_word' id='word_1_182' title='bbox 2406 1169 2526 1208; x_wconf 89' lang='lat' dir='ltr'><strong>esse</strong></span> <span class='ocrx_word' id='word_1_183' title='bbox 2549 1153 2961 1221; x_wconf 83' lang='lat' dir='ltr'><strong>concedantur,</strong></span> <span class='ocrx_word' id='word_1_184' title='bbox 2994 1152 3156 1208; x_wconf 86' lang='lat' dir='ltr'><strong>nihili</strong></span> <span class='ocrx_word' id='word_1_185' title='bbox 3180 1153 3316 1207; x_wconf 86' lang='lat' dir='ltr'><strong>fecit</strong></span> <span class='ocrx_word' id='word_1_186' title='bbox 3335 1154 3362 1208; x_wconf 84' lang='lat'><strong>?</strong></span> <span class='ocrx_word' id='word_1_187' title='bbox 3394 1156 3610 1209; x_wconf 85' lang='lat' dir='ltr'><strong>Itaom-</strong></span> 
     </span>
    </p>
   </div>
   <div class='ocr_carea' id='block_1_28' title="bbox 1995 1241 3608 1313">
    <p class='ocr_par' dir='ltr' id='par_1_28' title="bbox 1995 1241 3608 1313">
     <span class='ocr_line' id='line_1_28' title="bbox 1995 1241 3608 1313; baseline 0.001 -18"><span class='ocrx_word' id='word_1_188' title='bbox 1995 1241 2134 1295; x_wconf 91' lang='lat' dir='ltr'><strong>nino</strong></span> <span class='ocrx_word' id='word_1_189' title='bbox 2167 1241 2453 1307; x_wconf 80' lang='lat' dir='ltr'><strong>existimo,</strong></span> <span class='ocrx_word' id='word_1_190' title='bbox 2485 1242 2638 1313; x_wconf 88' lang='lat' dir='ltr'><strong>quod</strong></span> <span class='ocrx_word' id='word_1_191' title='bbox 2668 1243 2825 1297; x_wconf 85' lang='lat' dir='ltr'><strong>nulla</strong></span> <span class='ocrx_word' id='word_1_192' title='bbox 2852 1243 3023 1313; x_wconf 89' lang='lat' dir='ltr'><strong>plane</strong></span> <span class='ocrx_word' id='word_1_193' title='bbox 3055 1245 3317 1297; x_wconf 85' lang='lat' dir='ltr'><strong>occurrat</strong></span> <span class='ocrx_word' id='word_1_194' title='bbox 3345 1242 3514 1309; x_wconf 87' lang='lat' dir='ltr'><strong>ratio,</strong></span> <span class='ocrx_word' id='word_1_195' title='bbox 3534 1242 3608 1299; x_wconf 89' lang='lat' dir='ltr'><strong>ob</strong></span> 
     </span>
    </p>
   </div>
   <div class='ocr_carea' id='block_1_29' title="bbox 1996 1329 3607 1403">
    <p class='ocr_par' dir='ltr' id='par_1_29' title="bbox 1996 1329 3607 1403">
     <span class='ocr_line' id='line_1_29' title="bbox 1996 1329 3607 1403; baseline 0.001 -19"><span class='ocrx_word' id='word_1_196' title='bbox 1996 1346 2173 1402; x_wconf 85' lang='lat' dir='ltr'><strong>quam</strong></span> <span class='ocrx_word' id='word_1_197' title='bbox 2200 1329 2526 1384; x_wconf 69' lang='lat' dir='ltr'><strong>verosimile</strong></span> <span class='ocrx_word' id='word_1_198' title='bbox 2564 1333 2876 1403; x_wconf 84' lang='lat' dir='ltr'><strong>utcumque</strong></span> <span class='ocrx_word' id='word_1_199' title='bbox 2899 1331 3121 1398; x_wconf 86' lang='lat' dir='ltr'><strong>evadat,</strong></span> <span class='ocrx_word' id='word_1_200' title='bbox 3140 1331 3397 1385; x_wconf 88' lang='lat' dir='ltr'><strong>futurum</strong></span> <span class='ocrx_word' id='word_1_201' title='bbox 3414 1330 3607 1398; x_wconf 83' lang='lat' dir='ltr'><strong>fuisse,</strong></span> 
     </span>
    </p>
   </div>
   <div class='ocr_carea' id='block_1_30' title="bbox 1997 1417 3608 1492">
    <p class='ocr_par' dir='ltr' id='par_1_30' title="bbox 1997 1417 3608 1492">
     <span class='ocr_line' id='line_1_30' title="bbox 1997 1417 3608 1492; baseline 0.001 -20"><span class='ocrx_word' id='word_1_202' title='bbox 1997 1421 2059 1472; x_wconf 90' lang='lat' dir='ltr'><strong>ut</strong></span> <span class='ocrx_word' id='word_1_203' title='bbox 2081 1417 2412 1490; x_wconf 86' lang='lat' dir='ltr'><strong>Sigcbertus</strong></span> <span class='ocrx_word' id='word_1_204' title='bbox 2443 1418 2763 1473; x_wconf 88' lang='lat' dir='ltr'><strong>luctuosam</strong></span> <span class='ocrx_word' id='word_1_205' title='bbox 2792 1419 2950 1473; x_wconf 87' lang='lat' dir='ltr'><strong>illam</strong></span> <span class='ocrx_word' id='word_1_206' title='bbox 2983 1419 3306 1485; x_wconf 89' lang='lat' dir='ltr'><strong>historiam,</strong></span> <span class='ocrx_word' id='word_1_207' title='bbox 3339 1422 3402 1474; x_wconf 92' lang='lat' dir='ltr'><strong>ut</strong></span> <span class='ocrx_word' id='word_1_208' title='bbox 3431 1421 3608 1492; x_wconf 89' lang='lat' dir='ltr'><strong>utop-</strong></span> 
     </span>
    </p>
   </div>
   <div class='ocr_carea' id='block_1_31' title="bbox 1995 1506 3612 1581">
    <p class='ocr_par' dir='ltr' id='par_1_31' title="bbox 1995 1506 3612 1581">
     <span class='ocr_line' id='line_1_31' title="bbox 1995 1506 3612 1581; baseline 0.001 -21"><span class='ocrx_word' id='word_1_209' title='bbox 1995 1506 2138 1561; x_wconf 91' lang='lat' dir='ltr'><strong>time</strong></span> <span class='ocrx_word' id='word_1_210' title='bbox 2169 1506 2343 1561; x_wconf 87' lang='lat' dir='ltr'><strong>etiam</strong></span> <span class='ocrx_word' id='word_1_211' title='bbox 2366 1506 2472 1561; x_wconf 88' lang='lat' dir='ltr'><strong>sibi</strong></span> <span class='ocrx_word' id='word_1_212' title='bbox 2506 1511 2885 1579; x_wconf 76' lang='lat' dir='ltr'><strong>perspectam,</strong></span> <span class='ocrx_word' id='word_1_213' title='bbox 2903 1508 2960 1562; x_wconf 91' lang='lat' dir='ltr'><strong>in</strong></span> <span class='ocrx_word' id='word_1_214' title='bbox 2985 1506 3362 1580; x_wconf 78' lang='lat' dir='ltr'><strong>paucissimis,</strong></span> <span class='ocrx_word' id='word_1_215' title='bbox 3384 1523 3511 1581; x_wconf 64' lang='lat' dir='ltr'><strong>quae</strong></span> <span class='ocrx_word' id='word_1_216' title='bbox 3541 1507 3612 1562; x_wconf 90' lang='lat' dir='ltr'><strong>de</strong></span> 
     </span>
    </p>
   </div>
   <div class='ocr_carea' id='block_1_32' title="bbox 1998 1595 3610 1669">
    <p class='ocr_par' dir='ltr' id='par_1_32' title="bbox 1998 1595 3610 1669">
     <span class='ocr_line' id='line_1_32' title="bbox 1998 1595 3610 1669; baseline 0.001 -21"><span class='ocrx_word' id='word_1_217' title='bbox 1998 1595 2266 1650; x_wconf 89' lang='lat' dir='ltr'><strong>Brunone</strong></span> <span class='ocrx_word' id='word_1_218' title='bbox 2318 1596 2615 1651; x_wconf 63' lang='lat' dir='ltr'><strong>memoria:</strong></span> <span class='ocrx_word' id='word_1_219' title='bbox 2639 1596 2852 1669; x_wconf 88' lang='lat' dir='ltr'><strong>prodit,</strong></span> <span class='ocrx_word' id='word_1_220' title='bbox 2886 1599 3396 1652; x_wconf 84' lang='lat' dir='ltr'><strong>commemoraret.</strong></span> <span class='ocrx_word' id='word_1_221' title='bbox 3425 1597 3610 1667; x_wconf 80' lang='lat' dir='ltr'><strong>Atque</strong></span> 
     </span>
    </p>
   </div>
   <div class='ocr_carea' id='block_1_33' title="bbox 262 1682 3615 1758">
    <p class='ocr_par' dir='ltr' id='par_1_33' title="bbox 262 1682 3615 1758">
     <span class='ocr_line' id='line_1_33' title="bbox 262 1682 3615 1758; baseline 0 -22"><span class='ocrx_word' id='word_1_222' title='bbox 262 1682 581 1753; x_wconf 80' lang='lat' dir='ltr'><strong>pistorium</strong></span> <span class='ocrx_word' id='word_1_223' title='bbox 598 1682 919 1738; x_wconf 85' lang='lat' dir='ltr'><strong>editionem</strong></span> <span class='ocrx_word' id='word_1_224' title='bbox 946 1683 1005 1738; x_wconf 92' lang='lat' dir='ltr'><strong>in</strong></span> <span class='ocrx_word' id='word_1_225' title='bbox 1029 1684 1215 1738; x_wconf 85' lang='lat' dir='ltr'><strong>verbis</strong></span> <span class='ocrx_word' id='word_1_226' title='bbox 1236 1683 1498 1757; x_wconf 86' lang='lat' dir='ltr'><strong>proxime</strong></span> <span class='ocrx_word' id='word_1_227' title='bbox 1526 1700 1592 1738; x_wconf 85' lang='lat' dir='ltr'><strong>ex</strong></span> <span class='ocrx_word' id='word_1_228' title='bbox 1623 1684 1730 1739; x_wconf 90' lang='lat' dir='ltr'><strong>hac</strong></span> <span class='ocrx_word' id='word_1_229' title='bbox 1757 1684 1965 1746; x_wconf 69' lang='grc' dir='ltr'><strong>τεεί-«Β</strong></span> <span class='ocrx_word' id='word_1_230' title='bbox 1995 1683 2130 1738; x_wconf 90' lang='lat' dir='ltr'><strong>hinc</strong></span> <span class='ocrx_word' id='word_1_231' title='bbox 2157 1683 2333 1739; x_wconf 86' lang='lat' dir='ltr'><strong>etiam</strong></span> <span class='ocrx_word' id='word_1_232' title='bbox 2366 1684 2756 1758; x_wconf 87' lang='lat' dir='ltr'><strong>nulliusplane</strong></span> <span class='ocrx_word' id='word_1_233' title='bbox 2779 1685 3305 1758; x_wconf 86' lang='lat' dir='ltr'><strong>ponderisapparet</strong></span> <span class='ocrx_word' id='word_1_234' title='bbox 3323 1684 3615 1738; x_wconf 90' lang='lat' dir='ltr'><strong>silentium</strong></span> 
     </span>
    </p>
   </div>
   <div class='ocr_carea' id='block_1_34' title="bbox 262 1770 1894 1844">
    <p class='ocr_par' dir='ltr' id='par_1_34' title="bbox 262 1770 1894 1844">
     <span class='ocr_line' id='line_1_34' title="bbox 262 1770 1894 1844; baseline 0.002 -21"><span class='ocrx_word' id='word_1_235' title='bbox 262 1770 411 1824; x_wconf 75' lang='lat' dir='ltr'><strong>tatis</strong></span> <span class='ocrx_word' id='word_1_236' title='bbox 433 1787 469 1824; x_wconf 87' lang='lat' dir='ltr'><strong>a</strong></span> <span class='ocrx_word' id='word_1_237' title='bbox 498 1770 752 1842; x_wconf 84' lang='lat' dir='ltr'><strong>genuino</strong></span> <span class='ocrx_word' id='word_1_238' title='bbox 784 1771 1066 1843; x_wconf 88' lang='lat' dir='ltr'><strong>Sigeberti</strong></span> <span class='ocrx_word' id='word_1_239' title='bbox 1098 1775 1253 1826; x_wconf 86' lang='lat' dir='ltr'><strong>textu</strong></span> <span class='ocrx_word' id='word_1_240' title='bbox 1281 1772 1607 1827; x_wconf 85' lang='lat' dir='ltr'><strong>deﬂectere.</strong></span> <span class='ocrx_word' id='word_1_241' title='bbox 1634 1772 1693 1827; x_wconf 93' lang='lat' dir='ltr'><strong>ld</strong></span> <span class='ocrx_word' id='word_1_242' title='bbox 1720 1788 1894 1844; x_wconf 89' lang='lat' dir='ltr'><strong>porro</strong></span> 
     </span>
    </p>
   </div>
   <div class='ocr_carea' id='block_1_35' title="bbox 271 1858 1888 1933">
    <p class='ocr_par' dir='ltr' id='par_1_35' title="bbox 271 1858 1888 1933">
     <span class='ocr_line' id='line_1_35' title="bbox 271 1858 1888 1933; baseline 0.002 -21"><span class='ocrx_word' id='word_1_243' title='bbox 271 1858 687 1914; x_wconf 77' lang='lat' dir='ltr'><strong>Carthasianus</strong></span> <span class='ocrx_word' id='word_1_244' title='bbox 701 1863 901 1915; x_wconf 88' lang='lat' dir='ltr'><strong>noster</strong></span> <span class='ocrx_word' id='word_1_245' title='bbox 929 1877 1254 1932; x_wconf 84' lang='lat' dir='ltr'><strong>anonymus</strong></span> <span class='ocrx_word' id='word_1_246' title='bbox 1281 1860 1472 1933; x_wconf 91' lang='lat' dir='ltr'><strong>operis</strong></span> <span class='ocrx_word' id='word_1_247' title='bbox 1492 1860 1576 1916; x_wconf 91' lang='lat' dir='ltr'><strong>sui</strong></span> <span class='ocrx_word' id='word_1_248' title='bbox 1602 1877 1762 1914; x_wconf 88' lang='lat' dir='ltr'><strong>num.</strong></span> <span class='ocrx_word' id='word_1_249' title='bbox 1798 1863 1888 1915; x_wconf 87' lang='grc'><strong>101</strong></span> 
     </span>
    </p>
   </div>
   <div class='ocr_carea' id='block_1_36' title="bbox 273 1947 1896 2021">
    <p class='ocr_par' dir='ltr' id='par_1_36' title="bbox 273 1947 1896 2021">
     <span class='ocr_line' id='line_1_36' title="bbox 273 1947 1896 2021; baseline 0.001 -20"><span class='ocrx_word' id='word_1_250' title='bbox 273 1947 528 2019; x_wconf 76' lang='lat' dir='ltr'><strong>amplius</strong></span> <span class='ocrx_word' id='word_1_251' title='bbox 558 1948 815 2003; x_wconf 80' lang='lat' dir='ltr'><strong>declarat</strong></span> <span class='ocrx_word' id='word_1_252' title='bbox 859 1949 1011 2004; x_wconf 89' lang='lat' dir='ltr'><strong>hunc</strong></span> <span class='ocrx_word' id='word_1_253' title='bbox 1038 1949 1099 2003; x_wconf 91' lang='lat' dir='ltr'><strong>in</strong></span> <span class='ocrx_word' id='word_1_254' title='bbox 1137 1949 1418 2004; x_wconf 90' lang='lat' dir='ltr'><strong>moddum</strong></span> <span class='ocrx_word' id='word_1_255' title='bbox 1461 1967 1475 2004; x_wconf 86' lang='lat'><strong>:</strong></span> <span class='ocrx_word' id='word_1_256' title='bbox 1509 1973 1536 2000; x_wconf 87' lang='grc'><strong>‹‹</strong></span> <span class='ocrx_word' id='word_1_257' title='bbox 1563 1949 1896 2021; x_wconf 86' lang='lat' dir='ltr'><strong>Sigebertus</strong></span> 
     </span>
    </p>
   </div>
   <div class='ocr_carea' id='block_1_37' title="bbox 262 2035 1893 2104">
    <p class='ocr_par' dir='ltr' id='par_1_37' title="bbox 262 2035 1893 2104">
     <span class='ocr_line' id='line_1_37' title="bbox 262 2035 1893 2104; baseline -0.001 -12"><span class='ocrx_word' id='word_1_258' title='bbox 262 2035 486 2092; x_wconf 79' lang='lat' dir='ltr'><strong>dicitur</strong></span> <span class='ocrx_word' id='word_1_259' title='bbox 508 2037 718 2092; x_wconf 89' lang='lat' dir='ltr'><strong>obiisse</strong></span> <span class='ocrx_word' id='word_1_260' title='bbox 748 2053 904 2092; x_wconf 89' lang='lat' dir='ltr'><strong>anno</strong></span> <span class='ocrx_word' id='word_1_261' title='bbox 935 2041 1092 2093; x_wconf 86' lang='grc'><strong>1113.</strong></span> <span class='ocrx_word' id='word_1_262' title='bbox 1143 2037 1311 2102; x_wconf 88' lang='lat' dir='ltr'><strong>Quod</strong></span> <span class='ocrx_word' id='word_1_263' title='bbox 1341 2038 1383 2092; x_wconf 91' lang='lat' dir='ltr'><strong>si</strong></span> <span class='ocrx_word' id='word_1_264' title='bbox 1408 2037 1491 2093; x_wconf 89' lang='lat' dir='ltr'><strong>ita</strong></span> <span class='ocrx_word' id='word_1_265' title='bbox 1521 2040 1626 2104; x_wconf 91' lang='lat' dir='ltr'><strong>est,</strong></span> <span class='ocrx_word' id='word_1_266' title='bbox 1658 2036 1893 2092; x_wconf 86' lang='lat' dir='ltr'><strong>concedi</strong></span> 
     </span>
    </p>
   </div>
   <div class='ocr_carea' id='block_1_38' title="bbox 274 2124 1896 2198">
    <p class='ocr_par' dir='ltr' id='par_1_38' title="bbox 274 2124 1896 2198">
     <span class='ocr_line' id='line_1_38' title="bbox 274 2124 1896 2198; baseline -0.001 -19"><span class='ocrx_word' id='word_1_267' title='bbox 274 2126 600 2181; x_wconf 87' lang='lat' dir='ltr'><strong>necessario</strong></span> <span class='ocrx_word' id='word_1_268' title='bbox 658 2126 831 2181; x_wconf 87' lang='lat' dir='ltr'><strong>debet</strong></span> <span class='ocrx_word' id='word_1_269' title='bbox 856 2127 980 2181; x_wconf 56' lang='lat' dir='ltr'><strong>huic</strong></span> <span class='ocrx_word' id='word_1_270' title='bbox 1010 2126 1183 2181; x_wconf 83' lang='lat' dir='ltr'><strong>verba</strong></span> <span class='ocrx_word' id='word_1_271' title='bbox 1217 2126 1409 2198; x_wconf 88' lang='lat' dir='ltr'><strong>(supra</strong></span> <span class='ocrx_word' id='word_1_272' title='bbox 1427 2126 1553 2197; x_wconf 90' lang='lat' dir='ltr'><strong>jam</strong></span> <span class='ocrx_word' id='word_1_273' title='bbox 1584 2143 1717 2181; x_wconf 86' lang='lat' dir='ltr'><strong>mox</strong></span> <span class='ocrx_word' id='word_1_274' title='bbox 1750 2124 1896 2180; x_wconf 86' lang='lat' dir='ltr'><strong>reci-</strong></span> 
     </span>
    </p>
   </div>
   <div class='ocr_carea' id='block_1_39' title="bbox 277 2213 1899 2287">
    <p class='ocr_par' dir='ltr' id='par_1_39' title="bbox 277 2213 1899 2287">
     <span class='ocr_line' id='line_1_39' title="bbox 277 2213 1899 2287; baseline 0 -19"><span class='ocrx_word' id='word_1_275' title='bbox 277 2215 419 2284; x_wconf 82' lang='lat' dir='ltr'><strong>tata)</strong></span> <span class='ocrx_word' id='word_1_276' title='bbox 453 2214 526 2269; x_wconf 88' lang='lat' dir='ltr'><strong>ab</strong></span> <span class='ocrx_word' id='word_1_277' title='bbox 580 2213 777 2287; x_wconf 85' lang='lat' dir='ltr'><strong>aliquo</strong></span> <span class='ocrx_word' id='word_1_278' title='bbox 821 2214 934 2269; x_wconf 86' lang='lat' dir='ltr'><strong>alio</strong></span> <span class='ocrx_word' id='word_1_279' title='bbox 968 2215 1091 2285; x_wconf 87' lang='lat' dir='ltr'><strong>ejus</strong></span> <span class='ocrx_word' id='word_1_280' title='bbox 1152 2215 1649 2287; x_wconf 63' lang='lat' dir='ltr'><strong>Chronographiaa</strong></span> <span class='ocrx_word' id='word_1_281' title='bbox 1699 2213 1899 2269; x_wconf 85' lang='lat' dir='ltr'><strong>addita</strong></span> 
     </span>
    </p>
   </div>
   <div class='ocr_carea' id='block_1_40' title="bbox 273 2302 1897 2376">
    <p class='ocr_par' dir='ltr' id='par_1_40' title="bbox 273 2302 1897 2376">
     <span class='ocr_line' id='line_1_40' title="bbox 273 2302 1897 2376; baseline 0.001 -19"><span class='ocrx_word' id='word_1_282' title='bbox 273 2302 472 2357; x_wconf 79' lang='lat' dir='ltr'><strong>fuisse.</strong></span> <span class='ocrx_word' id='word_1_283' title='bbox 505 2303 671 2370; x_wconf 77' lang='lat' dir='ltr'><strong>Nam,</strong></span> <span class='ocrx_word' id='word_1_284' title='bbox 738 2306 802 2357; x_wconf 89' lang='lat' dir='ltr'><strong>ut</strong></span> <span class='ocrx_word' id='word_1_285' title='bbox 847 2303 1107 2376; x_wconf 88' lang='lat' dir='ltr'><strong>superius</strong></span> <span class='ocrx_word' id='word_1_286' title='bbox 1151 2302 1575 2369; x_wconf 85' lang='lat' dir='ltr'><strong>adnotavimus,</strong></span> <span class='ocrx_word' id='word_1_287' title='bbox 1612 2303 1717 2358; x_wconf 87' lang='lat' dir='ltr'><strong>sub</strong></span> <span class='ocrx_word' id='word_1_288' title='bbox 1756 2305 1897 2358; x_wconf 83' lang='lat' dir='ltr'><strong>teste</strong></span> 
     </span>
    </p>
   </div>
   <div class='ocr_carea' id='block_1_41' title="bbox 268 2390 1893 2465">
    <p class='ocr_par' dir='ltr' id='par_1_41' title="bbox 268 2390 1893 2465">
     <span class='ocr_line' id='line_1_41' title="bbox 268 2390 1893 2465; baseline -0.001 -18"><span class='ocrx_word' id='word_1_289' title='bbox 268 2390 482 2464; x_wconf 78' lang='lat' dir='ltr'><strong>quinto</strong></span> <span class='ocrx_word' id='word_1_290' title='bbox 508 2390 795 2464; x_wconf 83' lang='lat' dir='ltr'><strong>Sigeberti</strong></span> <span class='ocrx_word' id='word_1_291' title='bbox 819 2391 890 2446; x_wconf 91' lang='lat' dir='ltr'><strong>de</strong></span> <span class='ocrx_word' id='word_1_292' title='bbox 919 2393 1185 2447; x_wconf 89' lang='lat' dir='ltr'><strong>Brunone</strong></span> <span class='ocrx_word' id='word_1_293' title='bbox 1204 2408 1337 2463; x_wconf 87' lang='lat' dir='ltr'><strong>pars</strong></span> <span class='ocrx_word' id='word_1_294' title='bbox 1368 2392 1526 2465; x_wconf 91' lang='lat' dir='ltr'><strong>prior</strong></span> <span class='ocrx_word' id='word_1_295' title='bbox 1539 2392 1757 2447; x_wconf 89' lang='lat' dir='ltr'><strong>eisdem</strong></span> <span class='ocrx_word' id='word_1_296' title='bbox 1784 2391 1893 2446; x_wconf 76' lang='lat' dir='ltr'><strong>fer-</strong></span> 
     </span>
    </p>
   </div>
   <div class='ocr_carea' id='block_1_42' title="bbox 274 2480 1897 2553">
    <p class='ocr_par' dir='ltr' id='par_1_42' title="bbox 274 2480 1897 2553">
     <span class='ocr_line' id='line_1_42' title="bbox 274 2480 1897 2553; baseline 0 -18"><span class='ocrx_word' id='word_1_297' title='bbox 274 2497 372 2535; x_wconf 73' lang='lat' dir='ltr'><strong>me</strong></span> <span class='ocrx_word' id='word_1_298' title='bbox 400 2480 592 2535; x_wconf 90' lang='lat' dir='ltr'><strong>verbis</strong></span> <span class='ocrx_word' id='word_1_299' title='bbox 622 2481 869 2535; x_wconf 84' lang='lat' dir='ltr'><strong>habetur</strong></span> <span class='ocrx_word' id='word_1_300' title='bbox 895 2480 957 2536; x_wconf 89' lang='lat' dir='ltr'><strong>in</strong></span> <span class='ocrx_word' id='word_1_301' title='bbox 985 2480 1269 2536; x_wconf 88' lang='lat' dir='ltr'><strong>Chronico</strong></span> <span class='ocrx_word' id='word_1_302' title='bbox 1300 2484 1549 2553; x_wconf 87' lang='lat' dir='ltr'><strong>quatuor</strong></span> <span class='ocrx_word' id='word_1_303' title='bbox 1571 2480 1897 2553; x_wconf 88' lang='lat' dir='ltr'><strong>primorum</strong></span> 
     </span>
    </p>
   </div>
   <div class='ocr_carea' id='block_1_43' title="bbox 266 2568 1895 2643">
    <p class='ocr_par' dir='ltr' id='par_1_43' title="bbox 266 2568 1895 2643">
     <span class='ocr_line' id='line_1_43' title="bbox 266 2568 1895 2643; baseline 0.001 -20"><span class='ocrx_word' id='word_1_304' title='bbox 266 2568 537 2643; x_wconf 83' lang='lat' dir='ltr'><strong>priorum</strong></span> <span class='ocrx_word' id='word_1_305' title='bbox 559 2568 895 2636; x_wconf 72' lang='lat' dir='ltr'><strong>Carthusire,</strong></span> <span class='ocrx_word' id='word_1_306' title='bbox 928 2569 1084 2642; x_wconf 88' lang='lat' dir='ltr'><strong>quod</strong></span> <span class='ocrx_word' id='word_1_307' title='bbox 1128 2572 1353 2625; x_wconf 82' lang='lat' dir='ltr'><strong>constat</strong></span> <span class='ocrx_word' id='word_1_308' title='bbox 1397 2569 1618 2625; x_wconf 90' lang='lat' dir='ltr'><strong>editum</strong></span> <span class='ocrx_word' id='word_1_309' title='bbox 1669 2573 1895 2625; x_wconf 88' lang='lat' dir='ltr'><strong>tantum</strong></span> 
     </span>
    </p>
   </div>
   <div class='ocr_carea' id='block_1_44' title="bbox 269 2658 1897 2730">
    <p class='ocr_par' dir='ltr' id='par_1_44' title="bbox 269 2658 1897 2730">
     <span class='ocr_line' id='line_1_44' title="bbox 269 2658 1897 2730; baseline 0.002 -19"><span class='ocrx_word' id='word_1_310' title='bbox 269 2661 401 2730; x_wconf 81' lang='lat' dir='ltr'><strong>post</strong></span> <span class='ocrx_word' id='word_1_311' title='bbox 431 2660 685 2713; x_wconf 87' lang='lat' dir='ltr'><strong>mortem</strong></span> <span class='ocrx_word' id='word_1_312' title='bbox 730 2658 1036 2730; x_wconf 82' lang='lat' dir='ltr'><strong>Sigeberti.</strong></span> <span class='ocrx_word' id='word_1_313' title='bbox 1089 2659 1202 2714; x_wconf 80' lang='lat' dir='ltr'><strong>Nec</strong></span> <span class='ocrx_word' id='word_1_314' title='bbox 1248 2662 1450 2714; x_wconf 88' lang='lat' dir='ltr'><strong>auctor</strong></span> <span class='ocrx_word' id='word_1_315' title='bbox 1498 2658 1755 2714; x_wconf 89' lang='lat' dir='ltr'><strong>chronici</strong></span> <span class='ocrx_word' id='word_1_316' title='bbox 1785 2659 1897 2714; x_wconf 84' lang='lat' dir='ltr'><strong>dici</strong></span> 
     </span>
    </p>
   </div>
   <div class='ocr_carea' id='block_1_45' title="bbox 268 2746 1895 2819">
    <p class='ocr_par' dir='ltr' id='par_1_45' title="bbox 268 2746 1895 2819">
     <span class='ocr_line' id='line_1_45' title="bbox 268 2746 1895 2819; baseline 0.001 -18"><span class='ocrx_word' id='word_1_317' title='bbox 268 2746 451 2802; x_wconf 88' lang='lat' dir='ltr'><strong>debet</strong></span> <span class='ocrx_word' id='word_1_318' title='bbox 472 2763 543 2801; x_wconf 87' lang='lat' dir='ltr'><strong>ea</strong></span> <span class='ocrx_word' id='word_1_319' title='bbox 573 2749 864 2801; x_wconf 87' lang='lat' dir='ltr'><strong>mutuatus</strong></span> <span class='ocrx_word' id='word_1_320' title='bbox 887 2746 1059 2802; x_wconf 86' lang='lat' dir='ltr'><strong>fuisse</strong></span> <span class='ocrx_word' id='word_1_321' title='bbox 1090 2763 1123 2802; x_wconf 88' lang='lat' dir='ltr'><strong>a</strong></span> <span class='ocrx_word' id='word_1_322' title='bbox 1145 2746 1475 2819; x_wconf 87' lang='lat' dir='ltr'><strong>Sigeberto;</strong></span> <span class='ocrx_word' id='word_1_323' title='bbox 1509 2765 1645 2802; x_wconf 87' lang='lat' dir='ltr'><strong>nam</strong></span> <span class='ocrx_word' id='word_1_324' title='bbox 1658 2764 1785 2819; x_wconf 75' lang='lat' dir='ltr'><strong>quae</strong></span> <span class='ocrx_word' id='word_1_325' title='bbox 1807 2765 1895 2803; x_wconf 90' lang='lat' dir='ltr'><strong>se-</strong></span> 
     </span>
    </p>
   </div>
   <div class='ocr_carea' id='block_1_46' title="bbox 269 2835 1891 2909">
    <p class='ocr_par' dir='ltr' id='par_1_46' title="bbox 269 2835 1891 2909">
     <span class='ocr_line' id='line_1_46' title="bbox 269 2835 1891 2909; baseline 0.001 -19"><span class='ocrx_word' id='word_1_326' title='bbox 269 2839 532 2909; x_wconf 83' lang='lat' dir='ltr'><strong>quuntur</strong></span> <span class='ocrx_word' id='word_1_327' title='bbox 560 2836 715 2907; x_wconf 84' lang='lat' dir='ltr'><strong>apud</strong></span> <span class='ocrx_word' id='word_1_328' title='bbox 744 2836 1132 2909; x_wconf 84' lang='lat' dir='ltr'><strong>Sigebertum,</strong></span> <span class='ocrx_word' id='word_1_329' title='bbox 1175 2835 1534 2908; x_wconf 84' lang='lat' dir='ltr'><strong>apertissime</strong></span> <span class='ocrx_word' id='word_1_330' title='bbox 1574 2836 1891 2905; x_wconf 87' lang='lat' dir='ltr'><strong>declarant,</strong></span> 
     </span>
    </p>
   </div>
   <div class='ocr_carea' id='block_1_47' title="bbox 271 2924 1891 2998">
    <p class='ocr_par' dir='ltr' id='par_1_47' title="bbox 271 2924 1891 2998">
     <span class='ocr_line' id='line_1_47' title="bbox 271 2924 1891 2998; baseline 0.001 -19"><span class='ocrx_word' id='word_1_331' title='bbox 271 2941 340 2979; x_wconf 84' lang='lat' dir='ltr'><strong>ca</strong></span> <span class='ocrx_word' id='word_1_332' title='bbox 358 2925 533 2980; x_wconf 77' lang='lat' dir='ltr'><strong>fuisse</strong></span> <span class='ocrx_word' id='word_1_333' title='bbox 559 2924 773 2996; x_wconf 83' lang='lat' dir='ltr'><strong>scripta</strong></span> <span class='ocrx_word' id='word_1_334' title='bbox 793 2927 1022 2981; x_wconf 88' lang='lat' dir='ltr'><strong>mortuo</strong></span> <span class='ocrx_word' id='word_1_335' title='bbox 1041 2924 1166 2995; x_wconf 85' lang='lat' dir='ltr'><strong>jam</strong></span> <span class='ocrx_word' id='word_1_336' title='bbox 1195 2927 1395 2980; x_wconf 87' lang='lat' dir='ltr'><strong>sancto</strong></span> <span class='ocrx_word' id='word_1_337' title='bbox 1424 2925 1891 2998; x_wconf 81' lang='lat' dir='ltr'><strong>Hugone,quiSi-</strong></span> 
     </span>
    </p>
   </div>
   <div class='ocr_carea' id='block_1_48' title="bbox 1996 1771 3615 1845">
    <p class='ocr_par' dir='ltr' id='par_1_48' title="bbox 1996 1771 3615 1845">
     <span class='ocr_line' id='line_1_48' title="bbox 1996 1771 3615 1845; baseline -0.001 -18"><span class='ocrx_word' id='word_1_338' title='bbox 1996 1772 2055 1827; x_wconf 92' lang='lat' dir='ltr'><strong>in</strong></span> <span class='ocrx_word' id='word_1_339' title='bbox 2088 1771 2292 1827; x_wconf 88' lang='lat' dir='ltr'><strong>iisdem</strong></span> <span class='ocrx_word' id='word_1_340' title='bbox 2324 1773 2509 1829; x_wconf 73' lang='lat' dir='ltr'><strong>verbis</strong></span> <span class='ocrx_word' id='word_1_341' title='bbox 2528 1777 2838 1840; x_wconf 88' lang='lat' dir='ltr'><strong>servatum,</strong></span> <span class='ocrx_word' id='word_1_342' title='bbox 2873 1773 3229 1845; x_wconf 86' lang='lat' dir='ltr'><strong>quiscunque</strong></span> <span class='ocrx_word' id='word_1_343' title='bbox 3275 1772 3515 1827; x_wconf 90' lang='lat' dir='ltr'><strong>demum</strong></span> <span class='ocrx_word' id='word_1_344' title='bbox 3541 1771 3615 1825; x_wconf 88' lang='lat' dir='ltr'><strong>sit</strong></span> 
     </span>
    </p>
   </div>
   <div class='ocr_carea' id='block_1_49' title="bbox 1997 1859 3616 1934">
    <p class='ocr_par' dir='ltr' id='par_1_49' title="bbox 1997 1859 3616 1934">
     <span class='ocr_line' id='line_1_49' title="bbox 1997 1859 3616 1934; baseline 0 -20"><span class='ocrx_word' id='word_1_345' title='bbox 1997 1861 2240 1932; x_wconf 87' lang='lat' dir='ltr'><strong>scriptor</strong></span> <span class='ocrx_word' id='word_1_346' title='bbox 2269 1861 2557 1934; x_wconf 89' lang='lat' dir='ltr'><strong>antiquus,</strong></span> <span class='ocrx_word' id='word_1_347' title='bbox 2577 1878 2610 1916; x_wconf 89' lang='lat' dir='ltr'><strong>a</strong></span> <span class='ocrx_word' id='word_1_348' title='bbox 2639 1878 2751 1933; x_wconf 90' lang='lat' dir='ltr'><strong>quo</strong></span> <span class='ocrx_word' id='word_1_349' title='bbox 2771 1862 2894 1916; x_wconf 72' lang='lat' dir='ltr'><strong>haec</strong></span> <span class='ocrx_word' id='word_1_350' title='bbox 2924 1862 3005 1915; x_wconf 93' lang='lat' dir='ltr'><strong>uti</strong></span> <span class='ocrx_word' id='word_1_351' title='bbox 3028 1879 3094 1917; x_wconf 86' lang='lat' dir='ltr'><strong>ex</strong></span> <span class='ocrx_word' id='word_1_352' title='bbox 3118 1860 3283 1916; x_wconf 86' lang='lat' dir='ltr'><strong>dictis</strong></span> <span class='ocrx_word' id='word_1_353' title='bbox 3321 1860 3535 1915; x_wconf 82' lang='lat' dir='ltr'><strong>factum</strong></span> <span class='ocrx_word' id='word_1_354' title='bbox 3556 1859 3616 1915; x_wconf 90' lang='lat' dir='ltr'><strong>in</strong></span> 
     </span>
    </p>
   </div>
   <div class='ocr_carea' id='block_1_50' title="bbox 1997 1949 3242 2022">
    <p class='ocr_par' dir='ltr' id='par_1_50' title="bbox 1997 1949 3242 2022">
     <span class='ocr_line' id='line_1_50' title="bbox 1997 1949 3242 2022; baseline 0.002 -19"><span class='ocrx_word' id='word_1_355' title='bbox 1997 1949 2281 2020; x_wconf 84' lang='lat' dir='ltr'><strong>Sigeberti</strong></span> <span class='ocrx_word' id='word_1_356' title='bbox 2314 1950 2851 2022; x_wconf 82' lang='lat' dir='ltr'><strong>Chronographiam</strong></span> <span class='ocrx_word' id='word_1_357' title='bbox 2873 1950 3033 2004; x_wconf 85' lang='lat' dir='ltr'><strong>fuere</strong></span> <span class='ocrx_word' id='word_1_358' title='bbox 3066 1949 3242 2005; x_wconf 86' lang='lat' dir='ltr'><strong>illata.</strong></span> 
     </span>
    </p>
   </div>
   <div class='ocr_carea' id='block_1_51' title="bbox 2068 2028 3614 2110">
    <p class='ocr_par' dir='ltr' id='par_1_51' title="bbox 2068 2028 3614 2110">
     <span class='ocr_line' id='line_1_51' title="bbox 2068 2028 3614 2110; baseline 0.001 -18"><span class='ocrx_word' id='word_1_359' title='bbox 2068 2041 2191 2093; x_wconf 80' lang='lat'><strong>299.</strong></span> <span class='ocrx_word' id='word_1_360' title='bbox 2220 2038 2595 2110; x_wconf 82' lang='lat' dir='ltr'><strong>Dispicinmus</strong></span> <span class='ocrx_word' id='word_1_361' title='bbox 2623 2039 2818 2106; x_wconf 88' lang='lat' dir='ltr'><strong>modo,</strong></span> <span class='ocrx_word' id='word_1_362' title='bbox 2853 2055 2926 2093; x_wconf 86' lang='lat' dir='ltr'><strong>an</strong></span> <span class='ocrx_word' id='word_1_363' title='bbox 2958 2037 3196 2093; x_wconf 86' lang='lat' dir='ltr'><strong>validius</strong></span> <span class='ocrx_word' id='word_1_364' title='bbox 3224 2040 3427 2093; x_wconf 87' lang='lat' dir='ltr'><strong>contra</strong></span> <span class='ocrx_word' id='word_1_365' title='bbox 3454 2028 3614 2093; x_wconf 82' lang='lat' dir='ltr'><strong>Pari-</strong></span> 
     </span>
    </p>
   </div>
   <div class='ocr_carea' id='block_1_52' title="bbox 1998 2126 3620 2199">
    <p class='ocr_par' dir='ltr' id='par_1_52' title="bbox 1998 2126 3620 2199">
     <span class='ocr_line' id='line_1_52' title="bbox 1998 2126 3620 2199; baseline -0.001 -18"><span class='ocrx_word' id='word_1_366' title='bbox 1998 2126 2183 2181; x_wconf 85' lang='lat' dir='ltr'><strong>siense</strong></span> <span class='ocrx_word' id='word_1_367' title='bbox 2216 2126 2546 2198; x_wconf 84' lang='lat' dir='ltr'><strong>prodigium</strong></span> <span class='ocrx_word' id='word_1_368' title='bbox 2601 2144 2666 2180; x_wconf 81' lang='lat' dir='ltr'><strong>ex</strong></span> <span class='ocrx_word' id='word_1_369' title='bbox 2700 2127 2933 2183; x_wconf 79' lang='lat' dir='ltr'><strong>Roberti</strong></span> <span class='ocrx_word' id='word_1_370' title='bbox 2979 2126 3049 2181; x_wconf 91' lang='lat' dir='ltr'><strong>de</strong></span> <span class='ocrx_word' id='word_1_371' title='bbox 3076 2127 3288 2194; x_wconf 77' lang='lat' dir='ltr'><strong>Monte,</strong></span> <span class='ocrx_word' id='word_1_372' title='bbox 3321 2127 3419 2199; x_wconf 88' lang='lat' dir='ltr'><strong>qui</strong></span> <span class='ocrx_word' id='word_1_373' title='bbox 3464 2126 3620 2198; x_wconf 87' lang='lat' dir='ltr'><strong>Sige-</strong></span> 
     </span>
    </p>
   </div>
   <div class='ocr_carea' id='block_1_53' title="bbox 1999 2214 3620 2287">
    <p class='ocr_par' dir='ltr' id='par_1_53' title="bbox 1999 2214 3620 2287">
     <span class='ocr_line' id='line_1_53' title="bbox 1999 2214 3620 2287; baseline 0.001 -19"><span class='ocrx_word' id='word_1_374' title='bbox 1999 2214 2147 2269; x_wconf 85' lang='lat' dir='ltr'><strong>berti</strong></span> <span class='ocrx_word' id='word_1_375' title='bbox 2181 2215 2719 2287; x_wconf 84' lang='lat' dir='ltr'><strong>Chronographiam</strong></span> <span class='ocrx_word' id='word_1_376' title='bbox 2754 2214 3130 2282; x_wconf 83' lang='lat' dir='ltr'><strong>continuavit,</strong></span> <span class='ocrx_word' id='word_1_377' title='bbox 3162 2215 3391 2270; x_wconf 88' lang='lat' dir='ltr'><strong>silentio</strong></span> <span class='ocrx_word' id='word_1_378' title='bbox 3417 2231 3620 2286; x_wconf 83' lang='lat' dir='ltr'><strong>argua-</strong></span> 
     </span>
    </p>
   </div>
   <div class='ocr_carea' id='block_1_54' title="bbox 1999 2303 3618 2376">
    <p class='ocr_par' dir='ltr' id='par_1_54' title="bbox 1999 2303 3618 2376">
     <span class='ocr_line' id='line_1_54' title="bbox 1999 2303 3618 2376; baseline 0 -18"><span class='ocrx_word' id='word_1_379' title='bbox 1999 2307 2111 2358; x_wconf 89' lang='lat' dir='ltr'><strong>tur.</strong></span> <span class='ocrx_word' id='word_1_380' title='bbox 2165 2325 2193 2354; x_wconf 84' lang='lat'><strong>«</strong></span> <span class='ocrx_word' id='word_1_381' title='bbox 2226 2304 2414 2372; x_wconf 79' lang='lat' dir='ltr'><strong>Multa,</strong></span> <span class='ocrx_word' id='word_1_382' title='bbox 2445 2324 2472 2352; x_wconf 84' lang='grc'><strong>››</strong></span> <span class='ocrx_word' id='word_1_383' title='bbox 2537 2303 2724 2376; x_wconf 87' lang='lat' dir='ltr'><strong>inquit</strong></span> <span class='ocrx_word' id='word_1_384' title='bbox 2765 2304 2836 2359; x_wconf 89' lang='lat' dir='ltr'><strong>de</strong></span> <span class='ocrx_word' id='word_1_385' title='bbox 2886 2304 2994 2359; x_wconf 87' lang='lat' dir='ltr'><strong>hoc</strong></span> <span class='ocrx_word' id='word_1_386' title='bbox 3023 2304 3301 2376; x_wconf 87' lang='lat' dir='ltr'><strong>scriptore</strong></span> <span class='ocrx_word' id='word_1_387' title='bbox 3328 2305 3384 2358; x_wconf 91' lang='lat' dir='ltr'><strong>in</strong></span> <span class='ocrx_word' id='word_1_388' title='bbox 3419 2320 3521 2358; x_wconf 87' lang='lat' dir='ltr'><strong>sua</strong></span> <span class='ocrx_word' id='word_1_389' title='bbox 3547 2304 3618 2358; x_wconf 91' lang='lat' dir='ltr'><strong>de</strong></span> 
     </span>
    </p>
   </div>
   <div class='ocr_carea' id='block_1_55' title="bbox 1998 2392 3617 2448">
    <p class='ocr_par' dir='ltr' id='par_1_55' title="bbox 1998 2392 3617 2448">
     <span class='ocr_line' id='line_1_55' title="bbox 1998 2392 3617 2448; baseline 0 -1"><span class='ocrx_word' id='word_1_390' title='bbox 1998 2410 2133 2447; x_wconf 84' lang='lat' dir='ltr'><strong>vera</strong></span> <span class='ocrx_word' id='word_1_391' title='bbox 2157 2409 2328 2447; x_wconf 82' lang='lat' dir='ltr'><strong>causa</strong></span> <span class='ocrx_word' id='word_1_392' title='bbox 2359 2408 2608 2447; x_wconf 87' lang='lat' dir='ltr'><strong>secessus</strong></span> <span class='ocrx_word' id='word_1_393' title='bbox 2637 2392 2693 2446; x_wconf 92' lang='lat' dir='ltr'><strong>S.</strong></span> <span class='ocrx_word' id='word_1_394' title='bbox 2726 2392 3010 2447; x_wconf 89' lang='lat' dir='ltr'><strong>Brunonis</strong></span> <span class='ocrx_word' id='word_1_395' title='bbox 3040 2393 3099 2447; x_wconf 91' lang='lat' dir='ltr'><strong>in</strong></span> <span class='ocrx_word' id='word_1_396' title='bbox 3117 2409 3380 2448; x_wconf 89' lang='lat' dir='ltr'><strong>eremum</strong></span> <span class='ocrx_word' id='word_1_397' title='bbox 3407 2392 3617 2447; x_wconf 86' lang='lat' dir='ltr'><strong>disser-</strong></span> 
     </span>
    </p>
   </div>
   <div class='ocr_carea' id='block_1_56' title="bbox 1998 2480 3621 2551">
    <p class='ocr_par' dir='ltr' id='par_1_56' title="bbox 1998 2480 3621 2551">
     <span class='ocr_line' id='line_1_56' title="bbox 1998 2480 3621 2551; baseline -0.001 -16"><span class='ocrx_word' id='word_1_398' title='bbox 1998 2481 2217 2537; x_wconf 88' lang='lat' dir='ltr'><strong>tatione</strong></span> <span class='ocrx_word' id='word_1_399' title='bbox 2234 2496 2358 2551; x_wconf 90' lang='lat' dir='ltr'><strong>cap.</strong></span> <span class='ocrx_word' id='word_1_400' title='bbox 2381 2497 2395 2534; x_wconf 82' lang='lat'><strong><em>1</em></strong></span> <span class='ocrx_word' id='word_1_401' title='bbox 2422 2480 2725 2548; x_wconf 88' lang='lat' dir='ltr'><strong>Lauuoius,</strong></span> <span class='ocrx_word' id='word_1_402' title='bbox 2744 2504 2771 2531; x_wconf 88' lang='grc'><strong>‹‹</strong></span> <span class='ocrx_word' id='word_1_403' title='bbox 2784 2480 2855 2535; x_wconf 89' lang='lat' dir='ltr'><strong>de</strong></span> <span class='ocrx_word' id='word_1_404' title='bbox 2873 2480 3385 2537; x_wconf 81' lang='lat' dir='ltr'><strong>Carthasianorum</strong></span> <span class='ocrx_word' id='word_1_405' title='bbox 3398 2480 3621 2536; x_wconf 87' lang='lat' dir='ltr'><strong>institu-</strong></span> 
     </span>
    </p>
   </div>
   <div class='ocr_carea' id='block_1_57' title="bbox 1996 2568 3617 2642">
    <p class='ocr_par' dir='ltr' id='par_1_57' title="bbox 1996 2568 3617 2642">
     <span class='ocr_line' id='line_1_57' title="bbox 1996 2568 3617 2642; baseline 0 -17"><span class='ocrx_word' id='word_1_406' title='bbox 1996 2568 2683 2638; x_wconf 85' lang='lat' dir='ltr'><strong>tis,consuetudinibus,et</strong></span> <span class='ocrx_word' id='word_1_407' title='bbox 2699 2569 2921 2641; x_wconf 82' lang='lat' dir='ltr'><strong>origine</strong></span> <span class='ocrx_word' id='word_1_408' title='bbox 2936 2570 3057 2642; x_wconf 91' lang='lat' dir='ltr'><strong>ipsa</strong></span> <span class='ocrx_word' id='word_1_409' title='bbox 3067 2570 3425 2638; x_wconf 78' lang='lat' dir='ltr'><strong>disserit,nec</strong></span> <span class='ocrx_word' id='word_1_410' title='bbox 3437 2570 3617 2625; x_wconf 91' lang='lat' dir='ltr'><strong>ullum</strong></span> 
     </span>
    </p>
   </div>
   <div class='ocr_carea' id='block_1_58' title="bbox 1997 2657 3619 2730">
    <p class='ocr_par' dir='ltr' id='par_1_58' title="bbox 1997 2657 3619 2730">
     <span class='ocr_line' id='line_1_58' title="bbox 1997 2657 3619 2730; baseline -0.001 -15"><span class='ocrx_word' id='word_1_411' title='bbox 1997 2661 2193 2715; x_wconf 87' lang='lat' dir='ltr'><strong>tamen</strong></span> <span class='ocrx_word' id='word_1_412' title='bbox 2209 2658 2485 2713; x_wconf 85' lang='lat' dir='ltr'><strong>damnato</strong></span> <span class='ocrx_word' id='word_1_413' title='bbox 2494 2658 2717 2714; x_wconf 90' lang='lat' dir='ltr'><strong>doctori</strong></span> <span class='ocrx_word' id='word_1_414' title='bbox 2736 2657 3131 2714; x_wconf 89' lang='lat' dir='ltr'><strong>testimonium</strong></span> <span class='ocrx_word' id='word_1_415' title='bbox 3144 2660 3417 2730; x_wconf 56' lang='lat' dir='ltr'><strong>prabet.»</strong></span> <span class='ocrx_word' id='word_1_416' title='bbox 3432 2658 3619 2714; x_wconf 85' lang='lat' dir='ltr'><strong>Verba</strong></span> 
     </span>
    </p>
   </div>
   <div class='ocr_carea' id='block_1_59' title="bbox 1998 2745 3617 2819">
    <p class='ocr_par' dir='ltr' id='par_1_59' title="bbox 1998 2745 3617 2819">
     <span class='ocr_line' id='line_1_59' title="bbox 1998 2745 3617 2819; baseline 0.001 -19"><span class='ocrx_word' id='word_1_417' title='bbox 1998 2746 2216 2813; x_wconf 85' lang='lat' dir='ltr'><strong>omnia,</strong></span> <span class='ocrx_word' id='word_1_418' title='bbox 2249 2763 2377 2819; x_wconf 66' lang='lat' dir='ltr'><strong>quae</strong></span> <span class='ocrx_word' id='word_1_419' title='bbox 2426 2748 2673 2802; x_wconf 80' lang='lat' dir='ltr'><strong>Roberto</strong></span> <span class='ocrx_word' id='word_1_420' title='bbox 2708 2747 2778 2802; x_wconf 91' lang='lat' dir='ltr'><strong>de</strong></span> <span class='ocrx_word' id='word_1_421' title='bbox 2820 2747 3007 2803; x_wconf 82' lang='lat' dir='ltr'><strong>Monte</strong></span> <span class='ocrx_word' id='word_1_422' title='bbox 3046 2747 3325 2815; x_wconf 84' lang='lat' dir='ltr'><strong>attribuit,</strong></span> <span class='ocrx_word' id='word_1_423' title='bbox 3371 2745 3617 2819; x_wconf 88' lang='lat' dir='ltr'><strong>huicque</strong></span> 
     </span>
    </p>
   </div>
   <div class='ocr_carea' id='block_1_60' title="bbox 2001 2834 3615 2908">
    <p class='ocr_par' dir='ltr' id='par_1_60' title="bbox 2001 2834 3615 2908">
     <span class='ocr_line' id='line_1_60' title="bbox 2001 2834 3615 2908; baseline -0.001 -19"><span class='ocrx_word' id='word_1_424' title='bbox 2001 2851 2116 2889; x_wconf 73' lang='lat' dir='ltr'><strong>suae</strong></span> <span class='ocrx_word' id='word_1_425' title='bbox 2153 2839 2354 2891; x_wconf 86' lang='lat' dir='ltr'><strong>contra</strong></span> <span class='ocrx_word' id='word_1_426' title='bbox 2407 2834 2725 2890; x_wconf 86' lang='lat' dir='ltr'><strong>Parisiense</strong></span> <span class='ocrx_word' id='word_1_427' title='bbox 2770 2835 3103 2908; x_wconf 78' lang='lat' dir='ltr'><strong>prodigium</strong></span> <span class='ocrx_word' id='word_1_428' title='bbox 3135 2835 3443 2907; x_wconf 88' lang='lat' dir='ltr'><strong>objectioni</strong></span> <span class='ocrx_word' id='word_1_429' title='bbox 3472 2835 3615 2888; x_wconf 83' lang='lat' dir='ltr'><strong>Lau-</strong></span> 
     </span>
    </p>
   </div>
   <div class='ocr_carea' id='block_1_61' title="bbox 2006 2922 3616 2995">
    <p class='ocr_par' dir='ltr' id='par_1_61' title="bbox 2006 2922 3616 2995">
     <span class='ocr_line' id='line_1_61' title="bbox 2006 2922 3616 2995; baseline 0 -18"><span class='ocrx_word' id='word_1_430' title='bbox 2006 2923 2170 2977; x_wconf 90' lang='lat' dir='ltr'><strong>noius</strong></span> <span class='ocrx_word' id='word_1_431' title='bbox 2223 2922 2543 2995; x_wconf 60' lang='lat' dir='ltr'><strong>praemittit,</strong></span> <span class='ocrx_word' id='word_1_432' title='bbox 2600 2923 3008 2979; x_wconf 84' lang='lat' dir='ltr'><strong>Carthusianus</strong></span> <span class='ocrx_word' id='word_1_433' title='bbox 3053 2927 3248 2979; x_wconf 83' lang='lat' dir='ltr'><strong>noster</strong></span> <span class='ocrx_word' id='word_1_434' title='bbox 3292 2938 3616 2995; x_wconf 80' lang='lat' dir='ltr'><strong>anonymus</strong></span> 
     </span>
    </p>
   </div>
   <div class='ocr_carea' id='block_1_62' title="bbox 270 2976 3612 3085">
    <p class='ocr_par' dir='ltr' id='par_1_62' title="bbox 270 2976 3612 3085">
     <span class='ocr_line' id='line_1_62' title="bbox 270 2976 3612 3085; baseline -0.001 -17"><span class='ocrx_word' id='word_1_435' title='bbox 270 2976 527 3084; x_wconf 55' lang='grc' dir='ltr'><strong>έὲιᾷἑῖιῌ</strong></span> <span class='ocrx_word' id='word_1_436' title='bbox 548 2976 1687 3085; x_wconf 46' lang='lat' dir='ltr'><strong>4.11;;is;agn};‘apgassjzaijgg</strong></span> <span class='ocrx_word' id='word_1_437' title='bbox 1697 2976 1891 3069; x_wconf 64' lang='grc' dir='ltr'><strong>’ἓίῖὲιῖςὶί</strong></span> <span class='ocrx_word' id='word_1_438' title='bbox 1911 2976 1960 3041; x_wconf 72' lang='lat' dir='ltr'>C</span> <span class='ocrx_word' id='word_1_439' title='bbox 2004 2976 2352 3079; x_wconf 74' lang='lat' dir='ltr'><strong>transcribit,</strong></span> <span class='ocrx_word' id='word_1_440' title='bbox 2395 2976 2679 3083; x_wconf 77' lang='lat' dir='ltr'><strong>simulque</strong></span> <span class='ocrx_word' id='word_1_441' title='bbox 2711 2976 3612 3083; x_wconf 54' lang='grc' dir='ltr'><strong>εάιιεῖιῖἐὲθξροὲιᾶρί.ίΓέὲιιιιηί</strong></span> 
     </span>
    </p>
   </div>
   <div class='ocr_carea' id='block_1_63' title="bbox 271 3101 1897 3174">
    <p class='ocr_par' dir='ltr' id='par_1_63' title="bbox 271 3101 1897 3174">
     <span class='ocr_line' id='line_1_63' title="bbox 271 3101 1897 3174; baseline 0.001 -18"><span class='ocrx_word' id='word_1_442' title='bbox 271 3122 301 3150; x_wconf 77' lang='grc' dir='ltr'><strong><em>ιο</em></strong></span> <span class='ocrx_word' id='word_1_443' title='bbox 338 3101 642 3174; x_wconf 86' lang='lat' dir='ltr'><strong>propositi,</strong></span> <span class='ocrx_word' id='word_1_444' title='bbox 667 3122 696 3151; x_wconf 71' lang='grc' dir='ltr'><strong>η</strong></span> <span class='ocrx_word' id='word_1_445' title='bbox 740 3102 930 3174; x_wconf 87' lang='lat' dir='ltr'><strong>inquit</strong></span> <span class='ocrx_word' id='word_1_446' title='bbox 952 3102 1048 3156; x_wconf 89' lang='lat' dir='ltr'><strong>ille</strong></span> <span class='ocrx_word' id='word_1_447' title='bbox 1078 3101 1407 3156; x_wconf 87' lang='lat' dir='ltr'><strong>subdititius</strong></span> <span class='ocrx_word' id='word_1_448' title='bbox 1444 3101 1897 3173; x_wconf 82' lang='lat' dir='ltr'><strong>Sigebertus,co-</strong></span> 
     </span>
    </p>
   </div>
   <div class='ocr_carea' id='block_1_64' title="bbox 272 3190 1899 3263">
    <p class='ocr_par' dir='ltr' id='par_1_64' title="bbox 272 3190 1899 3263">
     <span class='ocr_line' id='line_1_64' title="bbox 272 3190 1899 3263; baseline 0.001 -19"><span class='ocrx_word' id='word_1_449' title='bbox 272 3208 305 3243; x_wconf 62' lang='grc' dir='ltr'><strong>ι</strong></span> <span class='ocrx_word' id='word_1_450' title='bbox 337 3194 703 3263; x_wconf 83' lang='lat' dir='ltr'><strong>operatoret</strong></span> <span class='ocrx_word' id='word_1_451' title='bbox 724 3191 1029 3245; x_wconf 67' lang='lat' dir='ltr'><strong>mmulator</strong></span> <span class='ocrx_word' id='word_1_452' title='bbox 1043 3190 1226 3245; x_wconf 66' lang='lat' dir='ltr'><strong>beatae</strong></span> <span class='ocrx_word' id='word_1_453' title='bbox 1254 3190 1553 3245; x_wconf 67' lang='lat' dir='ltr'><strong>memoriae</strong></span> <span class='ocrx_word' id='word_1_454' title='bbox 1588 3191 1744 3263; x_wconf 85' lang='lat' dir='ltr'><strong>Hugo</strong></span> <span class='ocrx_word' id='word_1_455' title='bbox 1767 3192 1899 3245; x_wconf 78' lang='lat' dir='ltr'><strong>Gra-</strong></span> 
     </span>
    </p>
   </div>
   <div class='ocr_carea' id='block_1_65' title="bbox 273 3279 1899 3352">
    <p class='ocr_par' dir='ltr' id='par_1_65' title="bbox 273 3279 1899 3352">
     <span class='ocr_line' id='line_1_65' title="bbox 273 3279 1899 3352; baseline 0 -18"><span class='ocrx_word' id='word_1_456' title='bbox 273 3301 303 3327; x_wconf 75' lang='lat'><strong>»</strong></span> <span class='ocrx_word' id='word_1_457' title='bbox 335 3279 789 3352; x_wconf 72' lang='lat' dir='ltr'><strong>tianOpolitanus</strong></span> <span class='ocrx_word' id='word_1_458' title='bbox 826 3279 1125 3351; x_wconf 90' lang='lat' dir='ltr'><strong>episcopus</strong></span> <span class='ocrx_word' id='word_1_459' title='bbox 1155 3280 1228 3334; x_wconf 90' lang='lat' dir='ltr'><strong>ab</strong></span> <span class='ocrx_word' id='word_1_460' title='bbox 1259 3279 1465 3334; x_wconf 89' lang='lat' dir='ltr'><strong>eodem</strong></span> <span class='ocrx_word' id='word_1_461' title='bbox 1496 3281 1761 3334; x_wconf 86' lang='lat' dir='ltr'><strong>Brunone</strong></span> <span class='ocrx_word' id='word_1_462' title='bbox 1802 3280 1899 3334; x_wconf 76' lang='lat' dir='ltr'><strong>hc-</strong></span> 
     </span>
    </p>
   </div>
   <div class='ocr_carea' id='block_1_66' title="bbox 272 3368 1898 3441">
    <p class='ocr_par' dir='ltr' id='par_1_66' title="bbox 272 3368 1898 3441">
     <span class='ocr_line' id='line_1_66' title="bbox 272 3368 1898 3441; baseline 0.001 -20"><span class='ocrx_word' id='word_1_463' title='bbox 272 3388 305 3421; x_wconf 77' lang='grc'><strong>»</strong></span> <span class='ocrx_word' id='word_1_464' title='bbox 330 3369 521 3424; x_wconf 88' lang='lat' dir='ltr'><strong>bitum</strong></span> <span class='ocrx_word' id='word_1_465' title='bbox 549 3369 955 3424; x_wconf 85' lang='lat' dir='ltr'><strong>monachicum</strong></span> <span class='ocrx_word' id='word_1_466' title='bbox 982 3368 1246 3441; x_wconf 88' lang='lat' dir='ltr'><strong>sumpsit,</strong></span> <span class='ocrx_word' id='word_1_467' title='bbox 1279 3368 1611 3440; x_wconf 89' lang='lat' dir='ltr'><strong>cunctisque</strong></span> <span class='ocrx_word' id='word_1_468' title='bbox 1634 3368 1712 3423; x_wconf 89' lang='lat' dir='ltr'><strong>ibi</strong></span> <span class='ocrx_word' id='word_1_469' title='bbox 1741 3368 1898 3423; x_wconf 89' lang='lat' dir='ltr'><strong>habi-</strong></span> 
     </span>
    </p>
   </div>
   <div class='ocr_carea' id='block_1_67' title="bbox 274 3456 1893 3529">
    <p class='ocr_par' dir='ltr' id='par_1_67' title="bbox 274 3456 1893 3529">
     <span class='ocr_line' id='line_1_67' title="bbox 274 3456 1893 3529; baseline 0 -17"><span class='ocrx_word' id='word_1_470' title='bbox 274 3478 303 3507; x_wconf 78' lang='lat'><strong>»</strong></span> <span class='ocrx_word' id='word_1_471' title='bbox 336 3457 600 3513; x_wconf 84' lang='lat' dir='ltr'><strong>tantibus</strong></span> <span class='ocrx_word' id='word_1_472' title='bbox 625 3456 851 3528; x_wconf 78' lang='lat' dir='ltr'><strong>insigne</strong></span> <span class='ocrx_word' id='word_1_473' title='bbox 879 3457 1125 3529; x_wconf 64' lang='lat' dir='ltr'><strong>praebuit</strong></span> <span class='ocrx_word' id='word_1_474' title='bbox 1147 3459 1501 3528; x_wconf 84' lang='lat' dir='ltr'><strong>exemplum.</strong></span> <span class='ocrx_word' id='word_1_475' title='bbox 1536 3477 1563 3507; x_wconf 85' lang='grc'><strong>››</strong></span> <span class='ocrx_word' id='word_1_476' title='bbox 1609 3456 1745 3521; x_wconf 84' lang='lat' dir='ltr'><strong>Quis</strong></span> <span class='ocrx_word' id='word_1_477' title='bbox 1775 3473 1893 3512; x_wconf 91' lang='lat' dir='ltr'><strong>non</strong></span> 
     </span>
    </p>
   </div>
   <div class='ocr_carea' id='block_1_68' title="bbox 271 3544 1893 3618">
    <p class='ocr_par' dir='ltr' id='par_1_68' title="bbox 271 3544 1893 3618">
     <span class='ocr_line' id='line_1_68' title="bbox 271 3544 1893 3618; baseline 0.001 -18"><span class='ocrx_word' id='word_1_478' title='bbox 271 3547 489 3614; x_wconf 86' lang='lat' dir='ltr'><strong>videat,</strong></span> <span class='ocrx_word' id='word_1_479' title='bbox 516 3546 608 3601; x_wconf 86' lang='lat' dir='ltr'><strong>hic</strong></span> <span class='ocrx_word' id='word_1_480' title='bbox 634 3546 811 3617; x_wconf 76' lang='lat' dir='ltr'><strong>verba</strong></span> <span class='ocrx_word' id='word_1_481' title='bbox 837 3544 962 3600; x_wconf 81' lang='lat' dir='ltr'><strong>ﬁeri</strong></span> <span class='ocrx_word' id='word_1_482' title='bbox 994 3546 1065 3601; x_wconf 92' lang='lat' dir='ltr'><strong>de</strong></span> <span class='ocrx_word' id='word_1_483' title='bbox 1088 3547 1341 3618; x_wconf 77' lang='lat' dir='ltr'><strong>Hugone</strong></span> <span class='ocrx_word' id='word_1_484' title='bbox 1356 3550 1635 3618; x_wconf 81' lang='lat' dir='ltr'><strong>tauquam</strong></span> <span class='ocrx_word' id='word_1_485' title='bbox 1666 3550 1893 3601; x_wconf 88' lang='lat' dir='ltr'><strong>mortuo</strong></span> 
     </span>
    </p>
   </div>
   <div class='ocr_carea' id='block_1_69' title="bbox 270 3634 1894 3707">
    <p class='ocr_par' dir='ltr' id='par_1_69' title="bbox 270 3634 1894 3707">
     <span class='ocr_line' id='line_1_69' title="bbox 270 3634 1894 3707; baseline 0 -17"><span class='ocrx_word' id='word_1_486' title='bbox 270 3639 334 3690; x_wconf 89' lang='lat' dir='ltr'><strong>et</strong></span> <span class='ocrx_word' id='word_1_487' title='bbox 355 3636 486 3707; x_wconf 85' lang='lat' dir='ltr'><strong>jam</strong></span> <span class='ocrx_word' id='word_1_488' title='bbox 514 3635 668 3690; x_wconf 72' lang='lat' dir='ltr'><strong>inter</strong></span> <span class='ocrx_word' id='word_1_489' title='bbox 694 3636 922 3689; x_wconf 87' lang='lat' dir='ltr'><strong>sanctos</strong></span> <span class='ocrx_word' id='word_1_490' title='bbox 944 3636 1150 3702; x_wconf 86' lang='lat' dir='ltr'><strong>relato,</strong></span> <span class='ocrx_word' id='word_1_491' title='bbox 1179 3650 1311 3690; x_wconf 89' lang='lat' dir='ltr'><strong>cum</strong></span> <span class='ocrx_word' id='word_1_492' title='bbox 1338 3639 1579 3690; x_wconf 87' lang='lat' dir='ltr'><strong>ornetur</strong></span> <span class='ocrx_word' id='word_1_493' title='bbox 1606 3634 1773 3690; x_wconf 89' lang='lat' dir='ltr'><strong>titulo</strong></span> <span class='ocrx_word' id='word_1_494' title='bbox 1799 3637 1894 3690; x_wconf 79' lang='grc' dir='ltr'><strong>«Β.</strong></span> 
     </span>
    </p>
   </div>
   <div class='ocr_carea' id='block_1_70' title="bbox 275 3722 1897 3796">
    <p class='ocr_par' dir='ltr' id='par_1_70' title="bbox 275 3722 1897 3796">
     <span class='ocr_line' id='line_1_70' title="bbox 275 3722 1897 3796; baseline -0.001 -17"><span class='ocrx_word' id='word_1_495' title='bbox 275 3723 582 3779; x_wconf 65' lang='lat' dir='ltr'><strong>memorias</strong></span> <span class='ocrx_word' id='word_1_496' title='bbox 608 3743 637 3773; x_wconf 84' lang='grc'><strong>››</strong></span> <span class='ocrx_word' id='word_1_497' title='bbox 664 3727 724 3779; x_wconf 86' lang='lat' dir='ltr'><strong>et</strong></span> <span class='ocrx_word' id='word_1_498' title='bbox 738 3722 963 3778; x_wconf 84' lang='lat' dir='ltr'><strong>dicatur</strong></span> <span class='ocrx_word' id='word_1_499' title='bbox 993 3723 1052 3778; x_wconf 92' lang='lat' dir='ltr'><strong>in</strong></span> <span class='ocrx_word' id='word_1_500' title='bbox 1076 3724 1368 3796; x_wconf 72' lang='lat' dir='ltr'><strong>pra-terito</strong></span> <span class='ocrx_word' id='word_1_501' title='bbox 1427 3742 1459 3776; x_wconf 86' lang='lat'><strong>«</strong></span> <span class='ocrx_word' id='word_1_502' title='bbox 1492 3722 1716 3796; x_wconf 83' lang='lat' dir='ltr'><strong>insigne</strong></span> <span class='ocrx_word' id='word_1_503' title='bbox 1749 3739 1897 3795; x_wconf 80' lang='lat' dir='ltr'><strong>prae-</strong></span> 
     </span>
    </p>
   </div>
   <div class='ocr_carea' id='block_1_71' title="bbox 275 3811 1896 3885">
    <p class='ocr_par' dir='ltr' id='par_1_71' title="bbox 275 3811 1896 3885">
     <span class='ocr_line' id='line_1_71' title="bbox 275 3811 1896 3885; baseline -0.001 -18"><span class='ocrx_word' id='word_1_504' title='bbox 275 3835 306 3863; x_wconf 82' lang='lat'><strong>»</strong></span> <span class='ocrx_word' id='word_1_505' title='bbox 339 3813 468 3868; x_wconf 89' lang='lat' dir='ltr'><strong>buit</strong></span> <span class='ocrx_word' id='word_1_506' title='bbox 492 3811 863 3885; x_wconf 84' lang='lat' dir='ltr'><strong>exemplum?</strong></span> <span class='ocrx_word' id='word_1_507' title='bbox 902 3833 930 3861; x_wconf 88' lang='grc'><strong>››</strong></span> <span class='ocrx_word' id='word_1_508' title='bbox 964 3814 1253 3868; x_wconf 75' lang='lat' dir='ltr'><strong>Praeterea</strong></span> <span class='ocrx_word' id='word_1_509' title='bbox 1283 3814 1527 3879; x_wconf 85' lang='lat' dir='ltr'><strong>constat,</strong></span> <span class='ocrx_word' id='word_1_510' title='bbox 1574 3812 1634 3867; x_wconf 91' lang='lat' dir='ltr'><strong>in</strong></span> <span class='ocrx_word' id='word_1_511' title='bbox 1690 3811 1896 3867; x_wconf 91' lang='lat' dir='ltr'><strong>iisdem</strong></span> 
     </span>
    </p>
   </div>
   <div class='ocr_carea' id='block_1_72' title="bbox 268 3900 1897 3973">
    <p class='ocr_par' dir='ltr' id='par_1_72' title="bbox 268 3900 1897 3973">
     <span class='ocr_line' id='line_1_72' title="bbox 268 3900 1897 3973; baseline -0.002 -16"><span class='ocrx_word' id='word_1_512' title='bbox 268 3901 466 3957; x_wconf 77' lang='lat' dir='ltr'><strong>verbis</strong></span> <span class='ocrx_word' id='word_1_513' title='bbox 478 3901 897 3957; x_wconf 86' lang='lat' dir='ltr'><strong>crassissimum</strong></span> <span class='ocrx_word' id='word_1_514' title='bbox 910 3900 1200 3973; x_wconf 83' lang='lat' dir='ltr'><strong>irrepsisse</strong></span> <span class='ocrx_word' id='word_1_515' title='bbox 1222 3917 1504 3969; x_wconf 88' lang='lat' dir='ltr'><strong>errorem,</strong></span> <span class='ocrx_word' id='word_1_516' title='bbox 1536 3900 1632 3958; x_wconf 91' lang='lat' dir='ltr'><strong>ubi</strong></span> <span class='ocrx_word' id='word_1_517' title='bbox 1669 3902 1897 3955; x_wconf 87' lang='lat' dir='ltr'><strong>sanctus</strong></span> 
     </span>
    </p>
   </div>
   <div class='ocr_carea' id='block_1_73' title="bbox 275 3989 1898 4065">
    <p class='ocr_par' dir='ltr' id='par_1_73' title="bbox 275 3989 1898 4065">
     <span class='ocr_line' id='line_1_73' title="bbox 275 3989 1898 4065; baseline -0.002 -18"><span class='ocrx_word' id='word_1_518' title='bbox 275 3992 490 4065; x_wconf 61' lang='lat' dir='ltr'><strong>pressul</strong></span> <span class='ocrx_word' id='word_1_519' title='bbox 514 3990 734 4046; x_wconf 67' lang='lat' dir='ltr'><strong>dicitur</strong></span> <span class='ocrx_word' id='word_1_520' title='bbox 744 3990 1006 4045; x_wconf 88' lang='lat' dir='ltr'><strong>habitum</strong></span> <span class='ocrx_word' id='word_1_521' title='bbox 1020 3989 1428 4045; x_wconf 82' lang='lat' dir='ltr'><strong>monachicum</strong></span> <span class='ocrx_word' id='word_1_522' title='bbox 1452 3990 1524 4045; x_wconf 90' lang='lat' dir='ltr'><strong>ab</strong></span> <span class='ocrx_word' id='word_1_523' title='bbox 1543 3989 1749 4045; x_wconf 90' lang='lat' dir='ltr'><strong>eodem</strong></span> <span class='ocrx_word' id='word_1_524' title='bbox 1765 3990 1898 4044; x_wconf 72' lang='grc' dir='ltr'><strong>Βω-</strong></span> 
     </span>
    </p>
   </div>
   <div class='ocr_carea' id='block_1_74' title="bbox 276 4076 1896 4152">
    <p class='ocr_par' dir='ltr' id='par_1_74' title="bbox 276 4076 1896 4152">
     <span class='ocr_line' id='line_1_74' title="bbox 276 4076 1896 4152; baseline -0.001 -17"><span class='ocrx_word' id='word_1_525' title='bbox 276 4096 436 4135; x_wconf 89' lang='lat' dir='ltr'><strong>none</strong></span> <span class='ocrx_word' id='word_1_526' title='bbox 466 4079 794 4151; x_wconf 82' lang='lat' dir='ltr'><strong>sumpsisse,</strong></span> <span class='ocrx_word' id='word_1_527' title='bbox 828 4079 989 4151; x_wconf 87' lang='lat' dir='ltr'><strong>quod</strong></span> <span class='ocrx_word' id='word_1_528' title='bbox 1019 4077 1798 4152; x_wconf 81' lang='lat' dir='ltr'><strong>falsissimumprobabimus</strong></span> <span class='ocrx_word' id='word_1_529' title='bbox 1834 4076 1896 4134; x_wconf 90' lang='lat' dir='ltr'><strong>in</strong></span> 
     </span>
    </p>
   </div>
   <div class='ocr_carea' id='block_1_75' title="bbox 274 4168 1179 4224">
    <p class='ocr_par' dir='ltr' id='par_1_75' title="bbox 274 4168 1179 4224">
     <span class='ocr_line' id='line_1_75' title="bbox 274 4168 1179 4224; baseline -0.001 -1"><span class='ocrx_word' id='word_1_530' title='bbox 274 4168 600 4223; x_wconf 71' lang='lat' dir='ltr'><strong>Annalibus</strong></span> <span class='ocrx_word' id='word_1_531' title='bbox 616 4168 711 4223; x_wconf 75' lang='lat' dir='ltr'><strong>ad</strong></span> <span class='ocrx_word' id='word_1_532' title='bbox 746 4184 967 4223; x_wconf 88' lang='lat' dir='ltr'><strong>annum</strong></span> <span class='ocrx_word' id='word_1_533' title='bbox 1024 4169 1179 4224; x_wconf 84' lang='grc'>1087.</span> 
     </span>
    </p>
   </div>
   <div class='ocr_carea' id='block_1_76' title="bbox 2001 3098 3612 3173">
    <p class='ocr_par' dir='ltr' id='par_1_76' title="bbox 2001 3098 3612 3173">
     <span class='ocr_line' id='line_1_76' title="bbox 2001 3098 3612 3173; baseline 0 -20"><span class='ocrx_word' id='word_1_534' title='bbox 2001 3098 2050 3170; x_wconf 90' lang='lat' dir='ltr'><strong>ej</strong></span> <span class='ocrx_word' id='word_1_535' title='bbox 2062 3117 2126 3153; x_wconf 91' lang='lat' dir='ltr'><strong>us</strong></span> <span class='ocrx_word' id='word_1_536' title='bbox 2154 3100 2443 3171; x_wconf 79' lang='lat' dir='ltr'><strong>integrum</strong></span> <span class='ocrx_word' id='word_1_537' title='bbox 2475 3115 2588 3154; x_wconf 86' lang='lat' dir='ltr'><strong>una</strong></span> <span class='ocrx_word' id='word_1_538' title='bbox 2609 3116 2741 3154; x_wconf 88' lang='lat' dir='ltr'><strong>cum</strong></span> <span class='ocrx_word' id='word_1_539' title='bbox 2766 3100 3019 3167; x_wconf 85' lang='lat' dir='ltr'><strong>Roberti,</strong></span> <span class='ocrx_word' id='word_1_540' title='bbox 3048 3116 3177 3173; x_wconf 63' lang='lat' dir='ltr'><strong>quae</strong></span> <span class='ocrx_word' id='word_1_541' title='bbox 3203 3100 3464 3166; x_wconf 85' lang='lat' dir='ltr'><strong>includit,</strong></span> <span class='ocrx_word' id='word_1_542' title='bbox 3488 3116 3612 3154; x_wconf 80' lang='lat' dir='ltr'><strong>ver-</strong></span> 
     </span>
    </p>
   </div>
   <div class='ocr_carea' id='block_1_77' title="bbox 1998 3188 3612 3243">
    <p class='ocr_par' dir='ltr' id='par_1_77' title="bbox 1998 3188 3612 3243">
     <span class='ocr_line' id='line_1_77' title="bbox 1998 3188 3612 3243; baseline -0.001 0"><span class='ocrx_word' id='word_1_543' title='bbox 1998 3188 2085 3243; x_wconf 90' lang='lat' dir='ltr'><strong>bis</strong></span> <span class='ocrx_word' id='word_1_544' title='bbox 2108 3189 2217 3242; x_wconf 88' lang='lat' dir='ltr'><strong>huc</strong></span> <span class='ocrx_word' id='word_1_545' title='bbox 2244 3188 2644 3243; x_wconf 84' lang='lat' dir='ltr'><strong>transfero.Sic</strong></span> <span class='ocrx_word' id='word_1_546' title='bbox 2671 3189 2873 3243; x_wconf 87' lang='lat' dir='ltr'><strong>habet:</strong></span> <span class='ocrx_word' id='word_1_547' title='bbox 2896 3210 2923 3239; x_wconf 71' lang='lat' dir='ltr'><em>n</em></span> <span class='ocrx_word' id='word_1_548' title='bbox 2951 3189 3229 3243; x_wconf 82' lang='lat' dir='ltr'><strong>Robertus</strong></span> <span class='ocrx_word' id='word_1_549' title='bbox 3252 3189 3322 3243; x_wconf 88' lang='lat' dir='ltr'><strong>de</strong></span> <span class='ocrx_word' id='word_1_550' title='bbox 3344 3190 3612 3243; x_wconf 89' lang='lat' dir='ltr'><strong>monte...</strong></span> 
     </span>
    </p>
   </div>
   <div class='ocr_carea' id='block_1_78' title="bbox 1997 3276 3615 3333">
    <p class='ocr_par' dir='ltr' id='par_1_78' title="bbox 1997 3276 3615 3333">
     <span class='ocr_line' id='line_1_78' title="bbox 1997 3276 3615 3333; baseline -0.001 -2"><span class='ocrx_word' id='word_1_551' title='bbox 1997 3276 2483 3331; x_wconf 79' lang='lat' dir='ltr'><strong>Cartliusiensium</strong></span> <span class='ocrx_word' id='word_1_552' title='bbox 2536 3278 2957 3333; x_wconf 88' lang='lat' dir='ltr'><strong>monachorum</strong></span> <span class='ocrx_word' id='word_1_553' title='bbox 2986 3278 3058 3332; x_wconf 87' lang='lat' dir='ltr'><strong>ad</strong></span> <span class='ocrx_word' id='word_1_554' title='bbox 3089 3293 3306 3331; x_wconf 86' lang='lat' dir='ltr'><strong>annum</strong></span> <span class='ocrx_word' id='word_1_555' title='bbox 3330 3279 3455 3331; x_wconf 81' lang='grc'><strong>1131</strong></span> <span class='ocrx_word' id='word_1_556' title='bbox 3498 3292 3615 3330; x_wconf 87' lang='lat' dir='ltr'><strong>mc-</strong></span> 
     </span>
    </p>
   </div>
   <div class='ocr_carea' id='block_1_79' title="bbox 1996 3364 3613 3436">
    <p class='ocr_par' dir='ltr' id='par_1_79' title="bbox 1996 3364 3613 3436">
     <span class='ocr_line' id='line_1_79' title="bbox 1996 3364 3613 3436; baseline 0.001 -17"><span class='ocrx_word' id='word_1_557' title='bbox 1996 3364 2166 3420; x_wconf 90' lang='lat' dir='ltr'><strong>minit</strong></span> <span class='ocrx_word' id='word_1_558' title='bbox 2196 3365 2478 3421; x_wconf 83' lang='lat' dir='ltr'><strong>hisverbis</strong></span> <span class='ocrx_word' id='word_1_559' title='bbox 2505 3382 2519 3420; x_wconf 88' lang='lat'><strong>:</strong></span> <span class='ocrx_word' id='word_1_560' title='bbox 2554 3387 2584 3419; x_wconf 84' lang='lat'>«</span> <span class='ocrx_word' id='word_1_561' title='bbox 2617 3366 2873 3421; x_wconf 81' lang='lat' dir='ltr'><strong>Monachi</strong></span> <span class='ocrx_word' id='word_1_562' title='bbox 2892 3366 3319 3420; x_wconf 84' lang='lat' dir='ltr'><strong>Cartlmsienses</strong></span> <span class='ocrx_word' id='word_1_563' title='bbox 3334 3365 3613 3436; x_wconf 87' lang='lat' dir='ltr'><strong>paulatim</strong></span> 
     </span>
    </p>
   </div>
   <div class='ocr_carea' id='block_1_80' title="bbox 1996 3454 3612 3527">
    <p class='ocr_par' dir='ltr' id='par_1_80' title="bbox 1996 3454 3612 3527">
     <span class='ocr_line' id='line_1_80' title="bbox 1996 3454 3612 3527; baseline 0 -20"><span class='ocrx_word' id='word_1_564' title='bbox 1996 3474 2025 3504; x_wconf 83' lang='lat'><strong>»</strong></span> <span class='ocrx_word' id='word_1_565' title='bbox 2054 3454 2528 3526; x_wconf 76' lang='lat' dir='ltr'><strong>pullulabaut,qui</strong></span> <span class='ocrx_word' id='word_1_566' title='bbox 2540 3471 2678 3527; x_wconf 73' lang='lat' dir='ltr'><strong>,pra:</strong></span> <span class='ocrx_word' id='word_1_567' title='bbox 2691 3455 2910 3509; x_wconf 53' lang='lat' dir='ltr'><strong>caeteris</strong></span> <span class='ocrx_word' id='word_1_568' title='bbox 2922 3455 3073 3509; x_wconf 84' lang='lat' dir='ltr'><strong>conti</strong></span> <span class='ocrx_word' id='word_1_569' title='bbox 3084 3458 3304 3519; x_wconf 85' lang='lat' dir='ltr'><strong>nentes,</strong></span> <span class='ocrx_word' id='word_1_570' title='bbox 3322 3454 3464 3524; x_wconf 88' lang='lat' dir='ltr'><strong>pesti</strong></span> <span class='ocrx_word' id='word_1_571' title='bbox 3483 3469 3612 3508; x_wconf 81' lang='lat' dir='ltr'><strong>ava-</strong></span> 
     </span>
    </p>
   </div>
   <div class='ocr_carea' id='block_1_81' title="bbox 1996 3542 3613 3615">
    <p class='ocr_par' dir='ltr' id='par_1_81' title="bbox 1996 3542 3613 3615">
     <span class='ocr_line' id='line_1_81' title="bbox 1996 3542 3613 3615; baseline 0.001 -20"><span class='ocrx_word' id='word_1_572' title='bbox 1996 3562 2029 3595; x_wconf 66' lang='lat' dir='ltr'><strong>s</strong></span> <span class='ocrx_word' id='word_1_573' title='bbox 2062 3543 2348 3615; x_wconf 59' lang='lat' dir='ltr'><strong>ritiae,qua</strong></span> <span class='ocrx_word' id='word_1_574' title='bbox 2368 3543 2647 3615; x_wconf 87' lang='lat' dir='ltr'><strong>plurimos</strong></span> <span class='ocrx_word' id='word_1_575' title='bbox 2684 3544 2786 3597; x_wconf 90' lang='lat' dir='ltr'><strong>sub</strong></span> <span class='ocrx_word' id='word_1_576' title='bbox 2816 3542 3114 3614; x_wconf 81' lang='lat' dir='ltr'><strong>religionis</strong></span> <span class='ocrx_word' id='word_1_577' title='bbox 3141 3542 3613 3597; x_wconf 80' lang='lat' dir='ltr'><strong>habitulaborare</strong></span> 
     </span>
    </p>
   </div>
   <div class='ocr_carea' id='block_1_82' title="bbox 1997 3630 3611 3704">
    <p class='ocr_par' dir='ltr' id='par_1_82' title="bbox 1997 3630 3611 3704">
     <span class='ocr_line' id='line_1_82' title="bbox 1997 3630 3611 3704; baseline 0 -19"><span class='ocrx_word' id='word_1_578' title='bbox 1997 3651 2025 3681; x_wconf 72' lang='grc' dir='ltr'><strong>η</strong></span> <span class='ocrx_word' id='word_1_579' title='bbox 2061 3630 2622 3695; x_wconf 79' lang='lat' dir='ltr'><strong>videmus,terminos</strong></span> <span class='ocrx_word' id='word_1_580' title='bbox 2638 3634 2975 3704; x_wconf 84' lang='lat' dir='ltr'><strong>posuerunt,</strong></span> <span class='ocrx_word' id='word_1_581' title='bbox 3013 3631 3149 3685; x_wconf 89' lang='lat' dir='ltr'><strong>dum</strong></span> <span class='ocrx_word' id='word_1_582' title='bbox 3172 3633 3393 3685; x_wconf 85' lang='lat' dir='ltr'><strong>certum</strong></span> <span class='ocrx_word' id='word_1_583' title='bbox 3409 3648 3611 3685; x_wconf 88' lang='lat' dir='ltr'><strong>nume-</strong></span> 
     </span>
    </p>
   </div>
   <div class='ocr_carea' id='block_1_83' title="bbox 1998 3718 3615 3791">
    <p class='ocr_par' dir='ltr' id='par_1_83' title="bbox 1998 3718 3615 3791">
     <span class='ocr_line' id='line_1_83' title="bbox 1998 3718 3615 3791; baseline -0.001 -18"><span class='ocrx_word' id='word_1_584' title='bbox 1998 3739 2025 3768; x_wconf 82' lang='lat'><strong>»</strong></span> <span class='ocrx_word' id='word_1_585' title='bbox 2050 3736 2179 3773; x_wconf 91' lang='lat' dir='ltr'><strong>rum</strong></span> <span class='ocrx_word' id='word_1_586' title='bbox 2193 3718 3518 3791; x_wconf 79' lang='lat' dir='ltr'><strong>hominum,animalium,possessionum,qucm</strong></span> <span class='ocrx_word' id='word_1_587' title='bbox 3534 3719 3615 3773; x_wconf 87' lang='lat' dir='ltr'><strong>eis</strong></span> 
     </span>
    </p>
   </div>
   <div class='ocr_carea' id='block_1_84' title="bbox 1997 3804 3612 3880">
    <p class='ocr_par' dir='ltr' id='par_1_84' title="bbox 1997 3804 3612 3880">
     <span class='ocr_line' id='line_1_84' title="bbox 1997 3804 3612 3880; baseline 0 -22"><span class='ocrx_word' id='word_1_588' title='bbox 1997 3828 2027 3858; x_wconf 76' lang='grc' dir='ltr'><strong>ι)</strong></span> <span class='ocrx_word' id='word_1_589' title='bbox 2055 3806 2431 3880; x_wconf 70' lang='lat' dir='ltr'><strong>praetergredi</strong></span> <span class='ocrx_word' id='word_1_590' title='bbox 2453 3808 2610 3861; x_wconf 88' lang='lat' dir='ltr'><strong>nullo</strong></span> <span class='ocrx_word' id='word_1_591' title='bbox 2626 3808 2798 3861; x_wconf 89' lang='lat' dir='ltr'><strong>modo</strong></span> <span class='ocrx_word' id='word_1_592' title='bbox 2828 3807 3346 3873; x_wconf 88' lang='lat' dir='ltr'><strong>liceat,statuerunt</strong></span> <span class='ocrx_word' id='word_1_593' title='bbox 3378 3823 3393 3873; x_wconf 88' lang='lat'><strong>;</strong></span> <span class='ocrx_word' id='word_1_594' title='bbox 3419 3809 3475 3859; x_wconf 87' lang='lat' dir='ltr'><strong>et</strong></span> <span class='ocrx_word' id='word_1_595' title='bbox 3505 3804 3612 3875; x_wconf 81' lang='lat' dir='ltr'><strong>ipsi</strong></span> 
     </span>
    </p>
   </div>
   <div class='ocr_carea' id='block_1_85' title="bbox 1998 3893 3612 3968">
    <p class='ocr_par' dir='ltr' id='par_1_85' title="bbox 1998 3893 3612 3968">
     <span class='ocr_line' id='line_1_85' title="bbox 1998 3893 3612 3968; baseline 0.001 -23"><span class='ocrx_word' id='word_1_596' title='bbox 1998 3918 2026 3946; x_wconf 80' lang='grc'><strong>››</strong></span> <span class='ocrx_word' id='word_1_597' title='bbox 2060 3896 2314 3968; x_wconf 87' lang='lat' dir='ltr'><strong>singulas</strong></span> <span class='ocrx_word' id='word_1_598' title='bbox 2328 3895 2538 3967; x_wconf 84' lang='lat' dir='ltr'><strong>singuli</strong></span> <span class='ocrx_word' id='word_1_599' title='bbox 2571 3896 2801 3949; x_wconf 83' lang='lat' dir='ltr'><strong>cellulas</strong></span> <span class='ocrx_word' id='word_1_600' title='bbox 2842 3895 3140 3960; x_wconf 86' lang='lat' dir='ltr'><strong>habentes,</strong></span> <span class='ocrx_word' id='word_1_601' title='bbox 3167 3909 3231 3947; x_wconf 87' lang='lat' dir='ltr'><strong>ac</strong></span> <span class='ocrx_word' id='word_1_602' title='bbox 3247 3893 3497 3948; x_wconf 82' lang='lat' dir='ltr'><strong>raronisi</strong></span> <span class='ocrx_word' id='word_1_603' title='bbox 3526 3893 3612 3946; x_wconf 88' lang='lat' dir='ltr'><strong>vel</strong></span> 
     </span>
    </p>
   </div>
   <div class='ocr_carea' id='block_1_86' title="bbox 1998 3980 3613 4052">
    <p class='ocr_par' dir='ltr' id='par_1_86' title="bbox 1998 3980 3613 4052">
     <span class='ocr_line' id='line_1_86' title="bbox 1998 3980 3613 4052; baseline -0.001 -17"><span class='ocrx_word' id='word_1_604' title='bbox 1998 4006 2026 4035; x_wconf 75' lang='grc' dir='ltr'><strong>η</strong></span> <span class='ocrx_word' id='word_1_605' title='bbox 2062 3985 2135 4040; x_wconf 82' lang='grc'><strong>01)</strong></span> <span class='ocrx_word' id='word_1_606' title='bbox 2155 3985 2255 4041; x_wconf 89' lang='lat' dir='ltr'><strong>Dei</strong></span> <span class='ocrx_word' id='word_1_607' title='bbox 2268 3985 2597 4052; x_wconf 88' lang='lat' dir='ltr'><strong>cultum,vel</strong></span> <span class='ocrx_word' id='word_1_608' title='bbox 2614 3984 2687 4039; x_wconf 89' lang='lat' dir='ltr'><strong>ob</strong></span> <span class='ocrx_word' id='word_1_609' title='bbox 2704 3987 2969 4038; x_wconf 89' lang='lat' dir='ltr'><strong>mutuum</strong></span> <span class='ocrx_word' id='word_1_610' title='bbox 2984 3982 3039 4036; x_wconf 88' lang='lat' dir='ltr'><strong>iu</strong></span> <span class='ocrx_word' id='word_1_611' title='bbox 3055 3982 3334 4037; x_wconf 85' lang='lat' dir='ltr'><strong>charitate</strong></span> <span class='ocrx_word' id='word_1_612' title='bbox 3346 3980 3613 4037; x_wconf 84' lang='lat' dir='ltr'><strong>solatium</strong></span> 
     </span>
    </p>
   </div>
   <div class='ocr_carea' id='block_1_87' title="bbox 1997 4069 3615 4145">
    <p class='ocr_par' dir='ltr' id='par_1_87' title="bbox 1997 4069 3615 4145">
     <span class='ocr_line' id='line_1_87' title="bbox 1997 4069 3615 4145; baseline -0.004 -16"><span class='ocrx_word' id='word_1_613' title='bbox 1997 4094 2026 4125; x_wconf 84' lang='lat'>»</span> <span class='ocrx_word' id='word_1_614' title='bbox 2055 4073 2482 4139; x_wconf 89' lang='lat' dir='ltr'><strong>convenientes,</strong></span> <span class='ocrx_word' id='word_1_615' title='bbox 2511 4072 2818 4145; x_wconf 78' lang='lat' dir='ltr'><strong>perfectius</strong></span> <span class='ocrx_word' id='word_1_616' title='bbox 2848 4071 2996 4127; x_wconf 89' lang='lat' dir='ltr'><strong>mori</strong></span> <span class='ocrx_word' id='word_1_617' title='bbox 3025 4071 3265 4139; x_wconf 86' lang='lat' dir='ltr'><strong>mundo,</strong></span> <span class='ocrx_word' id='word_1_618' title='bbox 3299 4074 3357 4125; x_wconf 86' lang='lat' dir='ltr'><strong>et</strong></span> <span class='ocrx_word' id='word_1_619' title='bbox 3395 4069 3615 4124; x_wconf 12' lang='lat' dir='ltr'><strong>exciteris</strong></span> 
     </span>
    </p>
   </div>
   <div class='ocr_carea' id='block_1_88' title="bbox 1997 4150 3617 4235">
    <p class='ocr_par' dir='ltr' id='par_1_88' title="bbox 1997 4150 3617 4235">
     <span class='ocr_line' id='line_1_88' title="bbox 1997 4150 3617 4235; baseline 0 -22"><span class='ocrx_word' id='word_1_620' title='bbox 1997 4184 2026 4214; x_wconf 83' lang='grc'><strong>››</strong></span> <span class='ocrx_word' id='word_1_621' title='bbox 2060 4165 2224 4218; x_wconf 87' lang='lat' dir='ltr'><strong>tanto</strong></span> <span class='ocrx_word' id='word_1_622' title='bbox 2240 4150 2816 4235; x_wconf 76' lang='lat' dir='ltr'><strong>diligentius,quanto</strong></span> <span class='ocrx_word' id='word_1_623' title='bbox 2829 4159 3285 4215; x_wconf 87' lang='lat' dir='ltr'><strong>secretiusvivcre</strong></span> <span class='ocrx_word' id='word_1_624' title='bbox 3299 4161 3416 4214; x_wconf 87' lang='lat' dir='ltr'><strong>Deo</strong></span> <span class='ocrx_word' id='word_1_625' title='bbox 3432 4158 3617 4229; x_wconf 82' lang='lat' dir='ltr'><strong>elege-</strong></span> 
     </span>
    </p>
   </div>
   <div class='ocr_carea' id='block_1_89' title="bbox 350 4244 3618 4329">
    <p class='ocr_par' dir='ltr' id='par_1_89' title="bbox 350 4244 3618 4329">
     <span class='ocr_line' id='line_1_89' title="bbox 350 4244 3618 4329; baseline -0.004 -16"><span class='ocrx_word' id='word_1_626' title='bbox 350 4259 599 4313; x_wconf 70' lang='lat' dir='ltr'><strong>298.«ln</strong></span> <span class='ocrx_word' id='word_1_627' title='bbox 619 4257 1128 4312; x_wconf 87' lang='lat' dir='ltr'><strong>hoscerteerrores</strong></span> <span class='ocrx_word' id='word_1_628' title='bbox 1144 4255 1895 4329; x_wconf 86' lang='lat' dir='ltr'><strong>Sigebertusnonimpegis-</strong></span> <span class='ocrx_word' id='word_1_629' title='bbox 1924 4244 1977 4306; x_wconf 89' lang='lat' dir='ltr'><strong>D</strong></span> <span class='ocrx_word' id='word_1_630' title='bbox 1998 4272 2027 4302; x_wconf 85' lang='grc'><strong>››</strong></span> <span class='ocrx_word' id='word_1_631' title='bbox 2061 4254 2217 4319; x_wconf 87' lang='lat' dir='ltr'><strong>runt,</strong></span> <span class='ocrx_word' id='word_1_632' title='bbox 2245 4271 2273 4300; x_wconf 86' lang='grc'><strong>››</strong></span> <span class='ocrx_word' id='word_1_633' title='bbox 2303 4252 2432 4305; x_wconf 69' lang='lat' dir='ltr'><strong>Haec</strong></span> <span class='ocrx_word' id='word_1_634' title='bbox 2458 4251 2738 4305; x_wconf 77' lang='lat' dir='ltr'><strong>Robertus</strong></span> <span class='ocrx_word' id='word_1_635' title='bbox 2762 4249 2821 4303; x_wconf 92' lang='lat' dir='ltr'><strong>in</strong></span> <span class='ocrx_word' id='word_1_636' title='bbox 2856 4248 3132 4318; x_wconf 90' lang='lat' dir='ltr'><strong>editione,</strong></span> <span class='ocrx_word' id='word_1_637' title='bbox 3188 4264 3303 4321; x_wconf 83' lang='lat' dir='ltr'><strong>qua</strong></span> <span class='ocrx_word' id='word_1_638' title='bbox 3340 4263 3474 4301; x_wconf 89' lang='lat' dir='ltr'><strong>usus</strong></span> <span class='ocrx_word' id='word_1_639' title='bbox 3529 4249 3618 4301; x_wconf 88' lang='lat' dir='ltr'><strong>est</strong></span> 
     </span>
    </p>
   </div>
   <div class='ocr_carea' id='block_1_90' title="bbox 276 4344 1898 4419">
    <p class='ocr_par' dir='ltr' id='par_1_90' title="bbox 276 4344 1898 4419">
     <span class='ocr_line' id='line_1_90' title="bbox 276 4344 1898 4419; baseline -0.001 -18"><span class='ocrx_word' id='word_1_640' title='bbox 276 4349 390 4412; x_wconf 81' lang='lat' dir='ltr'><strong>set,</strong></span> <span class='ocrx_word' id='word_1_641' title='bbox 418 4347 518 4418; x_wconf 89' lang='lat' dir='ltr'><strong>qui</strong></span> <span class='ocrx_word' id='word_1_642' title='bbox 537 4344 983 4401; x_wconf 83' lang='lat' dir='ltr'><strong>vivebateodem</strong></span> <span class='ocrx_word' id='word_1_643' title='bbox 1002 4348 1287 4418; x_wconf 89' lang='lat' dir='ltr'><strong>tempore,</strong></span> <span class='ocrx_word' id='word_1_644' title='bbox 1334 4362 1449 4419; x_wconf 83' lang='lat' dir='ltr'><strong>quo</strong></span> <span class='ocrx_word' id='word_1_645' title='bbox 1477 4348 1706 4400; x_wconf 87' lang='lat' dir='ltr'><strong>sanctus</strong></span> <span class='ocrx_word' id='word_1_646' title='bbox 1736 4345 1898 4416; x_wconf 85' lang='lat' dir='ltr'><strong>Hugo</strong></span> 
     </span>
    </p>
   </div>
   <div class='ocr_carea' id='block_1_91' title="bbox 280 4432 1902 4507">
    <p class='ocr_par' dir='ltr' id='par_1_91' title="bbox 280 4432 1902 4507">
     <span class='ocr_line' id='line_1_91' title="bbox 280 4432 1902 4507; baseline -0.002 -17"><span class='ocrx_word' id='word_1_647' title='bbox 280 4434 646 4491; x_wconf 84' lang='lat' dir='ltr'><strong>Carthusiam</strong></span> <span class='ocrx_word' id='word_1_648' title='bbox 662 4434 1148 4506; x_wconf 81' lang='lat' dir='ltr'><strong>frequentabat,et</strong></span> <span class='ocrx_word' id='word_1_649' title='bbox 1158 4434 1416 4507; x_wconf 78' lang='lat' dir='ltr'><strong>pluribus</strong></span> <span class='ocrx_word' id='word_1_650' title='bbox 1429 4437 1564 4490; x_wconf 90' lang='lat' dir='ltr'><strong>ante</strong></span> <span class='ocrx_word' id='word_1_651' title='bbox 1579 4450 1713 4488; x_wconf 85' lang='lat' dir='ltr'><strong>eum</strong></span> <span class='ocrx_word' id='word_1_652' title='bbox 1734 4432 1902 4488; x_wconf 87' lang='lat' dir='ltr'><strong>anuis</strong></span> 
     </span>
    </p>
   </div>
   <div class='ocr_carea' id='block_1_92' title="bbox 279 4522 1903 4593">
    <p class='ocr_par' dir='ltr' id='par_1_92' title="bbox 279 4522 1903 4593">
     <span class='ocr_line' id='line_1_92' title="bbox 279 4522 1903 4593; baseline -0.001 -15"><span class='ocrx_word' id='word_1_653' title='bbox 279 4522 451 4578; x_wconf 86' lang='lat' dir='ltr'><strong>obiit.</strong></span> <span class='ocrx_word' id='word_1_654' title='bbox 487 4522 601 4579; x_wconf 88' lang='lat' dir='ltr'><strong>Sed</strong></span> <span class='ocrx_word' id='word_1_655' title='bbox 630 4523 736 4579; x_wconf 84' lang='lat' dir='ltr'><strong>etsi</strong></span> <span class='ocrx_word' id='word_1_656' title='bbox 766 4522 889 4578; x_wconf 66' lang='lat' dir='ltr'><strong>haec</strong></span> <span class='ocrx_word' id='word_1_657' title='bbox 910 4523 1369 4578; x_wconf 88' lang='lat' dir='ltr'><strong>concederentur</strong></span> <span class='ocrx_word' id='word_1_658' title='bbox 1402 4523 1474 4578; x_wconf 86' lang='lat' dir='ltr'><strong>ab</strong></span> <span class='ocrx_word' id='word_1_659' title='bbox 1503 4522 1712 4578; x_wconf 92' lang='lat' dir='ltr'><strong>eodem</strong></span> <span class='ocrx_word' id='word_1_660' title='bbox 1743 4522 1903 4593; x_wconf 87' lang='lat' dir='ltr'><strong>Sige-</strong></span> 
     </span>
    </p>
   </div>
   <div class='ocr_carea' id='block_1_93' title="bbox 281 4610 1901 4683">
    <p class='ocr_par' dir='ltr' id='par_1_93' title="bbox 281 4610 1901 4683">
     <span class='ocr_line' id='line_1_93' title="bbox 281 4610 1901 4683; baseline -0.002 -15"><span class='ocrx_word' id='word_1_661' title='bbox 281 4610 453 4668; x_wconf 80' lang='lat' dir='ltr'><strong>berto</strong></span> <span class='ocrx_word' id='word_1_662' title='bbox 474 4611 691 4683; x_wconf 80' lang='lat' dir='ltr'><strong>scripta</strong></span> <span class='ocrx_word' id='word_1_663' title='bbox 717 4610 909 4679; x_wconf 77' lang='lat' dir='ltr'><strong>fuisse,</strong></span> <span class='ocrx_word' id='word_1_664' title='bbox 933 4611 1077 4666; x_wconf 86' lang='lat' dir='ltr'><strong>nihil</strong></span> <span class='ocrx_word' id='word_1_665' title='bbox 1098 4610 1278 4668; x_wconf 79' lang='lat' dir='ltr'><strong>nobis</strong></span> <span class='ocrx_word' id='word_1_666' title='bbox 1320 4611 1610 4679; x_wconf 89' lang='lat' dir='ltr'><strong>obessent,</strong></span> <span class='ocrx_word' id='word_1_667' title='bbox 1642 4627 1775 4666; x_wconf 91' lang='lat' dir='ltr'><strong>cum</strong></span> <span class='ocrx_word' id='word_1_668' title='bbox 1805 4610 1901 4665; x_wconf 90' lang='lat' dir='ltr'><strong>ille</strong></span> 
     </span>
    </p>
   </div>
   <div class='ocr_carea' id='block_1_94' title="bbox 282 4699 1903 4773">
    <p class='ocr_par' dir='ltr' id='par_1_94' title="bbox 282 4699 1903 4773">
     <span class='ocr_line' id='line_1_94' title="bbox 282 4699 1903 4773; baseline -0.002 -17"><span class='ocrx_word' id='word_1_669' title='bbox 282 4700 481 4756; x_wconf 80' lang='lat' dir='ltr'><strong>minus</strong></span> <span class='ocrx_word' id='word_1_670' title='bbox 505 4699 805 4756; x_wconf 82' lang='lat' dir='ltr'><strong>historicus</strong></span> <span class='ocrx_word' id='word_1_671' title='bbox 822 4700 1109 4756; x_wconf 74' lang='lat' dir='ltr'><strong>dicendus</strong></span> <span class='ocrx_word' id='word_1_672' title='bbox 1132 4699 1225 4767; x_wconf 88' lang='lat' dir='ltr'><strong>sit,</strong></span> <span class='ocrx_word' id='word_1_673' title='bbox 1253 4716 1428 4772; x_wconf 89' lang='lat' dir='ltr'><strong>quam</strong></span> <span class='ocrx_word' id='word_1_674' title='bbox 1459 4699 1903 4773; x_wconf 88' lang='lat' dir='ltr'><strong>compendiator</strong></span> 
     </span>
    </p>
   </div>
   <div class='ocr_carea' id='block_1_95' title="bbox 282 4788 1901 4861">
    <p class='ocr_par' dir='ltr' id='par_1_95' title="bbox 282 4788 1901 4861">
     <span class='ocr_line' id='line_1_95' title="bbox 282 4788 1901 4861; baseline -0.001 -18"><span class='ocrx_word' id='word_1_675' title='bbox 282 4789 385 4861; x_wconf 85' lang='lat' dir='ltr'><strong>qui</strong></span> <span class='ocrx_word' id='word_1_676' title='bbox 416 4789 763 4846; x_wconf 36' lang='lat' dir='ltr'><strong>nihillhabet</strong></span> <span class='ocrx_word' id='word_1_677' title='bbox 790 4803 1163 4861; x_wconf 81' lang='lat' dir='ltr'><strong>eorum,quae</strong></span> <span class='ocrx_word' id='word_1_678' title='bbox 1190 4805 1227 4843; x_wconf 89' lang='lat' dir='ltr'><strong>a</strong></span> <span class='ocrx_word' id='word_1_679' title='bbox 1252 4788 1474 4843; x_wconf 82' lang='lat' dir='ltr'><strong>caeteris</strong></span> <span class='ocrx_word' id='word_1_680' title='bbox 1501 4788 1901 4859; x_wconf 81' lang='lat' dir='ltr'><strong>digeruntur.»</strong></span> 
     </span>
    </p>
   </div>
   <div class='ocr_carea' id='block_1_96' title="bbox 284 4876 1904 4951">
    <p class='ocr_par' dir='ltr' id='par_1_96' title="bbox 284 4876 1904 4951">
     <span class='ocr_line' id='line_1_96' title="bbox 284 4876 1904 4951; baseline -0.001 -17"><span class='ocrx_word' id='word_1_681' title='bbox 284 4876 442 4933; x_wconf 82' lang='lat' dir='ltr'><strong>Sane</strong></span> <span class='ocrx_word' id='word_1_682' title='bbox 468 4879 663 4946; x_wconf 76' lang='lat' dir='ltr'><strong>verba,</strong></span> <span class='ocrx_word' id='word_1_683' title='bbox 708 4894 744 4933; x_wconf 90' lang='lat' dir='ltr'><strong>e</strong></span> <span class='ocrx_word' id='word_1_684' title='bbox 775 4877 1061 4951; x_wconf 83' lang='lat' dir='ltr'><strong>Sigeberti</strong></span> <span class='ocrx_word' id='word_1_685' title='bbox 1083 4876 1508 4933; x_wconf 87' lang='lat' dir='ltr'><strong>Gemblecansis</strong></span> <span class='ocrx_word' id='word_1_686' title='bbox 1537 4877 1904 4950; x_wconf 82' lang='lat' dir='ltr'><strong>Chronogra-</strong></span> 
     </span>
    </p>
   </div>
   <div class='ocr_carea' id='block_1_97' title="bbox 288 4963 1909 5040">
    <p class='ocr_par' dir='ltr' id='par_1_97' title="bbox 288 4963 1909 5040">
     <span class='ocr_line' id='line_1_97' title="bbox 288 4963 1909 5040; baseline -0.001 -19"><span class='ocrx_word' id='word_1_687' title='bbox 288 4966 430 5039; x_wconf 77' lang='lat' dir='ltr'><strong>phia</strong></span> <span class='ocrx_word' id='word_1_688' title='bbox 456 4984 629 5040; x_wconf 86' lang='lat' dir='ltr'><strong>supra</strong></span> <span class='ocrx_word' id='word_1_689' title='bbox 644 4968 759 5022; x_wconf 82' lang='lat' dir='ltr'><strong>huc</strong></span> <span class='ocrx_word' id='word_1_690' title='bbox 780 4965 1143 5040; x_wconf 84' lang='lat' dir='ltr'><strong>transcripta,</strong></span> <span class='ocrx_word' id='word_1_691' title='bbox 1162 4965 1460 5037; x_wconf 85' lang='lat' dir='ltr'><strong>-Sigeberti</strong></span> <span class='ocrx_word' id='word_1_692' title='bbox 1494 4982 1610 5021; x_wconf 90' lang='lat' dir='ltr'><strong>non</strong></span> <span class='ocrx_word' id='word_1_693' title='bbox 1635 4981 1777 5032; x_wconf 87' lang='lat' dir='ltr'><strong>esse,</strong></span> <span class='ocrx_word' id='word_1_694' title='bbox 1806 4963 1909 5020; x_wconf 89' lang='lat' dir='ltr'><strong>sed</strong></span> 
     </span>
    </p>
   </div>
   <div class='ocr_carea' id='block_1_98' title="bbox 289 5053 1909 5129">
    <p class='ocr_par' dir='ltr' id='par_1_98' title="bbox 289 5053 1909 5129">
     <span class='ocr_line' id='line_1_98' title="bbox 289 5053 1909 5129; baseline -0.003 -17"><span class='ocrx_word' id='word_1_695' title='bbox 289 5056 584 5128; x_wconf 79' lang='lat' dir='ltr'><strong>scriptoris</strong></span> <span class='ocrx_word' id='word_1_696' title='bbox 612 5054 964 5129; x_wconf 84' lang='lat' dir='ltr'><strong>posterioris,</strong></span> <span class='ocrx_word' id='word_1_697' title='bbox 986 5054 1085 5127; x_wconf 89' lang='lat' dir='ltr'><strong>qui</strong></span> <span class='ocrx_word' id='word_1_698' title='bbox 1115 5054 1177 5109; x_wconf 87' lang='lat' dir='ltr'><strong>in</strong></span> <span class='ocrx_word' id='word_1_699' title='bbox 1200 5055 1351 5109; x_wconf 89' lang='lat' dir='ltr'><strong>hanc</strong></span> <span class='ocrx_word' id='word_1_700' title='bbox 1382 5054 1478 5109; x_wconf 87' lang='lat' dir='ltr'><strong>illa</strong></span> <span class='ocrx_word' id='word_1_701' title='bbox 1502 5054 1752 5120; x_wconf 88' lang='lat' dir='ltr'><strong>intrusit,</strong></span> <span class='ocrx_word' id='word_1_702' title='bbox 1773 5053 1909 5108; x_wconf 81' lang='lat' dir='ltr'><strong>Car-</strong></span> 
     </span>
    </p>
   </div>
   <div class='ocr_carea' id='block_1_99' title="bbox 292 5141 1910 5214">
    <p class='ocr_par' dir='ltr' id='par_1_99' title="bbox 292 5141 1910 5214">
     <span class='ocr_line' id='line_1_99' title="bbox 292 5141 1910 5214; baseline -0.001 -15"><span class='ocrx_word' id='word_1_703' title='bbox 292 5144 815 5201; x_wconf 74' lang='lat' dir='ltr'><strong>thusianusnoster</strong></span> <span class='ocrx_word' id='word_1_704' title='bbox 841 5159 1188 5214; x_wconf 84' lang='lat' dir='ltr'><strong>anonymus,</strong></span> <span class='ocrx_word' id='word_1_705' title='bbox 1225 5141 1332 5198; x_wconf 88' lang='lat' dir='ltr'><strong>sibi</strong></span> <span class='ocrx_word' id='word_1_706' title='bbox 1354 5142 1535 5198; x_wconf 87' lang='lat' dir='ltr'><strong>etiam</strong></span> <span class='ocrx_word' id='word_1_707' title='bbox 1565 5141 1910 5209; x_wconf 82' lang='lat' dir='ltr'><strong>Leunoium,</strong></span> 
     </span>
    </p>
   </div>
   <div class='ocr_carea' id='block_1_100' title="bbox 290 5230 1918 5304">
    <p class='ocr_par' dir='ltr' id='par_1_100' title="bbox 290 5230 1918 5304">
     <span class='ocr_line' id='line_1_100' title="bbox 290 5230 1918 5304; baseline -0.002 -16"><span class='ocrx_word' id='word_1_708' title='bbox 290 5232 380 5288; x_wconf 81' lang='lat' dir='ltr'><strong>uti</strong></span> <span class='ocrx_word' id='word_1_709' title='bbox 422 5231 971 5304; x_wconf 72' lang='lat' dir='ltr'><strong>proxime-recitata</strong></span> <span class='ocrx_word' id='word_1_710' title='bbox 1015 5231 1184 5303; x_wconf 84' lang='lat' dir='ltr'><strong>hujus</strong></span> <span class='ocrx_word' id='word_1_711' title='bbox 1234 5231 1412 5289; x_wconf 85' lang='lat' dir='ltr'><strong>verba</strong></span> <span class='ocrx_word' id='word_1_712' title='bbox 1475 5230 1610 5286; x_wconf 86' lang='lat' dir='ltr'><strong>satis</strong></span> <span class='ocrx_word' id='word_1_713' title='bbox 1654 5230 1918 5285; x_wconf 88' lang='lat' dir='ltr'><strong>indicant</strong></span> 
     </span>
    </p>
   </div>
   <div class='ocr_carea' id='block_1_101' title="bbox 293 5319 1917 5395">
    <p class='ocr_par' dir='ltr' id='par_1_101' title="bbox 293 5319 1917 5395">
     <span class='ocr_line' id='line_1_101' title="bbox 293 5319 1917 5395; baseline -0.002 -17"><span class='ocrx_word' id='word_1_714' title='bbox 293 5322 715 5395; x_wconf 68' lang='lat' dir='ltr'><strong>sum-agentem</strong></span> <span class='ocrx_word' id='word_1_715' title='bbox 734 5320 985 5388; x_wconf 82' lang='lat' dir='ltr'><strong>habens,</strong></span> <span class='ocrx_word' id='word_1_716' title='bbox 1016 5320 1226 5375; x_wconf 85' lang='lat' dir='ltr'><strong>merito</strong></span> <span class='ocrx_word' id='word_1_717' title='bbox 1250 5319 1343 5375; x_wconf 91' lang='lat' dir='ltr'><strong>hic</strong></span> <span class='ocrx_word' id='word_1_718' title='bbox 1370 5319 1691 5375; x_wconf 88' lang='lat' dir='ltr'><strong>contendit.</strong></span> <span class='ocrx_word' id='word_1_719' title='bbox 1729 5321 1917 5391; x_wconf 84' lang='lat' dir='ltr'><strong>Atque</strong></span> 
     </span>
    </p>
   </div>
   <div class='ocr_carea' id='block_1_102' title="bbox 292 5406 1917 5485">
    <p class='ocr_par' dir='ltr' id='par_1_102' title="bbox 292 5406 1917 5485">
     <span class='ocr_line' id='line_1_102' title="bbox 292 5406 1917 5485; baseline -0.002 -18"><span class='ocrx_word' id='word_1_720' title='bbox 292 5411 357 5467; x_wconf 88' lang='lat' dir='ltr'><strong>id</strong></span> <span class='ocrx_word' id='word_1_721' title='bbox 404 5411 644 5485; x_wconf 85' lang='lat' dir='ltr'><strong>quidem</strong></span> <span class='ocrx_word' id='word_1_722' title='bbox 692 5410 874 5467; x_wconf 84' lang='lat' dir='ltr'><strong>etiam</strong></span> <span class='ocrx_word' id='word_1_723' title='bbox 914 5408 1303 5476; x_wconf 71' lang='lat' dir='ltr'><strong>sufﬁcienter,</strong></span> <span class='ocrx_word' id='word_1_724' title='bbox 1355 5425 1429 5464; x_wconf 90' lang='lat' dir='ltr'><strong>ne</strong></span> <span class='ocrx_word' id='word_1_725' title='bbox 1452 5407 1657 5464; x_wconf 86' lang='lat' dir='ltr'><strong>&#39;dicam</strong></span> <span class='ocrx_word' id='word_1_726' title='bbox 1684 5406 1917 5476; x_wconf 89' lang='lat' dir='ltr'><strong>invicte,</strong></span> 
     </span>
    </p>
   </div>
   <div class='ocr_carea' id='block_1_103' title="bbox 2000 4335 3614 4410">
    <p class='ocr_par' dir='ltr' id='par_1_103' title="bbox 2000 4335 3614 4410">
     <span class='ocr_line' id='line_1_103' title="bbox 2000 4335 3614 4410; baseline -0.004 -14"><span class='ocrx_word' id='word_1_727' title='bbox 2000 4339 2284 4396; x_wconf 85' lang='lat' dir='ltr'><strong>Launoius</strong></span> <span class='ocrx_word' id='word_1_728' title='bbox 2321 4356 2336 4408; x_wconf 91' lang='lat'><strong>;</strong></span> <span class='ocrx_word' id='word_1_729' title='bbox 2372 4356 2506 4393; x_wconf 88' lang='lat' dir='ltr'><strong>nam</strong></span> <span class='ocrx_word' id='word_1_730' title='bbox 2536 4338 2595 4393; x_wconf 92' lang='lat' dir='ltr'><strong>in</strong></span> <span class='ocrx_word' id='word_1_731' title='bbox 2627 4338 2903 4404; x_wconf 87' lang='lat' dir='ltr'><strong>editione,</strong></span> <span class='ocrx_word' id='word_1_732' title='bbox 2932 4352 3108 4410; x_wconf 86' lang='lat' dir='ltr'><strong>quam</strong></span> <span class='ocrx_word' id='word_1_733' title='bbox 3135 4335 3312 4391; x_wconf 91' lang='lat' dir='ltr'><strong>modo</strong></span> <span class='ocrx_word' id='word_1_734' title='bbox 3343 4351 3463 4408; x_wconf 74' lang='lat' dir='ltr'><strong>pra:</strong></span> <span class='ocrx_word' id='word_1_735' title='bbox 3489 4350 3614 4390; x_wconf 89' lang='lat' dir='ltr'><strong>ma-</strong></span> 
     </span>
    </p>
   </div>
   <div class='ocr_carea' id='block_1_104' title="bbox 1999 4423 3616 4495">
    <p class='ocr_par' dir='ltr' id='par_1_104' title="bbox 1999 4423 3616 4495">
     <span class='ocr_line' id='line_1_104' title="bbox 1999 4423 3616 4495; baseline -0.004 -10"><span class='ocrx_word' id='word_1_736' title='bbox 1999 4429 2168 4487; x_wconf 90' lang='lat' dir='ltr'><strong>nibus</strong></span> <span class='ocrx_word' id='word_1_737' title='bbox 2210 4428 2510 4495; x_wconf 86' lang='lat' dir='ltr'><strong>habemus,</strong></span> <span class='ocrx_word' id='word_1_738' title='bbox 2545 4427 2697 4481; x_wconf 82' lang='lat' dir='ltr'><strong>facta</strong></span> <span class='ocrx_word' id='word_1_739' title='bbox 2739 4442 2895 4481; x_wconf 86' lang='lat' dir='ltr'><strong>anno</strong></span> <span class='ocrx_word' id='word_1_740' title='bbox 2930 4429 3055 4481; x_wconf 80' lang='grc'><strong>1651</strong></span> <span class='ocrx_word' id='word_1_741' title='bbox 3100 4424 3337 4480; x_wconf 65' lang='lat' dir='ltr'><strong>Lutetiae</strong></span> <span class='ocrx_word' id='word_1_742' title='bbox 3372 4423 3616 4481; x_wconf 87' lang='lat' dir='ltr'><strong>Parisio-</strong></span> 
     </span>
    </p>
   </div>
   <div class='ocr_carea' id='block_1_105' title="bbox 1998 4513 3616 4589">
    <p class='ocr_par' dir='ltr' id='par_1_105' title="bbox 1998 4513 3616 4589">
     <span class='ocr_line' id='line_1_105' title="bbox 1998 4513 3616 4589; baseline -0.003 -16"><span class='ocrx_word' id='word_1_743' title='bbox 1998 4534 2130 4574; x_wconf 89' lang='lat' dir='ltr'><strong>rum</strong></span> <span class='ocrx_word' id='word_1_744' title='bbox 2160 4517 2316 4589; x_wconf 87' lang='lat' dir='ltr'><strong>apud</strong></span> <span class='ocrx_word' id='word_1_745' title='bbox 2333 4517 2616 4571; x_wconf 78' lang='lat' dir='ltr'><strong>Joannem</strong></span> <span class='ocrx_word' id='word_1_746' title='bbox 2636 4514 2873 4570; x_wconf 86' lang='lat' dir='ltr'><strong>Billaine</strong></span> <span class='ocrx_word' id='word_1_747' title='bbox 2895 4514 3088 4569; x_wconf 82' lang='lat' dir='ltr'><strong>studio</strong></span> <span class='ocrx_word' id='word_1_748' title='bbox 3119 4517 3178 4569; x_wconf 92' lang='lat' dir='ltr'><strong>et</strong></span> <span class='ocrx_word' id='word_1_749' title='bbox 3198 4530 3377 4587; x_wconf 82' lang='lat' dir='ltr'><strong>Opera</strong></span> <span class='ocrx_word' id='word_1_750' title='bbox 3409 4513 3616 4569; x_wconf 86' lang='lat' dir='ltr'><strong>doctis-</strong></span> 
     </span>
    </p>
   </div>
   <div class='ocr_carea' id='block_1_106' title="bbox 2001 4602 3621 4677">
    <p class='ocr_par' dir='ltr' id='par_1_106' title="bbox 2001 4602 3621 4677">
     <span class='ocr_line' id='line_1_106' title="bbox 2001 4602 3621 4677; baseline -0.004 -15"><span class='ocrx_word' id='word_1_751' title='bbox 2001 4606 2131 4662; x_wconf 84' lang='lat' dir='ltr'><strong>simi</strong></span> <span class='ocrx_word' id='word_1_752' title='bbox 2174 4603 2672 4677; x_wconf 84' lang='lat' dir='ltr'><strong>acreligiosissimi</strong></span> <span class='ocrx_word' id='word_1_753' title='bbox 2707 4603 2868 4658; x_wconf 64' lang='lat' dir='ltr'><strong>Luce:</strong></span> <span class='ocrx_word' id='word_1_754' title='bbox 2898 4603 3160 4658; x_wconf 89' lang='lat' dir='ltr'><strong>Dacherii</strong></span> <span class='ocrx_word' id='word_1_755' title='bbox 3207 4602 3350 4657; x_wconf 86' lang='lat' dir='ltr'><strong>nihil</strong></span> <span class='ocrx_word' id='word_1_756' title='bbox 3393 4617 3621 4675; x_wconf 87' lang='lat' dir='ltr'><strong>prorsus</strong></span> 
     </span>
    </p>
   </div>
   <div class='ocr_carea' id='block_1_107' title="bbox 2002 4690 3620 4768">
    <p class='ocr_par' dir='ltr' id='par_1_107' title="bbox 2002 4690 3620 4768">
     <span class='ocr_line' id='line_1_107' title="bbox 2002 4690 3620 4768; baseline -0.004 -18"><span class='ocrx_word' id='word_1_757' title='bbox 2002 4695 2078 4751; x_wconf 89' lang='lat' dir='ltr'><strong>ad</strong></span> <span class='ocrx_word' id='word_1_758' title='bbox 2109 4694 2418 4768; x_wconf 75' lang='lat' dir='ltr'><strong>praefatum</strong></span> <span class='ocrx_word' id='word_1_759' title='bbox 2446 4708 2667 4748; x_wconf 81' lang='lat' dir='ltr'><strong>annum</strong></span> <span class='ocrx_word' id='word_1_760' title='bbox 2700 4695 2854 4760; x_wconf 78' lang='grc'><strong>1131,</strong></span> <span class='ocrx_word' id='word_1_761' title='bbox 2874 4708 3063 4765; x_wconf 88' lang='lat' dir='ltr'><strong>neque</strong></span> <span class='ocrx_word' id='word_1_762' title='bbox 3080 4692 3139 4748; x_wconf 90' lang='lat' dir='ltr'><strong>in</strong></span> <span class='ocrx_word' id='word_1_763' title='bbox 3154 4695 3275 4747; x_wconf 85' lang='lat' dir='ltr'><strong>tota</strong></span> <span class='ocrx_word' id='word_1_764' title='bbox 3287 4690 3620 4765; x_wconf 83' lang='lat' dir='ltr'><strong>Appendice</strong></span> 
     </span>
    </p>
   </div>
   <div class='ocr_carea' id='block_1_108' title="bbox 2005 4779 3623 4852">
    <p class='ocr_par' dir='ltr' id='par_1_108' title="bbox 2005 4779 3623 4852">
     <span class='ocr_line' id='line_1_108' title="bbox 2005 4779 3623 4852; baseline -0.006 -12"><span class='ocrx_word' id='word_1_765' title='bbox 2005 4784 2077 4840; x_wconf 91' lang='lat' dir='ltr'><strong>de</strong></span> <span class='ocrx_word' id='word_1_766' title='bbox 2109 4783 2605 4839; x_wconf 87' lang='lat' dir='ltr'><strong>Carthusiensibus</strong></span> <span class='ocrx_word' id='word_1_767' title='bbox 2618 4782 2882 4850; x_wconf 88' lang='lat' dir='ltr'><strong>habetur,</strong></span> <span class='ocrx_word' id='word_1_768' title='bbox 2910 4781 3055 4837; x_wconf 87' lang='lat' dir='ltr'><strong>sicut</strong></span> <span class='ocrx_word' id='word_1_769' title='bbox 3085 4796 3273 4852; x_wconf 85' lang='lat' dir='ltr'><strong>neque</strong></span> <span class='ocrx_word' id='word_1_770' title='bbox 3296 4779 3373 4833; x_wconf 88' lang='lat' dir='ltr'><strong>ad</strong></span> <span class='ocrx_word' id='word_1_771' title='bbox 3402 4793 3623 4833; x_wconf 88' lang='lat' dir='ltr'><strong>annum</strong></span> 
     </span>
    </p>
   </div>
   <div class='ocr_carea' id='block_1_109' title="bbox 2012 4866 3622 4941">
    <p class='ocr_par' dir='ltr' id='par_1_109' title="bbox 2012 4866 3622 4941">
     <span class='ocr_line' id='line_1_109' title="bbox 2012 4866 3622 4941; baseline -0.007 -12"><span class='ocrx_word' id='word_1_772' title='bbox 2012 4872 2276 4941; x_wconf 76' lang='lat' dir='ltr'><strong>H32,ubi</strong></span> <span class='ocrx_word' id='word_1_773' title='bbox 2311 4871 2594 4927; x_wconf 83' lang='lat' dir='ltr'><strong>Launoius</strong></span> <span class='ocrx_word' id='word_1_774' title='bbox 2612 4871 2737 4926; x_wconf 65' lang='lat' dir='ltr'><strong>haec</strong></span> <span class='ocrx_word' id='word_1_775' title='bbox 2764 4870 2837 4926; x_wconf 91' lang='lat' dir='ltr'><strong>de</strong></span> <span class='ocrx_word' id='word_1_776' title='bbox 2885 4873 3084 4926; x_wconf 86' lang='lat' dir='ltr'><strong>sancto</strong></span> <span class='ocrx_word' id='word_1_777' title='bbox 3128 4866 3373 4940; x_wconf 81' lang='lat' dir='ltr'><strong>Hugone</strong></span> <span class='ocrx_word' id='word_1_778' title='bbox 3416 4866 3476 4920; x_wconf 91' lang='lat' dir='ltr'><strong>in</strong></span> <span class='ocrx_word' id='word_1_779' title='bbox 3519 4881 3622 4919; x_wconf 90' lang='lat' dir='ltr'><strong>suo</strong></span> 
     </span>
    </p>
   </div>
   <div class='ocr_carea' id='block_1_110' title="bbox 2010 4952 3625 5033">
    <p class='ocr_par' dir='ltr' id='par_1_110' title="bbox 2010 4952 3625 5033">
     <span class='ocr_line' id='line_1_110' title="bbox 2010 4952 3625 5033; baseline -0.007 -16"><span class='ocrx_word' id='word_1_780' title='bbox 2010 4961 2327 5033; x_wconf 86' lang='lat' dir='ltr'><strong>exemplari</strong></span> <span class='ocrx_word' id='word_1_781' title='bbox 2359 4960 2526 5032; x_wconf 86' lang='lat' dir='ltr'><strong>legit:</strong></span> <span class='ocrx_word' id='word_1_782' title='bbox 2562 4983 2589 5012; x_wconf 87' lang='grc'><strong>‹‹</strong></span> <span class='ocrx_word' id='word_1_783' title='bbox 2611 4960 2765 5016; x_wconf 90' lang='lat' dir='ltr'><strong>Obiit</strong></span> <span class='ocrx_word' id='word_1_784' title='bbox 2797 4959 2881 5014; x_wconf 88' lang='lat' dir='ltr'><strong>vir</strong></span> <span class='ocrx_word' id='word_1_785' title='bbox 2908 4960 3157 5023; x_wconf 85' lang='lat' dir='ltr'><strong>sanctus,</strong></span> <span class='ocrx_word' id='word_1_786' title='bbox 3192 4957 3354 5026; x_wconf 78' lang='lat' dir='ltr'><strong>Hugo</strong></span> <span class='ocrx_word' id='word_1_787' title='bbox 3408 4952 3625 5008; x_wconf 85' lang='lat' dir='ltr'><strong>Gratia-</strong></span> 
     </span>
    </p>
   </div>
   <div class='ocr_carea' id='block_1_111' title="bbox 2010 5041 3625 5122">
    <p class='ocr_par' dir='ltr' id='par_1_111' title="bbox 2010 5041 3625 5122">
     <span class='ocr_line' id='line_1_111' title="bbox 2010 5041 3625 5122; baseline -0.004 -19"><span class='ocrx_word' id='word_1_788' title='bbox 2010 5068 2043 5103; x_wconf 72' lang='lat' dir='ltr'><strong>s</strong></span> <span class='ocrx_word' id='word_1_789' title='bbox 2074 5049 2443 5122; x_wconf 86' lang='lat' dir='ltr'><strong>nopolitanus</strong></span> <span class='ocrx_word' id='word_1_790' title='bbox 2490 5050 2810 5122; x_wconf 87' lang='lat' dir='ltr'><strong>episcopus,</strong></span> <span class='ocrx_word' id='word_1_791' title='bbox 2857 5048 3019 5119; x_wconf 89' lang='lat' dir='ltr'><strong>cujus</strong></span> <span class='ocrx_word' id='word_1_792' title='bbox 3064 5043 3393 5117; x_wconf 84' lang='lat' dir='ltr'><strong>religiosam</strong></span> <span class='ocrx_word' id='word_1_793' title='bbox 3423 5041 3625 5097; x_wconf 89' lang='lat' dir='ltr'><strong>admo-</strong></span> 
     </span>
    </p>
   </div>
   <div class='ocr_carea' id='block_1_112' title="bbox 2013 5130 3626 5210">
    <p class='ocr_par' dir='ltr' id='par_1_112' title="bbox 2013 5130 3626 5210">
     <span class='ocr_line' id='line_1_112' title="bbox 2013 5130 3626 5210; baseline -0.006 -16"><span class='ocrx_word' id='word_1_794' title='bbox 2013 5160 2042 5190; x_wconf 84' lang='grc'><strong>››</strong></span> <span class='ocrx_word' id='word_1_795' title='bbox 2066 5138 2205 5194; x_wconf 89' lang='lat' dir='ltr'><strong>dum</strong></span> <span class='ocrx_word' id='word_1_796' title='bbox 2233 5138 2409 5194; x_wconf 85' lang='lat' dir='ltr'><strong>vitam</strong></span> <span class='ocrx_word' id='word_1_797' title='bbox 2443 5138 2777 5210; x_wconf 82' lang='lat' dir='ltr'><strong>conscripsit</strong></span> <span class='ocrx_word' id='word_1_798' title='bbox 2812 5136 2996 5207; x_wconf 81' lang='lat' dir='ltr'><strong>Guigo</strong></span> <span class='ocrx_word' id='word_1_799' title='bbox 3040 5130 3564 5207; x_wconf 66' lang='lat' dir='ltr'><strong>prior-Carthasim.</strong></span> <span class='ocrx_word' id='word_1_800' title='bbox 3596 5149 3626 5179; x_wconf 82' lang='lat'><strong>»</strong></span> 
     </span>
    </p>
   </div>
   <div class='ocr_carea' id='block_1_113' title="bbox 2089 5221 3632 5300">
    <p class='ocr_par' dir='ltr' id='par_1_113' title="bbox 2089 5221 3632 5300">
     <span class='ocr_line' id='line_1_113' title="bbox 2089 5221 3632 5300; baseline -0.008 -15"><span class='ocrx_word' id='word_1_801' title='bbox 2089 5231 2212 5284; x_wconf 85' lang='lat'><strong>300.</strong></span> <span class='ocrx_word' id='word_1_802' title='bbox 2237 5228 2743 5300; x_wconf 85' lang='lat' dir='ltr'><strong>«Codicem,quem</strong></span> <span class='ocrx_word' id='word_1_803' title='bbox 2772 5225 2975 5280; x_wconf 87' lang='lat' dir='ltr'><strong>habuit</strong></span> <span class='ocrx_word' id='word_1_804' title='bbox 2993 5221 3319 5289; x_wconf 85' lang='lat' dir='ltr'><strong>Daeherius,</strong></span> <span class='ocrx_word' id='word_1_805' title='bbox 3358 5223 3632 5291; x_wconf 82' lang='lat' dir='ltr'><strong>autogra-</strong></span> 
     </span>
    </p>
   </div>
   <div class='ocr_carea' id='block_1_114' title="bbox 2009 5305 3635 5389">
    <p class='ocr_par' dir='ltr' id='par_1_114' title="bbox 2009 5305 3635 5389">
     <span class='ocr_line' id='line_1_114' title="bbox 2009 5305 3635 5389; baseline -0.007 -17"><span class='ocrx_word' id='word_1_806' title='bbox 2009 5317 2199 5389; x_wconf 86' lang='lat' dir='ltr'><strong>phum</strong></span> <span class='ocrx_word' id='word_1_807' title='bbox 2236 5316 2555 5385; x_wconf 83' lang='lat' dir='ltr'><strong>existimat;</strong></span> <span class='ocrx_word' id='word_1_808' title='bbox 2586 5314 2740 5370; x_wconf 91' lang='lat' dir='ltr'><strong>unde</strong></span> <span class='ocrx_word' id='word_1_809' title='bbox 2771 5312 2971 5385; x_wconf 86' lang='lat' dir='ltr'><strong>liquet,</strong></span> <span class='ocrx_word' id='word_1_810' title='bbox 3028 5327 3116 5379; x_wconf 84' lang='lat' dir='ltr'><strong>ea,</strong></span> <span class='ocrx_word' id='word_1_811' title='bbox 3169 5326 3297 5383; x_wconf 69' lang='lat' dir='ltr'><strong>quae</strong></span> <span class='ocrx_word' id='word_1_812' title='bbox 3324 5309 3397 5364; x_wconf 90' lang='lat' dir='ltr'><strong>de</strong></span> <span class='ocrx_word' id='word_1_813' title='bbox 3425 5305 3635 5363; x_wconf 85' lang='lat' dir='ltr'><strong>sanctis</strong></span> 
     </span>
    </p>
   </div>
   <div class='ocr_carea' id='block_1_115' title="bbox 2014 5400 3631 5477">
    <p class='ocr_par' dir='ltr' id='par_1_115' title="bbox 2014 5400 3631 5477">
     <span class='ocr_line' id='line_1_115' title="bbox 2014 5400 3631 5477; baseline -0.007 -15"><span class='ocrx_word' id='word_1_814' title='bbox 2014 5407 2290 5463; x_wconf 83' lang='lat' dir='ltr'><strong>Brunone</strong></span> <span class='ocrx_word' id='word_1_815' title='bbox 2328 5410 2387 5461; x_wconf 89' lang='lat' dir='ltr'><strong>et</strong></span> <span class='ocrx_word' id='word_1_816' title='bbox 2400 5407 2637 5477; x_wconf 84' lang='lat' dir='ltr'><strong>Hugone</strong></span> <span class='ocrx_word' id='word_1_817' title='bbox 2675 5403 2734 5457; x_wconf 91' lang='lat' dir='ltr'><strong>in</strong></span> <span class='ocrx_word' id='word_1_818' title='bbox 2751 5402 2876 5457; x_wconf 86' lang='lat' dir='ltr'><strong>aliis</strong></span> <span class='ocrx_word' id='word_1_819' title='bbox 2897 5401 3187 5458; x_wconf 88' lang='lat' dir='ltr'><strong>codicibus</strong></span> <span class='ocrx_word' id='word_1_820' title='bbox 3218 5400 3449 5471; x_wconf 83' lang='lat' dir='ltr'><strong>reperta</strong></span> <span class='ocrx_word' id='word_1_821' title='bbox 3477 5400 3631 5463; x_wconf 86' lang='lat' dir='ltr'><strong>sunt,</strong></span> 
     </span>
    </p>
   </div>
   <div class='ocr_carea' id='block_1_116' title="bbox 298 5485 3641 5579">
    <p class='ocr_par' dir='ltr' id='par_1_116' title="bbox 298 5485 3641 5579">
     <span class='ocr_line' id='line_1_116' title="bbox 298 5485 3641 5579; baseline -0.006 -21"><span class='ocrx_word' id='word_1_822' title='bbox 298 5501 616 5579; x_wconf 70' lang='lat' dir='ltr'><strong>probatum</strong></span> <span class='ocrx_word' id='word_1_823' title='bbox 654 5500 791 5569; x_wconf 76' lang='lat' dir='ltr'><strong>dat,</strong></span> <span class='ocrx_word' id='word_1_824' title='bbox 852 5498 956 5556; x_wconf 71' lang='lat' dir='ltr'><strong>etsi</strong></span> <span class='ocrx_word' id='word_1_825' title='bbox 1033 5496 1290 5567; x_wconf 83' lang='lat' dir='ltr'><strong>interim,</strong></span> <span class='ocrx_word' id='word_1_826' title='bbox 1350 5512 1460 5570; x_wconf 76' lang='lat' dir='ltr'><strong>per</strong></span> <span class='ocrx_word' id='word_1_827' title='bbox 1525 5498 1719 5564; x_wconf 82' lang='lat' dir='ltr'><strong>verba,</strong></span> <span class='ocrx_word' id='word_1_828' title='bbox 1791 5510 1921 5568; x_wconf 78' lang='lat' dir='ltr'><strong>qua:</strong></span> <span class='ocrx_word' id='word_1_829' title='bbox 2022 5513 2059 5553; x_wconf 84' lang='lat' dir='ltr'><strong>a</strong></span> <span class='ocrx_word' id='word_1_830' title='bbox 2083 5495 2339 5569; x_wconf 81' lang='lat' dir='ltr'><strong>quodam</strong></span> <span class='ocrx_word' id='word_1_831' title='bbox 2360 5493 2683 5552; x_wconf 87' lang='lat' dir='ltr'><strong>recentiore</strong></span> <span class='ocrx_word' id='word_1_832' title='bbox 2707 5491 2878 5549; x_wconf 78' lang='lat' dir='ltr'><strong>fuisse</strong></span> <span class='ocrx_word' id='word_1_833' title='bbox 2893 5491 3138 5566; x_wconf 81' lang='lat' dir='ltr'><strong>adjecta.</strong></span> <span class='ocrx_word' id='word_1_834' title='bbox 3163 5486 3328 5554; x_wconf 84' lang='lat' dir='ltr'><strong>Quod</strong></span> <span class='ocrx_word' id='word_1_835' title='bbox 3347 5486 3452 5543; x_wconf 90' lang='lat' dir='ltr'><strong>etsi</strong></span> <span class='ocrx_word' id='word_1_836' title='bbox 3476 5485 3641 5541; x_wconf 81' lang='lat' dir='ltr'><strong>nobis</strong></span> 
     </span>
    </p>
   </div>
  </div>
