4026 6042
396 213 498 274 1’79

1250 217 1306 272 S.
1336 214 1681 273 BRUNONIS
1713 207 2350 271 CARTHUSIANORUM
2389 213 2858 272 INSTITUTORIS

3620 219 3719 274 180

391 339 682 398 sufﬁceret
710 341 786 397 ad
814 341 1192 414 rejiciendam
1223 343 1537 400 verborum
1569 360 1603 398 a
1633 340 1885 398 Launoio
1919 357 2004 395 re-
2023 341 2077 402 A
2107 361 2136 391 ››
2169 341 2554 413 spiritualibus
2584 343 2738 398 inter
2765 360 2824 398 se
2850 343 3175 411 conferunt,
3220 342 3482 398 Instituta
3512 358 3644 398 vero
3663 343 3722 397 et

389 432 646 487 latorum
677 431 1102 501 auctoritatem,
1127 433 1499 488 nihilominus
1529 450 1595 487 ac
1617 433 1662 486 si
1685 435 1876 486 essent
1905 446 2004 501 ge-

393 521 574 575 nuina
602 520 835 575 Roberti
865 522 1059 590 verba,
1093 522 1347 577 Launoio
1373 522 1812 592 respondemus,
1847 538 1861 574 ι
1895 520 2004 573 Ro-

388 609 620 666 bertum
651 610 706 664 in
740 613 861 666 tota
897 629 999 666 sua
1025 612 1357 683 Appendice
1401 613 1474 666 ad
1497 611 1858 682 Sigebertum
1877 609 2005 680 jux-

390 700 450 752 ta
481 701 740 754 nostram
767 699 1081 756 editionem
1097 700 1236 755 nihil
1249 702 1467 755 referre
1491 717 1694 755 eorum
1716 716 1842 770 quae
1869 697 2010 752 acci-

392 786 601 842 derant
628 791 763 858 ante
787 806 1006 844 annum
1035 793 1189 856 1101,
1231 807 1344 860 quo
1369 789 1691 845 Chronicon
1725 786 2007 859 Sigeberti

391 875 657 948 persequi
680 877 870 948 cmpit,
903 877 1010 932 nisi
1033 877 1265 949 quando
1298 878 1418 949 agit
1451 878 1520 932 de
1552 875 1880 948 principum
1905 891 2004 945 ge-

390 963 658 1035 nealogia
686 965 774 1019 vel
796 965 1201 1038 episcoporum
1227 966 1602 1032 successione,
1627 982 1756 1037 quae
1770 963 2005 1036 quidem

391 1051 559 1106 altius
590 1069 1034 1127 nonnunquam,
1075 1055 1208 1110 licet
1251 1071 1382 1110 raro
1416 1054 1644 1124 repetit.
1671 1070 1707 1108 ιι
1739 1053 1924 1106 Verba
1972 1068 2006 1106 a

376 1137 646 1196 ‘Launoio
676 1142 878 1210 relata,
909 1161 1026 1198 non
1059 1144 1128 1198 de
1159 1143 1333 1198 initiis
1363 1142 1580 1197 ordinis
1601 1141 1776 1212 loqui,
1811 1140 1911 1194 sed
1931 1139 2003 1194 de

391 1227 514 1298 ejus
547 1245 878 1300 progressu,
924 1235 987 1286 ut
1027 1248 1094 1286 ex
1157 1230 1454 1303 ipsissimis
1509 1229 1694 1284 verbis
1733 1229 2000 1299 apparet,

393 1337 422 1367 «
451 1317 710 1372 Monachi
735 1318 1164 1374 Carthusienses
1194 1318 1474 1391 paulatim
1495 1318 1908 1390 pullulabant.»
1938 1317 2004 1369 Et

388 1421 591 1460 revera
611 1422 816 1461 eorum
845 1424 999 1462 anno
1036 1411 1194 1475 1131,
1224 1408 1282 1462 id
1309 1412 1415 1473 est,
1447 1408 1569 1462 fere
1583 1405 2004 1478 quinquaginta

386 1497 520 1565 post
540 1493 847 1549 fundatum
881 1495 1150 1550 ordinem
1183 1496 1350 1550 annis
1380 1497 1548 1549 erant
1585 1497 1813 1548 tantum
1841 1493 2005 1564 quin-

387 1599 498 1653 que
537 1585 637 1636 aut
664 1599 760 1637 sex
806 1583 1014 1639 domus
1060 1583 1477 1639 Carthusiensis
1509 1581 1752 1637 instituti
1783 1581 1843 1635 in
1884 1584 2004 1635 tota

2106 450 2135 480 »
2170 430 2360 484 diurni
2406 435 2464 485 et
2536 432 2799 486 nocturni
2861 431 3034 486 ofﬁcii
3081 433 3399 486 secundum
3454 433 3718 502 regulam

2106 539 2134 568 »
2158 519 2337 572 sancti
2373 520 2659 573 Benedicti
2686 522 3032 590 persolvunt.
3059 541 3086 569 ››
3486 522 3503 535 ⁹

2179 610 2301 662 302.
2341 631 2368 658 ‹‹
2400 609 2528 662 Haec
2557 608 2670 673 ille,
2705 608 2800 678 qui
2834 624 3065 662 causam
3096 609 3184 662 vel
3205 609 3721 679 occasianem,quaa

2107 700 2368 751 sanctum
2404 699 2733 751 Brunonem
2757 697 2813 749 in
2836 713 3098 750 crci‘num
3135 696 3384 767 impulit,
3402 713 3516 751 non
3533 697 3719 764 affert,

2107 785 2242 855 quia
2266 785 2406 839 nihil
2449 785 2688 840 omnino
2719 784 2790 838 de
2831 783 3040 838 Sancto
3075 785 3367 851 Brunone,
3415 803 3518 839 nec
3549 785 3722 856 ipsius

2107 889 2325 928 nomen
2358 874 2551 928 habet.
2591 873 2702 928 Sed
2731 875 2958 926 tantum
2992 873 3250 944 loquitur
3279 873 3348 926 de
3376 874 3721 944 quibusdam

2108 962 2595 1017 Carthusicnsiuzn
2633 963 2908 1027 moribus,
2945 979 3086 1033 quos
3129 978 3195 1016 ex
3237 962 3508 1032 Guigonis
3539 962 3721 1016 nostri

2107 1050 2626 1105 Consuetudinibus
2673 1051 2896 1104 videtur
2935 1049 3208 1104 hausisse.
3246 1049 3337 1104 Sic
3381 1054 3439 1104 et
3482 1051 3552 1104 de
3596 1049 3721 1104 aliis

2105 1139 2350 1194 aliorum
2394 1139 2669 1194 ordinum
2703 1138 3106 1192 fundatoribus
3135 1143 3194 1192 et
3235 1139 3573 1209 patriarchis
3595 1141 3716 1193 tam

2101 1228 2437 1282 summatim
2491 1226 2778 1281 meminit.
2823 1230 2884 1280 ut
2915 1226 3054 1280 nihil
3115 1225 3237 1282 fere
3279 1227 3349 1281 de
3398 1226 3467 1280 iis
3506 1227 3722 1281 referat

2103 1315 2505 1381 memorabile,
2565 1318 2872 1370 contentus
2905 1319 3130 1387 tempus
3177 1315 3571 1370 conversionis
3619 1331 3717 1370 co-

2102 1421 2231 1458 rum
2264 1405 2556 1475 assignare
2586 1420 2715 1458 cum
2749 1421 2924 1468 anno,
2959 1421 3070 1474 quo
3101 1405 3184 1457 vel
3202 1405 3406 1458 saeculo
3435 1404 3723 1458 abrenun-

2103 1493 2392 1547 tiaverunt
2410 1494 2494 1547 vel
2527 1509 2692 1547 suum
2728 1492 3052 1547 institutum
3087 1492 3520 1546 inchoaverunt.
3547 1512 3574 1539 η
3612 1492 3721 1545 Lu-

2103 1581 2494 1635 culentissime
2524 1582 2784 1652 profecto
2810 1582 2932 1635 haec
2957 1579 3246 1646 evincunt,
3266 1583 3365 1634 aut
3391 1597 3596 1652 parum
3625 1579 3725 1634 ad-

388 1668 655 1724 Ecclesia.
695 1687 754 1725 ιιι
787 1671 1019 1726 Roberti
1052 1672 1408 1743 praecipuum
1457 1671 1516 1725 in
1537 1671 1644 1725 bac
1673 1667 2003 1739 App’cndice
2032 1669 2082 1728 B
2105 1669 2344 1724 modum
2375 1673 2473 1724 aut
2505 1669 2646 1723 nihil
2672 1671 2945 1723 luctuosae
2964 1668 3223 1723 damnati
3243 1668 3495 1724 historim
3526 1668 3724 1723 ofﬁce-

382 1773 623 1828 scopum
653 1757 1386 1826 fuisse,Northmannorum
1409 1762 1466 1813 et
1481 1760 1802 1830 Anglorum
1833 1757 2007 1811 histo-

385 1843 534 1899 riam
565 1845 1328 1919 describere,quodipsemet
1347 1847 1654 1919 profitetur
1680 1846 1735 1899 in
1763 1846 2003 1917 prologo

389 1931 478 1988 his
501 1954 527 1982 ››
561 1933 750 1989 verbis
777 1950 791 1990 :
819 1956 847 1985 «
877 1935 1058 2008 Igitur
1115 1935 1252 2008 quia
1308 1935 1616 2007 praedictus
1666 1933 2004 2005 Sigebertus

386 2041 416 2072 ιο
450 2021 732 2079 Chronica
758 2041 861 2079 sua
882 2023 1082 2096 incipit
1104 2025 1175 2079 ab
1197 2041 1352 2080 anno
1383 2022 1798 2079 lncarnationis
1811 2021 2005 2077 Domi-

383 2129 413 2160 »
439 2109 584 2166 nicas
625 2113 748 2180 381,
801 2114 859 2166 et
897 2112 1170 2183 produxit
1208 2129 1276 2167 ea
1301 2129 1483 2184 usque
1531 2111 1603 2166 ad
1628 2127 1848 2165 annum
1879 2110 2000 2181 eju-

383 2217 413 2249 »
447 2198 612 2254 sdem
627 2198 944 2255 Dominicis
964 2200 1379 2256 lncarnationis
1396 2199 1552 2266 1100,
1572 2215 1711 2270 ergo
1725 2199 1999 2254 exinde...

385 2306 414 2336 ιι
448 2303 626 2359 usque
651 2287 727 2342 ad
756 2304 977 2342 annum
1025 2290 1162 2344 1182
1192 2305 1281 2355 ea,
1339 2305 1467 2360 quas
1509 2287 1567 2342 in
1599 2286 1833 2342 diversis
1866 2301 2001 2357 pro-

381 2393 413 2427 ι»
445 2373 644 2430 vinciis
672 2378 730 2430 et
761 2375 1026 2431 maxime
1047 2375 1106 2431 in
1123 2375 1547 2431 Northmannia
1576 2377 1633 2430 et
1653 2373 1859 2446 Anglia
1872 2391 2000 2428 eve-

382 2483 412 2512 »
444 2465 677 2532 nerunt,
719 2466 777 2518 et
806 2463 880 2518 ad
910 2481 1105 2519 meam
1138 2463 1407 2519 notitiam
1447 2465 1856 2536 pervenerunt,
1897 2461 2001 2516 sub

383 2571 414 2602 ιο
446 2550 613 2606 annis
670 2551 987 2613 Dominicis
1019 2551 1440 2608 lncarnationis
1483 2551 1754 2623 colligere
1801 2567 2003 2622 aggre-

385 2659 414 2690 u
451 2639 596 2695 diar.
631 2641 698 2696 Et
726 2641 836 2695 hoc
867 2641 995 2696 ideo
1028 2641 1319 2709 libentius,
1367 2641 1501 2714 quia
1532 2641 1658 2695 volo
1699 2642 1861 2712 gesta
1890 2639 2002 2711 pri-

385 2749 415 2779 »
446 2727 528 2784 mi
585 2728 831 2798 Henrici,
872 2730 1255 2786 strenuissimi
1285 2730 1437 2802 regis
1465 2730 1786 2801 Anglorum
1819 2731 1877 2784 et
1901 2729 2001 2783 du-

384 2838 414 2868 »
449 2816 527 2872 cis
555 2818 1095 2874 Northmannorum
1121 2837 1156 2875 a
1187 2837 1300 2893 quo
1321 2820 1506 2874 habeo
1538 2818 1812 2892 incipere,
1847 2835 2001 2874 sum-

383 2927 412 2958 »
448 2907 652 2963 matim
677 2925 782 2981 per
810 2907 1070 2981 singulos
1095 2925 1277 2964 annos
1309 2908 1610 2964 adnotare.
1645 2929 1673 2958 ››

459 3000 581 3054 301.
627 3020 655 3047 «
685 2997 856 3054 Stetit
885 2998 1180 3069 promissis
1212 2998 1516 3068 Robertus;
1542 3014 1679 3053 nam
1693 3013 1796 3068 per
1811 2997 1996 3052 totum

383 3101 554 3140 suum
586 3101 730 3158 opus
760 3086 984 3141 nullum
1006 3085 1263 3158 praeterit
1291 3103 1532 3155 annum,
1563 3103 1677 3159 quo
1700 3086 1770 3140 de
1798 3085 2000 3140 North-

383 3173 619 3238 _mannis
638 3177 696 3228 et
715 3174 914 3246 Anglis
947 3177 1130 3230 multa
1155 3191 1274 3230 non
1303 3176 1538 3243 referat,
1571 3191 1724 3244 saepe
1739 3173 1879 3227 nihil
1910 3174 1998 3227 vel

385 3260 733 3331 paucissima
761 3261 833 3316 de
849 3261 974 3317 aliis
998 3262 1304 3334 provinciis
1320 3261 1573 3318 scribens
1603 3278 1650 3316 Iv
1682 3261 1997 3316 Robertum

385 3349 528 3405 nihil
550 3349 672 3404 fere
688 3349 758 3404 de
779 3350 903 3404 aliis
921 3351 1219 3406 ordinibus
1244 3355 1342 3406 aut
1365 3351 1435 3406 de
1453 3367 1658 3406 eorum
1683 3349 2000 3421 originibus

385 3440 444 3494 et
463 3436 735 3494 institutis
754 3437 1039 3511 scripsisse
1071 3438 1130 3493 in
1164 3440 1269 3494 hac
1294 3439 1659 3512 Appendice;
1706 3437 1858 3493 unde
1879 3454 1998 3492 non

386 3526 676 3595 mirum,si
694 3527 765 3582 de
783 3527 1279 3584 Carthusiensibus
1309 3528 1485 3584 etiam
1505 3527 1848 3595 siluerit,aut
1875 3529 1997 3581 tam

384 3631 567 3688 pauca
607 3614 815 3672 dixerit
848 3615 1014 3688 juxta
1041 3617 1377 3673 citationem
1410 3635 1444 3672 a
1475 3616 1728 3672 Launoio
1759 3617 1994 3671 factam.

383 3705 643 3778 Denique
675 3706 1191 3774 notandum,hunc
1217 3711 1516 3762 auctorem
1546 3707 1608 3762 in
1633 3724 1734 3762 suo
1755 3707 1995 3776 prologo

383 3793 623 3850 innuere
650 3794 908 3868 quidem,
940 3797 1125 3850 multa
1177 3813 1236 3851 se
1268 3797 1586 3851 relaturum
1610 3794 1896 3867 prodigia,
1936 3797 1999 3847 ut

383 3882 560 3938 etiam
581 3883 736 3952 fecit,
759 3884 1122 3952 sedconstat,
1157 3902 1292 3940 eum
1320 3888 1553 3939 tantum
1584 3885 1655 3938 de
1688 3883 1756 3936 iis
1791 3883 1994 3936 memi-

383 3971 1034 4044 nisse,queeevenerunt
1077 3973 1148 4028 ab
1180 3989 1334 4028 anno
1381 3976 1537 4040 1101,
1571 3975 1633 4026 ut
1657 3972 1783 4042 jam
1823 3987 1997 4043 supra

387 4059 738 4115 monuimus.
758 4061 884 4115 Non
911 4064 996 4115 est
1025 4061 1200 4132 igitur
1214 4061 1494 4115 Robertus
1525 4059 1996 4115 annumerandus

386 4147 537 4203 inter
579 4151 859 4216 auctores,
897 4147 1060 4213 «Qui
1098 4148 1386 4204 famosam
1431 4148 1692 4204 damnati
1743 4147 1996 4204 hominis

2019 2963 2066 3024 C

2105 1773 2167 1811 re
2191 1760 2478 1812 servatum
2515 1757 2585 1812 de
2614 1758 2722 1810 hac
2741 1775 2775 1810 a
2805 1757 3054 1811 Roberto
3086 1757 3157 1810 de
3186 1758 3374 1812 Monte
3403 1756 3717 1811 silentium.

2103 1845 2299 1917 Neque
2331 1861 2464 1900 vero
2497 1846 2582 1899 vel
2609 1846 2737 1910 hoc,
2761 1845 2848 1899 vel
2881 1845 3036 1917 quod
3068 1862 3241 1917 supra
3274 1845 3397 1916 jam
3435 1861 3724 1900 memora-

2104 1937 2251 1998 tum,
2305 1932 3032 2005 SigebertiGemblacensis
3071 1933 3430 2004 scriptorisve
3474 1933 3718 2004 antiqui,

2103 2021 2200 2093 qui
2240 2021 2298 2075 in
2329 2021 2498 2091 hujus
2532 2021 3070 2093 Chronographiam
3106 2039 3268 2086 num.
3297 2024 3398 2076 296
3426 2022 3533 2076 huc
3558 2025 3719 2076 tran-

2102 2111 2312 2180 scripta
2334 2111 2506 2165 verba
2530 2110 3038 2177 intulit,silentium
3075 2111 3148 2166 ad
3175 2110 3450 2166 horrendi
3471 2110 3720 2182 prodigii

2102 2199 2413 2255 falsitatem
2440 2199 2880 2254 monstrandam
2917 2201 3166 2254 multum
3222 2200 3564 2267 conducere,
3597 2199 3714 2254 exi-

2103 2287 2354 2344 stimavit
2387 2288 2631 2360 ipsemet
2656 2288 2962 2353 Launoius,
2995 2291 3191 2358 utpote
3225 2305 3293 2342 ex
3323 2288 3571 2344 recitatis
3596 2305 3718 2343 am-

2102 2378 2310 2433 borum
2337 2377 2687 2448 scriptorum
2729 2377 2959 2432 illorum
2993 2377 3199 2443 verbis,
3239 2377 3297 2431 in
3339 2377 3545 2448 quibus
3575 2376 3715 2431 nihil

2102 2465 2343 2522 omnino
2377 2465 2447 2520 de
2478 2465 2712 2520 infausti
2744 2464 2992 2519 doctoris
3021 2464 3268 2518 anastasi
3301 2465 3717 2533 occurrit,con-

2101 2557 2191 2611 tra
2244 2554 2623 2626 Raynaudum
2657 2555 2934 2608 duntaxat
2988 2553 3261 2620 inferens,
3319 2558 3506 2609 ratam
3566 2555 3715 2608 hanc

2101 2644 2254 2715 apud
2284 2661 2487 2698 omnes
2506 2643 2812 2714 scriptores
2842 2642 3110 2714 antiquos
3140 2659 3256 2697 non
3287 2660 3438 2711 esse;
3471 2643 3714 2715 quod,ut

2099 2750 2298 2789 verum
2327 2734 2420 2801 sit,
2452 2734 2661 2787 falsum
2707 2749 2825 2787 esse
2873 2733 3198 2787 luctuosum
3231 2732 3392 2786 illum
3420 2736 3712 2799 eventum,

2100 2839 2217 2878 non
2243 2822 2576 2894 requiritur.
2607 2821 2720 2876 Sed
2749 2822 2869 2875 haec
2887 2821 2956 2874 de
2983 2819 3627 2892 SigebertiRobertique
3640 2820 3712 2875 de

2097 2911 2311 2976 Monte,
2345 2910 2440 2982 qui
2470 2910 2637 2980 hujus
2657 2908 3192 2979 Chronographiam
3226 2911 3557 2980 prosecutus
3603 2912 3708 2977 est,

2098 2998 2324 3054 silentio
2357 2998 2508 3053 dicta
2537 2997 2843 3053 sufficiant.
2867 2998 3022 3050 lnter
3049 2996 3360 3067 scriptores
3391 2997 3709 3068 antiquosa

2100 3087 2353 3143 Launoio
2385 3087 2718 3153 recensitos,
2763 3103 3008 3158 quorum
3039 3085 3108 3140 de
3150 3086 3426 3140 damnato
3479 3086 3715 3140 doctore

2099 3175 2390 3231 silentium
2420 3176 2625 3246 majori
2655 3175 2714 3229 in
2765 3175 2952 3245 pretio
3009 3175 3234 3230 Bulaeus
3266 3174 3487 3240 habuit,
3522 3175 3717 3229 locum

2099 3265 2276 3320 etiam
2331 3263 2553 3319 obtinet
2609 3263 3000 3318 Gaudefredus
3048 3263 3334 3318 Vosiensis
3391 3262 3569 3334 prior,
3619 3263 3717 3333 qui

2101 3353 2446 3420 Chronicon,
2479 3369 2514 3407 a
2546 3352 2771 3406 Labbeo
2805 3353 2948 3406 tom.
3005 3353 3050 3405 ll
3082 3351 3425 3406 Biblothecaa
3462 3351 3719 3422 novarli-

2099 3443 2339 3498 brorum
2368 3458 2502 3496 mss.
2533 3440 2742 3513 publici
2763 3440 2909 3510 juris
2935 3440 3175 3507 factum,
3215 3440 3420 3494 saeculo
3453 3439 3718 3495 duodeci-

2099 3548 2197 3586 mo
2229 3535 2562 3586 senescente
2593 3529 2904 3584 contexuit.

2171 3623 2294 3675 303.
2341 3619 2595 3691 Scriptor
2625 3617 2720 3672 ille
2753 3618 2810 3672 in
2856 3618 2963 3673 hoc
3009 3634 3110 3672 suo
3153 3634 3327 3688 opere
3379 3634 3504 3690 cap.
3540 3621 3600 3673 21
3637 3616 3716 3671 sic

2097 3708 2292 3763 scribit
2323 3725 2336 3763 :
2365 3730 2392 3758 «
2417 3707 2569 3762 Ordo
2598 3706 3082 3762 Carthusiensium
3103 3705 3718 3777 sanctissimusincepit

2097 3797 2207 3851 hoc
2239 3799 2526 3868 tempore,
2559 3795 2773 3849 scilicet
2825 3811 2980 3849 anno
3013 3797 3148 3849 1086
3182 3795 3322 3865 (imo
3356 3811 3512 3849 anno
3549 3795 3710 3861 1084,

2097 3885 2179 3939 uti
2225 3884 2378 3939 infra
2426 3884 2822 3955 probabimuS)
2851 3901 2956 3956 per
3004 3884 3334 3938 Brunonem
3373 3882 3557 3938 virum
3588 3898 3717 3937 san-

2095 3977 2273 4041 ctum,
2307 3973 2540 4028 natione
2571 3973 2958 4026 Alemannum
2983 3972 3054 4027 de
3095 3971 3334 4028 Colonia
3374 3971 3710 4044 Agrippina,

2095 4062 2436 4134 magistrum
2471 4062 2532 4116 in
2563 4061 2874 4133 theologia,
2913 4077 3047 4116 cum
3079 4079 3174 4116 sex
3202 4061 3324 4115 aliis
3372 4060 3712 4116 venerabili-

2096 4153 2199 4207 bus
2231 4150 2361 4205 viris
2384 4150 2443 4204 in
2469 4149 2694 4206 dioecesi
2736 4149 3379 4222 Gratianopolitanensi.
3421 4150 3519 4204 Hic
3545 4149 3710 4216 ordo,

387 4257 415 4286 ι»
440 4237 753 4293 anastasim
805 4254 926 4293 non
990 4237 1511 4309 praetermisissent,
1555 4237 1602 4292 si
1651 4237 1828 4292 etiam
1898 4229 2068 4292 autD
2096 4243 2237 4295 teste
2263 4241 2322 4294 Β.
2358 4239 2671 4306 Bernardo,
2710 4239 2864 4293 inter
2894 4256 3096 4295 omnes
3121 4238 3526 4294 ecclesiasticos
3557 4237 3710 4292 ordi-

387 4346 417 4376 »
449 4325 739 4398 legissent)
762 4328 861 4380 aut
883 4325 1229 4381 audivissent
1253 4327 1542 4382 accidisse.
1573 4347 1601 4375 ››
1630 4326 1825 4399 Neque
1855 4342 1993 4381 con-

387 4414 629 4470 trarium
651 4415 914 4470 concludi
943 4415 1114 4470 debet
1137 4433 1204 4470 ex
1232 4415 1418 4471 verbis
1448 4416 1708 4488 ejusdem
1734 4417 1990 4485 Roberti,

383 4503 483 4576 qui
512 4503 571 4558 in
597 4504 865 4559 Tractatu
890 4503 962 4559 de
991 4504 1400 4560 immutatione
1421 4504 1639 4561 ordinis
1676 4506 1994 4561 monacho-

383 4607 514 4647 rum
532 4591 603 4646 de
618 4592 917 4648 abbatibus
933 4596 991 4648 et
1005 4593 1248 4649 abbatiis
1259 4594 1797 4649 Northmannorum
1809 4593 1994 4666 capite

386 4693 425 4736 ιι
455 4677 527 4735 de
558 4679 782 4752 origine
810 4679 1301 4736 Carthusiensium
1331 4683 1453 4736 haec
1479 4682 1686 4739 habet:
1713 4704 1741 4735 ‹‹
1774 4683 1992 4737 Eodem

383 4788 413 4818 »
440 4767 562 4824 fere
582 4771 868 4840 tempore,
899 4785 1012 4841 quo
1038 4770 1181 4824 ordo
1228 4769 1613 4826 Cisterciensis
1642 4771 1703 4826 in
1748 4771 1991 4826 Cabillo-

384 4876 414 4906 κ
448 4857 612 4912 nensi
637 4857 911 4931 parochia
930 4861 1158 4913 exortus
1181 4858 1706 4926 est,Carthusiensis
1725 4859 1899 4914 etiam
1931 4859 1990 4914 in

381 4965 412 4996 »
444 4937 1317 5018 episcopatuGratianopolitano
1339 4947 1674 5003 adinventus
1694 4948 1992 5003 est.Genus

381 5053 411 5085 η
439 5034 552 5090 hoc
580 5036 958 5092 eremitarum
995 5036 1101 5090 sub
1125 5035 1317 5107 priore
1343 5037 1482 5109 agit,
1533 5053 1640 5092 nec
1677 5053 1989 5092 numerum

380 5141 412 5173 ιδ
441 5122 682 5179 tertium
707 5123 1004 5180 decimum
1027 5123 1334 5180 multitudo
1366 5124 1743 5179 transcendit.
1806 5125 1988 5180 Unus-

379 5229 410 5260 »
444 5211 686 5285 quisque
715 5211 776 5268 in
806 5214 951 5268 cella
980 5229 1082 5270 sua
1108 5212 1345 5287 privatis
1375 5212 1574 5267 diebus
1602 5217 1896 5285 separatus
1917 5212 1988 5267 ab

378 5318 410 5349 ιι
443 5300 569 5356 aliis
589 5303 739 5370 orat,
772 5300 988 5357 dormit
1014 5305 1072 5357 et
1092 5301 1407 5358 manducat
1433 5319 1448 5371 ;
1476 5319 1604 5376 quae
1617 5305 1814 5357 tamen
1831 5305 1988 5358 cella:

377 5407 408 5438 ι»
432 5389 722 5462 contiguas
759 5392 818 5445 et
856 5389 984 5446 loco
1015 5390 1338 5462 conjunctae
1386 5394 1538 5446 sunt.
1573 5392 1746 5447 Festis
1790 5393 1988 5450 diebus

371 5494 403 5527 ι»
437 5474 512 5531 ad
541 5476 842 5538 ecclesiam
867 5480 928 5536 et
953 5476 1029 5535 ad
1072 5495 1339 5538 mensam
1381 5479 1752 5551 conveniunt,
1810 5484 1869 5538 et
1916 5481 1988 5540 de

2097 4346 2198 4383 nes
2225 4328 2543 4398 primatum
2574 4330 2758 4393 tenet,
2794 4344 2910 4381 non
2942 4327 3170 4382 ratione
3209 4325 3616 4396 temporis,sed
3639 4325 3714 4378 vi-

2096 4434 2235 4489 gore
2264 4416 2586 4471 sanctitatis
2623 4432 2636 4471 :
2682 4415 2969 4486 undeipse
2991 4419 3155 4470 vocat
3185 4432 3320 4470 eum
3373 4414 3714 4486 speciosissi-

2095 4523 2255 4561 mam
2287 4508 2624 4564 columnam
2656 4504 2939 4559 Ecclcsiaz.
2972 4503 3163 4559 Victor
3194 4521 3365 4576 papa,
3405 4504 3542 4559 dum
3564 4506 3711 4558 esset

2095 4597 2411 4651 monachus
2444 4594 2812 4660 Cassinensis,
2844 4609 2948 4664 per
2985 4594 3279 4648 somnium
3329 4593 3468 4648 vidit
3503 4595 3706 4660 Deum,

2093 4702 2208 4740 suae
2240 4683 2563 4756 dignationi
2580 4683 2641 4737 in
2658 4682 2967 4738 solitudine
3001 4682 3396 4737 Carthusianae
3417 4681 3712 4736 habitacu-

2092 4775 2214 4828 lum
2236 4775 2691 4838 construentem,
2716 4775 2775 4826 et
2797 4771 3024 4839 dicitur,
3049 4771 3206 4844 quod
3226 4771 3429 4842 spiritu
3458 4770 3708 4841 prophe-

2091 4861 2184 4917 tiae
2224 4862 2496 4934 pollebat.
2516 4881 2547 4913 »
2569 4861 2778 4914 Verum
2813 4877 2885 4914 an
2907 4876 2976 4914 ex
2990 4859 3240 4931 eo,quod
3254 4858 3512 4913 damnati
3537 4858 3710 4914 histo-

2089 4949 2190 5005 riae
2231 4949 2546 5004 Gaufredus
2577 4949 2666 5003 hic
2718 4965 2834 5003 non
2883 4948 3237 5016 meminerit,
3299 4951 3456 5001 recte
3505 4949 3709 5001 contra

2089 5039 2260 5105 hanc,
2285 5038 2458 5092 veluti
2476 5038 2561 5093 vel
2583 5037 2792 5092 idcirco
2808 5037 3073 5091 fictitiam
3095 5041 3194 5092 aut
3212 5040 3365 5091 certe
3387 5036 3705 5091 commenti

2088 5130 2431 5198 suspectam,
2467 5127 2750 5181 Launoius
2789 5128 2846 5180 et
2861 5129 2990 5197 post
3008 5127 3160 5179 hunc
3179 5126 3392 5179 Bulaeus
3407 5128 3658 5196 arguunt
3677 5123 3704 5178 ‘I

2089 5215 2496 5270 Carthusianus
2515 5217 2709 5268 noster
2736 5231 3081 5287 anonymus,
3101 5217 3407 5286 postquam
3434 5213 3703 5268 Gaufredi

2088 5305 2262 5359 verba
2279 5305 2403 5375 jam
2434 5320 2586 5358 nunc
2609 5304 2848 5358 recitata
2886 5305 2946 5358 in
2992 5321 3134 5376 opus
3160 5321 3328 5358 suum
3379 5303 3596 5371 intulit,
3622 5304 3702 5359 ita

2087 5392 2383 5464 subjungit
2415 5409 2430 5448 :
2469 5415 2497 5442 ‹‹
2530 5393 2659 5447 Haec
2689 5393 3024 5460 Gaufredus,
3051 5393 3310 5465 quinova
3340 5396 3400 5447 et
3423 5393 3699 5447 hactenus

2087 5481 2346 5539 inaudita
2369 5480 2589 5556 atquea
2607 5483 2766 5541 nullo
2781 5485 3243 5540 commemorata
3264 5481 3434 5541 nobis
3450 5482 3692 5552 revelat,
