4224 6058
423 238 531 305 181

2008 238 2189 309 ACTA

3657 256 3763 316 182

417 370 574 426 dum
605 370 762 440 dicit,
793 370 1082 428 Victorem
1099 386 1310 445 papam
1332 372 1535 445 spiritu
1562 373 1901 445 prophetico
1920 373 2045 429 fun-
2065 379 2121 438 Α
2145 374 2457 430 anastasim
2492 374 2863 446 praeteriisset
2902 374 3222 431 monachus
3261 347 3508 448 ille,.qui
3538 377 3754 448 passim

418 458 730 516 dationem
775 461 996 516 ordinis
1028 462 1164 535 (qua
1205 461 1277 517 de
1320 478 1383 517 re
1417 461 1556 534 quid
1599 462 1690 530 sit,
1732 462 1884 518 infra
1912 480 2043 518 exa-

419 548 770 620 minabitur)
824 550 1170 620 praevidisse,
1213 549 1283 605 de
1325 550 1486 621 cujus
1529 549 1745 606 visione
1789 550 2046 607 dicemus

416 652 587 692 anno
622 639 782 693 1086.
816 638 911 693 llis
935 638 1203 694 Gaufredi
1226 638 1411 694 verbis
1437 639 1576 710 (jam
1614 640 1876 711 proxime
1898 640 2042 695 reci-

416 725 585 799 tatis]
611 727 914 799 subjungit
929 727 1235 784 Launoius:
1256 728 1390 782 «Hic
1413 728 1484 782 de
1500 729 1779 784 damnato
1807 729 2042 785 doctore

415 833 455 868 δ
481 818 545 871 et
594 816 873 872 canonico
932 816 1205 890 loquendi
1259 819 1416 873 locus
1466 822 1592 872 erat
1634 818 2039 890 amplissimus,

416 923 457 957 ›
490 903 811 961 Gaufredus
843 905 1040 974 tacuit,
1071 907 1206 979 quia
1240 908 1380 962 tunc
1413 906 1555 962 illud
1584 906 1750 963 otiosi
1775 907 2042 963 homines

416 1010 458 1045 ι
489 992 760 1048 nondum
789 993 1184 1049 invexerant.»

502 1082 629 1136 304,
658 1101 692 1133 ς
712 1080 824 1136 Sed
852 1082 992 1137 illud
1004 1083 1152 1153 jam,
1183 1099 1301 1138 non
1321 1082 1556 1156 quidem
1582 1082 2046 1153 invexerant,sed

416 1173 651 1242 prouta
671 1170 783 1225 fide
809 1170 1000 1243 dignis
1029 1172 1135 1226 sibi
1157 1172 1346 1227 fuerat
1370 1174 1869 1244 relatum,scriptis
1886 1191 2048 1228 man-

422 1258 715 1314 daverant
745 1276 1074 1331 anonymus
1105 1264 1301 1315 noster
1331 1261 1746 1317 Carthusiensis
1772 1266 1830 1316 et
1861 1262 2045 1318 Cassa-

417 1347 552 1402 rius
569 1348 1281 1405 EisterbacensisGaufredi
1295 1352 1793 1424 coaetanei.l\'eqne
1810 1353 2044 1419 mirum,

421 1437 474 1492 si
493 1437 817 1492 Gaufredus
842 1438 982 1493 illud
1015 1440 1281 1506 tacuerit,
1321 1457 1453 1494 cum
1478 1444 1536 1495 et
1564 1441 1685 1495 fere
1710 1442 1822 1495 alia
1847 1442 2047 1496 omnia

422 1524 502 1581 de
531 1529 735 1581 sancto
758 1528 1029 1582 Brunone
1063 1531 1122 1582 et
1150 1527 1355 1583 ordine
1393 1528 1637 1583 dicenda
1662 1530 1924 1597 tacuerit,
1950 1530 2047 1602 qui

421 1614 613 1670 etiam
640 1615 964 1683 historiam,
983 1615 1110 1686 jam
1139 1616 1209 1671 ab
1241 1617 1405 1671 annis
1425 1622 1659 1672 centum
1687 1622 1745 1672 et
1774 1620 1923 1672 ultra
1954 1635 2048 1689 pe-

2147 467 2438 519 memorat
2465 463 2714 519 incertos
2738 480 2936 519 rerum
2967 462 3233 531 exitus,et
3256 463 3316 518 in
3346 464 3633 536 plerisque
3658 467 3760 520 ho-

2145 551 2398 607 minibus
2414 552 2727 623 ancipitem
2757 553 2885 607 vitae
2906 552 3223 620 fortunam,
3244 555 3469 623 spectra
3494 556 3551 607 et
3576 553 3635 607 id
3664 569 3759 623 ge-

2145 657 2250 694 nus
2280 639 2700 713 prodigiorum.
2727 660 2759 693 »
2778 640 2984 714 Accipe
3008 641 3205 708 modo,
3238 640 3377 712 quid
3409 640 3483 694 ad
3514 641 3635 696 haec
3663 658 3754 696 re-

2141 732 2324 800 ponat
2365 729 2776 785 Carthusianus
2818 733 3013 785 noster
3051 746 3396 801 anonymus.
3441 728 3532 784 Sic
3562 729 3754 800 itaque

2145 817 2692 873 Annaliumordinis
2725 819 2811 873 sui
2842 818 3540 887 lib.1v,num.ll6habet:
3573 837 3603 869 «
3626 819 3755 873 llzec

2141 907 2341 978 (verba
2366 907 2630 962 videlicet
2642 907 2912 962 monachi
2932 905 3446 962 Antissiodorensis
3457 923 3489 961 e
3506 906 3757 961 Launoio

2144 996 2406 1067 proxime
2437 997 2547 1050 huc
2567 995 2928 1067 transcripta)
2962 996 3056 1050 ille
3087 1011 3413 1067 anonymus
3437 997 3588 1066 apud
3618 996 3761 1050 Lau-

2146 1083 2368 1148 noium,
2402 1083 2520 1155 qui,
2554 1087 2616 1138 ut
2635 1084 2875 1151 videtur,
2916 1084 3040 1138 haec
3080 1083 3279 1138 omnia
3320 1100 3387 1137 ex
3416 1084 3540 1137 Vita
3579 1086 3760 1137 sancti

2147 1172 2447 1243 Hugonisa
2470 1172 2728 1244 Guigone
2749 1172 2906 1227 edita
2936 1172 3249 1243 exscripsit,
3282 1174 3506 1226 mutato
3532 1174 3758 1226 tantum

2146 1261 2455 1315 verborum
2517 1261 2741 1328 ordine,
2820 1261 2982 1332 cujus
3041 1264 3352 1333 propterea
3418 1260 3753 1314 testimonio

2147 1349 2353 1403 eadem
2373 1349 2741 1420 opponimus,
2761 1366 2888 1421 quae
2906 1349 3128 1419 superis
3150 1348 3421 1419 Guigoms
3444 1348 3756 1403 testmonio

2150 1437 2264 1508 (adi
2282 1454 2444 1492 num.
2465 1440 2568 1493 263
2598 1440 3033 1509 etsequentem]
3052 1438 3446 1510 opposuimus.
3471 1438 3759 1492 Praeterea

2147 1525 2288 1595 quid
2319 1525 2590 1598 ponderis
2614 1526 2826 1580 habeat
2848 1526 3156 1580 auctoritas
3186 1526 3471 1596 negativa,
3499 1524 3761 1597 judicent

2146 1613 2252 1667 viri
2274 1614 2768 1670 docti.Monachus
2786 1615 3296 1670 Antissiodorensis
3320 1614 3462 1669 nihil
3482 1615 3657 1668 habet
3687 1613 3758 1668 de

422 1704 678 1770 rectam,
712 1704 987 1775 cujusque
1036 1705 1323 1759 memoria
1352 1707 1488 1759 tunc
1533 1706 1686 1777 apud
1714 1707 1865 1760 solos
1897 1723 2046 1777 pene
2074 1690 2127 1749 Β
2146 1704 2493 1772 spectaculo,
2517 1720 2655 1774 ergo
2688 1702 2897 1757 falsum
2921 1706 3005 1757 est
3029 1704 3440 1775 spectaculum.
3476 1701 3533 1756 Si
3562 1702 3760 1758 liceret

422 1788 864 1846 Carthusienses
888 1795 1113 1847 servata
1154 1792 1362 1859 fuerat,
1416 1793 1686 1864 ignorare
1733 1798 1980 1863 poterat.
2013 1814 2045 1846 ››

422 1877 598 1943 Quod
623 1878 671 1933 si
700 1880 943 1934 historia
974 1879 1072 1935 illa
1111 1881 1336 1951 publice
1367 1881 1589 1952 ingenti
1622 1882 1927 1937 hominum
1955 1899 2043 1937 as-

421 1970 590 2022 tante
621 1967 1014 2036 multitudine,
1047 1968 1338 2035 acciderit,
1373 1970 1532 2024 nulla
1575 1970 1799 2024 ratione
1838 1971 2046 2025 verosi-

423 2055 568 2110 mile
594 2059 859 2127 apparet,
894 2056 1017 2127 ejus
1044 2057 1392 2112 memoriam
1424 2059 1593 2112 astate
1623 2058 1911 2125 Gaufredi,
1945 2060 2042 2131 qui

418 2147 665 2199 centum
698 2144 983 2211 nondum,
1012 2144 1132 2199 imo
1164 2145 1313 2200 forte
1328 2162 1401 2200 ne
1422 2146 1718 2217 sexaginta
1745 2145 2045 2217 quidem,a

420 2233 746 2287 Brunonis»
762 2232 923 2288 obitu
937 2232 1143 2305 elapsis
1159 2234 1327 2288 annis
1342 2234 1718 2305 ﬂoruit,apud
1729 2236 1880 2289 solos
1892 2251 2042 2306 pene

418 2319 859 2375 Carthusienses
881 2320 1247 2393 superfuisse.
1274 2322 1410 2386 Quis
1431 2338 1568 2392 ergo
1582 2322 1801 2376 factum
1821 2323 2038 2389 credat,

420 2413 487 2464 ut
514 2409 878 2464 horrendum
911 2410 1241 2481 prodigium
1273 2411 1575 2481 ignorarit,
1628 2410 1875 2483 ideoque
1917 2412 2040 2481 ejus

417 2513 546 2551 ﬂ“!
577 2515 697 2555 me
748 2498 919 2552 inerit
944 2497 1290 2552 Gaufredus‘?
1320 2502 1593 2552 Attamen
1627 2515 1757 2553 cum
1788 2499 1880 2553 hic
1901 2499 2038 2553 seri-

416 2588 650 2657 ptor,ut
662 2589 816 2640 recte
828 2586 1006 2640 etiam
1023 2586 1702 2641 observatCarthusianus
1712 2604 1785 2640 an
1793 2603 1969 2658 onym
1977 2604 2041 2641 us

417 2674 537 2728 alia
556 2674 679 2728 fere
712 2673 912 2728 omnia
943 2673 1018 2728 ad
1056 2675 1386 2729 Brunonem
1428 2674 1748 2746 spectantia
1781 2675 2036 2743 omittat,

418 2778 534 2817 nec
564 2763 681 2817 ullo
708 2779 776 2816 ex
806 2762 993 2834 capite
1016 2762 1331 2817 Parisiense
1362 2762 1790 2834 prodigium,ut
1816 2766 1876 2817 ut
1908 2780 2038 2835 per-

414 2852 687 2924 spectum
711 2851 1191 2922 exploratumque
1230 2850 1288 2904 id
1312 2850 1625 2917 habuisset,
1659 2867 1842 2921 pauca
1865 2851 2039 2920 inter,

418 2956 553 3011 quae
576 2938 651 2993 de
662 2942 861 2993 sancto
880 2939 1651 3006 tradit,commemoraturus
1666 2939 1836 2993 fuisse
1856 2939 2043 2994 videa-
2063 2980 2110 3038 Ο

415 3031 539 3094 tur,
571 3030 987 3098 argumentum
1010 3044 1170 3093 sane,
1199 3027 1356 3099 quod
1371 3027 1493 3098 ejus
1513 3028 1803 3082 silentium
1833 3046 2039 3102 suppe-

417 3115 593 3182 ditat,
626 3115 942 3170 admodum
970 3114 1266 3169 infirmum
1279 3120 1538 3187 apparet.
1571 3117 1804 3184 Verum,
1837 3118 2042 3189 quibus

415 3203 692 3259 nonnihil
734 3204 864 3276 plus
909 3203 1132 3258 roboris
1174 3203 1355 3258 inesse
1381 3204 1624 3271 videtur,
1651 3221 1804 3260 nunc
1833 3206 2036 3261 subdo.

414 3291 733 3348 Monachus
751 3291 1391 3363 Antissiodorensis,qui
1421 3292 1526 3346 sub
1552 3293 1731 3347 ﬁnem
1759 3294 2040 3349 saeculixu

415 3384 481 3436 et
505 3380 674 3435 initio
699 3380 1013 3451 sequentis,
1037 3384 1134 3435 aut
1155 3384 1329 3447 certe,
1354 3381 1692 3436 Innocentio
1715 3383 1784 3436 lll
1809 3399 2038 3437 summo

416 3467 720 3543 pontiﬁce,
756 3468 971 3535 floruit,
1002 3468 1155 3539 apud
1185 3468 1504 3524 Launoium
1533 3469 1942 3526 Dissertatione
1968 3470 2040 3525 de

418 3573 562 3612 vera
579 3573 753 3612 causa
776 3573 1030 3612 secessus
1061 3556 1118 3623 S,
1152 3556 1437 3612 Brunonis
1472 3557 1531 3611 in
1559 3573 1824 3612 eremum
1856 3574 1981 3630 cap.
2010 3563 2031 3614 1

415 3646 502 3702 sic
530 3645 733 3701 scribit
759 3662 774 3700 ε
822 3664 856 3698 α
878 3645 1041 3700 Circa
1070 3645 1129 3699 id
1163 3649 1392 3716 tempus
1422 3644 1479 3700 S.
1506 3646 1690 3717 Hugo,
1737 3645 2037 3701 Gratiano-

415 3735 714 3806 politanus
741 3733 1062 3806 episcopus,
1095 3734 1233 3789 vidit
1262 3750 1368 3805 per
1405 3734 1699 3789 somnium
1740 3734 1800 3789 in
1837 3735 2035 3790 solitu-

415 3822 559 3878 dine
581 3822 897 3878 Carthusiae
928 3824 1112 3877 Deum
1149 3839 1266 3877 sua:
1292 3822 1615 3894 dignationi
1643 3822 2036 3878 habitaculum

414 3914 881 3977 construentem,
927 3911 1119 3965 stellas
1147 3910 1326 3965 etiam
1376 3914 1599 3984 septem
1633 3910 1905 3967 ducatum
1932 3910 2037 3965 sibi

416 4002 765 4072 praestantes
797 3998 1037 4054 itineris.
1082 4000 1151 4054 Et
1181 4016 1335 4067 ecce,
1367 4000 1682 4055 sanctitatis
1708 4000 1829 4071 ejus
1860 4000 2038 4055 odore

414 4087 592 4143 tracti
613 4087 688 4142 ad
718 4089 907 4160 ipsum
926 4087 1167 4143 veniunt
1201 4090 1425 4160 septem
1438 4088 1562 4158 viri,
1582 4089 1680 4161 qui
1696 4105 1901 4145 omnes
1920 4104 2034 4143 uno

414 4176 710 4233 desiderio
739 4176 995 4232 succensi
1018 4178 1208 4233 locum
1239 4177 1550 4233 eremiticw
1567 4177 1697 4233 vitae
1716 4194 2039 4250 congruum

2146 1791 2226 1845 ita
2281 1791 2700 1861 argumentari,
2754 1791 2891 1862 ipsa:
2921 1791 3098 1845 etiam
3128 1794 3364 1846 ruerent
3412 1791 3757 1859 evangelicae

2148 1878 2688 1950 veritates,quarum
2713 1881 2911 1934 multa:
2926 1878 2984 1933 in
3004 1879 3127 1934 sola
3139 1878 3402 1933 nituntur
3420 1878 3753 1933 traditione.

2146 1966 2259 2021 Sed
2285 1971 2427 2035 esto,
2459 1967 2615 2039 quod
2645 1968 2967 2022 monachus
2998 1966 3090 2021 ille
3114 1965 3374 2038 «passim
3401 1970 3754 2021 memoret.»

2144 2059 2207 2109 ut
2233 2056 2431 2110 asserit
2459 2055 2764 2123 Launoius,
2806 2055 3105 2111 «incertos
3150 2072 3346 2110 rerum
3373 2054 3573 2121 exitus,
3608 2058 3666 2108 et
3696 2054 3754 2109 in

2144 2162 2175 2197 ι
2189 2144 2475 2216 plerisque
2516 2144 2852 2200 hominibus
2903 2144 3215 2215 ancipitem
3255 2142 3382 2198 vitae
3435 2142 3753 2211 fortunam,

2143 2251 2175 2285 »
2196 2235 2491 2303 spectraet
2506 2233 2565 2288 id
2578 2250 2760 2303 genus
2789 2232 3249 2304 prodigiorum,»
3267 2230 3530 2303 nunquid
3554 2248 3756 2286 omnes

2141 2322 2542 2389 memorat,vel
2562 2322 2620 2376 in
2635 2320 3247 2376 omnibushominibus
3268 2319 3755 2384 memorat‘IQuod

2141 2411 2296 2463 certe
2310 2425 2587 2475 asserere,
2603 2408 2831 2464 videtur
2844 2412 2961 2464 tem
2969 2407 3543 2473 erarium.Quosdam
3556 2408 3751 2480 igitur,

2140 2497 2261 2551 imo
2293 2500 2351 2551 et
2375 2499 2694 2567 permultos
2714 2514 2910 2552 rerum
2939 2497 3119 2552 exitus
3140 2496 3353 2563 omisit,
3381 2500 3439 2551 et
3460 2496 3610 2551 inter
3629 2497 3755 2553 illos

2140 2585 2292 2640 istud
2322 2585 2657 2657 prodigium
2688 2586 2961 2641 omittere
2987 2585 3195 2657 potuit,
3220 2584 3365 2639 sicut
3393 2588 3455 2639 et
3480 2588 3594 2639 tres
3619 2604 3752 2641 san-

2139 2674 2215 2728 cti
2249 2674 2613 2746 evangelista:
2644 2674 2926 2745 piscinam
2965 2673 3326 2745 probaticam
3359 2674 3533 2729 nimis
3563 2674 3749 2729 admi-

2139 2761 2407 2829 randam,
2445 2765 2503 2817 et
2534 2762 2729 2817 Lazari
2763 2761 3194 2816 suscitationem
3220 2761 3567 2834 stupendam
3600 2763 3748 2817 omi-

2139 2853 2354 2905 serant.

2214 2941 2337 2993 306.
2363 2939 2698 2994 «Postremo
2721 2939 3039 2994 monachus
3058 2939 3431 3006 ille,uthabet
3443 2938 3746 3007 Launoius,

2143 3026 2451 3081 floruitsub
2466 3026 2803 3081 Innocentio
2822 3029 3148 3094 lll,summo
3160 3027 3454 3098 pontifice,
3470 3044 3583 3099 quo
3601 3032 3746 3082 tem-

2143 3132 2280 3186 pore
2302 3119 2498 3169 noster
2520 3132 2847 3187 anonymus
2867 3115 3282 3170 Carthusiensis
3315 3115 3540 3186 (videsis
3580 3117 3747 3187 hujus

2144 3203 2539 3258 testimonium
2556 3220 2718 3258 num.
2740 3206 2839 3259 199
2860 3208 2919 3259 et
2937 3221 3083 3276 seq.,
3103 3204 3184 3259 uti
3209 3205 3384 3259 etiam
3407 3205 3559 3260 dicta
3580 3222 3743 3261 num.

2148 3296 2210 3347 l2
2234 3296 2292 3346 et
2316 3293 2499 3364 seqq.)
2519 3293 2741 3364 primus
2771 3293 3038 3349 omnium
3065 3293 3235 3364 czepit
3263 3295 3411 3349 hanc
3444 3294 3747 3349 historiam

2140 3381 2364 3453 scriptis
2393 3382 2695 3449 mandare,
2738 3383 2899 3453 cujus
2930 3383 3216 3438 memoria
3245 3383 3395 3454 apud
3437 3384 3587 3438 solos
3628 3384 3746 3439 fere

2141 3468 2589 3537 Carthusienses,
2623 3471 2809 3526 adhuc
2835 3471 3115 3542 paulatim
3142 3474 3372 3526 tantum
3403 3472 3748 3544 pullulantcs

2138 3557 2584 3612 custodiebatur.
2622 3559 2783 3613 Unde
2814 3576 2929 3614 non
2965 3560 3202 3627 mirum,
3227 3560 3272 3614 si
3303 3562 3622 3615 monachus
3654 3560 3747 3616 ille

2136 3645 2668 3713 Autissiodurensis,
2709 3646 2798 3701 cui
2830 3646 3027 3702 forsan
3071 3664 3201 3702 cum
3245 3647 3748 3703 Carthusiensibns

2138 3734 2296 3787 nulla
2324 3733 2721 3789 intercedebat
2750 3735 3124 3801 consuetudo,
3157 3751 3354 3790 veram
3374 3752 3493 3790 non
3524 3735 3747 3790 noverit

2139 3821 2357 3876 ordinis
2388 3821 2697 3892 originem,
2726 3822 2884 3893 cujus
2920 3824 3141 3877 nullam
3172 3826 3484 3893 propterea
3512 3840 3744 3877 causam

2138 3909 2348 3975 attulit,
2381 3910 2481 3964 sed
2495 3911 2617 3965 sola
2648 3909 3149 3982 verbaexscripsit,
3182 3928 3311 3982 qua:
3326 3910 3385 3966 in
3406 3911 3533 3965 Vita
3564 3911 3746 3965 sancti

2139 3998 2394 4069 llugonis
2450 3999 2689 4069 legerat.
2734 3998 2994 4070 Denique
3044 4017 3177 4054 cum
3218 3999 3443 4071 praafati
3499 3999 3747 4054 auctoris

2140 4086 2464 4142 Chronicon
2483 4087 2657 4142 modo
2680 4103 2796 4142 non
2812 4088 3130 4142 habeamus
3145 4104 3264 4159 prae
3289 4087 3748 4160 manibus,plura

2138 4192 2205 4229 ex
2232 4191 2300 4229 eo
2339 4178 2542 4230 contra
2598 4176 2916 4230 Launoium
2950 4166 3159 4231 elicere
3205 4192 3323 4231 non
3355 4193 3678 4249 possumus.
3713 4195 3746 4229 s

414 4266 787 4338 quer-ebant,
816 4265 1063 4321 necdum
1079 4267 1660 4338 repererant.Horum
1678 4266 1899 4339 primus
1920 4282 2039 4321 ma-
2058 4267 2110 4326 D
2138 4264 2222 4317 lta
2258 4263 2352 4317 ille
2372 4280 2475 4332 ;an
2493 4266 2685 4318 autem
2700 4263 2757 4318 in
2775 4264 3044 4319 omnibus
3061 4267 3237 4333 recte,
3257 4264 3744 4320 nuncdicendum.

414 4355 601 4426 gister
623 4353 926 4421 Bruno,vir
939 4354 1221 4426 religione
1243 4355 1572 4427 scentiaque
1595 4354 2039 4411 famossissimus

414 4442 521 4499 alii
551 4444 803 4514 quatuor
824 4442 1083 4510 litterati,
1109 4443 1222 4499 duo
1259 4443 1411 4511 laici,
1441 4459 1587 4515 quos
1615 4446 1846 4498 sanctus
1874 4443 2036 4515 Hugo

414 4534 725 4605 gratanter
751 4531 1018 4604 suscepit,
1036 4534 1094 4586 et
1113 4531 1231 4586 voti
1245 4536 1542 4604 compotes
1566 4532 1854 4603 fecithso
1868 4547 2034 4585 nam-

413 4619 1832 4693 qumjuvante,consulente,comitante,Carthasim
1844 4619 2038 4675 solitu-

414 4708 626 4765 dinem
652 4707 1033 4765 intraverunt.
1077 4707 1169 4764 Sic
1201 4708 1374 4781 cmpit
1402 4709 1545 4765 ordo
1597 4707 2033 4775 Carthusiensis,

414 4798 579 4854 inter
605 4799 845 4853 caeteros
866 4796 1098 4853 ordines
1108 4797 1361 4868 puritate
1392 4798 1681 4854 mentium
1711 4815 1777 4852 ac
1799 4796 2038 4853 theorize

411 4885 613 4942 studio
630 4884 959 4958 singularis.
996 4904 1030 4939 ιι
1666 4890 1677 4897 ‘

657 4972 962 5041 Launoius,
990 4973 1109 5046 qui,
1139 4975 1201 5028 ut
1219 4973 1351 5045 jam
1371 4972 1556 5041 innui,
1588 4973 1648 5029 in
1677 4974 1910 5030 laudata
1937 4990 2041 5029 sua

416 5062 834 5120 Dissertatione
855 5061 1030 5117 verba
1059 5062 1181 5117 haec
1212 5062 1438 5130 recitat,
1476 5061 1540 5117 iis
1575 5062 1782 5118 deinde
1810 5062 2042 5134 subjun-

418 5152 506 5225 git
525 5168 543 5207 :
572 5152 733 5207 «Non
752 5150 970 5224 magis»
983 5151 1137 5222 apud
1154 5151 1689 5218 hunc,monachum
1709 5167 1920 5224 nempe
1931 5154 2043 5205 An-

416 5239 917 5307 tissiodorensem,
940 5254 1161 5312 «quam
1185 5239 1340 5312 apud
1360 5239 1523 5308 alios,
1545 5258 1577 5292 »
1605 5256 1747 5312 quos
1765 5238 2042 5294 nimirum

407 5330 543 5403 jam
574 5332 709 5385 ante
736 5329 952 5398 retulit,
982 5349 1015 5382 «
1044 5331 1172 5384 rata
1203 5330 1290 5384 est
1319 5328 1389 5383 de
1413 5328 1656 5383 doctore
1695 5328 2045 5395 narratio:et

415 5420 696 5477 terribilis
723 5422 978 5488 eventus,
1012 5418 1112 5492 qui
1143 5419 1482 5473 Brunonem
1514 5416 1574 5472 in
1609 5434 1873 5473 eremum
1907 5417 2043 5472 abe-

2135 4353 2216 4405 Ac
2246 4351 2434 4423 primo
2451 4351 2708 4423 quidem,
2733 4369 2864 4407 cum
2891 4353 3131 4408 dubium
3160 4370 3279 4409 non
3304 4353 3746 4426 appareat,quin

2138 4440 2457 4495 monachus
2485 4440 2999 4496 Antissiodorensis
3045 4458 3217 4513 supra
3251 4443 3361 4496 huc
3401 4442 3749 4512 transcripta

2139 4529 2312 4583 verba
2336 4545 2402 4582 ex
2450 4529 2704 4600 Hugonis
2750 4529 3271 4602 Gratianopolitani
3312 4530 3563 4603 episcopi
3596 4532 3743 4599 Vita,

2135 4632 2240 4688 per
2268 4617 2589 4688 Guigonem
2609 4617 2880 4690 quintum
2902 4617 3216 4674 Carthusiae
3237 4619 3491 4691 priorem
3511 4620 3742 4692 scripta,

2137 4706 2580 4778 deprompserit,
2594 4710 2998 4780 servatumque
3020 4708 3093 4763 ab
3116 4708 3227 4764 hoc
3248 4708 3310 4763 in
3336 4708 3447 4764 illis
3468 4709 3538 4764 de
3552 4710 3746 4764 docto-

2136 4794 2217 4850 ris
2252 4794 2584 4851 Parisiensis
2638 4796 2889 4852 anastasi
2941 4797 3234 4853 silentium
3288 4798 3447 4854 nulla
3502 4798 3745 4854 omnino

2138 4888 2340 4941 contra
2362 4884 2513 4939 hanc
2536 4885 2826 4956 (adinum.
2849 4886 2977 4957 265)
2997 4886 3049 4941 vi
3071 4887 3304 4959 polleat,
3326 4886 3744 4941 consectarium

2140 4974 2225 5042 fit,
2258 4976 2321 5027 ut
2348 4990 2477 5042 nec,
2509 4974 2665 5047 quod
2703 4975 2763 5030 in
2793 4975 3001 5030 iisdem
3034 4975 3350 5031 monachus
3385 4974 3745 5031 Autissiodu-

2139 5064 2322 5119 rensis
2362 5063 2433 5118 de
2481 5064 2685 5119 eadem
2714 5068 2919 5131 servat,
2954 5063 3153 5136 magni
3185 5062 3409 5118 roboris
3438 5064 3528 5119 sit.
3584 5064 3750 5128 Quod

2139 5169 2273 5207 vero
2300 5152 2552 5224 pertinet
2580 5152 2654 5206 ad
2671 5153 2989 5217 silentium,
3018 5168 3131 5224 quo
3161 5152 3253 5206 hic
3270 5151 3540 5205 omnibus
3570 5152 3751 5207 etiam

2141 5240 2544 5296 aliisChronici
2573 5240 2655 5296 sui
2685 5241 2826 5296 locis
2844 5240 3206 5295 horrendum
3235 5238 3568 5311 prodigium
3604 5256 3751 5309 ιιι-ω-

2142 5329 2296 5395 terit,
2328 5328 2466 5386 inde
2491 5330 2689 5393 etiam,
2717 5329 2924 5385 falsum
2946 5327 3055 5383 hoc
3086 5345 3228 5397 esse,
3260 5327 3417 5383 haud
3440 5330 3597 5381 recte
3618 5344 3756 5381 con-

2145 5417 2415 5474 cluditur.
2445 5419 2586 5474 Cum
2615 5415 2866 5486 cnim,ut
2893 5416 3305 5473 Carthusianus
3322 5418 3521 5473 noster
3543 5432 3761 5486 anony-

419 5508 594 5583 gerit.
669 5509 863 5583 Neque
926 5507 1192 5584 profecto
1225 5505 1572 5562 horribilem
1605 5505 1756 5562 illius
1795 5505 2049 5564 doctoris
2151 5523 2279 5562 mus
2319 5511 2477 5566 recte
2527 5506 2817 5576 observat,
2858 5522 2977 5562 non
3028 5524 3235 5564 omnes
3286 5520 3522 5578 prorsus
3568 5519 3767 5557 rerum
