4026 6042
357 250 482 312 περ,

1231 248 1288 305 S.
1321 243 1666 305 BRUNONIS
1707 240 2342 302 CARTHUSIANORUM
2379 237 2850 300 lNSTITUTORlS

3604 241 3703 296 184

375 372 1292 443 θιὶιιιεοοῐιιιιιθῗήσνθιῴοινιιὶιιὶιθ
1316 373 1566 432 ductoris
1595 371 1830 429 exitium
1858 389 1983 427 esse
2007 431 2014 442 ε

2100 369 2836 442 involventesque,quorum
2849 373 3049 424 tamen
3067 365 3239 439 aliqui
3260 365 3467 421 saltem
3490 365 3706 422 luctuo-

378 467 570 536 potest
589 482 656 521 ex
682 463 773 533 iis,
800 479 943 538 quos
964 463 1190 520 silentio
1222 462 1551 538 suppressit.
1574 463 1987 518 Attameucum

379 555 700 609 monachus
720 554 834 621 ille,
864 556 928 609 ut
944 553 1226 609 Launoius
1247 553 1455 620 innuit,
1487 554 1703 607 multus
1720 550 1990 622 equidem

379 641 453 697 sit
479 642 538 698 in
573 642 942 698 recensendis
979 642 1278 716 prodigiis,
1309 641 1510 697 ‘minus
1539 639 1866 696 verosimile
1898 656 1992 710 ap-

379 735 566 805 paret,
593 727 853 787 futurum
878 731 1071 800 fuisse,
1108 735 1172 787 ut
1194 731 1532 796 Parisiense,
1569 729 1613 784 si
1639 727 1990 800 contigisset,

381 819 642 875 damnati
661 819 1608 893 spectaculum,caaterisfomnibus,
1633 835 1758 890 quae
1773 819 1990 884 narrat,

379 908 656 982 prodigiis
697 905 1025 966 memoratu
1066 910 1262 983 utique
1298 911 1472 980 longe
1515 906 1761 980 dignius,
1790 905 1993 960 litteris

381 997 724 1070 consignare
747 999 1064 1054 omitteret.

454 1091 577 1144 307.
611 1090 798 1160 Atque
824 1087 958 1143 hinc
974 1089 1102 1159 jam
1134 1088 1217 1156 ﬁt,
1252 1091 1314 1143 ut
1339 1087 1412 1142 ad
1439 1103 1640 1142 eorum
1670 1084 1995 1157 quilucluo-

383 1195 510 1232 sum
526 1180 798 1232 eventum
819 1179 1056 1249 negant,
1075 1177 1410 1249 opinionem
1427 1193 1457 1231 e
1473 1175 1704 1231 laudato
1722 1172 1994 1227 Autissio-

383 1266 614 1322 dorensi
639 1265 948 1333 monacho,
969 1267 1193 1321 silentio
1217 1267 1368 1321 hunc
1389 1266 1796 1337 praetereunte,
1819 1262 1996 1316 robur

385 1356 779 1427 qualecunque
821 1355 1074 1409 accedat.
1110 1356 1222 1409 Nec
1230 1355 1711 1426 juvatreponere,
1750 1353 1991 1406 horreu-

385 1443 1052 1516 damhistoriam,utpote
1065 1444 1225 1514 cujus
1235 1460 1368 1498 vere
1383 1443 1531 1497 facta
1544 1440 1829 1496 memoria
1843 1439 1994 1512 apud

385 1535 538 1588 solos
553 1533 673 1588 fere
709 1531 1137 1588 Carthusienses
1152 1532 1356 1588 saeculo
1376 1531 1545 1586 tertio
1565 1529 1788 1585 decimo
1803 1545 1996 1599 super—

383 1622 575 1690 fuerit,
609 1620 1093 1678 Antissiodorensi
1123 1622 1433 1688 monacho,
1471 1619 1567 1692 qui
1585 1622 1721 1674 tunc
1751 1635 1814 1672 ex
1833 1616 1995 1671 dictis

2095 476 2222 515 sum
2248 459 2583 530 hujusmodi
2601 463 2919 531 notatuque
2935 455 3338 529 dignissimum
3353 458 3648 524 eventum,
3663 455 3709 510 si

2095 553 2287 608 locum
2320 565 2576 622 unquam
2604 547 2915 614 habuisset,
2943 545 3344 602 verosimilitcr
3375 545 3568 600 scituri
3591 563 3711 601 me—

2098 639 2496 710 moraturique
2536 637 2796 692 fuissent.
2832 638 3116 692 Caeterum
3161 634 3536 707 scriptoribus
3564 634 3710 690 anti-

2098 727 2246 800 quis,
2277 727 2373 799 qui
2405 725 2632 781 silentio
2665 743 2765 781 suo
2813 725 3071 781 horribili
3103 723 3391 796 prodigio,
3420 725 3619 794 utpote
3650 723 3708 778 id

2078 817 2332 889 .pariter,
2359 815 2633 882 sifuisset,
2651 813 3055 870 verosimiliter
3071 814 3156 866 vel
3171 811 3522 884 argumenti,
3549 810 3706 884 quod

2095 906 2436 973 tractarunt,
2457 905 2704 971 ratione,
2741 905 2827 958 vel
2859 904 3050 975 aliqua
3075 918 3417 974 quacunque
3448 901 3517 956 de
3539 917 3708 955 causa

2095 994 2631 1061 commemoraturi,
2685 997 2974 1064 utcunque
3017 992 3306 1059 ofﬁciunt;
3341 991 3473 1045 addi
3531 991 3704 1046 etiam

2094 1087 2346 1157 possent,
2381 1087 2518 1138 tum
2546 1084 2706 1155 Hugo
2745 1080 3181 1137 Flaviniacensis
3219 1079 3499 1152 multique
3526 1079 3639 1147 alii,
3673 1097 3707 1134 a

2096 1174 2349 1228 Launoio
2368 1189 2484 1227 non
2503 1171 2984 1243 memorati,quos
3014 1170 3105 1225 hic
3139 1186 3483 1224 enumerare
3506 1185 3703 1223 neces-

2095 1280 2222 1318 sum
2256 1280 2372 1318 non
2407 1265 2511 1329 est,
2547 1265 2668 1317 tum
2687 1261 2941 1316 maxime
2970 1257 3529 1330 ascetici,divinique
3546 1257 3704 1312 verbi

2096 1369 2412 1425 praecones,
2449 1351 2565 1423 qui,
2601 1368 2754 1417 cum,
2792 1355 2853 1404 ut
2882 1350 3150 1405 homines
3183 1351 3240 1421 et
3274 1365 3305 1403 a
3337 1347 3487 1402 vitiis
3507 1364 3706 1420 pecca-

2096 1442 2281 1513 tisque
2306 1444 2695 1508 avocarent,et
2719 1440 2793 1495 ad
2822 1439 3092 1494 virtutem
3127 1439 3704 1504 inﬂammareut,ser-

2097 1547 2302 1586 moues
2323 1529 2446 1601 pios
2479 1529 2806 1595 habuerint,
2850 1531 3126 1582 tractatus
3156 1544 3345 1583 sacros
3396 1526 3701 1593 ediderint,

2097 1619 2393 1691 religiosas
2421 1618 2825 1673 meditationes
2863 1616 3314 1688 composuerint,
3347 1616 3621 1670 horribile
3643 1615 3707 1669 il-

382 1710 1528 1782 ﬂoruit,fuisseignoratam;quamparum
1544 1699 2070 1763 enimverosimi-"B
2098 1709 2197 1763 lud
2228 1707 2578 1780 prodigium,
2615 1707 2659 1762 si
2681 1707 3032 1779 contigisset,
3059 1705 3335 1761 alicubiin
3367 1706 3519 1761 hisce
3550 1723 3708 1760 vero-

383 1799 436 1854 le
465 1799 523 1853 id
553 1798 645 1867 sit,
673 1799 870 1870 exjam
902 1816 1073 1870 supra
1091 1799 1257 1854 dictis
1283 1799 1481 1871 liquet.
1516 1799 1694 1852 Porro
1720 1796 1993 1862 rationes,

384 1887 599 1942 similes
631 1888 752 1943 fere
781 1905 844 1943 ac
869 1905 1036 1960 pares
1068 1888 1152 1955 iis,
1183 1889 1256 1943 ob
1295 1903 1456 1960 quas,
1492 1890 1556 1941 ut
1581 1886 1757 1942 modo
1805 1885 1993 1952 docui,

387 1977 655 2031 monachi
667 1977 1177 2032 Antissiodorensis
1190 1976 1481 2032 silentium
1495 1978 1697 2031 contra
1708 1974 1873 2047 prodi
1879 1975 1999 2046 gio-

385 2081 510 2119 sam
524 2064 774 2119 doctoris
786 2065 1096 2120 anastasim
1111 2066 1289 2120 robur
1302 2064 1776 2132 obtinet,faciunt
1792 2064 1993 2129 etiam,

386 2155 450 2207 ut
480 2152 673 2207 eidem
705 2152 1090 2208 MalleaCensis
1117 2153 1404 2219 Chronici,
1434 2154 1595 2224 cujus
1623 2155 1823 2207 auctor
1847 2151 1997 2206 circa

385 2258 606 2296 annum
636 2244 772 2297 1140
785 2241 1000 2308 ﬂoruit,
1031 2242 1324 2296 silentium
1350 2241 1586 2296 ofﬁciat.
1613 2243 1693 2296 De
1706 2242 1814 2295 hoc
1837 2240 1993 2294 enim

387 2328 668 2385 Chronico
696 2330 980 2387 Launoius
1009 2329 1067 2385 in
1090 2348 1190 2385 sua
1208 2331 1278 2386 de
1293 2347 1428 2385 vera
1456 2347 1627 2385 causa
1655 2345 1905 2384 secessus
1934 2328 1991 2383 S.

386 2407 667 2473 Brunonis
681 2418 737 2473 in
751 2435 1014 2474 eremum
1041 2418 1462 2487 dissertatione,
1487 2435 1612 2490 cap,
1633 2422 1681 2486 l,
1715 2418 1795 2472 ita
1819 2417 1998 2489 loqui-

382 2508 782 2562 turzuPlenum
797 2507 1193 2564 estvisionibus
1204 2511 1262 2563 et
1274 2508 1489 2564 eventis
1503 2507 1993 2573 memorabilibus,

387 2612 515 2667 quae
541 2595 612 2650 ab
634 2598 868 2652 auctore
894 2597 1259 2670 cupidissime
1281 2599 1592 2652 narrantur
1616 2613 1630 2665 ;
1664 2598 1727 2650 ut
1748 2597 1832 2650 vel
1863 2596 1997 2650 inde

378 2683 622 2754 judices,
642 2701 927 2757 nusquam
954 2687 1478 2757 prastermissurum
1510 2685 1682 2740 fuisse
1708 2685 1822 2740 tale
1844 2701 2000 2756 spec-

388 2772 664 2840 taculum,
681 2771 725 2826 si
752 2774 1084 2846 contigisset
1097 2777 1154 2829 et
1167 2791 1236 2830 ea
1259 2774 1594 2846 contigisset
1607 2774 1853 2842 ratione,
1870 2790 1998 2847 qum

387 2859 564 2916 libros
586 2863 888 2916 auctorum
905 2862 1560 2936 omniumimplevisset;
1579 2885 1606 2913 »
1628 2863 1881 2920 Launoio
1905 2881 2002 2918 au-

387 2951 509 3004 tem
533 2949 591 3004 in
613 2949 700 3017 iis,
723 2967 850 3022 quae
863 2945 961 3005 hic
987 2951 1060 3006 de
1077 2952 1433 3007 Malleacensi
1454 2951 1756 3021 Chronico,
1771 2969 1870 3007 seu
1894 2969 1998 3026 po-
2023 3017 2025 3020 ι

389 3037 500 3092 tius
538 3038 609 3093 de
641 3039 1073 3110 hujusvauctore
1104 3040 1361 3096 afﬁrmat
1386 3059 1507 3097 esse
1545 3042 1998 3109 assentiendum,

389 3126 703 3198 ipsummet
727 3128 1050 3200 inspectum
1077 3129 1306 3184 docebit
1334 3132 1442 3185 hoc
1470 3131 1814 3198 Chronicon,
1849 3130 2004 3203 quod

392 3216 546 3286 apud
563 3215 853 3271 Labbeum
871 3220 1032 3273 tomo
1058 3219 1105 3272 Il
1134 3219 1499 3275 Bibliothecse
1526 3236 1690 3276 nova:
1719 3220 2002 3275 librorum

392 3320 531 3359 mss.
566 3294 744 3359 modo
795 3309 977 3361 exstat
1021 3305 1325 3362 insertam.
1375 3308 1488 3364 Nec
1527 3307 1688 3363 omni
1733 3309 1911 3363 etiam
1952 3307 2005 3362 vi

395 3391 724 3447 destituitur
753 3392 823 3448 de
837 3394 1088 3450 doctoris
1105 3395 1354 3451 anastasi
1379 3396 1670 3451 silentium
1688 3397 1758 3451 ab
1773 3399 2004 3451 auctore

392 3480 627 3536 Florum
641 3481 1162 3538 mss.Historiarum
1176 3484 1725 3553 Adamo,Vincentio
1750 3486 2004 3540 Bellova-

396 3568 552 3624 censi
579 3573 639 3624 et
685 3570 964 3642 scriptore
999 3572 1265 3628 Chronici
1299 3573 1357 3629 S.
1404 3575 1631 3629 Martini
1656 3573 2008 3630 Turonensis

395 3662 704 3714 servatum.
739 3659 854 3715 Etsi
885 3661 1040 3716 enim
1073 3663 1190 3716 tres
1229 3662 1289 3717 hi
1319 3662 1645 3736 scriptores,
1679 3666 1742 3720 ut
1773 3664 2010 3719 Carthu-

396 3747 586 3803 sianus
617 3753 814 3804 noster
843 3767 1166 3823 anonymus
1184 3755 1338 3807 recte
1355 3753 1820 3821 observat,verba
1832 3770 1952 3820 sua,
1974 3769 2007 3808 a

397 3836 650 3893 Launoio
673 3838 931 3909 recitata,
963 3841 1051 3895 vel
1082 3857 1149 3896 ex
1179 3841 1435 3915 Guigone
1466 3841 1665 3914 quinto
1695 3841 2005 3896 Carthusiae

397 3927 609 3999 priore,
634 3929 723 3982 vel
767 3945 836 3983 ex
864 3929 1148 3985 Gaufredo
1179 3931 1454 3998 Vosiensi,
1483 3931 1570 3985 vel
1595 3947 1670 3984 ex
1697 3929 1818 3984 aliis
1850 3929 2007 3984 deni-

399 4031 531 4086 que,
560 4005 811 4086 quorum
846 4016 1137 4072 silentium
1170 4035 1236 4072 ex
1250 4019 1412 4073 dictis
1440 4021 1537 4072 aut
1567 4018 1708 4072 nihil
1739 4018 2000 4086 omnino,

397 4105 498 4156 aut
534 4107 688 4157 certe
715 4105 935 4175 ‘parum
982 4106 1302 4162 admodum
1350 4106 1696 4179 prodigiosae
1753 4106 2002 4162 anastasi

397 4191 580 4261 obest,
624 4191 860 4250 indubie
890 4194 1236 4268 acceperint,
1271 4196 1412 4250 alios
1447 4198 1645 4251 tamen
1673 4196 1852 4251 etiam
1885 4213 2002 4251 non

2099 1796 2363 1852 similiter
2392 1798 2976 1858 commemorassent,
3010 1798 3211 1867 utpote
3254 1812 3365 1867 quo
3410 1794 3552 1849 nihil
3585 1794 3704 1848 fere

2101 1885 2174 1940 ad
2199 1885 2376 1939 ﬁnem
2393 1901 2497 1938 ase
2519 1885 2808 1939 intentum
2832 1884 3018 1955 magis
3033 1883 3536 1956 aptummagisque
3567 1900 3704 1938 cou—

2099 1973 2314 2030 ducens
2332 1974 2656 2045 excogitare
2680 1974 3011 2045 autﬁngere
3037 1973 3374 2044 potuissent.
3401 1973 3538 2027 lliuc
3563 1973 3705 2027 Lau-

2099 2063 2265 2118 noius
2289 2062 2702 2118 dissertationis
2742 2062 3054 2133 saepissime
3077 2062 3203 2132 jam
3235 2062 3481 2116 laudata}
3517 2079 3640 2134 cap.
3678 2064 3696 2115 l

2097 2151 2468 2222 scriptoribus
2499 2151 2766 2223 antiquis,
2784 2167 3032 2222 quorum
3048 2150 3336 2205 silentium
3361 2150 3705 2222 prodigiosa:

2098 2239 2349 2294 doctoris
2360 2240 2604 2295 anastasi
2633 2240 2830 2306 ofﬁcit,
2848 2240 3022 2294 etiam
3040 2240 3422 2294 Humbertum
3447 2240 3704 2310 Burgun-

2098 2328 2528 2400 dum,quintum
2543 2329 2988 2400 praedicatorum
3001 2329 3331 2399 generalem
3341 2327 3680 2399 magistrum
3691 2369 3704 2393 ,

2097 2419 2156 2471 et
2185 2417 2242 2472 S.
2273 2417 2651 2484 Bernardum,
2671 2418 3166 2472 Claraevalleuscm
3194 2417 3485 2484 abbatem,
3509 2434 3708 2472 accen-

2097 2508 2220 2560 set:
2253 2523 2318 2561 ac
2348 2506 2601 2578 priorem
2627 2506 2862 2578 quidem
2893 2509 3078 2574 recte;
3108 2509 3165 2562 at
3197 2524 3312 2561 non
3346 2507 3486 2562 item
3516 2511 3704 2580 poste-

2096 2594 2336 2662 riorem,
2370 2595 2568 2649 habita
2597 2596 2774 2650 etiam
2809 2596 3032 2651 ratione
3078 2597 3357 2668 epistolas,
3397 2597 3468 2651 ad
3499 2598 3706 2652 fratres

2099 2685 2170 2740 de
2201 2686 2390 2740 Monte
2419 2685 2520 2740 Dei
2553 2685 2910 2758 conscriptas.
3236 2735 3246 2743 .

2172 2776 2296 2829 309.
2324 2775 2420 2828 Hic
2451 2774 2606 2829 enim
2634 2778 2882 2842 sanctus,
2913 2791 3026 2846 quo
3068 2774 3143 2829 ad
3173 2774 3307 2829 vitia
3334 2773 3566 2829 vitanda
3595 2773 3704 2829 vir-

2097 2865 2400 2935 tutemque
2437 2863 2900 2935 amplectendam
2937 2865 3194 2934 legentes
3221 2863 3587 2918 audientesve
3617 2880 3708 2918 ex-

2100 2950 2256 3017 citet,
2290 2951 2454 3006 unice
2486 2952 2627 3019 fere,
2673 2969 2800 3024 qua:
2833 2969 2993 3006 sacra
3038 2951 3333 3023 Scriptura
3357 2952 3705 3024 suppeditat,

2103 3038 2481 3094 incitamenta
2512 3041 2570 3094 in
2601 3041 2966 3095 sermonibus
2982 3041 3473 3113 piis,quoshabuit
3499 3044 3708 3096 tracta-

2102 3130 2372 3202 tibusque
2403 3130 2596 3199 sacris,
2641 3147 2786 3203 quos
2815 3131 3014 3199 edidit,
3048 3132 3322 3186 adhibere
3348 3135 3433 3186 est
3461 3131 3658 3187 solitus
3696 3148 3710 3187 :

2103 3220 2408 3292 epistolam
2438 3221 2735 3288 autem,ad
2763 3221 2968 3275 fratres
2984 3221 3055 3276 de
3067 3222 3256 3276 Monte
3281 3221 3381 3276 Dei
3415 3221 3711 3292 scriptam,

2106 3325 2224 3363 non
2257 3309 2554 3377 Bernardi,
2587 3309 2686 3364 sed
2708 3309 2994 3377 Willelmi,
3027 3309 3433 3365 monasteriis.
3459 3309 3718 3365 Theodo-

2105 3397 2207 3452 rici
2234 3414 2414 3470 prope
2441 3398 2654 3454 Remos
2697 3399 2942 3466 abbatis,
2979 3400 3162 3454 fetum
3195 3415 3336 3466 esse,
3379 3399 3717 3454 Mabilonius

2105 3491 2250 3542 tom.
2286 3489 2329 3541 ll
2354 3488 2610 3559 Operum
2647 3487 2704 3543 S.
2731 3488 3010 3543 Bernardi
3038 3506 3171 3561 pag.
3211 3491 3310 3544 198
3339 3492 3396 3543 et
3426 3491 3555 3560 post
3582 3505 3718 3543 eum

2108 3577 2371 3632 Historia:
2395 3577 2687 3632 litterariae
2708 3577 2961 3632 Francia:
2989 3577 3452 3649 scriptorestom.
3485 3578 3551 3631 XI
3580 3595 3713 3650 pag.

2109 3669 2216 3721 654
2249 3666 2496 3721 dilucide
2521 3668 2852 3735 ostendunt,
2868 3670 3138 3738 certeque
3153 3670 3351 3722 sancto
3366 3667 3495 3722 huic
3520 3667 3716 3722 abbati

2106 3772 2222 3810 non
2258 3771 2422 3826 posse
2453 3755 2708 3823 attribui,
2741 3755 2896 3826 apud
2930 3772 3136 3810 omnes
3165 3756 3342 3810 modo
3375 3756 3631 3810 eruditos
3654 3755 3714 3810 in

2107 3845 2366 3899 confesso
2400 3848 2506 3898 est.
2530 3845 2643 3899 Nec
2673 3847 2758 3899 est
2791 3848 3130 3913 tamen,cur
3148 3845 3281 3899 hinc
3295 3845 3472 3900 modo
3501 3844 3715 3900 inferas

2104 3933 2455 3988 Willelmum
2488 3932 2544 3988 S.
2575 3933 2914 3988 Theodorici
2948 3951 3130 4007 prope
3157 3935 3367 3989 Remos
3416 3934 3711 4002 abbatem,

2102 4022 2263 4093 cujus
2293 4037 2360 4077 ex
2385 4023 2512 4095 jam
2527 4021 2694 4078 dictis
2715 4023 2950 4078 laudata
2969 4024 3216 4096 epistola
3244 4026 3349 4092 est,
3385 4023 3713 4079 auctoribus

2103 4111 2628 4184 antiquis,quorum
2642 4112 2937 4168 silentium
2954 4114 3225 4170 luctuosae
3241 4112 3500 4168 damnati
3513 4113 3712 4168 docto-

2102 4200 2180 4256 ris
2209 4201 2462 4259 historiae
2499 4202 2697 4273 ofﬁcit,
2753 4221 2876 4259 esse
2930 4203 3374 4259 accensendum.
3407 4203 3524 4258 Etsi
3552 4203 3712 4258 enim

394 4297 607 4352 paucos
636 4281 1184 4354 scriptores,saaculo
1213 4301 1326 4353 xui,
1359 4300 1472 4357 quo
1501 4285 1843 4355 ﬂoruerunt,
1863 4285 2008 4341 anti—
2026 4303 2078 4362 D
2103 4291 2421 4347 Willelmus
2451 4309 2582 4349 vere
2613 4292 2682 4348 sit
2714 4294 3005 4366 antiquus,
3039 4293 3180 4349 nihil
3209 4296 3408 4349 tamen
3442 4293 3709 4361 occurrit,

397 4369 647 4441 quiores,
687 4371 1001 4427 adhibuere
1025 4371 1212 4446 atque
1255 4373 1314 4429 in
1343 4374 1498 4429 hisce
1531 4373 1577 4429 si
1607 4375 1744 4448 quid
1776 4391 2002 4431 memo-

396 4462 526 4515 ratu
557 4459 798 4532 dignum
825 4460 1190 4533 inVenerunt,
1227 4462 1286 4518 id
1326 4462 1386 4518 in
1423 4464 1845 4521 lucubrationes
1875 4482 2004 4521 suas

393 4546 607 4621 passim
637 4549 904 4606 intulere.

466 4637 795 4702 308.Quare
827 4655 959 4696 cum
991 4638 1210 4697 nullam
1241 4641 1466 4715 uspiam
1484 4641 1541 4697 in
1575 4642 1728 4699 hisce
1753 4643 2002 4699 doctoris

393 4725 649 4796 redivivi,
680 4727 797 4802 qui,
826 4745 949 4784 sese
968 4731 1123 4802 justo
1154 4731 1486 4804 Deijudicio
1501 4733 1868 4802 damnatum,
1900 4750 2003 4807 pu-

391 4816 538 4872 blice
566 4833 597 4872 e
635 4816 850 4874 feretro
873 4819 1192 4875 astantibus
1221 4820 1599 4891 denuntiavit,
1634 4822 1998 4878 mentionem

389 4905 625 4975 faciant,
657 4911 1006 4980 argumento
1037 4908 1098 4964 id
1128 4912 1232 4979 est,
1268 4911 1421 4983 apud
1447 4911 1756 4984 scriptores
1784 4911 1932 4981 illos,
1967 4929 1998 4968 e

390 4995 596 5068 quibus
619 4995 769 5053 forte
791 4997 966 5072 aliqui
994 5001 1328 5072 temporum
1369 4999 1581 5071 injuria
1609 5000 1787 5056 modo
1821 5001 1996 5056 etiam

388 5085 633 5158 periere,
669 5104 702 5142 a
729 5087 1028 5145 Vincentio
1060 5089 1296 5162 aliisque
1327 5089 1549 5144 duobus
1579 5090 1826 5145 laudatis
1857 5091 1993 5146 scri-

383 5175 647 5248 ptoribus
657 5175 899 5234 feralem
911 5178 1212 5235 historiam
1237 5194 1356 5233 non
1369 5178 1541 5233 fuisse
1562 5178 1997 5235 inventam.Un—

385 5263 456 5319 de
470 5264 623 5334 ﬁt,ut
635 5268 836 5322 contra
846 5268 994 5324 hanc
1009 5284 1128 5324 non
1140 5283 1347 5339 parum
1360 5266 1575 5322 faciant
1591 5271 1707 5322 tres
1718 5267 1808 5322 isti
1823 5269 1995 5342 scrip-

380 5355 556 5424 tores,
587 5359 788 5428 utpote
826 5357 1052 5415 silentio
1081 5375 1183 5414 suo
1222 5357 1517 5413 silentium
1563 5357 1810 5414 aliorum
1865 5376 1991 5414 om-

380 5441 567 5514 nium,
597 5462 630 5503 ιι
660 5463 719 5504 se
760 5447 1175 5520 adhibitorum,
1229 5447 1663 5522 quodammodo
1719 5452 1994 5508 testantes

2105 4397 2218 4453 quo
2253 4383 2573 4439 verosimile
2631 4386 2921 4457 utcunque
2954 4384 3074 4452 ﬁat,
3127 4383 3386 4438 futurum
3428 4383 3622 4452 fuisse,
3651 4386 3714 4437 ut

2104 4470 2382 4527 horribile
2410 4473 2770 4545 prodigium,
2805 4473 2849 4528 si
2876 4473 3092 4528 factum
3119 4472 3180 4528 id
3206 4473 3477 4540 scivisset,
3503 4473 3561 4528 in
3589 4472 3708 4544 epi-

2101 4562 2249 4616 stola
2269 4560 2366 4616 illa
2380 4566 2891 4619 commemoraret.
2909 4563 3075 4627 Quod
3097 4563 3275 4618 modo
3297 4563 3370 4619 ad
3399 4563 3711 4634 alios,quos

2103 4649 2390 4706 Launoius
2416 4652 2474 4706 in
2497 4669 2624 4707 rem
2683 4670 2849 4708 suam
2879 4653 3064 4709 adhuc
3107 4653 3358 4722 adducit,
3406 4653 3712 4725 scriptores

2100 4741 2375 4812 pertinet,
2408 4740 2475 4795 iis
2512 4741 2626 4810 hic,
2681 4742 2837 4814 quod
2866 4742 3029 4811 tales,
3076 4741 3123 4797 si
3143 4742 3300 4798 forte
3325 4743 3612 4797 Joannem
3639 4741 3709 4796 de

2102 4828 2162 4883 S.
2188 4829 2412 4884 Victore
2443 4831 2752 4904 exceperis,
2783 4848 2904 4887 non
2925 4831 3059 4900 sint,
3085 4831 3444 4888 utfamosam
3460 4830 3711 4886 doctoris

2099 4919 2432 4987 anastasim,
2482 4921 2526 4974 si
2571 4937 2700 4976 eam
2727 4926 2825 4976 aut
2843 4921 3117 4995 legissent
3142 4922 3390 4994 uspiam,
3427 4924 3525 4976 aut
3553 4920 3712 4975 audi-

2096 5008 2309 5063 vissent
2321 5009 2613 5078 accidisse,
2630 5011 3146 5066 commemoraturi
3158 5011 3559 5066 verosimiliter
3570 5010 3707 5065 fuis-

2097 5097 2591 5154 sentnominatim
2608 5099 3000 5169 recensendis,
3018 5104 3079 5155 ut
3101 5116 3271 5173 supra
3293 5101 3580 5155 facturum
3611 5115 3707 5154 me

2097 5187 2693 5260 monui,supersedeo,
2710 5191 2768 5243 et
2781 5191 2853 5244 ad
2867 5190 3273 5259 discutiendas,
3297 5189 3368 5245 ad
3383 5189 3708 5245 institutum

2095 5279 2360 5332 nostrum
2392 5272 2679 5350 praecipue
2710 5283 3052 5350 spectantes,
3082 5296 3223 5352 quas
3255 5296 3320 5333 ex
3349 5282 3649 5334 auctorum
3675 5294 3709 5334 a

2096 5383 2155 5420 se
2186 5366 2552 5421 laudatorum
2578 5365 2806 5424 silentio
2826 5367 3111 5425 Launoius
3139 5369 3379 5440 format,
3397 5368 3710 5425 conclusio-

2097 5471 2199 5512 nes
2227 5453 2593 5528 progredior.
