4026 6042
280 254 381 310 185

280 378 311 447 §
340 376 526 431 XVIII.
545 372 920 431 Conclusiones
962 374 1251 445 pracipue,

348 449 671 518 scriptorum
706 448 1071 518 antiquorum,
1110 465 1143 501 a
1173 462 1225 501 se
1268 462 1300 497 a

350 521 579 583 format,
597 519 980 573 discutiuntur.

1380 448 1644 510 uotorum,
1675 446 1887 502 silentio

327 661 534 715 310.Ut
547 658 686 732 quid
697 662 901 715 contra
914 660 1234 717 luctuosam
1250 661 1500 718 doctoris
1511 660 1773 718 damnati
1786 658 1897 715 liis-

274 748 515 818 toriam,
548 752 608 804 et
620 751 957 816 antantum,
977 752 1261 821 quantum
1292 752 1730 819 Launoiusvult,
1751 749 1895 805 anti-

277 854 535 911 quorum
548 838 895 910 scriptorum
911 838 1201 895 silentium
1217 858 1315 895 seu
1327 841 1519 913 potius
1553 841 1806 895 formata
1826 857 1895 894 ex

274 928 389 982 hoc
403 930 754 1000 argumenta
771 927 1038 1001 negativa
1047 929 1492 1003 valeant,magis
1509 930 1693 985 adhuc
1706 930 1893 984 eluce-

275 1015 820 1087 seat,juverit,hisce
831 1016 1007 1071 modo
1021 1017 1704 1087 discussis,conclusiones
1718 1017 1893 1072 etiam

278 1106 725 1177 quasLaunoius
755 1123 822 1160 ex
851 1105 1057 1161 iisdem
1098 1107 1259 1179 sequi
1289 1108 1507 1176 asserit,
1538 1106 1892 1163 examinare.

275 1196 470 1267 Atque
483 1195 540 1249 id
567 1195 903 1267 quidem,ne
928 1196 1016 1250 vel
1028 1196 1158 1251 huic
1184 1196 1633 1269 scriptori,cujus
1662 1197 1731 1251 de
1761 1212 1898 1250 vera

277 1299 457 1338 causa
480 1300 733 1339 secessus
761 1284 820 1340 S.
854 1284 1136 1340 Brunonis
1167 1285 1226 1339 in
1246 1303 1509 1341 eremum
1534 1284 1894 1341 Dissertatio-

278 1389 424 1426 nem
450 1373 734 1429 librorum
758 1373 1185 1445 prohibitorum
1200 1374 1474 1447 Catalogo
1488 1375 1751 1429 Romana
1769 1390 1899 1427 cen-

278 1478 417 1516 sura
440 1462 571 1517 novi
601 1463 932 1533 ascriptam,
966 1462 1215 1518 nimium
1251 1462 1595 1531 attribuisse,
1625 1464 1734 1529 vel,
1769 1479 1896 1534 qum

281 1550 542 1606 Launoio
575 1552 1224 1623 anonymusAnnalium
1245 1552 1736 1607 Carthusiensium
1767 1550 1897 1605 libri

279 1640 474 1711 quarti
510 1640 790 1695 hactenus
813 1656 932 1695 non
964 1640 1179 1712 vulgati
1212 1643 1413 1696 auctor
1433 1640 1695 1712 opponit,
1725 1656 1898 1711 argu-

279 1731 487 1783 menta
509 1728 835 1784 infirmasse
868 1729 1086 1797 videar,
1129 1745 1199 1784 ea
1229 1729 1454 1784 ratione
1486 1729 1793 1802 praestabo,
1837 1730 1900 1783 ut

279 1816 408 1887 ipsa
436 1819 562 1871 tum
585 1815 777 1889 hujus,
796 1820 923 1873 tum
948 1817 1097 1874 illius
1113 1818 1288 1874 verba
1318 1819 1662 1890 plerumque
1689 1815 1896 1872 descri-

280 1908 488 1976 pturus
512 1905 643 1974 sim,
663 1908 865 1961 actum
884 1906 1279 1979 demum,quaa
1293 1924 1426 1962 mea
1443 1906 1755 1962 deLaunoii
1768 1922 1901 1961 con-

279 1993 652 2062 clusionibus,
675 1994 1150 2068 Carthusianique
1183 1996 1255 2050 ad
1284 1997 1387 2051 has
1432 1995 1902 2068 responsionibus

279 2081 355 2137 sit
382 2083 602 2154 opinio,
624 2083 1019 2156 adjuncturus.
1058 2085 1343 2141 Launoius
1380 2084 1573 2157 itaque
1606 2102 1673 2140 ex
1703 2088 1899 2140 aucto-

279 2188 416 2226 rum
428 2172 868 2245 omnium,quos
885 2170 1142 2242 adduxit,
1158 2173 1385 2229 silentio
1400 2174 1657 2246 primum
1669 2175 1899 2230 conclu-

279 2260 388 2326 dit,
428 2282 457 2310 «
476 2260 811 2317 Coloratam
837 2262 998 2318 illam
1032 2266 1090 2317 et
1119 2262 1464 2334 picturatam
1494 2262 1571 2336 (in
1603 2261 1902 2319 Carthusia

277 2348 496 2403 scilicet
526 2349 834 2405 Parisiensi
877 2350 1189 2424 praecipue)
1217 2350 1544 2420 historiam,
1589 2368 1716 2423 quae
1743 2367 1899 2407 sece-

279 2437 461 2491 dendi
490 2437 548 2492 in
580 2454 847 2494 eremum
878 2456 1110 2495 causam
1143 2439 1398 2495 Brunoni
1426 2439 1651 2495 dedisse
1691 2440 1897 2508 fertur,

278 2525 451 2580 obrui
473 2527 803 2582 contumaci
830 2527 1057 2583 silentio
1104 2532 1406 2585 auctorum
1466 2529 1752 2597 omnium,
1804 2527 1901 2600 qui

280 2615 356 2669 ab
381 2633 540 2671 anno
566 2616 771 2671 Christi
795 2618 931 2672 1084
961 2616 1036 2672 ad
1061 2634 1279 2673 annum
1299 2621 1438 2673 l322
1461 2622 1519 2673 et
1556 2634 1624 2674 eo
1656 2618 1904 2691 amplius

278 2704 635 2759 claruerunt.
663 2704 825 2770 Quod
845 2706 998 2778 apud
1029 2707 1297 2762 cordatos
1309 2710 1481 2780 atque
1516 2708 1773 2763 eruditos
1798 2707 1903 2762 bo-

280 2793 476 2848 mines
486 2792 698 2848 sufficit
708 2794 782 2848 ad
794 2794 1005 2849 fabulae
1022 2795 1505 2852 confutationem.
1524 2798 1587 2851 In
1606 2796 1903 2851 cumulum

281 2883 506 2937 accedit
538 2883 672 2937 hinc
702 2882 1013 2938 auctoritas
1051 2884 1336 2940 Brunonis
1365 2884 1561 2956 ipsius,
1580 2884 1903 2940 Carthusia-

283 2986 499 3024 norum
548 2969 897 3038 'fundatoris,
942 2970 1038 3042 qui
1071 2988 1188 3026 non
1246 2972 1483 3027 Lutetia:
1533 2973 1979 3055 Parisiorum,C

281 3058 384 3113 sed
404 3059 780 3115 Durocortori
794 3061 1112 3115 Remorum
1140 3060 1389 3116 abeundi
1410 3060 1468 3115 in
1484 3078 1750 3117 eremum
1778 3079 1908 3118 cau-

285 3165 407 3201 sam
436 3147 723 3218 accepisse
755 3164 817 3203 se
847 3148 1072 3215 scribit;
1106 3148 1241 3203 inde
1262 3148 1515 3204 Guiberti
1540 3150 1908 3223 Novigentini

284 3235 945 3303 abbatistestimonium,
970 3236 1068 3308 qui
1094 3240 1315 3293 certam
1343 3238 1531 3293 abitus
1554 3238 1612 3293 in
1644 3242 1908 3296 eremum

284 3340 521 3379 causam
538 3325 912 3396 peculiariter
930 3325 1214 3397 designat.
1247 3327 1498 3399 Uterque
1527 3328 1907 3385 Parisiensem

286 3413 359 3467 de
389 3412 671 3469 canonico
699 3416 757 3469 et
782 3414 1019 3470 doctore
1052 3415 1304 3471 redivivo
1325 3415 1583 3471 fabulam
1610 3418 1904 3488 cxscindit,

286 3504 347 3556 et
375 3502 701 3573 simplicem
730 3502 987 3558 veritatis
1022 3504 1306 3558 rationem
1340 3505 1596 3576 exponit.
1625 3525 1657 3559 »

360 3592 579 3646 3H.En
612 3591 789 3647 modo
815 3591 1230 3664 quid,-recitatis
1260 3592 1415 3647 hisce
1448 3593 1685 3650 Launoii
1723 3595 1910 3651 verbis

291 3680 703 3751 Carthusianus
752 3683 953 3735 noster
1001 3697 1325 3752 anonymus
1369 3688 1633 3754 reponat.
1694 3686 1843 3753 Hinc,
1878 3705 1906 3734 ››

290 3766 503 3838 inquit,
518 3786 552 3819 ε
563 3766 740 3823 habet
756 3766 1058 3835 Launoius,
1074 3768 1238 3839 quasi
1257 3769 1492 3825 diceret:
1513 3771 1578 3826 Hi
1604 3771 1913 3844 scriptores

292 3855 443 3911 hanc
474 3855 774 3911 historiam
824 3858 1149 3925 tacuerunt,
1194 3873 1334 3930 ergo
1378 3875 1510 3915 eam
1547 3877 1744 3917 veram
1790 3878 1912 3918 esse

292 3948 675 4017 negaverunt.
709 3946 791 4000 De
803 3946 1015 4002 robore
1038 3945 1375 4018 hujusmodi
1389 3951 1912 4020 argumentationis

290 4033 515 4105 judicet
538 4032 860 4089 lector.Sed
880 4050 986 4090 nos
1014 4034 1292 4103 dicamus,
1323 4037 1479 4108 quod
1509 4037 1568 4092 in
1606 4040 1913 4111 superiori-

295 4121 403 4177 bus
432 4122 572 4178 satis
603 4122 922 4193 docuimus,
967 4140 1179 4196 nempe
1207 4128 1468 4181 auctores
1492 4126 1619 4183 illos
1640 4128 1748 4184 hoc
1774 4145 1909 4200 pro-

298 4210 525 4283 digium
577 4212 816 4282 siluisse,
866 4213 1011 4269 sicut
1049 4214 1163 4269 alia
1209 4213 1267 4268 S.
1315 4214 1597 4271 Brunonis
1636 4219 1910 4288 przeclare

1846 248 1897 304 Ἀ
1906 247 2036 306 CTA

1346 386 1442 448 uas
1496 370 1771 448 Lauricius
1815 389 1892 428 rex
1912 376 1968 435 Α
1997 372 2159 429 Unde
2188 390 2305 430 non
2336 373 2575 444 mirum,
2603 375 2648 432 si
2678 376 2831 448 apud
2861 376 3063 434 citatos
3075 380 3485 438 auctoresnihil
3508 399 3606 440 oc-

3482 262 3604 316 486

1995 466 2188 518 currat
2209 464 2282 520 de
2305 464 2538 520 redivivi
2569 465 2821 521 hominis
2851 468 3194 537 spectaculo.
3228 467 3342 524 Sed
3370 471 3601 542 quando

1998 553 2411 609 Carthasiensis
2437 555 2580 610 ordo
2611 556 3121 629 ccepitpropagari,
3157 574 3480 629 anonymus
3498 576 3604 615 no-

1999 645 2137 711 ster,
2171 644 2267 715 qui
2298 643 2521 716 primus
2572 643 2723 700 circa
2773 662 2993 700 annum
3027 649 3164 701 1220
3214 646 3352 719 (imo
3392 646 3605 725 verosi-

1997 731 2232 800 militer,
2266 736 2329 787 ut
2360 737 2601 788 num.l2
2623 733 3048 805 etseqq.docui,
3081 751 3197 789 non
3225 737 3361 790 ante
3388 752 3608 792 annum

2001 822 2157 894 1250)
2204 822 2274 877 de
2325 821 2612 878 industria
2659 823 2907 895 suscepit
2944 823 3107 878 initia
3135 822 3286 879 illius
3323 825 3607 880 mandare

1980 910 2221 979 ~litteris,
2283 910 2461 966 fusius
2499 928 2566 966 ac
2612 911 2885 983 prolixius
2912 914 3053 967 Acta
3097 911 3154 968 S.
3184 913 3467 968 Brunonis
3515 914 3610 969 de-

1997 1001 2271 1069 scribens,
2299 1002 2450 1056 hanc
2482 1001 2794 1057 anastasim
2813 1018 3059 1057 secessus
3091 1001 3312 1057 illiusin
3343 1018 3606 1059 eremum

1999 1108 2167 1145 causa
2188 1090 2380 1158 fuisse,
2413 1091 2726 1146 edisserere
2756 1109 2875 1147 non
2896 1092 3109 1147 omisit.
3139 1112 3168 1141 »

2071 1182 2128 1235 3i
2145 1180 2333 1234 2.Haac
2347 1180 2826 1251 ille,transcriptis
2838 1180 3203 1252 deinde,qute
3212 1181 3337 1251 jam
3352 1179 3606 1249 recitavi,

1998 1268 2154 1325 hisce
2185 1268 2423 1323 Launoii
2455 1268 2661 1323 verbis.
2687 1271 2781 1323 «1n
2808 1270 3103 1323 cumulum
3130 1268 3368 1336 accedit,
3399 1289 3427 1318 »
3471 1271 3605 1336 etc.,

1997 1358 2077 1413 sic
2098 1373 2365 1430 pergens:
2399 1359 2565 1412 «1am
2579 1374 2752 1429 supra
2781 1358 2916 1413 satis
2949 1357 3324 1425 ostendimus,
3345 1359 3607 1411 sanctum

1999 1447 2333 1502 Brunonem
2354 1463 2473 1501 non
2508 1446 2876 1501 Dorocortori
2901 1448 3237 1513 Remorum,
3260 1446 3359 1500 sed
3374 1444 3609 1500 Lutetia:

2000 1535 2351 1591 Parisiorum
2392 1535 2695 1590 consilium
2724 1535 3027 1591 secedendi
3057 1536 3115 1589 in
3155 1550 3416 1589 eremum
3438 1526 3609 1589 acce-

1999 1623 2169 1697 pisse,
2198 1626 2262 1678 ut
2315 1624 2492 1679 etiam
2530 1627 2726 1679 censet
2776 1625 2977 1680 doctus
3031 1625 3270 1679 Bulaeus.
3325 1625 3613 1679 Praeterea

1998 1730 2174 1786 quam
2206 1712 2492 1768 incertum
2529 1713 2601 1767 sit
2627 1713 2878 1768 Guiberti
2910 1713 3331 1780 testimonium,
3363 1715 3524 1784 patet
3547 1730 3612 1767 ex

1999 1805 2089 1856 tot
2118 1800 2900 1873 hallucinationibus,quasin
2913 1804 3069 1855 textu
3096 1801 3446 1856 narrationis
3465 1801 3615 1856 illius

2001 1891 2388 1947 deteximus.»
2437 1892 2510 1946 Ut
2539 1908 2665 1963 quae
2693 1889 2934 1946 dehisce
2966 1890 3142 1945 modo
3164 1891 3379 1945 measit
3395 1889 3613 1962 opinio,

1984 2024 1989 2027 .
2001 1980 2197 2053 paucis
2212 1980 2459 2048 edicam,
2492 1997 2631 2035 sane
2664 1980 2949 2035 Launoius
2975 1996 3043 2034 ex
3069 1980 3517 2052 omnium,quos
3554 1978 3614 2034 in

2002 2070 2261 2126 medium
2307 2068 2562 2138 adducit,
2603 2072 2903 2125 auctorum
2953 2069 3024 2124 de
3079 2068 3307 2123 funesta
3367 2067 3620 2123 doctoris

2002 2159 2251 2214 anastasi
2276 2158 2506 2213 silentio
2537 2174 2846 2230 perperam
2878 2158 3031 2212 hanc
3056 2156 3114 2211 in
3146 2157 3356 2211 fabulis
3394 2156 3615 2212 baben-

2003 2248 2159 2315 dam,
2193 2264 2292 2302 seu
2323 2246 2564 2303 indubia
2600 2248 2805 2303 falsam
2833 2264 2975 2313 esse,
3016 2244 3325 2313 concludit,
3359 2244 3441 2299 uti
3466 2244 3618 2300 infra

2002 2336 2331 2405 ostendam,
2359 2354 2511 2405 cum,
2544 2337 2683 2410 quid
2725 2340 2930 2393 contra
2978 2337 3302 2391 luctuosum
3344 2337 3615 2390 eventum

2003 2426 2325 2482 uniVersale
2351 2427 2423 2483 de
2453 2428 2564 2483 hoc
2596 2428 2941 2499 scriptorum
2975 2425 3237 2482 omnium
3272 2427 3397 2480 tum
3422 2441 3617 2497 aequa-

2002 2517 2167 2585 lium,
2212 2520 2339 2571 tum
2370 2517 2615 2573 aliorum
2655 2517 3044 2590 posteriorum
3088 2515 3378 2571 silentium
3408 2515 3616 2583 valeat,

2003 2604 2316 2678 inquiram.
2348 2607 2569 2662 Enerve
2609 2609 2804 2662 autem
2856 2623 2922 2662 ac
2952 2606 3182 2661 clumbe
3212 2620 3447 2677 prorsus
3496 2620 3617 2659 non

2005 2712 2126 2750 esse
2153 2678 2502 2768 aliquorum,
2557 2712 2702 2768 quos
2745 2695 3032 2751 Launoius
3068 2695 3224 2763 citat,
3272 2693 3616 2766 scriptorum

2005 2784 2320 2851 silentium,
2354 2802 2453 2839 seu
2494 2784 2782 2857 negativa,
2829 2801 2957 2857 qua:
3002 2801 3071 2840 ex
3110 2783 3221 2839 hoc
3266 2782 3617 2850 formantur,

2006 2876 2354 2945 argumenta
2382 2874 2544 2929 omni
2574 2890 2807 2945 prorsus
2829 2873 2882 2928 vi
2910 2890 3027 2929 non
3059 2889 3466 2944 carere,supra
3490 2887 3622 2943 pro-

2006 2963 2157 3031 bavi,
2213 2979 2280 3018 ac
2330 2962 2679 3019 nominatim
2728 2962 2965 3035 quidem
3012 2962 3300 3033 negativo,
3359 2962 3515 3034 quod
3552 2979 3620 3017 ex

2009 3052 2288 3120 Guiberti,
2321 3051 2686 3124 Novigentini
2733 3052 2979 3119 abbatis,
3023 3051 3251 3106 silentio
3293 3050 3617 3119 deducitur,

2010 3144 2335 3214 argumento
2367 3140 2595 3196 roboris
2642 3141 2905 3197 nonnihil
2935 3140 3120 3195 inesse
3146 3139 3280 3195 satis
3308 3154 3616 3213 superque,

2011 3235 2295 3305 quantum
2310 3230 2539 3302 Opinor,
2569 3247 2696 3303 quae
2714 3246 2877 3284 num.
2902 3233 3004 3286 267
3018 3232 3076 3283 et
3086 3242 3248 3302 seqq.
3272 3229 3334 3283 in
3358 3228 3618 3284 medium

2009 3320 2241 3388 adduxi,
2282 3319 2570 3388 evincunt,
2599 3320 2705 3375 etsi
2720 3319 2954 3375 interim
2974 3336 3195 3387 rerum,
3227 3317 3373 3374 adS.
3406 3318 3624 3373 Bruno-

2010 3428 2149 3466 nem
2205 3411 2585 3483 institumque
2654 3411 2728 3466 ab
2774 3426 2843 3465 eo
2892 3410 3157 3466 ordinem
3214 3408 3620 3481 spectantium,

2008 3500 2311 3556 Guibertus
2339 3504 2428 3555 sat
2457 3500 2678 3572 peritus
2690 3501 2848 3556 haud
2874 3499 3068 3568 fuerit,
3117 3498 3201 3554 uti
3233 3498 3410 3554 etiam
3438 3498 3623 3553 faten-

2011 3590 2153 3644 dum
2173 3605 2296 3644 esse
2326 3590 2547 3645 ibidem
2581 3589 2855 3646 edixi.Ad
2882 3589 3201 3645 secundam
3226 3587 3464 3644 Launoii
3479 3603 3619 3643 con-

2011 3678 2326 3733 clusionem
2355 3679 2821 3751 progrediamur.

2084 3770 2209 3824 3l3.
2243 3788 2277 3823 ει
2300 3769 2618 3837 Alterum,»
2634 3768 3004 3841 inquit,quod
3029 3785 3097 3823 ex
3122 3769 3425 3823 auctorum
3441 3766 3623 3821 addu-

2011 3861 2240 3915 cturum
2270 3857 2499 3914 silentio
2523 3858 2800 3931 sequitur,
2838 3860 2943 3925 est,
2995 3879 3024 3909 «
3065 3855 3313 3913 Romani
3352 3853 3626 3911 Breviarii

2011 3951 2368 4004 correctores
2388 3948 2449 4003 in
2476 3947 2566 4016 iis,
2608 3964 2736 4020 quas
2761 3964 2793 4003 e
2820 3946 3003 4002 sancti
3031 3945 3314 4002 Brunonis
3347 3942 3625 4000 Lectioni-

2012 4038 2118 4093 bus
2149 4042 2567 4111 cxpunxerunt,
2614 4036 2879 4110 apprime
2930 4040 3156 4092 secutos
3196 4052 3318 4091 esse
3362 4032 3624 4090 Ecclesia;

2011 4145 2285 4196 canones,
2316 4128 2523 4200 quibus
2564 4127 2840 4196 sancitur,
2874 4129 2939 4182 ut
2975 4125 3259 4200 quidquid
3297 4142 3333 4181 a
3385 4123 3626 4179 veritate

2017 4219 2270 4275 alienum
2305 4218 2364 4272 in
2408 4232 2705 4273 sacrorum
2743 4217 3068 4273 officiorum
3117 4215 3344 4272 codices
3373 4212 3623 4286 irrepsit,

298 4300 451 4355 facta
480 4300 780 4357 siluerunt.
814 4302 1010 4358 Nullus
1041 4302 1198 4358 enim
1249 4320 1317 4358 ex
1359 4307 1444 4360 tot
1484 4287 1670 4362 allatis
1706 4325 1739 4361 a
1771 4287 1994 4362 Lau-D
2017 4308 2310 4363 tollatur.»
2333 4307 2447 4362 Sed
2479 4306 2617 4379 quid
2640 4305 2818 4361 modo
2848 4306 2922 4361 ad
2952 4307 3076 4361 hinc
3099 4303 3627 4361 Carthusianusno-

299 4389 436 4446 noio
496 4391 872 4463 scriptoribus
925 4392 1114 4465 Vitam
1156 4391 1213 4448 S.
1257 4393 1540 4449 Brunonis
1595 4396 1917 4454 describere

299 4495 566 4551 agressus
604 4484 708 4549 est;
740 4481 840 4536 sed
881 4498 1105 4550 omnes,
1158 4482 1437 4555 quidquid
1483 4484 1554 4539 de
1604 4502 1673 4541 eo
1704 4488 1793 4542 vcl
1845 4488 1917 4543 de

300 4566 797 4623 Carthasiensinm
843 4570 1046 4625 ordine
1105 4570 1475 4641 scripserunt,
1530 4573 1917 4644 paucisssimis

296 4655 493 4709 verbis
524 4672 686 4711 more
699 4657 1239 4728 compendiatorum
1254 4658 1394 4713 illud
1405 4660 1916 4719 tradiderunt.lmo

299 4743 564 4817 plerique
577 4744 635 4800 8.
665 4746 999 4801 Brunonem
1031 4745 1103 4801 de
1129 4747 1251 4802 solo
1282 4748 1521 4803 nomine
1534 4751 1915 4822 appellarunt;

301 4832 400 4887 alii
424 4848 534 4888 nec
560 4832 750 4904 ipsum
777 4851 994 4890 nomen
1028 4839 1460 4906 expresserunt:
1481 4837 1605 4892 aliis
1629 4855 1784 4909 vero,
1821 4839 1920 4914 qui

292 4920 483 4978 fusius
535 4921 608 4978 de
665 4938 733 4978 eo
787 4922 963 4978 locuti
1023 4926 1175 4991 sunt,
1205 4924 1340 4979 satis
1385 4924 1512 4995 fuit,
1548 4930 1796 4998 quatuor
1824 4933 1922 4984 aut

304 5011 562 5084 quinque
593 5011 759 5067 lineis
772 5013 986 5081 dicere,
1015 5012 1173 5085 quod
1200 5013 1377 5068 fuerit
1396 5014 1693 5072 institutor
1705 5018 1921 5074 ordinis

304 5099 748 5169 Carthusiensis,
763 5101 1042 5174 illumque
1054 5100 1156 5156 tali
1176 5118 1333 5157 anno
1347 5105 1405 5157 et
1417 5103 1521 5159 sub
1535 5104 1633 5160 tali
1646 5106 1920 5177 pontifice

302 5189 639 5245 instituerit.
661 5188 908 5255 Quidem
942 5206 1082 5262 erga
1096 5190 1527 5248 Carlbusienses
1551 5193 1702 5249 bene
1731 5194 1919 5251 affecti

303 5279 474 5351 plura
503 5278 575 5334 de
602 5296 805 5336 eorum
829 5281 1077 5349 statutis,
1110 5281 1371 5336 moribus
1409 5284 1467 5336 et
1491 5286 1919 5341 consuetudini-

303 5366 414 5422 bus
442 5366 815 5439 scripserunt;
834 5368 935 5424 sed
946 5369 1135 5424 nullus
1155 5368 1596 5426 deinstitutione
1610 5388 1835 5443 eorum,
1851 5375 1922 5430 de

305 5470 478 5510 causa
507 5456 745 5528 originis
777 5460 877 5512 aut
911 5456 983 5512 de
1011 5456 1134 5511 aliis
1162 5457 1235 5511 ab
1266 5456 1347 5512 eis
1375 5460 1434 5513 et
1467 5460 1620 5531 apud
1650 5477 1758 5517 nos
1780 5478 1924 5533 prce-

304 5546 461 5602 clare
481 5545 657 5618 gestis
686 5544 1054 5618 singulariter
1098 5548 1350 5602 tractare
1375 5545 1436 5602 in
1467 5548 1665 5605 animo
1697 5550 1903 5607 habuit

2019 4400 2136 4451 ster
2165 4394 2536 4468 anonymus?
2573 4395 2824 4466 «Ergo,»
2858 4394 3066 4467 inquit,
3098 4416 3126 4445 «
3152 4393 3198 4448 si
3237 4408 3376 4448 vera
3400 4394 3487 4448 est
3505 4391 3629 4446 haec

2016 4484 2256 4539 Launoii
2303 4482 2754 4557 argumentandi
2813 4483 2983 4549 ratio,
3027 4480 3309 4555 quidquid
3358 4478 3630 4536 Breviarii

2017 4572 2263 4629 Romani
2292 4575 2649 4628 correctores
2674 4589 2705 4627 e
2736 4569 3102 4626 Lectionibus
3142 4570 3325 4626 sancti
3340 4568 3633 4625 Brunonis

2018 4664 2438 4737 expunxerunt,
2462 4678 2496 4717 a
2512 4660 2752 4716 veritate
2783 4659 3040 4715 alienum
3053 4664 3182 4716 erat
3205 4676 3220 4715 :
3253 4675 3395 4732 ergo
3410 4661 3469 4714 et
3482 4674 3630 4731 pm-

2018 4753 2176 4808 clara
2203 4751 2299 4807 illa
2324 4749 2458 4806 fidei
2483 4748 2784 4822 professio,
2813 4765 2849 4804 a
2869 4747 2927 4804 S.
2959 4748 3228 4804 Brunone
3265 4748 3325 4803 in
3352 4744 3634 4816 extremis

2018 4841 2206 4915 posito
2249 4838 2461 4897 emissa
2485 4841 2544 4894 et
2587 4855 2619 4894 e
2677 4837 3041 4894 Lectionibus
3086 4836 3348 4910 ejusdem
3384 4834 3627 4900 sublata,

2021 4931 2211 4985 aliena
2249 4932 2335 4984 est
2378 4946 2413 4984 a
2451 4927 2715 4984 veritate.
2760 4926 2899 4992 Quis
2937 4927 3049 4983 hoc
3096 4925 3250 4981 dicat
3285 4926 3392 4997 aut
3439 4921 3629 4978 dicere

2021 5018 2264 5091 cogitet?
2279 5019 2446 5073 Certe
2477 5033 2584 5073 nec
2610 5016 2798 5090 ipsum
2832 5014 3152 5072 Launoium
3172 5014 3297 5069 hac
3342 5011 3629 5067 dicturum

2019 5108 2193 5164 fuisse
2221 5108 2530 5177 credimus,
2546 5107 2591 5163 si
2602 5120 2730 5163 rem
2751 5106 3027 5163 attentius
3036 5101 3627 5160 observassetﬂeram

2017 5197 2195 5271 igitur
2221 5214 2475 5266 causam,
2491 5212 2620 5270 quae
2635 5211 2901 5252 censores
2912 5195 3236 5261 Romanos,
3258 5188 3629 5248 virosdoctis-

2023 5288 2197 5344 simos
2228 5303 2294 5342 ac
2323 5286 2772 5359 sapientissimos
2797 5282 2996 5352 movit,
3011 5285 3076 5338 ut
3092 5297 3227 5337 cum
3243 5279 3632 5354 spectaculum

2020 5376 2161 5431 illud
2171 5419 2184 5443 ,
2210 5379 2336 5431 tum
2354 5374 2781 5447 professionem
2792 5371 2927 5427 ﬁdei
2950 5370 3293 5427 aBreviario
3305 5368 3631 5436 auferrent,

2022 5466 2172 5521 hanc
2200 5465 2372 5521 fuisse
2398 5463 2631 5537 ipsimet
2667 5474 2935 5517 censores
2962 5458 3377 5534 signiﬁcatum,
3403 5472 3633 5528 Inempe

2023 5554 2180 5627 quod
2204 5552 2315 5609 illa:
2336 5551 2614 5608 lectiones
2641 5549 3010 5622 essentij
3034 5547 3393 5622 prolixiores.
3418 5545 3634 5602 s'Sane
