4224 6058
556 255 654 311 187

1403 254 1460 310 s.
1495 253 1839 311 BRUNONIS
1884 237 2515 310 CARTHUSIANORUM
2558 250 3026 310 lNSTlTU’l‘ORlS

3777 249 3890 307 188

548 394 582 432 e
613 377 979 433 Lectionibus
1029 377 1085 432 S.
1130 377 1412 433 Brunonis
1459 378 1853 450 prodigiosam
1913 377 2164 432 doctoris
2186 383 2241 440 Α
2266 376 2596 450 niacpnsem
2625 377 2682 432 in
2713 377 2781 431 iis
2801 393 2997 431 rerum
3016 378 3075 430 et
3098 378 3430 446 temporum
3450 373 3894 429 conditionibus

551 466 868 520 anastasim
901 483 1017 520 non
1053 467 1282 533 idcirco,
1312 468 1465 537 quod
1483 467 1625 521 falsa
1654 470 1973 537 putaretur,
1993 465 2163 519 fuisse

553 556 924 624 expunctam,
957 554 1351 608 indubitatum
1382 555 1617 620 faciunt,
1647 572 1772 625 quae
1807 571 1968 609 num.
1992 557 2091 609 190
2106 564 2166 608 et

550 642 701 697 binis
716 660 876 714 seqq.
907 643 962 696 in
989 643 1247 697 medium
1287 646 1420 697 sunt
1448 644 1714 698 adducta.
1735 644 1847 697 Nec
1879 646 1985 709 est,
2010 643 2165 714 quod

554 733 679 804 quis
709 749 812 804 pro
828 731 1078 787 Launoio
1091 735 1354 803 reponat,
1372 734 1554 787 solam
1571 733 1994 802 deprehensam
2011 731 2166 786 falsi-

551 822 734 875 tatem
767 837 888 875 esse
918 837 1085 891 posse
1113 837 1365 887 causam,
1392 821 1464 874 ob
1482 838 1656 891 quam
1670 821 1850 892 quide
1883 819 2166 874 Breviario

553 913 937 979 expungatur.
969 909 1030 963 Id
1058 909 1212 962 enim
1245 925 1433 964 avero
1474 908 1726 963 alienum
1760 926 1877 963 non
1926 909 2168 963 obscure

552 996 765 1050 fatetur
793 997 1042 1068 ipsemet
1070 997 1357 1050 Launoius
1381 996 1438 1050 in
1486 1013 1586 1050 sua
1613 997 1683 1051 de
1714 1015 1850 1052 vera
1877 1014 2047 1051 causa
2080 1013 2167 1050 se-

552 1101 751 1138 cessus
773 1084 830 1138 S.
859 1085 1216 1140 Brunonisin
1244 1102 1510 1139 eremum
1530 1086 1947 1140 Dissertatione
1975 1102 2101 1156 cap.
2138 1088 2168 1138 ὕ

552 1171 612 1226 in
670 1173 1037 1227 conclusione
1080 1174 1158 1228 sic
1209 1173 1496 1229 scribens:
1534 1197 1560 1224 (ι
1600 1173 1726 1228 Alia
1769 1175 1928 1228 nulla
1980 1174 2172 1245 potior

551 1276 720 1314 causa
743 1261 793 1332 (e
829 1262 1118 1316 Breviario
1148 1262 1366 1316 scilicet
1391 1262 1532 1333 quid
1550 1262 1940 1333 expungendi)
1991 1263 2172 1315 eccle-

551 1348 792 1403 siasticis
811 1350 1197 1418 praescribitur
1225 1350 1458 1421 regulis,
1488 1367 1662 1421 quam
1691 1350 2048 1420 deprehensa
2069 1350 2175 1404 fal-

551 1437 686 1492 sitas
735 1461 761 1488 «
796 1438 1012 1502 Quibus
1031 1439 1220 1493 verbis
1247 1455 1379 1492 cum
1413 1439 1691 1505 afﬁrmet,
1724 1439 2014 1510 potiorem
2067 1439 2173 1492 fal-

550 1526 715 1581 sitate
730 1527 1048 1598 quidquam
1072 1545 1102 1582 e
1118 1527 1407 1582 Breviario
1422 1527 1787 1598 expungendi
1804 1544 2035 1581 causam
2055 1544 2171 1582 non

552 1615 697 1682 dari,
731 1615 905 1670 aliam
956 1617 1153 1687 utique
1187 1617 1309 1670 dari
1351 1619 1632 1686 prmterea
1672 1632 1839 1686 posse
1885 1617 2166 1687 agnoscit.

2265 467 2576 537 scripsisse,
2612 471 2674 520 ut
2703 484 2769 520 ex
2799 466 2923 537 ejus
2967 465 3193 519 silentio
3218 464 3594 536 mquipollens
3621 463 3891 516 afﬁrma-

2267 555 2408 610 tioni
2442 555 2588 609 ratio
2609 555 2880 622 ducatur;
2916 553 3125 608 deinde
3154 554 3342 608 nullos
3357 569 3478 606 esse
3502 551 3784 606 Brunonis
3802 553 3896 604 vel

2269 644 2420 698 Petri
2435 642 2820 698 Cluniacensis
2836 644 3105 714 aequales,
3124 657 3468 712 supparesve
3501 639 3898 710 auctores,qui

2259 733 2399 786 huic
2430 732 2501 786 de
2541 731 2796 786 doctoris
2852 731 3101 786 anastasi
3136 730 3389 784 historiae
3423 728 3893 800 patrocinentur.

2270 820 2419 884 Quin
2453 820 2628 874 etiam
2648 819 2846 874 unicus
2875 819 3178 874 Guibertus
3231 818 3408 880 abbas
3445 818 3517 872 de
3566 816 3895 887 Novigento

2269 909 2581 981 productus
2607 907 2666 962 id
2697 909 2892 975 habet,
2941 907 3098 980 quod
3127 909 3186 962 et
3211 909 3509 977 sumptum
3553 922 3621 959 ex
3659 903 3896 958 silentio

2270 997 2425 1053 Petri
2448 997 2792 1052 Cluniacesis
2819 999 3230 1066 argumentum
3261 995 3440 1049 solide
3477 993 3806 1058 conﬁrmat,
3837 994 3900 1046 et

2273 1103 2510 1140 onmem
2529 1085 2799 1140 institutae
2828 1084 3318 1140 Carthusiensium
3341 1082 3638 1154 religionis
3657 1097 3897 1135 causam

2276 1174 2524 1228 dilucide
2558 1174 2810 1246 exponit.
2835 1196 2862 1222 ››
2915 1174 3027 1227 Nec
3052 1172 3144 1227 hic
3187 1171 3526 1243 quidquam,
3552 1169 3709 1242 quod
3743 1169 3898 1224 hanc

2277 1263 2512 1317 Launoii
2544 1263 2974 1317 conclusionem
2997 1264 3234 1328 evertat,
3259 1260 3668 1314 Carthusianus
3699 1261 3904 1312 noster

2277 1368 2665 1423 anonymmus
2695 1351 2946 1421 reponit.
2978 1352 3190 1404 Etvero
3206 1351 3353 1404 hanc
3381 1352 3662 1420 quantum
3691 1347 3766 1401 ad
3783 1346 3902 1418 pri-

2277 1457 2463 1505 mum,
2497 1440 2653 1511 quod
2693 1440 3112 1510 complectitur,
3148 1437 3373 1492 veritati
3418 1453 3540 1490 esse
3577 1435 3897 1500 dissonam,

2276 1529 2434 1582 nullu
2451 1546 2516 1582 ex
2543 1528 2728 1599 capite
2761 1529 3171 1599 apparet.Cum
3204 1526 3362 1580 enim
3405 1525 3713 1596 scriptores
3753 1523 3906 1578 anti-

2273 1617 2391 1688 qui,
2420 1633 2664 1671 numero
2697 1634 2833 1670 sane
2867 1632 2984 1671 non
3009 1615 3195 1686 pauci,
3223 1631 3365 1686 quos
3395 1612 3753 1668 Launoiusin
3768 1627 3899 1666 rem

624 1706 746 1759 314.
773 1703 884 1758 Sed
908 1705 1047 1774 quid
1071 1720 1244 1774 porro
1277 1704 1563 1760 Launoius
1609 1721 1639 1758 e
1685 1705 1994 1758 citatorum
2036 1722 2070 1758 a
2108 1722 2166 1759 se
2195 1699 2244 1758 B
2270 1722 2432 1759 suam
2478 1705 2690 1771 citavit,
2758 1705 3090 1760 Parisiensis
3150 1702 3422 1774 prodigii,
3464 1718 3564 1757 seu
3615 1702 3891 1755 luctuosae

548 1796 848 1846 auctorum
894 1793 1121 1846 silentio
1168 1796 1372 1863 pergat
1427 1793 1790 1858 concludere,
1840 1792 2162 1848 audiam‘us.

552 1902 582 1930 ‹‹
608 1881 865 1934 Tertium
898 1902 924 1929 ››
959 1883 1063 1946 est,
1097 1880 1305 1951 inquit,
1351 1903 1378 1930 «
1415 1880 1569 1952 quod
1600 1882 1789 1935 Bruno
1831 1881 2166 1935 Parisiensis

547 1970 851 2040 theologus
877 1969 1652 2040 fuerit,sehnlasqueLutetiee
1681 1969 1990 2041 aliquando
2010 1987 2168 2025 rexe-

547 2057 644 2123 rit,
675 2073 839 2126 posse
853 2057 1040 2110 adhuc
1069 2073 1137 2111 ex
1155 2056 1450 2111 nocturnis
1470 2057 1620 2112 illius
1637 2057 1844 2126 vigiliis
1878 2058 2024 2125 tolli,
2047 2074 2165 2113 non

548 2145 735 2198 solum
767 2145 901 2216 quia
913 2149 1172 2199 veterum
1188 2149 1489 2199 auctorum
1505 2162 1679 2200 nemo
1697 2147 2027 2201 Brunonem
2044 2163 2166 2201 ma-

549 2232 793 2304 gistrum
841 2233 1222 2288 Parisiensem
1263 2234 1484 2300 fecerit,
1546 2235 1633 2288 vel
1669 2235 1891 2288 scholas
1932 2235 2167 2289 Lutetiae

548 2320 758 2375 rexisse
793 2321 1019 2388 dixerit,
1056 2322 1137 2376 uti
1198 2321 1470 2388 vidimus,
1511 2323 1612 2376 sed
1642 2323 1820 2377 etiam
1851 2323 1988 2394 quia
2034 2327 2168 2378 ante

545 2409 831 2463 Brunonis
857 2413 1089 2464 aetatem
1137 2413 1350 2465 statum
1401 2410 1574 2464 fuisse
1605 2410 1832 2464 Parisiis
1861 2411 2168 2482 theologiee

545 2498 820 2564 studium,
851 2501 1023 2570 atque
1055 2499 1131 2552 ibi
1187 2499 1587 2569 magisterium
1620 2499 1674 2552 in
1709 2499 2002 2571 theologia
2045 2500 2168 2554 dari

546 2585 800 2652 solitum,
833 2586 919 2639 vix
938 2587 1302 2656 probaretur.
1339 2609 1365 2636 »
1404 2587 1568 2650 Quod
1603 2587 1677 2640 ad
1708 2587 1830 2640 haec
1857 2588 2171 2658 respondet

548 2673 959 2728 Carthusianus
1013 2677 1212 2728 noster
1253 2691 1602 2745 anonymus,
1638 2674 1848 2728 nullius
1884 2675 2169 2729 momenti

546 2764 659 2830 est;
686 2779 874 2834 neque
907 2762 1061 2816 enim
1095 2764 1333 2829 Bulaeus,
1366 2766 1426 2816 ut
1448 2763 1546 2829 ait,
1575 2763 1810 2817 Lutetiae
1857 2764 2168 2835 aliquando

543 2852 829 2906 studuisse
868 2853 1204 2924 scholasque
1229 2853 1440 2906 rexisse
1470 2853 1822 2919 Brunonem,
1859 2853 2168 2908 auctorita-

546 2939 696 2994 tibus
717 2941 1213 3012 argumentisque,
1235 2959 1362 3013 quae
1381 2941 1926 3007 adducit,ullatenus
1939 2941 2166 2995 evincit.

546 3029 654 3084 Res
679 3029 860 3102 liquet
873 3047 938 3084 ex
963 3047 1136 3100 supra
1161 3030 1347 3096 dictis,
1369 3047 1436 3083 ac
1452 3030 1740 3100 prmcipue
1773 3047 1841 3084 ex
1870 3029 2172 3100 iis,quibus

547 3117 881 3173 Brunonem
929 3118 1167 3173 Parisiis
1228 3118 1662 3173 verosimillime
1719 3134 2019 3189 nunquam
2067 3117 2168 3172 do-

545 3208 748 3274 cuisse,
775 3205 1131 3277 dubiumque
1164 3206 1341 3260 etiam
1373 3222 1519 3272 esse,
1551 3222 1625 3259 an
1657 3205 1874 3260 ibidem
1913 3221 2171 3276 unquam

547 3295 850 3362 studuerit,
886 3294 1266 3348 ostendimus.
1306 3293 1558 3348 Launoio
1607 3293 1821 3364 itaque,
1857 3292 1914 3347 S.
1959 3294 2173 3348 Brun0~

548 3400 684 3437 nem
718 3399 824 3437 nec
865 3384 1203 3454 theologum
1256 3382 1483 3437 Parisiis
1534 3382 1728 3449 fuisse,
1788 3399 1893 3436 nec
1951 3383 2170 3437 scholas

547 3471 766 3527 ibidem
787 3472 1018 3537 rexisset
1047 3471 1420 3526 contendenti
1455 3471 1734 3542 refragari
1765 3489 1882 3526 non
1914 3487 2166 3542 possum.

547 3562 822 3616 Attamen
840 3560 930 3615 hic
946 3561 1190 3632 scriptor
1222 3577 1531 3632 perperam
1560 3560 1619 3614 in
1651 3559 1889 3615 dubium
1916 3563 2166 3626 revocat,

548 3665 623 3702 an
645 3651 779 3702 ante
819 3649 1000 3703 sancti
1028 3647 1208 3705 nostri
1239 3652 1472 3703 {etatem
1513 3651 1729 3702 statum
1754 3647 1980 3704 Parisiis
2002 3648 2167 3703 theo-

546 3745 715 3818 logiae
743 3745 997 3802 studium
1023 3747 1237 3815 fuerit;
1275 3747 1378 3801 etsi
1412 3746 1569 3802 enim
1611 3750 1749 3801 tunc
1798 3745 2014 3801 ibidem
2041 3762 2166 3800 ma-

547 3836 845 3907 gisterium
897 3837 957 3891 in
1004 3837 1298 3908 theologia
1325 3836 1534 3908 (neque
1568 3836 1727 3890 enim
1759 3834 1951 3889 usitati
1990 3835 2165 3889 modo

546 3926 608 3980 in
637 3926 1107 3980 universitatibus
1144 3925 1358 3995 gradus
1388 3923 1592 3978 diversi
1627 3923 1931 3993 excogitati
1980 3923 2166 3977 adhuc

546 4012 799 4082 fuerant)
833 4012 959 4066 dari
1007 4028 1125 4066 non
1173 4011 1431 4077 soluerit,
1469 4013 1621 4064 artes
1661 4013 1862 4064 tamen
1904 4009 2166 4064 liberales

548 4099 854 4171 omnisque
881 4099 1112 4170 generis
1131 4098 1382 4153 scientiae
1417 4099 1816 4164 tradebantur,
1860 4097 2164 4152 celeberri-

549 4204 759 4260 maque
794 4205 858 4242 ac
882 4187 1293 4242 florentissima
1314 4187 1440 4258 jam
1458 4189 1583 4240 tum
1615 4186 1948 4241 Parisiensis
1972 4185 2166 4240 civitas

2201 2989 2248 3048 C

2267 1794 2528 1847 damnati
2551 1793 2800 1848 doctoris
2829 1793 3080 1847 historia:
3095 1791 3360 1863 nuspiam
3377 1789 3896 1861 meminerint,qua

2266 1882 2520 1936 veritatis
2549 1882 2760 1954 specie}
2777 1898 2899 1936 esse
2928 1881 3078 1935 hanc
3104 1880 3257 1950 apud
3284 1895 3487 1934 omnes
3508 1879 3774 1949 antiquos
3799 1895 3894 1932 ra-

2266 1974 2408 2038 tam,
2439 1972 2615 2043 possit
2629 1969 2969 2024 asseverari?
2989 1969 3157 2032 Quod
3172 1971 3365 2023 autem
3382 1967 3454 2022 ad
3479 1967 3633 2022 Petri
3656 1966 3892 2020 Clunia-

2266 2060 2450 2115 censis
2479 2063 2536 2113 et
2561 2059 2812 2114 Guiberti
2843 2058 3132 2112 silentium
3175 2057 3446 2128 pertinet,
3470 2055 3586 2108 vim
3610 2055 3891 2126 aliquam,

2269 2165 2388 2203 non
2408 2152 2631 2214 tamen,
2653 2164 2827 2220 quam
2843 2146 3126 2201 Launoius
3139 2145 3456 2210 contendit,
3474 2143 3740 2199 formatis
3755 2142 3895 2196 inde

2271 2236 2630 2308 argumentis
2649 2235 2926 2306 negativis
2939 2235 3325 2304 inesse,supra
3340 2232 3588 2288 ostendi.
3609 2230 3896 2285 Launoius

2271 2325 2527 2379 interim.
2563 2324 2713 2379 Petri
2749 2322 3139 2378 Cluniacensis
3167 2323 3236 2376 de
3271 2321 3603 2393 prodigiosa
3641 2319 3896 2374 doctoris

2273 2413 2520 2468 anastasi
2554 2413 2842 2466 silentium
2879 2435 2904 2461 «
2937 2428 3040 2483 per
3071 2413 3331 2465 auctores
3355 2409 3622 2480 antiquos
3663 2412 3722 2463 et
3742 2407 3896 2462 illius

2271 2504 2573 2574 plerosque
2591 2501 2888 2574 temporis,
2906 2517 3016 2571 quo
3045 2516 3137 2552 res
3153 2501 3314 2569 gesta
3333 2497 3601 2563 traditur,
3624 2513 3740 2551 non
3765 2512 3898 2566 sup-

2271 2592 2480 2662 pleri,»
2517 2591 2723 2644 merito
2739 2591 3012 2644 afﬁrmat.
3030 2588 3183 2652 Quos
3205 2587 3358 2641 enim
3383 2586 3688 2656 scriptores
3699 2585 3894 2654 hujus-

2272 2680 2428 2734 modi
2475 2680 2819 2751 Raynaudus
2862 2675 3135 2742 laudavit,
3172 2693 3238 2730 ex
3262 2676 3574 2746 Polycarpo
3608 2674 3679 2728 de
3712 2674 3768 2726 la
3801 2673 3895 2726 Ri-

2270 2768 2424 2822 viere
2443 2767 2715 2833 laudavit,
2730 2783 2905 2838 quam
2923 2766 3090 2818 malae
3104 2765 3162 2818 in
3193 2763 3346 2818 hisce
3367 2761 3743 2817 obtrudendis
3754 2761 3891 2815 ﬁdei

2272 2857 2569 2922 exstitisse,
2595 2855 2877 2910 Launoius
2893 2852 3212 2919 contendit,
3243 2851 3530 2922 taciteque
3557 2848 3893 2905 Columbius

2273 2950 2330 3000 et
2360 2949 2489 3016 post
2526 2945 2680 2998 hunc
2711 2943 2823 3015 (adi
2860 2959 3022 2997 num.
3074 2944 3192 3012 196)
3223 2939 3646 3012 Papebrochius
3684 2941 3887 2992 noster

2273 3037 2613 3106 agnoscunt.

2345 3125 2500 3178 316.‹‹
2513 3121 2821 3185 Quintum»
2843 3121 2927 3174 est
2957 3118 3126 3189 (itain
3144 3113 3726 3173 conclusionibussuis
3757 3131 3888 3185 per-

2273 3209 2662 3282 gitLaunoius)
2681 3233 2705 3259 ‹‹
2725 3207 3134 3263 didascalicum
3147 3206 3489 3277 scriptorem
3519 3221 3636 3258 non
3668 3203 3805 3256 satis
3823 3219 3891 3256 ac

2273 3303 2467 3354 curate
2490 3297 2860 3369 perpendisse
2873 3297 2958 3350 vel
2975 3298 3130 3350 certe
3151 3295 3536 3349 dissimulasse
3549 3292 3749 3348 omnia
3770 3308 3892 3345 mo-

2273 3390 2473 3442 menta
2505 3386 2781 3458 epistolae,
2831 3401 3007 3456 quam
3069 3401 3136 3437 ex
3178 3383 3388 3454 Apulia
3423 3383 3564 3454 (imo
3603 3380 3889 3451 Calabria)

2271 3477 2459 3531 Bruno
2473 3474 3260 3545 adRadulphumRemensem
3274 3471 3649 3542 praepositum
3664 3468 3863 3522 misit..
3874 3508 3888 3522 .

2270 3566 2487 3620 Deinde
2501 3581 2618 3619 non
2646 3564 2835 3618 minus
2873 3563 3188 3625 aberrasse,
3223 3576 3356 3614 cum
3401 3558 3614 3624 docuit,
3651 3559 3890 3612 Petrum

2267 3654 2669 3709 Venerabilem
2694 3652 2822 3706 ideo
2837 3651 3226 3722 spectaculum
3249 3650 3641 3703 memoratum
3654 3662 3773 3700 non
3804 3662 3892 3699 re-

2269 3742 2574 3807 censuisse,
2605 3740 2758 3811 quod
2773 3757 2842 3794 ea
2865 3743 3092 3794 tantum
3123 3737 3423 3801 miracula,
3451 3752 3580 3808 quae
3611 3750 3712 3789 suo
3735 3736 3888 3788 tem-

2267 3847 2407 3902 pore
2422 3828 2805 3899 contigerant,
2829 3843 3127 3881 recensere
3160 3825 3468 3881 statuisset.
3504 3823 3673 3888 Quasi
3690 3823 3891 3876 Petrus

2267 3918 2386 3990 ipse
2420 3917 2710 3987 conceptis
2725 3917 2913 3970 verbis
2929 3932 3045 3969 non
3060 3915 3246 3968 afﬁrm
3255 3909 3782 3979 aret,Carthusiens.i
3791 3927 3891 3964 um

2268 4007 2534 4062 ordinem
2555 4005 2726 4059 fuisse
2753 4021 2854 4059 suo
2876 4007 3138 4073 tempore
3175 4002 3523 4056 institutum.
3548 4021 3575 4050 »
3629 3999 3717 4053 Ad
3767 3999 3888 4053 haec

2268 4096 2676 4152 Carthusianus
2707 4096 2902 4148 noster
2939 4108 3263 4162 anonymus
3294 4091 3374 4145 ita
3396 4089 3625 4161 reponit
3650 4104 3664 4142 :
3701 4088 3886 4154 Certe,

2267 4184 2422 4256 quod
2442 4184 2533 4238 hic
2551 4182 2828 4237 Saussaeio
2863 4181 3147 4235 Launoius
3176 4180 3504 4251 exprobrat,
3546 4178 3602 4232 id
3629 4177 3805 4231 etiam
3836 4176 3889 4230 ei

546 4277 836 4349 gaudebat
859 4276 1176 4343 academia,
1199 4275 1287 4330 cui
1302 4275 1374 4330 ad
1401 4274 2166 4345 universitatissplendorem
2191 4279 2242 4336 D
2269 4272 2454 4344 magis
2464 4273 2618 4342 juste
2649 4270 2983 4342 exprobrari
3008 4272 3216 4340 potest.
3235 4269 3378 4322 Nam
3406 4267 3449 4321 si
3471 4268 3734 4321 accurate
3766 4265 3889 4318 haec

546 4363 689 4419 nihil
719 4365 842 4419 fere
873 4368 1085 4435 praeter
1117 4380 1334 4419 nomen
1371 4364 1588 4431 deerat,
1617 4363 1701 4417 uti
1733 4363 2004 4434 probant,
2039 4379 2166 4434 qua;

546 4452 806 4509 Historia:
827 4453 1119 4508 litterarne
1141 4452 1391 4508 Francia:
1423 4451 1727 4523 scriptores
1742 4455 1886 4507 tom.
1908 4452 1999 4505 Vll
2029 4467 2164 4522 pag.

549 4544 652 4596 102
673 4544 732 4595 et
761 4559 922 4613 seqq.
960 4541 1188 4596 docent.
1231 4541 1508 4606 Quartam
1540 4541 1716 4596 modo
1749 4539 1990 4594 Launoii
2035 4555 2170 4595 con-

544 4630 825 4685 clusinem
857 4630 1275 4685 examinemus.

617 4722 740 4775 315.
769 4718 1137 4786 «Quartum,»
1163 4717 1532 4790 inquit,quod
1552 4735 1619 4772 ex
1658 4717 2026 4772 laudatorum
2062 4733 2164 4770 an-

542 4808 838 4881 tiquorum
873 4807 1099 4862 silentio
1127 4807 1406 4878 sequitur,
1443 4809 1530 4862 est
1559 4829 1585 4856 ‹‹
1611 4823 1644 4860 a
1667 4805 1983 4876 Theophila
2027 4805 2168 4875 Bay-

540 4897 734 4955 naudo
767 4913 1074 4968 perperam
1101 4899 1403 4962 assertum,
1430 4911 1560 4949 eam
1583 4895 1653 4950 de
1677 4894 1888 4965 triplici
1918 4892 2168 4949 doctoris

541 4987 791 5043 anastasi
821 4985 1242 5052 narrationem,
1275 5001 1402 5056 qua“:
1444 4985 1775 5038 Brunonem
1809 4982 1868 5036 in
1902 4997 2167 5037 eremum

541 5075 816 5147 exegerit,
845 5075 999 5146 apud
1032 5075 1302 5145 antiquos
1333 5089 1538 5127 omnes
1551 5073 1738 5125 ratam
1769 5087 1927 5138 esse;
1957 5069 2167 5125 deinde

539 5165 683 5221 falso
697 5174 928 5236 quoque
942 5163 1227 5230 additum,
1248 5185 1276 5212 «
1295 5161 1450 5233 quod
1466 5159 1760 5214 silentium
1775 5159 1928 5213 Petri
1945 5157 2168 5214 Clunia-

543 5277 572 5306 «
603 5253 788 5310 censis
813 5253 884 5307 de
917 5251 1248 5323 prodigiosa
1281 5249 1533 5305 doctoris
1549 5247 1796 5302 anastasi
1825 5250 1882 5301 et
1907 5247 2165 5302 indeim-

543 5364 571 5392 »
605 5344 770 5414 pulso
800 5341 876 5396 ad
899 5340 1273 5394 solitudinem
1305 5340 1573 5394 Brunone
1602 5337 1874 5408 supplent
1907 5338 2168 5390 auctores

540 5452 569 5481 ››
600 5429 928 5501 perantiqui
955 5427 1174 5483 etillius
1191 5429 1449 5501 plerique
1461 5425 1881 5498 temporis,quo
1894 5441 1986 5479 res
2006 5427 2169 5495 gesta

541 5537 574 5571 ι
605 5517 927 5589 proditur.»
945 5515 1248 5587 Siquidem
1261 5517 1500 5587 planum
1517 5514 2021 5583 fecimus,Petrum
2035 5511 2163 5568 Clu-

2268 4361 2445 4414 verba
2473 4359 2889 4430 perpendisset,
2924 4358 3129 4430 quibus
3155 4359 3386 4411 sanctus
3434 4357 3624 4410 Bruno
3675 4353 3891 4407 fatetur

2268 4452 2398 4521 post
2425 4451 2624 4502 votum
2655 4447 2930 4502 emissum
2960 4444 3517 4500 «intervenientibus
3549 4442 3732 4497 causis
3747 4441 3890 4496 divi-

2271 4557 2299 4585 »
2328 4553 2469 4590 num
2500 4551 2762 4590 amorem
2781 4533 3458 4605 elanguisse,refriguisse
3489 4529 3892 4596 animum,fer-

2271 4646 2299 4674 »
2328 4640 2637 4694 voremque
2669 4622 2988 4690 evanuisse;
3021 4643 3047 4670 »
3068 4624 3126 4675 et
3157 4639 3225 4676 ea
3250 4619 3487 4692 sequiori
3505 4617 3709 4690 judicii
3727 4619 3889 4672 lance

2268 4730 2400 4768 cum
2433 4711 2764 4766 narratione
2793 4710 3044 4764 Guiberti
3061 4710 3130 4764 de
3149 4709 3465 4780 Novigento
3484 4707 3887 4771 examinasset,

2268 4819 2384 4857 non
2417 4800 2804 4865 conclusisset,
2838 4802 3101 4853 sanctum
3129 4799 3458 4852 Brunonem
3478 4799 3676 4851 votum
3698 4794 3891 4849 Remis

2269 4891 2523 4946 emisisse
2555 4893 2613 4944 et
2643 4889 2835 4944 statim
2861 4890 2991 4959 post
3018 4887 3279 4941 relictam
3306 4887 3512 4940 urbem
3542 4886 3888 4938 Remensem

2269 4981 2391 5035 sine
2417 4980 2533 5034 ulla
2553 4995 2720 5033 mora
2742 4976 3101 5032 Carthusiam
3119 4975 3368 5046 petiisse.
3392 4974 3627 5030 Constat
3642 4972 3802 5027 enim
3823 4988 3889 5026 ex

2269 5069 2528 5140 superius
2555 5065 2767 5121 anobis
2796 5066 2919 5119 fuse
2943 5064 3218 5135 probatis,
3251 5067 3515 5118 sanctum
3557 5063 3886 5115 Brunonem

2269 5174 2387 5212 non
2405 5157 2511 5210 nisi
2540 5159 2667 5210 octo
2689 5157 2818 5225 post
2837 5151 3029 5207 Remis
3049 5169 3341 5207 excessum
3362 5150 3599 5206 annisin
3627 5165 3886 5204 eremum

2269 5243 2670 5309 abiisse.Quod
2682 5245 2876 5296 autem
2898 5244 3122 5313 spectat
3148 5244 3380 5295 aetatem
3394 5239 3886 5295 PetriCluniacen-

2267 5335 2363 5401 sis,
2394 5332 2615 5404 liquido
2650 5331 2828 5385 etiam
2861 5328 3402 5395 demonstravimus,
3435 5326 3702 5382 ordinem
3728 5325 3886 5382 insti-

2267 5425 2457 5478 tutum
2471 5420 2644 5476 fuisse
2661 5419 2936 5490 pluribus,
2970 5422 3284 5490 antequam
3300 5418 3418 5488 ipse
3434 5417 3615 5472 abbas
3626 5431 3887 5470 nascere-

2265 5515 2382 5580 tur,
2415 5509 2603 5576 annis,
2635 5523 2885 5580 eumque
2908 5507 3050 5564 nihil
3075 5507 3145 5562 de
3173 5505 3462 5563 miraculis
3480 5505 3635 5577 apud
3658 5505 3891 5562 Carthu-
