4026 6042
313 262 426 321 189

1894 258 2073 320 ACTA

3549 272 3651 328 190

312 387 535 447 sienses
562 384 801 458 patratis
830 385 1123 459 scripsisse
1139 389 1350 459 praeter
1373 389 1653 458 quasdam
1673 388 1936 455 visiones,
1961 390 2018 450 Α
2038 384 2258 443 feretro
2310 386 2628 443 astantibus
2684 383 3059 457 denuntiarit,
3093 388 3410 447 Parisiense
3450 392 3648 465 prodi-

315 475 551 530 cuidam
596 474 762 529 fratri
794 491 1071 529 converso
1103 474 1280 530 factas
1310 475 1462 531 circa
1489 480 1774 550 tempora,
1810 476 1935 548 qui-

317 564 427 618 bus
455 579 599 634 opus
628 580 795 617 suum
832 563 903 618 de
934 563 1224 618 miraculis
1249 564 1449 632 edidit,
1502 565 1561 620 id
1615 568 1720 632 est,
1764 564 1936 620 annis

316 652 441 706 fere
493 651 858 723 septuaginta
886 654 1016 723 post
1066 651 1487 709 institutionem
1522 654 1760 709 ordinis.
1796 653 1936 707 Hinc

314 740 501 796 lector
521 739 762 811 judicet,
794 739 839 794 si
874 743 1138 795 accurate
1181 740 1465 797 Launoius
1499 742 1652 796 Petri
1709 741 1934 797 Clunia-

314 828 505 883 eensis
533 829 709 883 verba
758 828 1100 900 perpendat,
1136 844 1268 883 cum
1303 830 1522 898 asserit,
1567 831 1834 886 ordinem
1874 828 1937 884 il-

310 917 425 973 lius
466 919 638 973 aetate
665 916 1013 972 institutum.
1075 916 1188 973 Sed
1234 918 1352 990 'pro
1389 919 1643 975 Launoio
1690 922 1935 992 reponet

315 1005 468 1078 quis,
504 1008 744 1062 Petrum
775 1006 1179 1061 Venerabilem
1211 1008 1502 1079 conceptis
1557 1008 1741 1063 verbis
1771 1008 1828 1063 id
1853 1008 1934 1063 af-

313 1094 575 1166 ﬁrmare.
603 1096 751 1150 Nam
783 1095 861 1149 sic
890 1095 1148 1166 loquitur
1188 1096 1460 1168 praefatus
1498 1097 1672 1151 abbas
1702 1114 1714 1152 :
1748 1119 1777 1148 ‹‹
1799 1096 1928 1152 Ser-

316 1208 346 1235 ‹‹
379 1189 545 1239 vatur
564 1184 625 1239 in
654 1183 1629 1256 Burgundiaapartibus...professio
1662 1186 1930 1259 quaedam

318 1294 348 1322 ‹‹
380 1272 644 1327 instituta
673 1275 870 1328 nostro
895 1274 1185 1344 tempore.
1217 1295 1244 1322 ››

389 1360 514 1418 317,
526 1362 767 1417 «Verum
784 1362 1017 1430 est,haec
1031 1363 1203 1418 verba
1215 1380 1337 1418 esse
1353 1363 1632 1431 Petri,sed
1646 1367 1934 1419 verumest

313 1450 519 1518 etiam,
554 1451 711 1523 quod
731 1451 854 1506 haec
877 1451 1172 1522 scripserit
1211 1452 1578 1525 septuaginta
1610 1453 1776 1507 annis
1802 1456 1933 1524 post

313 1539 579 1595 damnati
605 1539 858 1595 hominis
869 1542 1281 1611 spectaculum;
1305 1558 1411 1596 nec
1446 1541 1739 1596 modicum
1781 1541 1932 1596 istud

313 1631 401 1683 est
424 1628 706 1701 temporis
735 1628 1124 1697 intervallum,
1161 1629 1280 1685 imo
1312 1647 1721 1702 permagnum,
1752 1631 1928 1703 quod,

297 1718 524 1788 junctis
554 1718 741 1784 variis,
774 1718 978 1790 quibus
994 1719 1220 1775 ratione
1236 1719 1405 1775 ofﬁcii
1424 1719 1808 1788 detinebatur,
1834 1737 1931 1775 ne-

303 1806 501 1878 gotiis,
534 1806 669 1861 satis
710 1806 997 1861 sufﬁciens
1027 1807 1155 1876 fuit,
1213 1824 1452 1863 omnem
1479 1809 1550 1863 ab
1582 1808 1705 1879 ejus
1731 1809 1927 1867 animo

306 1896 446 1951 dicti
458 1896 763 1968 spectaculi
782 1896 1246 1952 recordationem
1259 1897 1655 1963 anferre,sicut
1675 1900 1732 1953 et
1744 1898 1931 1953 abstu-

303 1985 370 2040 lit
389 1984 857 2040 recordationem
875 1987 1192 2041 multornm
1206 1984 1686 2054 mirabilinm,sua
1704 1989 1873 2041 aetate
1894 2004 1927 2042 a

304 2074 443 2129 viris
458 2073 828 2129 sanctissimis
843 2077 964 2129 tam
981 2074 1039 2129 in
1056 2074 1260 2130 ordine
1275 2092 1583 2148 suo,qnam
1607 2075 1665 2130 in
1680 2075 1804 2130 aliis
1820 2076 1924 2130 Ec-

301 2163 490 2219 clesia:
523 2164 822 2219 ordinibus
850 2166 1169 2235 gestorum.
1204 2186 1232 2214 ››
1298 2165 1413 2219 Etsi
1460 2164 1760 2237 negativis,
1796 2181 1924 2237 quae

300 2268 371 2306 ex
396 2251 697 2324 ipsiusmet
723 2251 782 2307 S.
814 2252 1095 2307 Brunonis
1117 2253 1176 2308 in
1208 2253 1420 2324 scripta
1446 2253 1520 2308 ad
1556 2253 1922 2324 Radulphum

306 2340 567 2396 Viridem
596 2339 840 2412 epistola
869 2345 927 2396 et
957 2341 1111 2396 Petri
1137 2341 1496 2397 Venerabilis
1524 2342 1596 2397 de
1625 2341 1920 2414 prodigio-

300 2446 367 2484 sa
398 2429 654 2484 doctoris
682 2429 930 2484 anastasi
960 2430 1186 2486 silentio
1216 2434 1515 2504 petuntur,
1561 2431 1921 2503 argumentis

296 2518 381 2573 vis
412 2522 598 2587 tanta,
635 2523 915 2591 quantam
948 2520 1029 2574 eis
1058 2524 1179 2574 tum
1223 2536 1414 2591 supra,
1446 2524 1571 2575 tum
1602 2520 1695 2575 hic
1717 2520 1776 2576 in
1807 2521 1921 2576 suis

293 2608 765 2663 conclusionibus
791 2608 1078 2663 Launoius
1094 2609 1375 2677 attribuit,
1406 2609 1744 2681 neutiquam
1758 2626 1918 2664 com-

293 2698 480 2767 petat,
509 2696 750 2751 omnino
784 2699 984 2751 tamen
1015 2697 1116 2752 illa
1152 2713 1269 2752 non
1304 2714 1425 2752 esse
1459 2697 1716 2765 inﬁrma,
1746 2714 1917 2752 acro-

301 2785 451 2840 bore
479 2784 770 2852 destituta,
805 2801 978 2856 supra
1009 2785 1261 2855 ostendi,
1280 2802 1385 2840 nec
1401 2784 1917 2841 contrariumevin-

292 2876 458 2940 cunt,
487 2890 614 2946 qua“:
628 2873 721 2928 hic
743 2872 1154 2929 Carthusianus
1176 2878 1375 2930 noster
1404 2891 1729 2946 anonymus
1771 2875 1915 2931 Lau-

292 2961 432 3016 noio
466 2962 715 3033 reponit.
750 2962 865 3017 Etsi
892 2963 1073 3029 enim,
1092 2965 1330 3018 Petrum
1346 2980 1466 3018 non
1483 2967 1617 3019 ante
1633 2964 1855 3036 elapsos
1882 2980 1916 3018 a
1940 2994 1986 3052 Ο

293 3051 601 3107 Parisiensi
624 3051 891 3124 prodigio
924 3052 1290 3125 septuaginta
1344 3070 1525 3108 annos
1551 3070 1668 3108 suae
1700 3053 1772 3108 de
1802 3053 1912 3108 mi-

294 3139 507 3194 raculis
534 3140 919 3194 lucubrationi
954 3157 1195 3195 manum
1223 3140 1565 3208 admovisse,
1602 3141 1789 3209 detur,
1804 3141 1913 3196 hoc

294 3231 500 3283 tamen
513 3228 586 3283 ab
600 3228 925 3301 illo,utpote
938 3229 1035 3300 qui
1055 3232 1190 3284 tunc
1204 3229 1261 3284 in
1275 3230 1654 3296 miracula,ad
1672 3230 1911 3286 Carthu-

295 3315 549 3371 siensem
564 3316 1376 3389 ordinemspectantia,sedulo
1393 3335 1457 3373 ex
1473 3317 1914 3390 dictisinquisie-

295 3404 394 3470 rit,
428 3405 517 3459 vel
548 3421 616 3460 ex
645 3404 1033 3476 ignoratione,
1066 3406 1153 3460 vel
1185 3422 1252 3460 ex
1265 3407 1565 3461 memoriae
1596 3407 1758 3478 lapsu
1770 3422 1915 3478 pra:-

291 3493 647 3549 termissuin,
666 3493 1075 3565 fuisse,parum
1093 3493 1419 3549 verosimile
1437 3494 1817 3566 apparet.Nec
1828 3511 1915 3549 re-

287 3580 424 3647 fert,
450 3580 565 3635 alia
594 3581 771 3636 etiam
788 3581 1151 3649 miracula,et
1167 3582 1400 3653 quidem
1415 3598 1543 3653 quae
1559 3584 1616 3636 et
1628 3584 1799 3636 aetate
1813 3599 1914 3636 sua

294 3672 353 3723 et
383 3669 444 3724 in
467 3669 671 3725 ordine
713 3687 816 3725 suo
843 3674 1006 3742 gesta
1018 3675 1229 3739 essent,
1261 3670 1488 3725 silentio
1523 3670 1912 3725 venerabilem

290 3758 638 3828 scriptorem
669 3758 1033 3830 praeteriisse.
1081 3759 1223 3815 Cum
1247 3759 1427 3827 enim,
1456 3761 1519 3813 ut
1533 3758 1908 3827 verbis,nnm.

290 3848 395 3901 893
409 3847 522 3901 huc
534 3847 1163 3920 transcriptis,ipsemet
1173 3846 1482 3916 indicat,ea
1491 3864 1791 3902 recensere
1806 3847 1914 3903 mi-

288 3936 511 4002 racula,
543 3952 672 4007 qua;
718 3958 745 3986 ‹‹
767 3935 842 3990 ad
855 3935 1249 3991 roborandam
1266 3935 1445 3989 ﬁdem
1474 3935 1909 3990 etmoresinsti-

286 4022 535 4077 tuendos
556 4042 586 4073 »
631 4023 1046 4091 conducerent,
1079 4023 1439 4095 propositum
1488 4023 1594 4077 sibi
1622 4023 1907 4091 habuerit,

286 4111 571 4166 miracula
596 4112 898 4179 nonnulla,
949 4110 1126 4166 etiam
1157 4112 1231 4167 ad
1270 4112 1538 4167 ordinem
1581 4129 1747 4166 suum
1788 4129 1912 4185 spe-

287 4199 526 4267 ctantia,
562 4200 748 4271 potuit
779 4199 1073 4267 omittere,
1108 4216 1227 4255 non
1259 4199 1413 4271 quod
1444 4216 1513 4254 ea
1542 4199 1910 4271 incomperta

2038 476 2220 546 ginm,
2249 498 2275 525 ‹‹
2305 474 2353 529 si
2378 478 2676 530 revocetur
2705 475 2778 530 ad
2803 476 3022 531 natales
3054 493 3185 531 suos
3227 480 3355 546 tum
3404 479 3647 536 demum

2036 563 2293 619 revocari
2323 564 2395 619 ad
2426 564 2718 637 publicum
2743 563 2866 618 sine
2894 567 3127 620 auctore
3148 582 3504 622 rumorem.»
3538 571 3648 624 Ast

2036 656 2241 708 contra
2276 653 2444 710 illam
2475 653 2866 710 conversionis
2906 652 2964 708 S.
2992 655 3273 717 Brunonis
3301 673 3554 725 causam,
3599 658 3645 714 si

2037 742 2109 797 ad
2134 744 2355 798 natales
2382 761 2515 800 suos
2533 747 2801 799 revocata
2829 743 3021 811 fuerit,
3071 762 3191 800 non
3234 746 3307 800 ad
3349 746 3644 818 publicum

2034 831 2080 885 si
2102 831 2175 886 ad
2196 834 2415 888 natales
2438 849 2571 890 suos
2590 837 2858 889 revocata
2872 833 3066 901 fuerit,
3091 851 3209 890 non
3237 835 3311 890 ad
3349 835 3641 906 publicum

2032 918 2155 974 sine
2179 924 2412 976 auctore
2432 937 2734 976 rumorem
2753 921 2856 976 sed
2885 921 2957 976 ad
2986 921 3304 994 ipsummet
3331 922 3389 978 S.
3423 924 3645 979 Bruno-

2032 1025 2169 1063 nem
2202 1010 2437 1082 ejusque
2468 1009 2653 1066 socios
2672 1012 3003 1065 revocatum
3048 1010 3116 1065 iri
3145 1012 3465 1081 contendit,
3508 1030 3642 1086 pro-

2030 1095 2285 1169 harequc
2318 1098 2492 1153 etiam
2519 1098 2721 1153 nititur
2752 1097 3160 1153 Carthusianus
3183 1103 3381 1155 noster
3419 1116 3643 1171 anony-

2033 1202 2180 1240 mus.
2219 1210 2245 1237 ‹‹
2272 1188 2338 1243 Hi
2365 1188 2545 1256 enim,
2578 1208 2606 1237 »
2639 1186 2829 1259 inquit
2854 1187 3164 1242 Annalium
3193 1188 3411 1243 ordinis
3426 1188 3513 1244 sui
3541 1191 3642 1245 lib.

2034 1301 2087 1340 IV
2119 1281 2400 1335 hactenus
2432 1294 2550 1333 non
2577 1278 2831 1348 vulgato,
2866 1293 3028 1331 num.
3068 1278 3188 1344 124,
3230 1279 3453 1350 «probe
3472 1294 3643 1334 nove-

2033 1374 2191 1438 runt,
2217 1369 2291 1424 ob
2315 1384 2492 1440 quam
2516 1381 2748 1420 causam
2778 1368 2837 1419 et
2858 1382 2972 1436 qua
2992 1365 3220 1420 ratione
3241 1367 3462 1421 mundo
3477 1366 3643 1422 abre-

2034 1458 2375 1523 nuntiarint,
2405 1458 2464 1510 et
2494 1455 2552 1509 id
2578 1454 2792 1525 absque
2820 1453 2991 1508 dubio
3027 1453 3140 1508 suis
3170 1453 3534 1509 tradiderunt
3561 1472 3646 1510 se-

2032 1547 2330 1621 quacibus.
2359 1543 2664 1599 Neminem
2691 1558 2825 1597 vero
2848 1558 2970 1597 esse
3000 1542 3372 1611 arbitramur,
3401 1542 3497 1616 qui
3525 1543 3642 1598 vel-

2032 1639 2112 1692 let
2139 1635 2424 1692 obstinate
2444 1647 2789 1698 asseverare,
2822 1632 3084 1685 sanctum
3114 1631 3444 1687 Brunonem
3476 1633 3535 1686 et
3557 1647 3644 1686 so-

1958 1704 2010 1763 B
2030 1726 2149 1781 cios
2174 1723 2224 1793 ej
2233 1740 2297 1778 us
2324 1737 2594 1793 sequaces
2614 1735 2746 1774 suos
2765 1734 2883 1773 non
2911 1718 3478 1791 edocuisse,qualiter
3489 1722 3547 1773 et
3567 1719 3640 1774 ob

2031 1829 2208 1887 quam
2236 1826 2467 1866 causam
2500 1811 2620 1862 tam
2679 1807 2922 1862 arduum
2961 1806 3089 1860 vita:
3115 1823 3297 1879 genus
3331 1806 3641 1879 amplexati

2028 1899 2307 1965 fuissent;
2344 1899 2443 1951 aut
2468 1894 2658 1967 ipsum
2693 1893 2958 1948 ordinem
2994 1892 3643 1967 Carthusiensemigno-

2028 2005 2183 2045 rasse
2206 1985 2570 2043 oecasionem
2611 1987 2670 2037 et
2696 1999 2927 2037 causam
2959 1998 3074 2036 suae
3106 1981 3498 2038 institutionis.
3527 1983 3640 2038 Hos

2025 2081 2222 2133 autem
2242 2076 2394 2130 inter
2413 2087 2685 2144 sequaces
2700 2073 2962 2143 repertus
2977 2072 3081 2137 est,
3112 2069 3209 2141 qui
3233 2071 3528 2144 octoginta
3540 2074 3641 2127 aut

2024 2164 2252 2222 circiter
2281 2161 2449 2218 annis
2486 2162 2615 2232 post
2645 2175 2849 2214 eorum
2895 2162 3151 2214 mortem
3205 2158 3298 2221 (de
3342 2176 3636 2232 anonymo
3684 2221 3686 2223 ,

2025 2272 2188 2311 num.
2217 2255 2317 2309 199
2341 2255 2399 2307 et
2427 2266 2547 2322 seq.
2583 2249 2830 2304 adducto
2843 2247 2934 2302 hic
2961 2247 3341 2320 loquitur,qni
3353 2266 3467 2321 quo
3480 2249 3641 2305 circi-

2023 2347 2114 2400 ter
2139 2347 2405 2414 tempore
2432 2338 2811 2411 verosimilius
2824 2336 3102 2392 ﬂoruerit.
3139 2354 3301 2392 num.
3322 2342 3386 2394 12
3399 2341 3457 2393 et
3471 2355 3634 2412 seqq.

2024 2431 2212 2503 docui)
2245 2444 2476 2485 causam
2508 2428 2657 2482 hanc
2695 2424 2921 2496 scriptis
2953 2425 3268 2493 mandavit,
3302 2426 3459 2498 quod
3482 2426 3635 2484 forte

2021 2519 2197 2576 etiam
2218 2521 2352 2573 ante
2374 2532 2505 2571 eum
2532 2514 2737 2587 aliquis
2782 2512 3020 2580 fecerat,
3047 2513 3207 2584 cujus
3248 2513 3425 2568 codex
3473 2514 3636 2585 lapsu

2019 2611 2353 2680 temporum
2390 2603 2671 2676 disperire
2709 2601 2916 2674 potuit.
2952 2600 3252 2656 Crescente
3268 2617 3402 2665 vero
3429 2600 3633 2657 domo-

2017 2714 2151 2753 rum
2199 2692 2422 2752 ordinis
2474 2708 2743 2759 numero,
2801 2690 2979 2745 crevit
3006 2692 3064 2745 et
3092 2689 3322 2759 codicis,
3355 2707 3389 2745 a
3437 2693 3635 2746 nostro

2022 2800 2317 2856 anonymo
2340 2781 2501 2848 editi,
2539 2779 2962 2851 exemplarium
2985 2795 3280 2847 numerus,
3306 2779 3386 2833 ita
3408 2782 3469 2834 ut
3484 2778 3635 2835 circa

2015 2874 2197 2929 ﬁnem
2217 2870 2407 2927 saeculi
2439 2868 2592 2923 tertii
2619 2866 2829 2923 decimi
2848 2870 2907 2922 et
2924 2866 3178 2922 inititum
3196 2867 3386 2939 quarti
3424 2865 3634 2924 decimi

2011 2961 2075 3017 in
2107 2960 2378 3017 omnibus
2408 2956 2628 3012 ordinis
2659 2955 2963 3027 provinciis
3001 2954 3376 3028 reperiretur,
3416 2958 3474 3010 et
3497 2955 3633 3012 inde

2012 3047 2266 3105 historiae
2283 3045 2456 3117 hujus
2471 3044 2632 3098 fama
2652 3043 2711 3098 in
2735 3059 2910 3103 omne
2932 3044 3131 3114 vulgus
3157 3046 3515 3099 emanaret.»
3547 3045 3633 3099 Ita

2011 3137 2290 3193 hactenus
2312 3135 2407 3189 ille
2429 3151 2442 3188 :
2468 3135 2722 3199 rectene,
2755 3149 2826 3186 an
2858 3148 3036 3195 secus,
3069 3148 3169 3186 seu
3194 3150 3267 3187 an
3289 3148 3433 3194 vera
3453 3148 3629 3205 acge-

2013 3226 2194 3281 nuina
2220 3222 2479 3290 traditio,
2497 3221 2586 3277 cui
2599 3219 2930 3293 prodigium
2946 3219 3255 3275 Pasisiense
3271 3238 3371 3277 seu
3385 3220 3631 3294 vulgaris

2012 3332 2157 3372 conv
2170 3311 2408 3369 ersionis
2433 3310 2491 3366 S.
2524 3310 2805 3365 Brunonis
2829 3326 2998 3363 causa
3013 3298 3520 3381 superstruatur,in
3537 3325 3630 3366 or-

2012 3404 2147 3459 dine
2178 3398 2570 3457 Carthusiensi
2599 3399 2789 3466 detur,
2823 3396 2976 3453 infra
3012 3396 3337 3455 discutiam.
3381 3399 3471 3455 Ad
3493 3399 3629 3456 reli-

2011 3510 2154 3567 quas
2190 3490 2431 3546 Launoii
2454 3486 2848 3544 conclusiones
2877 3504 3209 3561 pergamus.

2086 3583 2211 3637 319.
2236 3603 2263 3630 ‹‹
2289 3580 2520 3634 Nonum
2544 3598 2573 3627 ››
2607 3575 2905 3649 est,inquit
2919 3576 3008 3631 hic
3022 3576 3286 3649 scriptor,
3306 3598 3333 3627 «
3347 3575 3436 3632 vix
3449 3578 3629 3634 ullum

2011 3668 2252 3741 reperiri
2265 3668 2612 3740 figmentum
2634 3667 2693 3720 ln
2708 3664 3127 3738 historia,qu0d
3140 3665 3418 3737 validiusj
3428 3669 3631 3722 uxtaet

2011 3755 2375 3832 frequentius
2415 3755 2612 3827 (quam
2650 3754 2983 3826 prodigium
3027 3753 3346 3809 Parisiense
3395 3754 3626 3826 scilicet)

2011 3847 2149 3904 conf
2151 3844 2603 3913 utetur,validius
2621 3842 2928 3914 quidem,si
2945 3844 3233 3914 spectetur
3248 3841 3527 3898 instructa
3540 3846 3630 3899 tot

2012 3933 2571 4009 scriptoribusacies,
2604 3949 2731 4004 quae
2747 3931 2806 3986 in
2818 3948 2949 3986 eam
2972 3930 3042 3985 de
3080 3930 3340 3985 horribili
3373 3931 3626 3987 doctoris

2010 4027 2333 4100 spectaculo
2355 4022 2771 4089 narrationem,
2804 4024 2863 4076 et
2882 4020 3187 4094 quaesitum
3205 4038 3273 4075 ex
3293 4038 3363 4077 ea
3380 4020 3624 4078 Carthu-

2010 4117 2307 4171 sianorum
2330 4112 2560 4168 initium
2578 4110 2861 4183 dirigitur;
2887 4110 3246 4182 frequentius
3260 4110 3471 4179 vero,si
3490 4127 3626 4168 con-

2011 4206 2338 4261 siderentur
2379 4220 2447 4258 ex
2480 4202 2547 4257 iis
2590 4201 2963 4272 scriptoribus
2996 4201 3208 4271 plures,
3243 4199 3341 4272 qui
3380 4201 3626 4258 seorsim

285 4288 368 4342 illi
398 4291 595 4342 essent
640 4288 993 4343 memoriave
1038 4290 1211 4343 antea
1237 4288 1377 4342 scita
1423 4287 1781 4356 excidissent,
1810 4289 1910 4345 sed
1931 4285 1983 4345 D
2010 4296 2283 4352 eamdem
2306 4291 2706 4348 narrationem
2755 4293 2813 4346 et
2846 4290 3195 4346 narrationis
3239 4290 3625 4363 appendicem

290 4377 448 4448 quod
483 4377 558 4432 ad
592 4394 726 4431 mox
747 4377 966 4432 dictum
1002 4378 1183 4431 ﬁnem
1215 4376 1372 4432 haud
1400 4377 1536 4431 satis
1578 4377 1910 4432 viderentur

292 4466 539 4534 idonea;
573 4466 647 4521 ad
668 4483 843 4539 quem
869 4482 1001 4520 eum
1030 4465 1120 4520 vix
1177 4465 1330 4520 aliud
1375 4466 1691 4538 quidquam
1721 4466 1907 4538 magis

290 4554 644 4621 conducens,
660 4571 836 4627 quam
853 4553 1170 4610 Parisiense
1184 4553 1537 4626 prodigium,
1560 4554 1701 4626 ﬁngi
1733 4557 1907 4626 queat

280 4642 349 4696 ﬁt
376 4641 522 4697 mihi
552 4643 785 4699 velhine
818 4642 1010 4698 minus
1036 4642 1382 4710 vcrosimile,
1405 4644 1727 4698 luctuosum
1750 4643 1904 4698 hunc

283 4733 587 4799 eventum,
620 4731 666 4786 si
713 4732 905 4786 locum
952 4730 1263 4799 habuisset,
1317 4731 1903 4787 commemorandum

278 4836 406 4874 non
435 4819 610 4875 fuisse
643 4837 678 4876 a
705 4822 875 4876 Petro
902 4820 1247 4888 Venerabili,
1269 4820 1359 4875 cui
1373 4819 1746 4876 nihilominus
1775 4823 1901 4876 tum

285 4907 580 4979 cognitus,
603 4912 665 4963 ut
688 4909 816 4979 jam
847 4908 1090 4971 dictum,
1118 4908 1550 4964 verosimillime
1574 4909 1790 4965 fuisset.

350 5000 478 5053 318.
507 4997 679 5054 Sexta
693 4998 1009 5070 etseptima
1024 4997 1392 5054 conclusione
1410 4998 1575 5054 unice
1590 4999 1734 5067 fere,
1761 4998 1899 5072 quid

274 5086 337 5142 in
378 5086 784 5142 ratiocinando
832 5085 1180 5143 discriminis
1217 5087 1599 5159 Raynaudum
1635 5088 1788 5142 inter
1840 5092 1898 5145 et

274 5174 608 5231 Saussaeum
619 5175 981 5231 intercedere
1005 5176 1312 5244 existimet,
1335 5176 1622 5231 Launoius
1643 5176 1897 5248 assignat

278 5267 344 5319 ut
376 5281 488 5320 nos
506 5264 828 5322 hicmorari
854 5282 973 5321 non
1015 5266 1244 5321 debeat.
1280 5264 1659 5322 Conclusione
1696 5270 1895 5323 octava

276 5352 562 5422 afﬁrmat,
593 5376 622 5406 «
651 5356 947 5427 vulgarem
987 5354 1375 5410 conversionis
1406 5354 1586 5410 sancti
1609 5355 1893 5411 Brunonis

270 5458 532 5510 causam,
562 5463 592 5493 »
624 5458 725 5499 seu
752 5443 1048 5511 horribile,
1080 5459 1194 5517 quo
1237 5444 1439 5500 doctor
1478 5444 1759 5517 tantisper
1798 5462 1888 5500 re-

270 5528 515 5601 divivus,
530 5531 689 5604 justo
707 5530 1032 5606 Deijudicio
1071 5548 1194 5592 sese
1215 5531 1580 5605 damnatum,
1601 5532 1829 5607 publice
1854 5550 1886 5592 θ

2011 4385 2329 4440 evertunt.»
2346 4383 2431 4435 Ita
2446 4378 2957 4446 Launoius,falsam
2971 4378 3184 4434 scilicet
3197 4395 3319 4436 esse
3335 4380 3625 4445 celebrem

2010 4473 2081 4527 de
2115 4469 2364 4526 doctoris
2383 4466 2644 4524 damnati
2676 4466 3001 4538 spectaculo
3038 4467 3458 4537 narrationem,
3482 4485 3623 4526 con-

2009 4560 2279 4627 tendens,
2312 4561 2438 4613 tum
2472 4556 2627 4628 quod
2646 4554 2716 4610 de
2744 4554 3005 4610 horribili
3035 4555 3134 4609 illa
3147 4555 3388 4612 historia
3418 4573 3624 4614 omnes

2006 4643 2841 4721 prorsus,quoslaudavit,scrip
2849 4646 3001 4699 tores
3016 4643 3372 4712 sileant,tum
3388 4644 3544 4718 quod
3554 4662 3625 4702 ex

2002 4736 2091 4792 his
2108 4738 2299 4808 plures
2311 4734 2444 4801 sint,
2481 4733 2600 4806 qui,
2616 4749 2749 4788 cum
2771 4732 3126 4800 eamdem,si
3142 4732 3491 4806 contigisset,
3515 4734 3622 4789 sci-

2002 4826 2117 4883 turi
2135 4826 2459 4896 scitamque
2481 4821 2999 4878 commemoraturi
3024 4820 3619 4893 fuissent,particulari

2001 4931 2102 4970 suo
2115 4913 2433 4980 silentio,ut
2453 4928 2558 4984 pro
2591 4914 2900 4983 comperta
2925 4910 3172 4967 falsitate
3192 4909 3391 4965 haberi
3411 4908 3621 4965 debeat

2000 5003 2280 5058 efﬁciunt.
2307 5000 2720 5057 Carthusianus
2758 5002 2958 5055 noster
2977 5015 3302 5071 anonymus
3318 4999 3489 5069 paulo
3512 4997 3617 5054 ali-

2000 5096 2106 5159 ter,
2142 5093 2201 5145 et
2227 5090 2385 5145 forte
2414 5105 2532 5144 non
2562 5088 2878 5156 immerito,
2910 5087 3171 5159 proxime
3213 5086 3452 5143 recitata
3473 5086 3617 5142 Lau-

2000 5179 2121 5235 noii
2138 5166 2317 5233 verba
2337 5178 2575 5251 accepit,
2594 5177 2676 5232 uti
2692 5178 2872 5248 liquet
2892 5193 2959 5231 ex
2974 5175 3122 5230 illius
3146 5174 3220 5229 ad
3234 5175 3356 5231 haec
3377 5192 3617 5249 respon-

1995 5267 2179 5336 sione,
2205 5284 2339 5339 qua:
2367 5267 2443 5322 sic
2459 5267 2635 5321 habet
2657 5283 2670 5320 :
2693 5288 2721 5317 ‹‹
2740 5264 2876 5329 Quis
2895 5279 3014 5319 non
3043 5263 3290 5318 miretur
3307 5263 3395 5318 his
3422 5263 3482 5319 in
3498 5280 3622 5320 ver-

1991 5355 2081 5410 bis
2117 5372 2329 5411 vanam
2370 5355 2762 5428 hyperbolen,
2795 5369 2909 5424 qua
2952 5352 3056 5407 soli
3105 5351 3390 5425 simplices
3432 5351 3619 5425 decipi

1989 5444 2271 5516 possent?
2305 5445 2493 5499 nullus
2511 5461 2581 5498 ex
2595 5445 2683 5498 tot
2702 5441 3082 5515 scriptoribus
3102 5460 3137 5497 a
3152 5441 3407 5498 Launoio
3433 5442 3619 5500 allatis

1987 5533 2290 5592 historiam
2312 5532 2527 5590 refutat
2544 5534 2644 5587 aut
2656 5531 2963 5605 negat,sed
2973 5548 3179 5589 omnes
3188 5533 3420 5590 tantum
3439 5532 3616 5591 modo
