  <div class='ocr_page' id='page_1' title='image "/cluster/home/n/w/nwhite01/storage/ocr_20150623/152/hvd.32044054760103/101.png"; bbox 0 0 4224 6058; ppageno 0'>
   <div class='ocr_carea' id='block_1_1' title="bbox 476 208 3814 301">
    <p class='ocr_par' dir='ltr' id='par_1_1' title="bbox 476 208 3814 301">
     <span class='ocr_line' id='line_1_1' title="bbox 476 208 3814 301; baseline 0.004 -13"><span class='ocrx_word' id='word_1_1' title='bbox 476 245 581 300; x_wconf 59' lang='grc' dir='ltr'>τοι</span> <span class='ocrx_word' id='word_1_2' title='bbox 986 258 991 261; x_wconf 77' lang='lat'><strong><em>~</em></strong></span> <span class='ocrx_word' id='word_1_3' title='bbox 1337 243 1396 296; x_wconf 88' lang='lat' dir='ltr'>s.</span> <span class='ocrx_word' id='word_1_4' title='bbox 1426 237 1771 296; x_wconf 80' lang='lat' dir='ltr'>BBUNONIS</span> <span class='ocrx_word' id='word_1_5' title='bbox 1813 208 2444 294; x_wconf 65' lang='lat' dir='ltr'>Csarnusmuoavu</span> <span class='ocrx_word' id='word_1_6' title='bbox 2486 238 2952 296; x_wconf 83' lang='lat' dir='ltr'>INSTl&#39;l‘U&#39;l‘ORlS</span> <span class='ocrx_word' id='word_1_7' title='bbox 3700 247 3814 301; x_wconf 65' lang='lat'>492</span> 
     </span>
    </p>
   </div>
   <div class='ocr_carea' id='block_1_2' title="bbox 474 361 3825 439">
    <p class='ocr_par' dir='ltr' id='par_1_2' title="bbox 474 361 3825 439">
     <span class='ocr_line' id='line_1_2' title="bbox 474 361 3825 439; baseline 0.001 -19"><span class='ocrx_word' id='word_1_8' title='bbox 474 380 613 420; x_wconf 86' lang='lat' dir='ltr'>eam</span> <span class='ocrx_word' id='word_1_9' title='bbox 664 379 785 419; x_wconf 86' lang='lat' dir='ltr'>non</span> <span class='ocrx_word' id='word_1_10' title='bbox 827 365 1089 431; x_wconf 78' lang='lat' dir='ltr'>narrant,</span> <span class='ocrx_word' id='word_1_11' title='bbox 1123 363 1243 419; x_wconf 89' lang='lat' dir='ltr'>imo</span> <span class='ocrx_word' id='word_1_12' title='bbox 1298 381 1536 420; x_wconf 87' lang='lat' dir='ltr'>narrare</span> <span class='ocrx_word' id='word_1_13' title='bbox 1576 365 1820 435; x_wconf 81' lang='lat' dir='ltr'>possunt</span> <span class='ocrx_word' id='word_1_14' title='bbox 1859 364 1961 416; x_wconf 91' lang='lat' dir='ltr'>aut</span> <span class='ocrx_word' id='word_1_15' title='bbox 2004 361 2170 425; x_wconf 60' lang='grc' dir='ltr'>ἀρε-Α</span> <span class='ocrx_word' id='word_1_16' title='bbox 2202 362 2295 419; x_wconf 67' lang='grc' dir='ltr'>βίω</span> <span class='ocrx_word' id='word_1_17' title='bbox 2311 364 2571 435; x_wconf 81' lang='lat' dir='ltr'>priorum</span> <span class='ocrx_word' id='word_1_18' title='bbox 2586 364 2851 421; x_wconf 85' lang='lat' dir='ltr'>Chronici</span> <span class='ocrx_word' id='word_1_19' title='bbox 2872 363 3825 439; x_wconf 73' lang='lat' dir='ltr'>auctor,etCarthusianusllajore-</span> 
     </span>
    </p>
   </div>
   <div class='ocr_carea' id='block_1_3' title="bbox 480 449 3828 527">
    <p class='ocr_par' dir='ltr' id='par_1_3' title="bbox 480 449 3828 527">
     <span class='ocr_line' id='line_1_3' title="bbox 480 449 3828 527; baseline 0.001 -19"><span class='ocrx_word' id='word_1_20' title='bbox 480 453 623 509; x_wconf 91' lang='lat' dir='ltr'>bent</span> <span class='ocrx_word' id='word_1_21' title='bbox 634 452 798 523; x_wconf 87' lang='lat' dir='ltr'>juxta</span> <span class='ocrx_word' id='word_1_22' title='bbox 828 451 1186 523; x_wconf 90' lang='lat' dir='ltr'>propositum</span> <span class='ocrx_word' id='word_1_23' title='bbox 1203 469 1395 521; x_wconf 91' lang='lat' dir='ltr'>suum,</span> <span class='ocrx_word' id='word_1_24' title='bbox 1422 470 1561 507; x_wconf 90' lang='lat' dir='ltr'>nam</span> <span class='ocrx_word' id='word_1_25' title='bbox 1580 468 1785 507; x_wconf 90' lang='lat' dir='ltr'>omnes</span> <span class='ocrx_word' id='word_1_26' title='bbox 1800 466 2005 522; x_wconf 90' lang='lat' dir='ltr'>parum</span> <span class='ocrx_word' id='word_1_27' title='bbox 2027 449 2097 503; x_wconf 88' lang='lat' dir='ltr'>de</span> <span class='ocrx_word' id='word_1_28' title='bbox 2201 452 2386 507; x_wconf 89' lang='lat' dir='ltr'>vensis</span> <span class='ocrx_word' id='word_1_29' title='bbox 2413 452 2614 507; x_wconf 87' lang='lat' dir='ltr'>itidem</span> <span class='ocrx_word' id='word_1_30' title='bbox 2637 470 2982 525; x_wconf 81' lang='lat' dir='ltr'>anonymus,</span> <span class='ocrx_word' id='word_1_31' title='bbox 3005 470 3254 527; x_wconf 90' lang='lat' dir='ltr'>quorum</span> <span class='ocrx_word' id='word_1_32' title='bbox 3266 455 3414 509; x_wconf 88' lang='lat' dir='ltr'>alter</span> <span class='ocrx_word' id='word_1_33' title='bbox 3434 454 3549 526; x_wconf 89' lang='lat' dir='ltr'>(adi</span> <span class='ocrx_word' id='word_1_34' title='bbox 3570 471 3736 511; x_wconf 89' lang='lat' dir='ltr'>num.</span> <span class='ocrx_word' id='word_1_35' title='bbox 3761 460 3828 514; x_wconf 84' lang='grc'>12</span> 
     </span>
    </p>
   </div>
   <div class='ocr_carea' id='block_1_4' title="bbox 483 538 2099 607">
    <p class='ocr_par' dir='ltr' id='par_1_4' title="bbox 483 538 2099 607">
     <span class='ocr_line' id='line_1_4' title="bbox 483 538 2099 607; baseline -0.002 -11"><span class='ocrx_word' id='word_1_36' title='bbox 483 544 683 597; x_wconf 89' lang='lat' dir='ltr'>sancto</span> <span class='ocrx_word' id='word_1_37' title='bbox 708 542 996 607; x_wconf 88' lang='lat' dir='ltr'>Brunone,</span> <span class='ocrx_word' id='word_1_38' title='bbox 1026 544 1084 595; x_wconf 89' lang='lat' dir='ltr'>et</span> <span class='ocrx_word' id='word_1_39' title='bbox 1132 541 1275 596; x_wconf 84' lang='lat' dir='ltr'>nihil</span> <span class='ocrx_word' id='word_1_40' title='bbox 1307 542 1378 596; x_wconf 89' lang='lat' dir='ltr'>de</span> <span class='ocrx_word' id='word_1_41' title='bbox 1414 541 1565 596; x_wconf 91' lang='lat' dir='ltr'>illius</span> <span class='ocrx_word' id='word_1_42' title='bbox 1606 538 1981 595; x_wconf 79' lang='lat' dir='ltr'>conversione</span> <span class='ocrx_word' id='word_1_43' title='bbox 1996 538 2099 592; x_wconf 89' lang='lat' dir='ltr'>ha-</span> 
     </span>
    </p>
   </div>
   <div class='ocr_carea' id='block_1_5' title="bbox 481 626 2101 701">
    <p class='ocr_par' dir='ltr' id='par_1_5' title="bbox 481 626 2101 701">
     <span class='ocr_line' id='line_1_5' title="bbox 481 626 2101 701; baseline -0.004 -14"><span class='ocrx_word' id='word_1_44' title='bbox 481 630 645 698; x_wconf 88' lang='lat' dir='ltr'>bent,</span> <span class='ocrx_word' id='word_1_45' title='bbox 673 633 737 685; x_wconf 91' lang='lat' dir='ltr'>ut</span> <span class='ocrx_word' id='word_1_46' title='bbox 763 628 955 685; x_wconf 84' lang='lat' dir='ltr'>videre</span> <span class='ocrx_word' id='word_1_47' title='bbox 984 633 1068 683; x_wconf 90' lang='lat' dir='ltr'>est</span> <span class='ocrx_word' id='word_1_48' title='bbox 1094 647 1288 701; x_wconf 84' lang='lat' dir='ltr'>supra,</span> <span class='ocrx_word' id='word_1_49' title='bbox 1316 631 1363 685; x_wconf 91' lang='lat' dir='ltr'>si</span> <span class='ocrx_word' id='word_1_50' title='bbox 1389 647 1574 685; x_wconf 90' lang='lat' dir='ltr'>unum</span> <span class='ocrx_word' id='word_1_51' title='bbox 1600 628 1846 701; x_wconf 76' lang='lat' dir='ltr'>excipias</span> <span class='ocrx_word' id='word_1_52' title='bbox 1871 626 2101 682; x_wconf 89' lang='lat' dir='ltr'>Guiber-</span> 
     </span>
    </p>
   </div>
   <div class='ocr_carea' id='block_1_6' title="bbox 484 716 2104 789">
    <p class='ocr_par' dir='ltr' id='par_1_6' title="bbox 484 716 2104 789">
     <span class='ocr_line' id='line_1_6' title="bbox 484 716 2104 789; baseline -0.002 -15"><span class='ocrx_word' id='word_1_53' title='bbox 484 723 612 776; x_wconf 90' lang='lat' dir='ltr'>tum</span> <span class='ocrx_word' id='word_1_54' title='bbox 635 718 705 773; x_wconf 92' lang='lat' dir='ltr'>de</span> <span class='ocrx_word' id='word_1_55' title='bbox 735 718 1074 789; x_wconf 89' lang='lat' dir='ltr'>Novigento.</span> <span class='ocrx_word' id='word_1_56' title='bbox 1102 721 1171 773; x_wconf 90' lang='lat' dir='ltr'>Et</span> <span class='ocrx_word' id='word_1_57' title='bbox 1200 720 1583 774; x_wconf 86' lang='lat' dir='ltr'>nihilominus</span> <span class='ocrx_word' id='word_1_58' title='bbox 1610 717 1789 773; x_wconf 89' lang='lat' dir='ltr'>audet</span> <span class='ocrx_word' id='word_1_59' title='bbox 1818 716 2104 771; x_wconf 87' lang='lat' dir='ltr'>Launoius</span> 
     </span>
    </p>
   </div>
   <div class='ocr_carea' id='block_1_7' title="bbox 483 804 2105 882">
    <p class='ocr_par' dir='ltr' id='par_1_7' title="bbox 483 804 2105 882">
     <span class='ocr_line' id='line_1_7' title="bbox 483 804 2105 882; baseline -0.002 -18"><span class='ocrx_word' id='word_1_60' title='bbox 483 807 882 882; x_wconf 82' lang='lat' dir='ltr'>pronuntiare,</span> <span class='ocrx_word' id='word_1_61' title='bbox 918 829 947 859; x_wconf 90' lang='grc'>‹‹</span> <span class='ocrx_word' id='word_1_62' title='bbox 975 808 1063 863; x_wconf 92' lang='lat' dir='ltr'>vix</span> <span class='ocrx_word' id='word_1_63' title='bbox 1088 809 1269 864; x_wconf 90' lang='lat' dir='ltr'>ullum</span> <span class='ocrx_word' id='word_1_64' title='bbox 1289 808 1534 880; x_wconf 89' lang='lat' dir='ltr'>reperiri</span> <span class='ocrx_word' id='word_1_65' title='bbox 1563 804 2105 879; x_wconf 79' lang='lat' dir='ltr'>figmentum,quod</span> 
     </span>
    </p>
   </div>
   <div class='ocr_carea' id='block_1_8' title="bbox 487 897 2105 970">
    <p class='ocr_par' dir='ltr' id='par_1_8' title="bbox 487 897 2105 970">
     <span class='ocr_line' id='line_1_8' title="bbox 487 897 2105 970; baseline -0.001 -19"><span class='ocrx_word' id='word_1_66' title='bbox 487 918 521 951; x_wconf 81' lang='lat'><strong>«</strong></span> <span class='ocrx_word' id='word_1_67' title='bbox 546 897 787 953; x_wconf 80' lang='lat' dir='ltr'>validius</span> <span class='ocrx_word' id='word_1_68' title='bbox 816 898 983 968; x_wconf 87' lang='lat' dir='ltr'>juxta</span> <span class='ocrx_word' id='word_1_69' title='bbox 1027 900 1085 952; x_wconf 81' lang='lat' dir='ltr'>et</span> <span class='ocrx_word' id='word_1_70' title='bbox 1114 898 1474 970; x_wconf 82' lang='lat' dir='ltr'>frequentius</span> <span class='ocrx_word' id='word_1_71' title='bbox 1513 897 1867 964; x_wconf 74' lang='lat' dir='ltr'>confutatur,</span> <span class='ocrx_word' id='word_1_72' title='bbox 1891 916 1919 945; x_wconf 86' lang='grc'><strong>››</strong></span> <span class='ocrx_word' id='word_1_73' title='bbox 1970 910 2105 949; x_wconf 90' lang='lat' dir='ltr'>cum</span> 
     </span>
    </p>
   </div>
   <div class='ocr_carea' id='block_1_9' title="bbox 488 984 2107 1057">
    <p class='ocr_par' dir='ltr' id='par_1_9' title="bbox 488 984 2107 1057">
     <span class='ocr_line' id='line_1_9' title="bbox 488 984 2107 1057; baseline -0.003 -15"><span class='ocrx_word' id='word_1_74' title='bbox 488 1003 521 1042; x_wconf 91' lang='lat' dir='ltr'>e</span> <span class='ocrx_word' id='word_1_75' title='bbox 550 986 840 1043; x_wconf 90' lang='lat' dir='ltr'>contrario</span> <span class='ocrx_word' id='word_1_76' title='bbox 870 986 1011 1041; x_wconf 86' lang='lat' dir='ltr'>nihil</span> <span class='ocrx_word' id='word_1_77' title='bbox 1039 987 1112 1041; x_wconf 90' lang='lat' dir='ltr'>sit</span> <span class='ocrx_word' id='word_1_78' title='bbox 1140 987 1445 1042; x_wconf 87' lang='lat' dir='ltr'>invalidius</span> <span class='ocrx_word' id='word_1_79' title='bbox 1470 985 1814 1041; x_wconf 77' lang='lat' dir='ltr'>auctoritate</span> <span class='ocrx_word' id='word_1_80' title='bbox 1838 984 2107 1057; x_wconf 85' lang='lat' dir='ltr'>negativa</span> 
     </span>
    </p>
   </div>
   <div class='ocr_carea' id='block_1_10' title="bbox 487 1073 2103 1147">
    <p class='ocr_par' dir='ltr' id='par_1_10' title="bbox 487 1073 2103 1147">
     <span class='ocr_line' id='line_1_10' title="bbox 487 1073 2103 1147; baseline -0.002 -17"><span class='ocrx_word' id='word_1_81' title='bbox 487 1092 601 1147; x_wconf 90' lang='lat' dir='ltr'>qua</span> <span class='ocrx_word' id='word_1_82' title='bbox 653 1076 852 1143; x_wconf 90' lang='lat' dir='ltr'>utitur,</span> <span class='ocrx_word' id='word_1_83' title='bbox 895 1078 982 1130; x_wconf 89' lang='lat' dir='ltr'>tot</span> <span class='ocrx_word' id='word_1_84' title='bbox 1011 1074 1345 1130; x_wconf 90' lang='lat' dir='ltr'>testimonia</span> <span class='ocrx_word' id='word_1_85' title='bbox 1366 1075 1713 1146; x_wconf 88' lang='lat' dir='ltr'>producens,</span> <span class='ocrx_word' id='word_1_86' title='bbox 1738 1073 1880 1128; x_wconf 88' lang='lat' dir='ltr'>nihil</span> <span class='ocrx_word' id='word_1_87' title='bbox 1903 1074 2103 1129; x_wconf 88' lang='lat' dir='ltr'>adver-</span> 
     </span>
    </p>
   </div>
   <div class='ocr_carea' id='block_1_11' title="bbox 489 1163 1816 1235">
    <p class='ocr_par' dir='ltr' id='par_1_11' title="bbox 489 1163 1816 1235">
     <span class='ocr_line' id='line_1_11' title="bbox 489 1163 1816 1235; baseline -0.002 -16"><span class='ocrx_word' id='word_1_88' title='bbox 489 1181 583 1219; x_wconf 88' lang='lat' dir='ltr'>sus</span> <span class='ocrx_word' id='word_1_89' title='bbox 611 1164 916 1218; x_wconf 89' lang='lat' dir='ltr'>veritatem</span> <span class='ocrx_word' id='word_1_90' title='bbox 942 1164 1112 1235; x_wconf 86' lang='lat' dir='ltr'>hujus</span> <span class='ocrx_word' id='word_1_91' title='bbox 1142 1163 1396 1219; x_wconf 81' lang='lat' dir='ltr'>historiae</span> <span class='ocrx_word' id='word_1_92' title='bbox 1428 1163 1816 1218; x_wconf 86' lang='lat' dir='ltr'>testiﬁcantia.</span> 
     </span>
    </p>
   </div>
   <div class='ocr_carea' id='block_1_12' title="bbox 561 1248 2108 1324">
    <p class='ocr_par' dir='ltr' id='par_1_12' title="bbox 561 1248 2108 1324">
     <span class='ocr_line' id='line_1_12' title="bbox 561 1248 2108 1324; baseline -0.003 -17"><span class='ocrx_word' id='word_1_93' title='bbox 561 1255 685 1308; x_wconf 91' lang='grc'><strong>320.</strong></span> <span class='ocrx_word' id='word_1_94' title='bbox 714 1275 743 1304; x_wconf 88' lang='grc'><em>‹‹</em></span> <span class='ocrx_word' id='word_1_95' title='bbox 762 1252 926 1317; x_wconf 83' lang='lat' dir='ltr'>Quod</span> <span class='ocrx_word' id='word_1_96' title='bbox 949 1256 1143 1307; x_wconf 91' lang='lat' dir='ltr'>autem</span> <span class='ocrx_word' id='word_1_97' title='bbox 1173 1253 1354 1321; x_wconf 91' lang='lat' dir='ltr'>addit,</span> <span class='ocrx_word' id='word_1_98' title='bbox 1381 1257 1440 1308; x_wconf 90' lang='lat' dir='ltr'>et</span> <span class='ocrx_word' id='word_1_99' title='bbox 1465 1251 1825 1324; x_wconf 85' lang='lat' dir='ltr'>frequentius</span> <span class='ocrx_word' id='word_1_100' title='bbox 1844 1248 2108 1305; x_wconf 86' lang='lat' dir='ltr'>confute-</span> 
     </span>
    </p>
   </div>
   <div class='ocr_carea' id='block_1_13' title="bbox 493 1340 2113 1412">
    <p class='ocr_par' dir='ltr' id='par_1_13' title="bbox 493 1340 2113 1412">
     <span class='ocr_line' id='line_1_13' title="bbox 493 1340 2113 1412; baseline -0.004 -15"><span class='ocrx_word' id='word_1_101' title='bbox 493 1364 523 1393; x_wconf 84' lang='lat'>«</span> <span class='ocrx_word' id='word_1_102' title='bbox 547 1346 661 1409; x_wconf 88' lang='lat' dir='ltr'>tur,</span> <span class='ocrx_word' id='word_1_103' title='bbox 695 1342 741 1396; x_wconf 91' lang='lat' dir='ltr'>si</span> <span class='ocrx_word' id='word_1_104' title='bbox 764 1342 1204 1397; x_wconf 85' lang='lat' dir='ltr'>considerentur</span> <span class='ocrx_word' id='word_1_105' title='bbox 1246 1359 1312 1397; x_wconf 87' lang='lat' dir='ltr'>ex</span> <span class='ocrx_word' id='word_1_106' title='bbox 1346 1342 1413 1396; x_wconf 91' lang='lat' dir='ltr'>iis</span> <span class='ocrx_word' id='word_1_107' title='bbox 1461 1340 1859 1412; x_wconf 86' lang='lat' dir='ltr'>scriptoribus,</span> <span class='ocrx_word' id='word_1_108' title='bbox 1891 1360 1919 1389; x_wconf 71' lang='grc' dir='ltr'><strong>»ι</strong></span> <span class='ocrx_word' id='word_1_109' title='bbox 1969 1353 2113 1409; x_wconf 90' lang='lat' dir='ltr'>quos</span> 
     </span>
    </p>
   </div>
   <div class='ocr_carea' id='block_1_14' title="bbox 489 1426 2110 1502">
    <p class='ocr_par' dir='ltr' id='par_1_14' title="bbox 489 1426 2110 1502">
     <span class='ocr_line' id='line_1_14' title="bbox 489 1426 2110 1502; baseline -0.004 -17"><span class='ocrx_word' id='word_1_110' title='bbox 489 1430 703 1486; x_wconf 80' lang='lat' dir='ltr'>citavit.</span> <span class='ocrx_word' id='word_1_111' title='bbox 738 1450 770 1483; x_wconf 81' lang='grc'>«</span> <span class='ocrx_word' id='word_1_112' title='bbox 793 1432 1005 1501; x_wconf 89' lang='lat' dir='ltr'>plures,</span> <span class='ocrx_word' id='word_1_113' title='bbox 1029 1430 1124 1502; x_wconf 86' lang='lat' dir='ltr'>qui</span> <span class='ocrx_word' id='word_1_114' title='bbox 1158 1430 1397 1486; x_wconf 89' lang='lat' dir='ltr'>seorsim</span> <span class='ocrx_word' id='word_1_115' title='bbox 1415 1430 1688 1484; x_wconf 90' lang='lat' dir='ltr'>eamdem</span> <span class='ocrx_word' id='word_1_116' title='bbox 1713 1426 2110 1483; x_wconf 85' lang='lat' dir='ltr'>narrationem</span> 
     </span>
    </p>
   </div>
   <div class='ocr_carea' id='block_1_15' title="bbox 496 1516 2112 1592">
    <p class='ocr_par' dir='ltr' id='par_1_15' title="bbox 496 1516 2112 1592">
     <span class='ocr_line' id='line_1_15' title="bbox 496 1516 2112 1592; baseline -0.004 -17"><span class='ocrx_word' id='word_1_117' title='bbox 496 1541 527 1571; x_wconf 75' lang='grc' dir='ltr'>ι(</span> <span class='ocrx_word' id='word_1_118' title='bbox 555 1522 615 1574; x_wconf 88' lang='lat' dir='ltr'>et</span> <span class='ocrx_word' id='word_1_119' title='bbox 643 1520 991 1575; x_wconf 83' lang='lat' dir='ltr'>narrationis</span> <span class='ocrx_word' id='word_1_120' title='bbox 1027 1520 1418 1592; x_wconf 88' lang='lat' dir='ltr'>appendicem</span> <span class='ocrx_word' id='word_1_121' title='bbox 1470 1520 1759 1586; x_wconf 85' lang='lat' dir='ltr'>evertunt,</span> <span class='ocrx_word' id='word_1_122' title='bbox 1794 1538 1822 1567; x_wconf 83' lang='grc'><strong>››</strong></span> <span class='ocrx_word' id='word_1_123' title='bbox 1864 1516 1923 1571; x_wconf 89' lang='lat' dir='ltr'>id</span> <span class='ocrx_word' id='word_1_124' title='bbox 1955 1517 2112 1569; x_wconf 87' lang='lat' dir='ltr'>certe</span> 
     </span>
    </p>
   </div>
   <div class='ocr_carea' id='block_1_16' title="bbox 492 1598 2115 1681">
    <p class='ocr_par' dir='ltr' id='par_1_16' title="bbox 492 1598 2115 1681">
     <span class='ocr_line' id='line_1_16' title="bbox 492 1598 2115 1681; baseline -0.005 -15"><span class='ocrx_word' id='word_1_125' title='bbox 492 1626 695 1666; x_wconf 87' lang='lat' dir='ltr'>verum</span> <span class='ocrx_word' id='word_1_126' title='bbox 721 1626 838 1665; x_wconf 90' lang='lat' dir='ltr'>non</span> <span class='ocrx_word' id='word_1_127' title='bbox 862 1598 1107 1681; x_wconf 82' lang='lat' dir='ltr'>apparet</span> <span class='ocrx_word' id='word_1_128' title='bbox 1134 1626 1198 1664; x_wconf 91' lang='lat' dir='ltr'>ex</span> <span class='ocrx_word' id='word_1_129' title='bbox 1234 1609 1605 1677; x_wconf 86' lang='lat' dir='ltr'>discussione,</span> <span class='ocrx_word' id='word_1_130' title='bbox 1638 1624 1815 1680; x_wconf 90' lang='lat' dir='ltr'>quam</span> <span class='ocrx_word' id='word_1_131' title='bbox 1838 1607 1908 1661; x_wconf 90' lang='lat' dir='ltr'>de</span> <span class='ocrx_word' id='word_1_132' title='bbox 1938 1604 2115 1676; x_wconf 85' lang='lat' dir='ltr'>scrip-</span> 
     </span>
    </p>
   </div>
   <div class='ocr_carea' id='block_1_17' title="bbox 2202 541 3826 615">
    <p class='ocr_par' dir='ltr' id='par_1_17' title="bbox 2202 541 3826 615">
     <span class='ocr_line' id='line_1_17' title="bbox 2202 541 3826 615; baseline 0.002 -19"><span class='ocrx_word' id='word_1_133' title='bbox 2202 541 2455 615; x_wconf 87' lang='lat' dir='ltr'>etseqq.)</span> <span class='ocrx_word' id='word_1_134' title='bbox 2482 544 2639 596; x_wconf 88' lang='lat' dir='ltr'>certo</span> <span class='ocrx_word' id='word_1_135' title='bbox 2663 545 2797 597; x_wconf 90' lang='lat' dir='ltr'>ante</span> <span class='ocrx_word' id='word_1_136' title='bbox 2818 559 3039 598; x_wconf 90' lang='lat' dir='ltr'>annum</span> <span class='ocrx_word' id='word_1_137' title='bbox 3058 545 3214 612; x_wconf 88' lang='grc'><strong>1313,</strong></span> <span class='ocrx_word' id='word_1_138' title='bbox 3230 544 3547 599; x_wconf 88' lang='lat' dir='ltr'>alteranno</span> <span class='ocrx_word' id='word_1_139' title='bbox 3565 547 3724 613; x_wconf 78' lang='grc'><strong>1298,</strong></span> <span class='ocrx_word' id='word_1_140' title='bbox 3739 545 3826 601; x_wconf 87' lang='lat' dir='ltr'>uti</span> 
     </span>
    </p>
   </div>
   <div class='ocr_carea' id='block_1_18' title="bbox 2201 631 3823 705">
    <p class='ocr_par' dir='ltr' id='par_1_18' title="bbox 2201 631 3823 705">
     <span class='ocr_line' id='line_1_18' title="bbox 2201 631 3823 705; baseline 0.002 -20"><span class='ocrx_word' id='word_1_141' title='bbox 2201 631 2448 702; x_wconf 89' lang='lat' dir='ltr'>ipsemet</span> <span class='ocrx_word' id='word_1_142' title='bbox 2459 631 2736 699; x_wconf 83' lang='lat' dir='ltr'>afﬁrmat,</span> <span class='ocrx_word' id='word_1_143' title='bbox 2767 632 3062 705; x_wconf 86' lang='lat' dir='ltr'>scriptioni</span> <span class='ocrx_word' id='word_1_144' title='bbox 3081 649 3322 688; x_wconf 91' lang='lat' dir='ltr'>manum</span> <span class='ocrx_word' id='word_1_145' title='bbox 3346 632 3624 689; x_wconf 86' lang='lat' dir='ltr'>admovit.</span> <span class='ocrx_word' id='word_1_146' title='bbox 3646 634 3823 689; x_wconf 89' lang='lat' dir='ltr'>Paulo</span> 
     </span>
    </p>
   </div>
   <div class='ocr_carea' id='block_1_19' title="bbox 2203 720 3825 795">
    <p class='ocr_par' dir='ltr' id='par_1_19' title="bbox 2203 720 3825 795">
     <span class='ocr_line' id='line_1_19' title="bbox 2203 720 3825 795; baseline 0.002 -20"><span class='ocrx_word' id='word_1_147' title='bbox 2203 722 2390 794; x_wconf 89' lang='lat' dir='ltr'>plura,</span> <span class='ocrx_word' id='word_1_148' title='bbox 2403 720 2515 775; x_wconf 90' lang='lat' dir='ltr'>huc</span> <span class='ocrx_word' id='word_1_149' title='bbox 2531 720 3239 788; x_wconf 87' lang='lat' dir='ltr'>facientia,Carthusianus</span> <span class='ocrx_word' id='word_1_150' title='bbox 3258 724 3458 777; x_wconf 88' lang='lat' dir='ltr'>noster</span> <span class='ocrx_word' id='word_1_151' title='bbox 3475 739 3825 795; x_wconf 87' lang='lat' dir='ltr'>anonymus,</span> 
     </span>
    </p>
   </div>
   <div class='ocr_carea' id='block_1_20' title="bbox 2207 809 3830 884">
    <p class='ocr_par' dir='ltr' id='par_1_20' title="bbox 2207 809 3830 884">
     <span class='ocr_line' id='line_1_20' title="bbox 2207 809 3830 884; baseline 0.002 -21"><span class='ocrx_word' id='word_1_152' title='bbox 2207 809 2303 881; x_wconf 87' lang='lat' dir='ltr'>qui</span> <span class='ocrx_word' id='word_1_153' title='bbox 2325 809 2624 864; x_wconf 89' lang='lat' dir='ltr'>annalium</span> <span class='ocrx_word' id='word_1_154' title='bbox 2652 810 2871 865; x_wconf 86' lang='lat' dir='ltr'>ordinis</span> <span class='ocrx_word' id='word_1_155' title='bbox 2892 811 2978 866; x_wconf 90' lang='lat' dir='ltr'>sui</span> <span class='ocrx_word' id='word_1_156' title='bbox 3003 810 3218 866; x_wconf 90' lang='lat' dir='ltr'>librum</span> <span class='ocrx_word' id='word_1_157' title='bbox 3246 814 3519 884; x_wconf 89' lang='lat' dir='ltr'>quartum</span> <span class='ocrx_word' id='word_1_158' title='bbox 3548 812 3830 868; x_wconf 86' lang='lat' dir='ltr'>hactenus</span> 
     </span>
    </p>
   </div>
   <div class='ocr_carea' id='block_1_21' title="bbox 2208 899 3828 972">
    <p class='ocr_par' dir='ltr' id='par_1_21' title="bbox 2208 899 3828 972">
     <span class='ocr_line' id='line_1_21' title="bbox 2208 899 3828 972; baseline 0.002 -20"><span class='ocrx_word' id='word_1_159' title='bbox 2208 915 2327 953; x_wconf 93' lang='lat' dir='ltr'>non</span> <span class='ocrx_word' id='word_1_160' title='bbox 2360 899 2655 970; x_wconf 88' lang='lat' dir='ltr'>vulgatum</span> <span class='ocrx_word' id='word_1_161' title='bbox 2686 899 2998 968; x_wconf 85' lang='lat' dir='ltr'>contexuit,</span> <span class='ocrx_word' id='word_1_162' title='bbox 3032 899 3382 972; x_wconf 87' lang='lat' dir='ltr'>suppeditat.</span> <span class='ocrx_word' id='word_1_163' title='bbox 3411 899 3597 956; x_wconf 89' lang='lat' dir='ltr'>Verba</span> <span class='ocrx_word' id='word_1_164' title='bbox 3624 903 3828 956; x_wconf 87' lang='lat' dir='ltr'>tamen</span> 
     </span>
    </p>
   </div>
   <div class='ocr_carea' id='block_1_22' title="bbox 2206 988 3833 1063">
    <p class='ocr_par' dir='ltr' id='par_1_22' title="bbox 2206 988 3833 1063">
     <span class='ocr_line' id='line_1_22' title="bbox 2206 988 3833 1063; baseline 0.002 -21"><span class='ocrx_word' id='word_1_165' title='bbox 2206 988 2328 1059; x_wconf 88' lang='lat' dir='ltr'>ejus</span> <span class='ocrx_word' id='word_1_166' title='bbox 2357 989 2465 1043; x_wconf 90' lang='lat' dir='ltr'>huc</span> <span class='ocrx_word' id='word_1_167' title='bbox 2509 989 2893 1044; x_wconf 87' lang='lat' dir='ltr'>transcribere</span> <span class='ocrx_word' id='word_1_168' title='bbox 2931 989 3115 1045; x_wconf 89' lang='lat' dir='ltr'>visum</span> <span class='ocrx_word' id='word_1_169' title='bbox 3154 1007 3273 1046; x_wconf 91' lang='lat' dir='ltr'>non</span> <span class='ocrx_word' id='word_1_170' title='bbox 3313 993 3417 1058; x_wconf 90' lang='lat' dir='ltr'>est,</span> <span class='ocrx_word' id='word_1_171' title='bbox 3462 990 3617 1063; x_wconf 89' lang='lat' dir='ltr'>quod</span> <span class='ocrx_word' id='word_1_172' title='bbox 3646 1008 3833 1063; x_wconf 89' lang='lat' dir='ltr'>pauca</span> 
     </span>
    </p>
   </div>
   <div class='ocr_carea' id='block_1_23' title="bbox 2197 1076 3834 1151">
    <p class='ocr_par' dir='ltr' id='par_1_23' title="bbox 2197 1076 3834 1151">
     <span class='ocr_line' id='line_1_23' title="bbox 2197 1076 3834 1151; baseline 0.003 -20"><span class='ocrx_word' id='word_1_173' title='bbox 2197 1076 2325 1148; x_wconf 90' lang='lat' dir='ltr'>jam</span> <span class='ocrx_word' id='word_1_174' title='bbox 2341 1077 2768 1150; x_wconf 89' lang='lat' dir='ltr'>adducta,quod</span> <span class='ocrx_word' id='word_1_175' title='bbox 2779 1079 3147 1151; x_wconf 88' lang='lat' dir='ltr'>probandum</span> <span class='ocrx_word' id='word_1_176' title='bbox 3160 1079 3662 1147; x_wconf 75' lang='lat' dir='ltr'>erat,sufﬁcienter</span> <span class='ocrx_word' id='word_1_177' title='bbox 3678 1080 3834 1136; x_wconf 87' lang='lat' dir='ltr'>evin-</span> 
     </span>
    </p>
   </div>
   <div class='ocr_carea' id='block_1_24' title="bbox 2209 1166 3825 1236">
    <p class='ocr_par' dir='ltr' id='par_1_24' title="bbox 2209 1166 3825 1236">
     <span class='ocr_line' id='line_1_24' title="bbox 2209 1166 3825 1236; baseline 0.002 -16"><span class='ocrx_word' id='word_1_178' title='bbox 2209 1170 2363 1221; x_wconf 91' lang='lat' dir='ltr'>cant.</span> <span class='ocrx_word' id='word_1_179' title='bbox 2388 1167 2499 1221; x_wconf 87' lang='lat' dir='ltr'>Nec</span> <span class='ocrx_word' id='word_1_180' title='bbox 2530 1166 2639 1221; x_wconf 91' lang='lat' dir='ltr'>hoc</span> <span class='ocrx_word' id='word_1_181' title='bbox 2656 1170 2881 1222; x_wconf 88' lang='lat' dir='ltr'>tantum</span> <span class='ocrx_word' id='word_1_182' title='bbox 2909 1184 2976 1222; x_wconf 89' lang='lat' dir='ltr'>ex</span> <span class='ocrx_word' id='word_1_183' title='bbox 3004 1168 3112 1223; x_wconf 90' lang='lat' dir='ltr'>illis</span> <span class='ocrx_word' id='word_1_184' title='bbox 3140 1168 3405 1236; x_wconf 88' lang='lat' dir='ltr'>habetur,</span> <span class='ocrx_word' id='word_1_185' title='bbox 3428 1185 3630 1224; x_wconf 90' lang='lat' dir='ltr'>verum</span> <span class='ocrx_word' id='word_1_186' title='bbox 3645 1169 3825 1224; x_wconf 89' lang='lat' dir='ltr'>etiam</span> 
     </span>
    </p>
   </div>
   <div class='ocr_carea' id='block_1_25' title="bbox 2210 1255 3831 1321">
    <p class='ocr_par' dir='ltr' id='par_1_25' title="bbox 2210 1255 3831 1321">
     <span class='ocr_line' id='line_1_25' title="bbox 2210 1255 3831 1321; baseline 0.002 -12"><span class='ocrx_word' id='word_1_187' title='bbox 2210 1256 2546 1321; x_wconf 89' lang='lat' dir='ltr'>Gersonem,</span> <span class='ocrx_word' id='word_1_188' title='bbox 2565 1259 2767 1310; x_wconf 88' lang='lat' dir='ltr'>contra</span> <span class='ocrx_word' id='word_1_189' title='bbox 2777 1256 2885 1310; x_wconf 90' lang='lat' dir='ltr'>hac</span> <span class='ocrx_word' id='word_1_190' title='bbox 2902 1256 3187 1311; x_wconf 89' lang='lat' dir='ltr'>Launoius</span> <span class='ocrx_word' id='word_1_191' title='bbox 3206 1255 3265 1311; x_wconf 90' lang='lat' dir='ltr'>in</span> <span class='ocrx_word' id='word_1_192' title='bbox 3283 1274 3385 1312; x_wconf 89' lang='lat' dir='ltr'>sua</span> <span class='ocrx_word' id='word_1_193' title='bbox 3409 1257 3481 1312; x_wconf 91' lang='lat' dir='ltr'>de</span> <span class='ocrx_word' id='word_1_194' title='bbox 3501 1275 3637 1313; x_wconf 90' lang='lat' dir='ltr'>vera</span> <span class='ocrx_word' id='word_1_195' title='bbox 3657 1274 3831 1313; x_wconf 89' lang='lat' dir='ltr'>causa</span> 
     </span>
    </p>
   </div>
   <div class='ocr_carea' id='block_1_26' title="bbox 2211 1343 3833 1418">
    <p class='ocr_par' dir='ltr' id='par_1_26' title="bbox 2211 1343 3833 1418">
     <span class='ocr_line' id='line_1_26' title="bbox 2211 1343 3833 1418; baseline 0.002 -19"><span class='ocrx_word' id='word_1_196' title='bbox 2211 1360 2463 1400; x_wconf 89' lang='lat' dir='ltr'>secessus</span> <span class='ocrx_word' id='word_1_197' title='bbox 2479 1343 2537 1398; x_wconf 91' lang='lat' dir='ltr'>S.</span> <span class='ocrx_word' id='word_1_198' title='bbox 2557 1344 2837 1398; x_wconf 87' lang='lat' dir='ltr'>Brunonis</span> <span class='ocrx_word' id='word_1_199' title='bbox 2857 1344 2915 1398; x_wconf 92' lang='lat' dir='ltr'>in</span> <span class='ocrx_word' id='word_1_200' title='bbox 2937 1360 3202 1399; x_wconf 85' lang='lat' dir='ltr'>eremum</span> <span class='ocrx_word' id='word_1_201' title='bbox 3230 1345 3643 1402; x_wconf 87' lang='lat' dir='ltr'>Dissertatione</span> <span class='ocrx_word' id='word_1_202' title='bbox 3656 1363 3781 1418; x_wconf 87' lang='lat' dir='ltr'>cap.</span> <span class='ocrx_word' id='word_1_203' title='bbox 3797 1350 3833 1402; x_wconf 85' lang='lat'><strong>2</strong></span> 
     </span>
    </p>
   </div>
   <div class='ocr_carea' id='block_1_27' title="bbox 2210 1431 3834 1506">
    <p class='ocr_par' dir='ltr' id='par_1_27' title="bbox 2210 1431 3834 1506">
     <span class='ocr_line' id='line_1_27' title="bbox 2210 1431 3834 1506; baseline 0.002 -20"><span class='ocrx_word' id='word_1_204' title='bbox 2210 1436 2493 1505; x_wconf 65' lang='lat' dir='ltr'>praeterea</span> <span class='ocrx_word' id='word_1_205' title='bbox 2505 1433 2643 1498; x_wconf 90' lang='lat' dir='ltr'>vult,</span> <span class='ocrx_word' id='word_1_206' title='bbox 2678 1431 2936 1503; x_wconf 90' lang='lat' dir='ltr'>primum</span> <span class='ocrx_word' id='word_1_207' title='bbox 2961 1449 3079 1487; x_wconf 93' lang='lat' dir='ltr'>non</span> <span class='ocrx_word' id='word_1_208' title='bbox 3096 1432 3288 1502; x_wconf 86' lang='lat' dir='ltr'>fuisse,</span> <span class='ocrx_word' id='word_1_209' title='bbox 3316 1434 3413 1506; x_wconf 89' lang='lat' dir='ltr'>qui</span> <span class='ocrx_word' id='word_1_210' title='bbox 3434 1451 3590 1490; x_wconf 89' lang='lat' dir='ltr'>anno</span> <span class='ocrx_word' id='word_1_211' title='bbox 3604 1435 3834 1489; x_wconf 87' lang='lat' dir='ltr'>circiter</span> 
     </span>
    </p>
   </div>
   <div class='ocr_carea' id='block_1_28' title="bbox 2218 1521 3829 1580">
    <p class='ocr_par' dir='ltr' id='par_1_28' title="bbox 2218 1521 3829 1580">
     <span class='ocr_line' id='line_1_28' title="bbox 2218 1521 3829 1580; baseline 0 -1"><span class='ocrx_word' id='word_1_212' title='bbox 2218 1525 2353 1580; x_wconf 79' lang='grc'><strong>1420</strong></span> <span class='ocrx_word' id='word_1_213' title='bbox 2374 1523 2617 1577; x_wconf 82' lang='lat' dir='ltr'>feralem</span> <span class='ocrx_word' id='word_1_214' title='bbox 2642 1522 2714 1576; x_wconf 90' lang='lat' dir='ltr'>de</span> <span class='ocrx_word' id='word_1_215' title='bbox 2740 1521 2991 1577; x_wconf 84' lang='lat' dir='ltr'>infausto</span> <span class='ocrx_word' id='word_1_216' title='bbox 3026 1522 3331 1578; x_wconf 90' lang='lat' dir='ltr'>Parisiensi</span> <span class='ocrx_word' id='word_1_217' title='bbox 3359 1524 3596 1579; x_wconf 90' lang='lat' dir='ltr'>doctore</span> <span class='ocrx_word' id='word_1_218' title='bbox 3627 1540 3829 1579; x_wconf 88' lang='lat' dir='ltr'>narra-</span> 
     </span>
    </p>
   </div>
   <div class='ocr_carea' id='block_1_29' title="bbox 2212 1612 3832 1683">
    <p class='ocr_par' dir='ltr' id='par_1_29' title="bbox 2212 1612 3832 1683">
     <span class='ocr_line' id='line_1_29' title="bbox 2212 1612 3832 1683; baseline 0 -16"><span class='ocrx_word' id='word_1_219' title='bbox 2212 1615 2456 1679; x_wconf 91' lang='lat' dir='ltr'>tionem,</span> <span class='ocrx_word' id='word_1_220' title='bbox 2491 1616 2609 1679; x_wconf 89' lang='lat' dir='ltr'>aut,</span> <span class='ocrx_word' id='word_1_221' title='bbox 2637 1612 3135 1683; x_wconf 87' lang='lat' dir='ltr'>quemadmodum</span> <span class='ocrx_word' id='word_1_222' title='bbox 3164 1613 3314 1667; x_wconf 89' lang='lat' dir='ltr'>hanc</span> <span class='ocrx_word' id='word_1_223' title='bbox 3334 1616 3519 1682; x_wconf 86' lang='lat' dir='ltr'>vocat,</span> <span class='ocrx_word' id='word_1_224' title='bbox 3550 1614 3832 1680; x_wconf 81' lang='lat' dir='ltr'>fabulam,</span> 
     </span>
    </p>
   </div>
   <div class='ocr_carea' id='block_1_30' title="bbox 491 1696 3833 1773">
    <p class='ocr_par' dir='ltr' id='par_1_30' title="bbox 491 1696 3833 1773">
     <span class='ocr_line' id='line_1_30' title="bbox 491 1696 3833 1773; baseline 0 -17"><span class='ocrx_word' id='word_1_225' title='bbox 491 1702 687 1756; x_wconf 76' lang='lat' dir='ltr'>torum</span> <span class='ocrx_word' id='word_1_226' title='bbox 709 1716 913 1755; x_wconf 91' lang='lat' dir='ltr'>eorum</span> <span class='ocrx_word' id='word_1_227' title='bbox 938 1700 1374 1755; x_wconf 84' lang='lat' dir='ltr'>auctoritatibus</span> <span class='ocrx_word' id='word_1_228' title='bbox 1398 1698 1658 1770; x_wconf 85' lang='lat' dir='ltr'>superius</span> <span class='ocrx_word' id='word_1_229' title='bbox 1686 1696 1948 1762; x_wconf 48' lang='lat' dir='ltr'>fecimus),</span> <span class='ocrx_word' id='word_1_230' title='bbox 1977 1710 2111 1749; x_wconf 86' lang='lat' dir='ltr'>cum</span> <span class='ocrx_word' id='word_1_231' title='bbox 2142 1699 2190 1757; x_wconf 94' lang='lat' dir='ltr'>B</span> <span class='ocrx_word' id='word_1_232' title='bbox 2214 1700 2545 1773; x_wconf 88' lang='lat' dir='ltr'>aliquandiu</span> <span class='ocrx_word' id='word_1_233' title='bbox 2568 1700 2696 1771; x_wconf 88' lang='lat' dir='ltr'>jam</span> <span class='ocrx_word' id='word_1_234' title='bbox 2729 1703 2864 1755; x_wconf 87' lang='lat' dir='ltr'>ante</span> <span class='ocrx_word' id='word_1_235' title='bbox 2894 1701 3225 1769; x_wconf 76' lang='lat' dir='ltr'>confictam,</span> <span class='ocrx_word' id='word_1_236' title='bbox 3257 1700 3317 1756; x_wconf 91' lang='lat' dir='ltr'>in</span> <span class='ocrx_word' id='word_1_237' title='bbox 3338 1701 3556 1756; x_wconf 87' lang='lat' dir='ltr'>litteras</span> <span class='ocrx_word' id='word_1_238' title='bbox 3586 1700 3833 1756; x_wconf 87' lang='lat' dir='ltr'>miserit.</span> 
     </span>
    </p>
   </div>
   <div class='ocr_carea' id='block_1_31' title="bbox 493 1783 2111 1862">
    <p class='ocr_par' dir='ltr' id='par_1_31' title="bbox 493 1783 2111 1862">
     <span class='ocr_line' id='line_1_31' title="bbox 493 1783 2111 1862; baseline -0.004 -18"><span class='ocrx_word' id='word_1_239' title='bbox 493 1805 566 1844; x_wconf 90' lang='lat' dir='ltr'>ne</span> <span class='ocrx_word' id='word_1_240' title='bbox 596 1806 744 1844; x_wconf 89' lang='lat' dir='ltr'>unus</span> <span class='ocrx_word' id='word_1_241' title='bbox 771 1789 1008 1862; x_wconf 90' lang='lat' dir='ltr'>quidem</span> <span class='ocrx_word' id='word_1_242' title='bbox 1041 1805 1245 1844; x_wconf 88' lang='lat' dir='ltr'>eorum</span> <span class='ocrx_word' id='word_1_243' title='bbox 1303 1788 1571 1854; x_wconf 89' lang='lat' dir='ltr'>seorsim,</span> <span class='ocrx_word' id='word_1_244' title='bbox 1615 1803 1720 1841; x_wconf 91' lang='lat' dir='ltr'>nec</span> <span class='ocrx_word' id='word_1_245' title='bbox 1752 1783 2111 1856; x_wconf 87' lang='lat' dir='ltr'>conjunctim</span> 
     </span>
    </p>
   </div>
   <div class='ocr_carea' id='block_1_32' title="bbox 494 1874 2111 1948">
    <p class='ocr_par' dir='ltr' id='par_1_32' title="bbox 494 1874 2111 1948">
     <span class='ocr_line' id='line_1_32' title="bbox 494 1874 2111 1948; baseline -0.004 -15"><span class='ocrx_word' id='word_1_246' title='bbox 494 1877 709 1933; x_wconf 89' lang='lat' dir='ltr'>dictam</span> <span class='ocrx_word' id='word_1_247' title='bbox 733 1878 1157 1945; x_wconf 89' lang='lat' dir='ltr'>narrationem,</span> <span class='ocrx_word' id='word_1_248' title='bbox 1181 1880 1281 1931; x_wconf 91' lang='lat' dir='ltr'>aut</span> <span class='ocrx_word' id='word_1_249' title='bbox 1304 1877 1428 1948; x_wconf 89' lang='lat' dir='ltr'>ejus</span> <span class='ocrx_word' id='word_1_250' title='bbox 1455 1875 1839 1948; x_wconf 89' lang='lat' dir='ltr'>appendicem</span> <span class='ocrx_word' id='word_1_251' title='bbox 1870 1874 2111 1939; x_wconf 89' lang='lat' dir='ltr'>evertat,</span> 
     </span>
    </p>
   </div>
   <div class='ocr_carea' id='block_1_33' title="bbox 493 1960 2113 2039">
    <p class='ocr_par' dir='ltr' id='par_1_33' title="bbox 493 1960 2113 2039">
     <span class='ocr_line' id='line_1_33' title="bbox 493 1960 2113 2039; baseline -0.004 -18"><span class='ocrx_word' id='word_1_252' title='bbox 493 1965 594 2021; x_wconf 90' lang='lat' dir='ltr'>sed</span> <span class='ocrx_word' id='word_1_253' title='bbox 620 1983 725 2021; x_wconf 91' lang='lat' dir='ltr'>nec</span> <span class='ocrx_word' id='word_1_254' title='bbox 752 1966 1036 2039; x_wconf 87' lang='lat' dir='ltr'>tantisper</span> <span class='ocrx_word' id='word_1_255' title='bbox 1065 1966 1379 2021; x_wconf 88' lang='lat' dir='ltr'>concutiat.</span> <span class='ocrx_word' id='word_1_256' title='bbox 1408 1984 1441 2017; x_wconf 62' lang='grc' dir='ltr'><strong>θ</strong></span> <span class='ocrx_word' id='word_1_257' title='bbox 1466 1966 1755 2019; x_wconf 85' lang='lat' dir='ltr'>Hactenus</span> <span class='ocrx_word' id='word_1_258' title='bbox 1783 1960 2113 2018; x_wconf 86' lang='lat' dir='ltr'>Carthusia-</span> 
     </span>
    </p>
   </div>
   <div class='ocr_carea' id='block_1_34' title="bbox 497 2054 2115 2127">
    <p class='ocr_par' dir='ltr' id='par_1_34' title="bbox 497 2054 2115 2127">
     <span class='ocr_line' id='line_1_34' title="bbox 497 2054 2115 2127; baseline -0.004 -16"><span class='ocrx_word' id='word_1_259' title='bbox 497 2073 605 2112; x_wconf 89' lang='lat' dir='ltr'>nus</span> <span class='ocrx_word' id='word_1_260' title='bbox 622 2070 967 2127; x_wconf 86' lang='lat' dir='ltr'>anonymus,</span> <span class='ocrx_word' id='word_1_261' title='bbox 1002 2055 1202 2109; x_wconf 88' lang='lat' dir='ltr'>volens</span> <span class='ocrx_word' id='word_1_262' title='bbox 1226 2055 1528 2123; x_wconf 88' lang='lat' dir='ltr'>nimirum,</span> <span class='ocrx_word' id='word_1_263' title='bbox 1563 2054 1910 2124; x_wconf 88' lang='lat' dir='ltr'>argumento</span> <span class='ocrx_word' id='word_1_264' title='bbox 1937 2066 2115 2121; x_wconf 83' lang='lat' dir='ltr'>nega-</span> 
     </span>
    </p>
   </div>
   <div class='ocr_carea' id='block_1_35' title="bbox 497 2139 2114 2215">
    <p class='ocr_par' dir='ltr' id='par_1_35' title="bbox 497 2139 2114 2215">
     <span class='ocr_line' id='line_1_35' title="bbox 497 2139 2114 2215; baseline -0.002 -18"><span class='ocrx_word' id='word_1_265' title='bbox 497 2143 614 2200; x_wconf 85' lang='lat' dir='ltr'>tivo</span> <span class='ocrx_word' id='word_1_266' title='bbox 670 2147 874 2199; x_wconf 89' lang='lat' dir='ltr'>contra</span> <span class='ocrx_word' id='word_1_267' title='bbox 927 2144 1268 2211; x_wconf 90' lang='lat' dir='ltr'>Launoium,</span> <span class='ocrx_word' id='word_1_268' title='bbox 1300 2142 1401 2215; x_wconf 89' lang='lat' dir='ltr'>qui</span> <span class='ocrx_word' id='word_1_269' title='bbox 1451 2142 1501 2196; x_wconf 90' lang='lat' dir='ltr'>ei</span> <span class='ocrx_word' id='word_1_270' title='bbox 1545 2141 1791 2196; x_wconf 87' lang='lat' dir='ltr'>nimium</span> <span class='ocrx_word' id='word_1_271' title='bbox 1833 2139 2114 2209; x_wconf 85' lang='lat' dir='ltr'>attribuit,</span> 
     </span>
    </p>
   </div>
   <div class='ocr_carea' id='block_1_36' title="bbox 501 2228 2117 2301">
    <p class='ocr_par' dir='ltr' id='par_1_36' title="bbox 501 2228 2117 2301">
     <span class='ocr_line' id='line_1_36' title="bbox 501 2228 2117 2301; baseline -0.003 -14"><span class='ocrx_word' id='word_1_272' title='bbox 501 2233 721 2287; x_wconf 81' lang='lat' dir='ltr'>nullam</span> <span class='ocrx_word' id='word_1_273' title='bbox 750 2231 993 2288; x_wconf 86' lang='lat' dir='ltr'>omnino</span> <span class='ocrx_word' id='word_1_274' title='bbox 1025 2231 1141 2287; x_wconf 89' lang='lat' dir='ltr'>vim</span> <span class='ocrx_word' id='word_1_275' title='bbox 1169 2231 1377 2298; x_wconf 89' lang='lat' dir='ltr'>inesse,</span> <span class='ocrx_word' id='word_1_276' title='bbox 1423 2247 1489 2285; x_wconf 91' lang='lat' dir='ltr'>ac</span> <span class='ocrx_word' id='word_1_277' title='bbox 1513 2230 1679 2301; x_wconf 89' lang='lat' dir='ltr'>proin</span> <span class='ocrx_word' id='word_1_278' title='bbox 1723 2228 2117 2300; x_wconf 78' lang='lat' dir='ltr'>prodigiosum</span> 
     </span>
    </p>
   </div>
   <div class='ocr_carea' id='block_1_37' title="bbox 498 2316 2116 2391">
    <p class='ocr_par' dir='ltr' id='par_1_37' title="bbox 498 2316 2116 2391">
     <span class='ocr_line' id='line_1_37' title="bbox 498 2316 2116 2391; baseline -0.004 -14"><span class='ocrx_word' id='word_1_279' title='bbox 498 2321 751 2377; x_wconf 86' lang='lat' dir='ltr'>doctoris</span> <span class='ocrx_word' id='word_1_280' title='bbox 769 2320 1081 2376; x_wconf 86' lang='lat' dir='ltr'>anastasim</span> <span class='ocrx_word' id='word_1_281' title='bbox 1129 2318 1889 2391; x_wconf 79' lang='lat' dir='ltr'>scriptorum.antiquorum</span> <span class='ocrx_word' id='word_1_282' title='bbox 1910 2316 1981 2372; x_wconf 92' lang='lat' dir='ltr'>de</span> <span class='ocrx_word' id='word_1_283' title='bbox 2007 2316 2116 2371; x_wconf 90' lang='lat' dir='ltr'>hac</span> 
     </span>
    </p>
   </div>
   <div class='ocr_carea' id='block_1_38' title="bbox 496 2406 2114 2481">
    <p class='ocr_par' dir='ltr' id='par_1_38' title="bbox 496 2406 2114 2481">
     <span class='ocr_line' id='line_1_38' title="bbox 496 2406 2114 2481; baseline -0.002 -17"><span class='ocrx_word' id='word_1_284' title='bbox 496 2409 722 2466; x_wconf 78' lang='lat' dir='ltr'>silentio</span> <span class='ocrx_word' id='word_1_285' title='bbox 752 2426 871 2465; x_wconf 91' lang='lat' dir='ltr'>non</span> <span class='ocrx_word' id='word_1_286' title='bbox 910 2412 1139 2464; x_wconf 87' lang='lat' dir='ltr'>tantum</span> <span class='ocrx_word' id='word_1_287' title='bbox 1173 2426 1291 2465; x_wconf 92' lang='lat' dir='ltr'>non</span> <span class='ocrx_word' id='word_1_288' title='bbox 1325 2407 1548 2481; x_wconf 88' lang='lat' dir='ltr'>negari,</span> <span class='ocrx_word' id='word_1_289' title='bbox 1580 2407 1681 2462; x_wconf 90' lang='lat' dir='ltr'>sed</span> <span class='ocrx_word' id='word_1_290' title='bbox 1722 2423 1830 2462; x_wconf 90' lang='lat' dir='ltr'>nec</span> <span class='ocrx_word' id='word_1_291' title='bbox 1861 2406 1978 2461; x_wconf 89' lang='lat' dir='ltr'>ulla</span> <span class='ocrx_word' id='word_1_292' title='bbox 2022 2420 2114 2460; x_wconf 79' lang='lat' dir='ltr'>ra-</span> 
     </span>
    </p>
   </div>
   <div class='ocr_carea' id='block_1_39' title="bbox 497 2495 2117 2566">
    <p class='ocr_par' dir='ltr' id='par_1_39' title="bbox 497 2495 2117 2566">
     <span class='ocr_line' id='line_1_39' title="bbox 497 2495 2117 2566; baseline -0.002 -13"><span class='ocrx_word' id='word_1_293' title='bbox 497 2498 656 2555; x_wconf 88' lang='lat' dir='ltr'>tione</span> <span class='ocrx_word' id='word_1_294' title='bbox 684 2498 932 2566; x_wconf 86' lang='lat' dir='ltr'>concuti,</span> <span class='ocrx_word' id='word_1_295' title='bbox 964 2498 1184 2554; x_wconf 90' lang='lat' dir='ltr'>nedum</span> <span class='ocrx_word' id='word_1_296' title='bbox 1213 2497 1476 2553; x_wconf 87' lang='lat' dir='ltr'>convelli.</span> <span class='ocrx_word' id='word_1_297' title='bbox 1500 2498 1713 2552; x_wconf 86' lang='lat' dir='ltr'>Verum</span> <span class='ocrx_word' id='word_1_298' title='bbox 1737 2499 1944 2551; x_wconf 90' lang='lat' dir='ltr'>contra</span> <span class='ocrx_word' id='word_1_299' title='bbox 1967 2495 2117 2549; x_wconf 90' lang='lat' dir='ltr'>hanc</span> 
     </span>
    </p>
   </div>
   <div class='ocr_carea' id='block_1_40' title="bbox 494 2583 2117 2659">
    <p class='ocr_par' dir='ltr' id='par_1_40' title="bbox 494 2583 2117 2659">
     <span class='ocr_line' id='line_1_40' title="bbox 494 2583 2117 2659; baseline -0.003 -16"><span class='ocrx_word' id='word_1_300' title='bbox 494 2587 720 2644; x_wconf 79' lang='lat' dir='ltr'>roboris</span> <span class='ocrx_word' id='word_1_301' title='bbox 744 2604 861 2643; x_wconf 91' lang='lat' dir='ltr'>non</span> <span class='ocrx_word' id='word_1_302' title='bbox 893 2586 1037 2643; x_wconf 90' lang='lat' dir='ltr'>nihil</span> <span class='ocrx_word' id='word_1_303' title='bbox 1062 2587 1278 2642; x_wconf 90' lang='lat' dir='ltr'>habere</span> <span class='ocrx_word' id='word_1_304' title='bbox 1304 2586 1732 2659; x_wconf 68' lang='lat' dir='ltr'>praecipuorum</span> <span class='ocrx_word' id='word_1_305' title='bbox 1761 2601 1792 2640; x_wconf 91' lang='lat' dir='ltr'>e</span> <span class='ocrx_word' id='word_1_306' title='bbox 1813 2583 2061 2640; x_wconf 87' lang='lat' dir='ltr'>laudatis</span> <span class='ocrx_word' id='word_1_307' title='bbox 2081 2598 2117 2638; x_wconf 90' lang='lat' dir='ltr'>a</span> 
     </span>
    </p>
   </div>
   <div class='ocr_carea' id='block_1_41' title="bbox 497 2674 2117 2750">
    <p class='ocr_par' dir='ltr' id='par_1_41' title="bbox 497 2674 2117 2750">
     <span class='ocr_line' id='line_1_41' title="bbox 497 2674 2117 2750; baseline -0.003 -18"><span class='ocrx_word' id='word_1_308' title='bbox 497 2677 750 2734; x_wconf 85' lang='lat' dir='ltr'>Launoio</span> <span class='ocrx_word' id='word_1_309' title='bbox 781 2678 1151 2750; x_wconf 86' lang='lat' dir='ltr'>scriptoribus</span> <span class='ocrx_word' id='word_1_310' title='bbox 1176 2676 1429 2749; x_wconf 89' lang='lat' dir='ltr'>antiquis</span> <span class='ocrx_word' id='word_1_311' title='bbox 1451 2675 1766 2744; x_wconf 89' lang='lat' dir='ltr'>silentium,</span> <span class='ocrx_word' id='word_1_312' title='bbox 1794 2674 1921 2747; x_wconf 88' lang='lat' dir='ltr'>jam</span> <span class='ocrx_word' id='word_1_313' title='bbox 1942 2688 2117 2745; x_wconf 88' lang='lat' dir='ltr'>supra</span> 
     </span>
    </p>
   </div>
   <div class='ocr_carea' id='block_1_42' title="bbox 496 2765 2113 2839">
    <p class='ocr_par' dir='ltr' id='par_1_42' title="bbox 496 2765 2113 2839">
     <span class='ocr_line' id='line_1_42' title="bbox 496 2765 2113 2839; baseline -0.003 -17"><span class='ocrx_word' id='word_1_314' title='bbox 496 2766 735 2837; x_wconf 91' lang='lat' dir='ltr'>edocui;</span> <span class='ocrx_word' id='word_1_315' title='bbox 781 2770 1065 2839; x_wconf 87' lang='lat' dir='ltr'>quantum</span> <span class='ocrx_word' id='word_1_316' title='bbox 1097 2769 1293 2821; x_wconf 88' lang='lat' dir='ltr'>autem</span> <span class='ocrx_word' id='word_1_317' title='bbox 1344 2765 1690 2837; x_wconf 87' lang='lat' dir='ltr'>scriptorum</span> <span class='ocrx_word' id='word_1_318' title='bbox 1729 2779 1963 2836; x_wconf 86' lang='lat' dir='ltr'>prorsus</span> <span class='ocrx_word' id='word_1_319' title='bbox 1986 2777 2113 2817; x_wconf 90' lang='lat' dir='ltr'>om-</span> 
     </span>
    </p>
   </div>
   <div class='ocr_carea' id='block_1_43' title="bbox 497 2850 2112 2929">
    <p class='ocr_par' dir='ltr' id='par_1_43' title="bbox 497 2850 2112 2929">
     <span class='ocr_line' id='line_1_43' title="bbox 497 2850 2112 2929; baseline -0.003 -20"><span class='ocrx_word' id='word_1_320' title='bbox 497 2854 686 2924; x_wconf 85' lang='lat' dir='ltr'>nium,</span> <span class='ocrx_word' id='word_1_321' title='bbox 733 2856 852 2929; x_wconf 85' lang='lat' dir='ltr'>qui,</span> <span class='ocrx_word' id='word_1_322' title='bbox 901 2855 1130 2927; x_wconf 88' lang='lat' dir='ltr'>integro</span> <span class='ocrx_word' id='word_1_323' title='bbox 1161 2854 1353 2927; x_wconf 92' lang='lat' dir='ltr'>primo</span> <span class='ocrx_word' id='word_1_324' title='bbox 1385 2858 1445 2909; x_wconf 90' lang='lat' dir='ltr'>et</span> <span class='ocrx_word' id='word_1_325' title='bbox 1469 2854 1621 2908; x_wconf 85' lang='lat' dir='ltr'>forte</span> <span class='ocrx_word' id='word_1_326' title='bbox 1662 2852 1839 2907; x_wconf 90' lang='lat' dir='ltr'>etiam</span> <span class='ocrx_word' id='word_1_327' title='bbox 1861 2850 2112 2906; x_wconf 87' lang='lat' dir='ltr'>secundo</span> 
     </span>
    </p>
   </div>
   <div class='ocr_carea' id='block_1_44' title="bbox 495 2939 2116 3017">
    <p class='ocr_par' dir='ltr' id='par_1_44' title="bbox 495 2939 2116 3017">
     <span class='ocr_line' id='line_1_44' title="bbox 495 2939 2116 3017; baseline -0.003 -17"><span class='ocrx_word' id='word_1_328' title='bbox 495 2948 625 3015; x_wconf 87' lang='lat' dir='ltr'>post</span> <span class='ocrx_word' id='word_1_329' title='bbox 668 2961 794 3000; x_wconf 89' lang='lat' dir='ltr'>rem</span> <span class='ocrx_word' id='word_1_330' title='bbox 827 2948 1052 3017; x_wconf 83' lang='lat' dir='ltr'>gestam</span> <span class='ocrx_word' id='word_1_331' title='bbox 1106 2945 1315 2999; x_wconf 65' lang='lat' dir='ltr'>saeculo</span> <span class='ocrx_word' id='word_1_332' title='bbox 1349 2943 1603 3011; x_wconf 90' lang='lat' dir='ltr'>labente,</span> <span class='ocrx_word' id='word_1_333' title='bbox 1650 2944 1993 3010; x_wconf 85' lang='lat' dir='ltr'>ﬂoruerunt,</span> <span class='ocrx_word' id='word_1_334' title='bbox 2038 2939 2116 2995; x_wconf 86' lang='lat' dir='ltr'>si-</span> 
     </span>
    </p>
   </div>
   <div class='ocr_carea' id='block_1_45' title="bbox 496 3029 2110 3105">
    <p class='ocr_par' dir='ltr' id='par_1_45' title="bbox 496 3029 2110 3105">
     <span class='ocr_line' id='line_1_45' title="bbox 496 3029 2110 3105; baseline -0.003 -17"><span class='ocrx_word' id='word_1_335' title='bbox 496 3033 739 3089; x_wconf 89' lang='lat' dir='ltr'>lentium</span> <span class='ocrx_word' id='word_1_336' title='bbox 764 3037 967 3090; x_wconf 86' lang='lat' dir='ltr'>contra</span> <span class='ocrx_word' id='word_1_337' title='bbox 992 3034 1265 3089; x_wconf 87' lang='lat' dir='ltr'>eamdem</span> <span class='ocrx_word' id='word_1_338' title='bbox 1292 3033 1502 3100; x_wconf 87' lang='lat' dir='ltr'>valeat,</span> <span class='ocrx_word' id='word_1_339' title='bbox 1536 3036 1564 3101; x_wconf 84' lang='lat'>§</span> <span class='ocrx_word' id='word_1_340' title='bbox 1597 3048 1845 3105; x_wconf 91' lang='lat' dir='ltr'>sequens</span> <span class='ocrx_word' id='word_1_341' title='bbox 1869 3029 2110 3102; x_wconf 85' lang='lat' dir='ltr'>aperiet,</span> 
     </span>
    </p>
   </div>
   <div class='ocr_carea' id='block_1_46' title="bbox 495 3117 2110 3191">
    <p class='ocr_par' dir='ltr' id='par_1_46' title="bbox 495 3117 2110 3191">
     <span class='ocr_line' id='line_1_46' title="bbox 495 3117 2110 3191; baseline -0.004 -13"><span class='ocrx_word' id='word_1_342' title='bbox 495 3121 579 3177; x_wconf 89' lang='lat' dir='ltr'>uti</span> <span class='ocrx_word' id='word_1_343' title='bbox 602 3122 779 3178; x_wconf 85' lang='lat' dir='ltr'>etiam</span> <span class='ocrx_word' id='word_1_344' title='bbox 821 3140 895 3178; x_wconf 90' lang='lat' dir='ltr'>an</span> <span class='ocrx_word' id='word_1_345' title='bbox 925 3122 1211 3177; x_wconf 88' lang='lat' dir='ltr'>Launoius</span> <span class='ocrx_word' id='word_1_346' title='bbox 1236 3122 1295 3176; x_wconf 90' lang='lat' dir='ltr'>in</span> <span class='ocrx_word' id='word_1_347' title='bbox 1320 3120 1709 3188; x_wconf 90' lang='lat' dir='ltr'>conclusione,</span> <span class='ocrx_word' id='word_1_348' title='bbox 1750 3120 1821 3175; x_wconf 91' lang='lat' dir='ltr'>de</span> <span class='ocrx_word' id='word_1_349' title='bbox 1853 3134 1968 3191; x_wconf 88' lang='lat' dir='ltr'>qua</span> <span class='ocrx_word' id='word_1_350' title='bbox 1996 3117 2110 3185; x_wconf 90' lang='lat' dir='ltr'>hic,</span> 
     </span>
    </p>
   </div>
   <div class='ocr_carea' id='block_1_47' title="bbox 495 3205 2113 3281">
    <p class='ocr_par' dir='ltr' id='par_1_47' title="bbox 495 3205 2113 3281">
     <span class='ocr_line' id='line_1_47' title="bbox 495 3205 2113 3281; baseline -0.003 -16"><span class='ocrx_word' id='word_1_351' title='bbox 495 3212 783 3267; x_wconf 89' lang='lat' dir='ltr'>celebrem</span> <span class='ocrx_word' id='word_1_352' title='bbox 801 3212 872 3266; x_wconf 90' lang='lat' dir='ltr'>de</span> <span class='ocrx_word' id='word_1_353' title='bbox 903 3211 1154 3266; x_wconf 90' lang='lat' dir='ltr'>doctoris</span> <span class='ocrx_word' id='word_1_354' title='bbox 1185 3209 1448 3265; x_wconf 87' lang='lat' dir='ltr'>damnati</span> <span class='ocrx_word' id='word_1_355' title='bbox 1472 3209 1796 3281; x_wconf 91' lang='lat' dir='ltr'>spectaculo</span> <span class='ocrx_word' id='word_1_356' title='bbox 1827 3205 2113 3261; x_wconf 87' lang='lat' dir='ltr'>narratio-</span> 
     </span>
    </p>
   </div>
   <div class='ocr_carea' id='block_1_48' title="bbox 496 3296 2112 3371">
    <p class='ocr_par' dir='ltr' id='par_1_48' title="bbox 496 3296 2112 3371">
     <span class='ocr_line' id='line_1_48' title="bbox 496 3296 2112 3371; baseline -0.002 -17"><span class='ocrx_word' id='word_1_357' title='bbox 496 3314 654 3368; x_wconf 89' lang='lat' dir='ltr'>nem,</span> <span class='ocrx_word' id='word_1_358' title='bbox 687 3317 718 3355; x_wconf 92' lang='lat' dir='ltr'>e</span> <span class='ocrx_word' id='word_1_359' title='bbox 748 3301 870 3356; x_wconf 89' lang='lat' dir='ltr'>solo</span> <span class='ocrx_word' id='word_1_360' title='bbox 901 3303 1226 3367; x_wconf 89' lang='lat' dir='ltr'>auctorum,</span> <span class='ocrx_word' id='word_1_361' title='bbox 1278 3314 1423 3371; x_wconf 89' lang='lat' dir='ltr'>quos</span> <span class='ocrx_word' id='word_1_362' title='bbox 1471 3298 1687 3353; x_wconf 88' lang='lat' dir='ltr'>laudat.</span> <span class='ocrx_word' id='word_1_363' title='bbox 1737 3296 1963 3351; x_wconf 89' lang='lat' dir='ltr'>silentio</span> <span class='ocrx_word' id='word_1_364' title='bbox 2006 3312 2112 3367; x_wconf 93' lang='lat' dir='ltr'>pro</span> 
     </span>
    </p>
   </div>
   <div class='ocr_carea' id='block_1_49' title="bbox 494 3385 2114 3456">
    <p class='ocr_par' dir='ltr' id='par_1_49' title="bbox 494 3385 2114 3456">
     <span class='ocr_line' id='line_1_49' title="bbox 494 3385 2114 3456; baseline -0.003 -12"><span class='ocrx_word' id='word_1_365' title='bbox 494 3388 637 3445; x_wconf 82' lang='lat' dir='ltr'>falsa</span> <span class='ocrx_word' id='word_1_366' title='bbox 653 3389 862 3444; x_wconf 90' lang='lat' dir='ltr'>merito</span> <span class='ocrx_word' id='word_1_367' title='bbox 883 3389 1178 3456; x_wconf 89' lang='lat' dir='ltr'>habeat,et</span> <span class='ocrx_word' id='word_1_368' title='bbox 1191 3388 1346 3442; x_wconf 89' lang='lat' dir='ltr'>velut</span> <span class='ocrx_word' id='word_1_369' title='bbox 1362 3389 1763 3442; x_wconf 90' lang='lat' dir='ltr'>commentum</span> <span class='ocrx_word' id='word_1_370' title='bbox 1781 3401 1845 3440; x_wconf 90' lang='lat' dir='ltr'>ac</span> <span class='ocrx_word' id='word_1_371' title='bbox 1856 3385 2114 3441; x_wconf 86' lang='lat' dir='ltr'>fabulam</span> 
     </span>
    </p>
   </div>
   <div class='ocr_carea' id='block_1_50' title="bbox 497 3474 2117 3548">
    <p class='ocr_par' dir='ltr' id='par_1_50' title="bbox 497 3474 2117 3548">
     <span class='ocr_line' id='line_1_50' title="bbox 497 3474 2117 3548; baseline -0.002 -18"><span class='ocrx_word' id='word_1_372' title='bbox 497 3477 768 3548; x_wconf 78' lang='lat' dir='ltr'>explodet</span> <span class='ocrx_word' id='word_1_373' title='bbox 778 3476 1143 3533; x_wconf 88' lang='lat' dir='ltr'>conclusione</span> <span class='ocrx_word' id='word_1_374' title='bbox 1157 3475 1384 3531; x_wconf 91' lang='lat' dir='ltr'>decima</span> <span class='ocrx_word' id='word_1_375' title='bbox 1398 3479 1456 3529; x_wconf 92' lang='lat' dir='ltr'>et</span> <span class='ocrx_word' id='word_1_376' title='bbox 1467 3475 1673 3530; x_wconf 89' lang='lat' dir='ltr'>ultima</span> <span class='ocrx_word' id='word_1_377' title='bbox 1686 3474 1756 3528; x_wconf 91' lang='lat' dir='ltr'>de</span> <span class='ocrx_word' id='word_1_378' title='bbox 1774 3489 1887 3546; x_wconf 90' lang='lat' dir='ltr'>qua</span> <span class='ocrx_word' id='word_1_379' title='bbox 1902 3476 2117 3528; x_wconf 89' lang='lat' dir='ltr'>utnon-</span> 
     </span>
    </p>
   </div>
   <div class='ocr_carea' id='block_1_51' title="bbox 497 3561 2109 3634">
    <p class='ocr_par' dir='ltr' id='par_1_51' title="bbox 497 3561 2109 3634">
     <span class='ocr_line' id='line_1_51' title="bbox 497 3561 2109 3634; baseline -0.003 -13"><span class='ocrx_word' id='word_1_380' title='bbox 497 3567 655 3622; x_wconf 90' lang='lat' dir='ltr'>nulla</span> <span class='ocrx_word' id='word_1_381' title='bbox 666 3568 801 3621; x_wconf 88' lang='lat' dir='ltr'>ante</span> <span class='ocrx_word' id='word_1_382' title='bbox 817 3565 909 3621; x_wconf 89' lang='lat' dir='ltr'>hic</span> <span class='ocrx_word' id='word_1_383' title='bbox 926 3565 1113 3621; x_wconf 88' lang='lat' dir='ltr'>adhuc</span> <span class='ocrx_word' id='word_1_384' title='bbox 1127 3563 1597 3632; x_wconf 85' lang='lat' dir='ltr'>dicam,instituti</span> <span class='ocrx_word' id='word_1_385' title='bbox 1613 3563 1730 3619; x_wconf 90' lang='lat' dir='ltr'>mei</span> <span class='ocrx_word' id='word_1_386' title='bbox 1750 3562 1897 3617; x_wconf 88' lang='lat' dir='ltr'>ratio</span> <span class='ocrx_word' id='word_1_387' title='bbox 1914 3561 2109 3634; x_wconf 81' lang='lat' dir='ltr'>exigit.</span> 
     </span>
    </p>
   </div>
   <div class='ocr_carea' id='block_1_52' title="bbox 568 3652 2111 3728">
    <p class='ocr_par' dir='ltr' id='par_1_52' title="bbox 568 3652 2111 3728">
     <span class='ocr_line' id='line_1_52' title="bbox 568 3652 2111 3728; baseline -0.003 -16"><span class='ocrx_word' id='word_1_388' title='bbox 568 3657 667 3712; x_wconf 79' lang='grc'>321</span> <span class='ocrx_word' id='word_1_389' title='bbox 681 3655 923 3711; x_wconf 79' lang='lat' dir='ltr'>.Ultimo</span> <span class='ocrx_word' id='word_1_390' title='bbox 938 3655 1249 3728; x_wconf 85' lang='lat' dir='ltr'>itaque,uti</span> <span class='ocrx_word' id='word_1_391' title='bbox 1269 3655 1376 3709; x_wconf 90' lang='lat' dir='ltr'>hac</span> <span class='ocrx_word' id='word_1_392' title='bbox 1399 3655 1614 3722; x_wconf 86' lang='lat' dir='ltr'>vult,ex</span> <span class='ocrx_word' id='word_1_393' title='bbox 1635 3652 1907 3709; x_wconf 90' lang='lat' dir='ltr'>unanimi</span> <span class='ocrx_word' id='word_1_394' title='bbox 1917 3655 2111 3707; x_wconf 84' lang='lat' dir='ltr'>aucto-</span> 
     </span>
    </p>
   </div>
   <div class='ocr_carea' id='block_1_53' title="bbox 498 3743 2116 3819">
    <p class='ocr_par' dir='ltr' id='par_1_53' title="bbox 498 3743 2116 3819">
     <span class='ocr_line' id='line_1_53' title="bbox 498 3743 2116 3819; baseline -0.003 -18"><span class='ocrx_word' id='word_1_395' title='bbox 498 3745 1082 3819; x_wconf 86' lang='lat' dir='ltr'>remomnium,quos</span> <span class='ocrx_word' id='word_1_396' title='bbox 1099 3744 1356 3815; x_wconf 86' lang='lat' dir='ltr'>adduxit,</span> <span class='ocrx_word' id='word_1_397' title='bbox 1382 3743 1607 3800; x_wconf 88' lang='lat' dir='ltr'>silentio</span> <span class='ocrx_word' id='word_1_398' title='bbox 1628 3743 1905 3815; x_wconf 88' lang='lat' dir='ltr'>sequitur,</span> <span class='ocrx_word' id='word_1_399' title='bbox 1925 3761 1957 3795; x_wconf 81' lang='grc'><strong>«</strong></span> <span class='ocrx_word' id='word_1_400' title='bbox 1987 3743 2116 3814; x_wconf 89' lang='lat' dir='ltr'>post</span> 
     </span>
    </p>
   </div>
   <div class='ocr_carea' id='block_1_54' title="bbox 498 3830 2119 3891">
    <p class='ocr_par' dir='ltr' id='par_1_54' title="bbox 498 3830 2119 3891">
     <span class='ocr_line' id='line_1_54' title="bbox 498 3830 2119 3891; baseline -0.004 -1"><span class='ocrx_word' id='word_1_401' title='bbox 498 3851 683 3891; x_wconf 91' lang='lat' dir='ltr'>annos</span> <span class='ocrx_word' id='word_1_402' title='bbox 716 3852 751 3891; x_wconf 91' lang='lat' dir='ltr'>a</span> <span class='ocrx_word' id='word_1_403' title='bbox 779 3834 1011 3891; x_wconf 84' lang='lat' dir='ltr'>condito</span> <span class='ocrx_word' id='word_1_404' title='bbox 1051 3833 1565 3890; x_wconf 87' lang='lat' dir='ltr'>Carthusianorum</span> <span class='ocrx_word' id='word_1_405' title='bbox 1611 3831 1814 3887; x_wconf 88' lang='lat' dir='ltr'>ordine</span> <span class='ocrx_word' id='word_1_406' title='bbox 1838 3830 2119 3885; x_wconf 89' lang='lat' dir='ltr'>ducentos</span> 
     </span>
    </p>
   </div>
   <div class='ocr_carea' id='block_1_55' title="bbox 501 3918 2116 3996">
    <p class='ocr_par' dir='ltr' id='par_1_55' title="bbox 501 3918 2116 3996">
     <span class='ocr_line' id='line_1_55' title="bbox 501 3918 2116 3996; baseline -0.005 -15"><span class='ocrx_word' id='word_1_407' title='bbox 501 3923 891 3996; x_wconf 81' lang='lat' dir='ltr'>quadraginta</span> <span class='ocrx_word' id='word_1_408' title='bbox 910 3928 970 3979; x_wconf 91' lang='lat' dir='ltr'>et</span> <span class='ocrx_word' id='word_1_409' title='bbox 990 3923 1258 3996; x_wconf 90' lang='lat' dir='ltr'>amplius,</span> <span class='ocrx_word' id='word_1_410' title='bbox 1279 3923 1478 3977; x_wconf 83' lang='lat' dir='ltr'>ﬁctam</span> <span class='ocrx_word' id='word_1_411' title='bbox 1510 3936 1633 3975; x_wconf 90' lang='lat' dir='ltr'>esse</span> <span class='ocrx_word' id='word_1_412' title='bbox 1650 3919 1812 3974; x_wconf 90' lang='lat' dir='ltr'>illam</span> <span class='ocrx_word' id='word_1_413' title='bbox 1829 3918 1902 3973; x_wconf 90' lang='lat' dir='ltr'>de</span> <span class='ocrx_word' id='word_1_414' title='bbox 1917 3918 2116 3975; x_wconf 87' lang='lat' dir='ltr'>docto-</span> 
     </span>
    </p>
   </div>
   <div class='ocr_carea' id='block_1_56' title="bbox 501 4008 2115 4075">
    <p class='ocr_par' dir='ltr' id='par_1_56' title="bbox 501 4008 2115 4075">
     <span class='ocr_line' id='line_1_56' title="bbox 501 4008 2115 4075; baseline -0.004 -7"><span class='ocrx_word' id='word_1_415' title='bbox 501 4013 581 4069; x_wconf 82' lang='lat' dir='ltr'>ris</span> <span class='ocrx_word' id='word_1_416' title='bbox 609 4013 699 4068; x_wconf 87' lang='lat' dir='ltr'>vel</span> <span class='ocrx_word' id='word_1_417' title='bbox 743 4013 1011 4068; x_wconf 89' lang='lat' dir='ltr'>canonici</span> <span class='ocrx_word' id='word_1_418' title='bbox 1052 4011 1386 4067; x_wconf 88' lang='lat' dir='ltr'>Parisiensis</span> <span class='ocrx_word' id='word_1_419' title='bbox 1411 4008 1661 4065; x_wconf 88' lang='lat' dir='ltr'>anastasi</span> <span class='ocrx_word' id='word_1_420' title='bbox 1697 4008 2115 4075; x_wconf 87' lang='lat' dir='ltr'>narrationem,</span> 
     </span>
    </p>
   </div>
   <div class='ocr_carea' id='block_1_57' title="bbox 502 4096 2115 4174">
    <p class='ocr_par' dir='ltr' id='par_1_57' title="bbox 502 4096 2115 4174">
     <span class='ocr_line' id='line_1_57' title="bbox 502 4096 2115 4174; baseline -0.009 -16"><span class='ocrx_word' id='word_1_421' title='bbox 502 4112 631 4174; x_wconf 64' lang='lat' dir='ltr'>quae</span> <span class='ocrx_word' id='word_1_422' title='bbox 656 4099 714 4156; x_wconf 92' lang='lat' dir='ltr'>S.</span> <span class='ocrx_word' id='word_1_423' title='bbox 748 4101 1083 4157; x_wconf 75' lang='lat' dir='ltr'>Brunonem</span> <span class='ocrx_word' id='word_1_424' title='bbox 1111 4100 1171 4155; x_wconf 92' lang='lat' dir='ltr'>in</span> <span class='ocrx_word' id='word_1_425' title='bbox 1194 4115 1461 4155; x_wconf 89' lang='lat' dir='ltr'>eremum</span> <span class='ocrx_word' id='word_1_426' title='bbox 1480 4097 1797 4171; x_wconf 90' lang='lat' dir='ltr'>impulerit.</span> <span class='ocrx_word' id='word_1_427' title='bbox 1823 4096 1920 4151; x_wconf 86' lang='lat' dir='ltr'>Hic</span> <span class='ocrx_word' id='word_1_428' title='bbox 1947 4098 2053 4164; x_wconf 90' lang='lat' dir='ltr'>est,</span> <span class='ocrx_word' id='word_1_429' title='bbox 2086 4116 2115 4146; x_wconf 84' lang='lat'><strong>»</strong></span> 
     </span>
    </p>
   </div>
   <div class='ocr_carea' id='block_1_58' title="bbox 500 4186 2120 4265">
    <p class='ocr_par' dir='ltr' id='par_1_58' title="bbox 500 4186 2120 4265">
     <span class='ocr_line' id='line_1_58' title="bbox 500 4186 2120 4265; baseline -0.004 -19"><span class='ocrx_word' id='word_1_430' title='bbox 500 4189 912 4265; x_wconf 78' lang='lat' dir='ltr'>inquit,«palus</span> <span class='ocrx_word' id='word_1_431' title='bbox 928 4189 1387 4262; x_wconf 85' lang='lat' dir='ltr'>terminalis,quo</span> <span class='ocrx_word' id='word_1_432' title='bbox 1407 4189 1532 4245; x_wconf 69' lang='lat' dir='ltr'>haec</span> <span class='ocrx_word' id='word_1_433' title='bbox 1553 4186 1807 4244; x_wconf 90' lang='lat' dir='ltr'>narratio</span> <span class='ocrx_word' id='word_1_434' title='bbox 1829 4186 2015 4242; x_wconf 81' lang='lat' dir='ltr'>deﬁxa</span> <span class='ocrx_word' id='word_1_435' title='bbox 2029 4201 2120 4241; x_wconf 89' lang='lat' dir='ltr'>re-</span> 
     </span>
    </p>
   </div>
   <div class='ocr_carea' id='block_1_59' title="bbox 2213 1789 3836 1861">
    <p class='ocr_par' dir='ltr' id='par_1_59' title="bbox 2213 1789 3836 1861">
     <span class='ocr_line' id='line_1_59' title="bbox 2213 1789 3836 1861; baseline -0.001 -16"><span class='ocrx_word' id='word_1_436' title='bbox 2213 1791 2300 1845; x_wconf 85' lang='lat' dir='ltr'>Ad</span> <span class='ocrx_word' id='word_1_437' title='bbox 2327 1790 2441 1845; x_wconf 89' lang='lat' dir='ltr'>alia</span> <span class='ocrx_word' id='word_1_438' title='bbox 2488 1790 2687 1856; x_wconf 90' lang='lat' dir='ltr'>modo,</span> <span class='ocrx_word' id='word_1_439' title='bbox 2738 1806 2867 1861; x_wconf 83' lang='lat' dir='ltr'>quae</span> <span class='ocrx_word' id='word_1_440' title='bbox 2918 1790 3179 1861; x_wconf 83' lang='lat' dir='ltr'>sequenti</span> <span class='ocrx_word' id='word_1_441' title='bbox 3211 1793 3240 1859; x_wconf 84' lang='lat'>§</span> <span class='ocrx_word' id='word_1_442' title='bbox 3267 1789 3644 1846; x_wconf 86' lang='lat' dir='ltr'>discutienda.</span> <span class='ocrx_word' id='word_1_443' title='bbox 3698 1805 3836 1845; x_wconf 90' lang='lat' dir='ltr'>mox</span> 
     </span>
    </p>
   </div>
   <div class='ocr_carea' id='block_1_60' title="bbox 2216 1878 2847 1951">
    <p class='ocr_par' dir='ltr' id='par_1_60' title="bbox 2216 1878 2847 1951">
     <span class='ocr_line' id='line_1_60' title="bbox 2216 1878 2847 1951; baseline -0.003 -17"><span class='ocrx_word' id='word_1_444' title='bbox 2216 1879 2351 1947; x_wconf 85' lang='lat' dir='ltr'>dixi,</span> <span class='ocrx_word' id='word_1_445' title='bbox 2384 1878 2847 1951; x_wconf 76' lang='lat' dir='ltr'>progrediamur.</span> 
     </span>
    </p>
   </div>
   <div class='ocr_carea' id='block_1_61' title="bbox 2222 2020 3835 2095">
    <p class='ocr_par' dir='ltr' id='par_1_61' title="bbox 2222 2020 3835 2095">
     <span class='ocr_line' id='line_1_61' title="bbox 2222 2020 3835 2095; baseline -0.001 -18"><span class='ocrx_word' id='word_1_446' title='bbox 2222 2022 2397 2091; x_wconf 81' lang='lat' dir='ltr'>§XlX.</span> <span class='ocrx_word' id='word_1_447' title='bbox 2432 2020 2575 2095; x_wconf 60' lang='lat' dir='ltr'>Quid</span> <span class='ocrx_word' id='word_1_448' title='bbox 2614 2029 2799 2076; x_wconf 81' lang='lat' dir='ltr'>contra</span> <span class='ocrx_word' id='word_1_449' title='bbox 2827 2022 3192 2093; x_wconf 76' lang='lat' dir='ltr'>prodigiosum</span> <span class='ocrx_word' id='word_1_450' title='bbox 3238 2023 3553 2095; x_wconf 69' lang='lat' dir='ltr'>anastast&#39;m,</span> <span class='ocrx_word' id='word_1_451' title='bbox 3592 2039 3699 2095; x_wconf 82' lang='lat' dir='ltr'>qua</span> <span class='ocrx_word' id='word_1_452' title='bbox 3737 2021 3835 2076; x_wconf 84' lang='lat' dir='ltr'>do-</span> 
     </span>
    </p>
   </div>
   <div class='ocr_carea' id='block_1_62' title="bbox 2290 2092 3838 2165">
    <p class='ocr_par' dir='ltr' id='par_1_62' title="bbox 2290 2092 3838 2165">
     <span class='ocr_line' id='line_1_62' title="bbox 2290 2092 3838 2165; baseline 0.001 -18"><span class='ocrx_word' id='word_1_453' title='bbox 2290 2099 2405 2148; x_wconf 80' lang='lat' dir='ltr'>ctus</span> <span class='ocrx_word' id='word_1_454' title='bbox 2458 2092 2804 2157; x_wconf 73' lang='lat' dir='ltr'>Parisiensis,</span> <span class='ocrx_word' id='word_1_455' title='bbox 2832 2092 2941 2148; x_wconf 74' lang='lat' dir='ltr'>sese</span> <span class='ocrx_word' id='word_1_456' title='bbox 2966 2095 3305 2157; x_wconf 83' lang='lat' dir='ltr'>damnatum,</span> <span class='ocrx_word' id='word_1_457' title='bbox 3336 2094 3551 2165; x_wconf 81' lang='lat' dir='ltr'>publice</span> <span class='ocrx_word' id='word_1_458' title='bbox 3577 2092 3618 2147; x_wconf 70' lang='grc' dir='ltr'><em>ρ’</em></span> <span class='ocrx_word' id='word_1_459' title='bbox 3634 2094 3838 2165; x_wconf 77' lang='lat' dir='ltr'>feretro</span> 
     </span>
    </p>
   </div>
   <div class='ocr_carea' id='block_1_63' title="bbox 2290 2165 3837 2237">
    <p class='ocr_par' dir='ltr' id='par_1_63' title="bbox 2290 2165 3837 2237">
     <span class='ocr_line' id='line_1_63' title="bbox 2290 2165 3837 2237; baseline -0.001 -18"><span class='ocrx_word' id='word_1_460' title='bbox 2290 2165 2647 2227; x_wconf 74' lang='lat' dir='ltr'>denuntiarit,</span> <span class='ocrx_word' id='word_1_461' title='bbox 2693 2166 2991 2219; x_wconf 77' lang='lat' dir='ltr'>universale</span> <span class='ocrx_word' id='word_1_462' title='bbox 3043 2168 3364 2237; x_wconf 80' lang='lat' dir='ltr'>scriptorum</span> <span class='ocrx_word' id='word_1_463' title='bbox 3402 2167 3662 2227; x_wconf 80' lang='lat' dir='ltr'>omnium,</span> <span class='ocrx_word' id='word_1_464' title='bbox 3717 2166 3837 2236; x_wconf 81' lang='lat' dir='ltr'>qui,</span> 
     </span>
    </p>
   </div>
   <div class='ocr_carea' id='block_1_64' title="bbox 2292 2237 3839 2307">
    <p class='ocr_par' dir='ltr' id='par_1_64' title="bbox 2292 2237 3839 2307">
     <span class='ocr_line' id='line_1_64' title="bbox 2292 2237 3839 2307; baseline -0.001 -16"><span class='ocrx_word' id='word_1_465' title='bbox 2292 2239 2495 2306; x_wconf 79' lang='lat' dir='ltr'>integro</span> <span class='ocrx_word' id='word_1_466' title='bbox 2505 2238 2679 2307; x_wconf 81' lang='lat' dir='ltr'>primo</span> <span class='ocrx_word' id='word_1_467' title='bbox 2699 2244 2748 2290; x_wconf 87' lang='lat' dir='ltr'>et</span> <span class='ocrx_word' id='word_1_468' title='bbox 2770 2239 2913 2307; x_wconf 78' lang='lat' dir='ltr'>forte</span> <span class='ocrx_word' id='word_1_469' title='bbox 2931 2238 3091 2291; x_wconf 76' lang='lat' dir='ltr'>etiam</span> <span class='ocrx_word' id='word_1_470' title='bbox 3117 2237 3343 2291; x_wconf 81' lang='lat' dir='ltr'>secundo</span> <span class='ocrx_word' id='word_1_471' title='bbox 3352 2243 3473 2307; x_wconf 83' lang='lat' dir='ltr'>post</span> <span class='ocrx_word' id='word_1_472' title='bbox 3496 2253 3607 2290; x_wconf 86' lang='lat' dir='ltr'>rem</span> <span class='ocrx_word' id='word_1_473' title='bbox 3629 2243 3839 2307; x_wconf 78' lang='lat' dir='ltr'>gestam</span> 
     </span>
    </p>
   </div>
   <div class='ocr_carea' id='block_1_65' title="bbox 2286 2307 3833 2376">
    <p class='ocr_par' dir='ltr' id='par_1_65' title="bbox 2286 2307 3833 2376">
     <span class='ocr_line' id='line_1_65' title="bbox 2286 2307 3833 2376; baseline -0.001 -13"><span class='ocrx_word' id='word_1_474' title='bbox 2286 2308 2473 2363; x_wconf 75' lang='lat' dir='ltr'>saeculo</span> <span class='ocrx_word' id='word_1_475' title='bbox 2496 2307 2720 2371; x_wconf 83' lang='lat' dir='ltr'>labente,</span> <span class='ocrx_word' id='word_1_476' title='bbox 2750 2310 3070 2376; x_wconf 84' lang='lat' dir='ltr'>ﬂoruerunt,</span> <span class='ocrx_word' id='word_1_477' title='bbox 3117 2308 3387 2363; x_wconf 76' lang='lat' dir='ltr'>silentium</span> <span class='ocrx_word' id='word_1_478' title='bbox 3423 2307 3618 2370; x_wconf 79' lang='lat' dir='ltr'>valeat,</span> <span class='ocrx_word' id='word_1_479' title='bbox 3653 2314 3703 2362; x_wconf 91' lang='lat' dir='ltr'>et</span> <span class='ocrx_word' id='word_1_480' title='bbox 3733 2323 3833 2370; x_wconf 70' lang='lat' dir='ltr'>an,</span> 
     </span>
    </p>
   </div>
   <div class='ocr_carea' id='block_1_66' title="bbox 2288 2379 3837 2451">
    <p class='ocr_par' dir='ltr' id='par_1_66' title="bbox 2288 2379 3837 2451">
     <span class='ocr_line' id='line_1_66' title="bbox 2288 2379 3837 2451; baseline 0.001 -19"><span class='ocrx_word' id='word_1_481' title='bbox 2288 2380 2384 2433; x_wconf 82' lang='lat' dir='ltr'>hoc</span> <span class='ocrx_word' id='word_1_482' title='bbox 2412 2386 2604 2445; x_wconf 77' lang='lat' dir='ltr'>stante,</span> <span class='ocrx_word' id='word_1_483' title='bbox 2629 2386 2827 2433; x_wconf 82' lang='lat' dir='ltr'>certam</span> <span class='ocrx_word' id='word_1_484' title='bbox 2855 2380 3005 2433; x_wconf 84' lang='lat' dir='ltr'>illam</span> <span class='ocrx_word' id='word_1_485' title='bbox 3033 2387 3129 2433; x_wconf 85' lang='lat' dir='ltr'>aut</span> <span class='ocrx_word' id='word_1_486' title='bbox 3154 2381 3317 2434; x_wconf 77' lang='lat' dir='ltr'>etiam</span> <span class='ocrx_word' id='word_1_487' title='bbox 3345 2379 3688 2451; x_wconf 69' lang='lat' dir='ltr'>verosunilem</span> <span class='ocrx_word' id='word_1_488' title='bbox 3709 2395 3837 2451; x_wconf 79' lang='lat' dir='ltr'>pos-</span> 
     </span>
    </p>
   </div>
   <div class='ocr_carea' id='block_1_67' title="bbox 2287 2450 3688 2523">
    <p class='ocr_par' dir='ltr' id='par_1_67' title="bbox 2287 2450 3688 2523">
     <span class='ocr_line' id='line_1_67' title="bbox 2287 2450 3688 2523; baseline 0 -19"><span class='ocrx_word' id='word_1_489' title='bbox 2287 2452 2394 2504; x_wconf 79' lang='lat' dir='ltr'>sint</span> <span class='ocrx_word' id='word_1_490' title='bbox 2424 2451 2632 2521; x_wconf 80' lang='lat' dir='ltr'>efﬁcere</span> <span class='ocrx_word' id='word_1_491' title='bbox 2662 2453 2959 2505; x_wconf 75' lang='lat' dir='ltr'>testimonia</span> <span class='ocrx_word' id='word_1_492' title='bbox 2986 2453 3215 2523; x_wconf 78' lang='lat' dir='ltr'>antiqua</span> <span class='ocrx_word' id='word_1_493' title='bbox 3250 2469 3412 2523; x_wconf 83' lang='lat' dir='ltr'>supra</span> <span class='ocrx_word' id='word_1_494' title='bbox 3435 2450 3688 2506; x_wconf 79' lang='lat' dir='ltr'>adducta.</span> 
     </span>
    </p>
   </div>
   <div class='ocr_carea' id='block_1_68' title="bbox 2290 2573 3837 2631">
    <p class='ocr_par' dir='ltr' id='par_1_68' title="bbox 2290 2573 3837 2631">
     <span class='ocr_line' id='line_1_68' title="bbox 2290 2573 3837 2631; baseline -0.001 0"><span class='ocrx_word' id='word_1_495' title='bbox 2290 2578 2414 2631; x_wconf 82' lang='lat'><strong>322.</strong></span> <span class='ocrx_word' id='word_1_496' title='bbox 2433 2576 2509 2630; x_wconf 89' lang='lat' dir='ltr'>Ex</span> <span class='ocrx_word' id='word_1_497' title='bbox 2522 2574 2783 2630; x_wconf 91' lang='lat' dir='ltr'>adductis</span> <span class='ocrx_word' id='word_1_498' title='bbox 2796 2593 2830 2630; x_wconf 88' lang='lat' dir='ltr'>a</span> <span class='ocrx_word' id='word_1_499' title='bbox 2850 2574 3103 2631; x_wconf 88' lang='lat' dir='ltr'>Launoio</span> <span class='ocrx_word' id='word_1_500' title='bbox 3127 2577 3330 2631; x_wconf 88' lang='lat' dir='ltr'>contra</span> <span class='ocrx_word' id='word_1_501' title='bbox 3354 2575 3677 2631; x_wconf 86' lang='lat' dir='ltr'>luctuosam</span> <span class='ocrx_word' id='word_1_502' title='bbox 3698 2573 3837 2630; x_wconf 88' lang='lat' dir='ltr'>doc-</span> 
     </span>
    </p>
   </div>
   <div class='ocr_carea' id='block_1_69' title="bbox 2214 2662 3839 2735">
    <p class='ocr_par' dir='ltr' id='par_1_69' title="bbox 2214 2662 3839 2735">
     <span class='ocr_line' id='line_1_69' title="bbox 2214 2662 3839 2735; baseline -0.002 -16"><span class='ocrx_word' id='word_1_503' title='bbox 2214 2664 2358 2719; x_wconf 68' lang='lat' dir='ltr'>toris</span> <span class='ocrx_word' id='word_1_504' title='bbox 2391 2664 2721 2720; x_wconf 90' lang='lat' dir='ltr'>Parisiensis</span> <span class='ocrx_word' id='word_1_505' title='bbox 2748 2664 3053 2719; x_wconf 88' lang='lat' dir='ltr'>historiam</span> <span class='ocrx_word' id='word_1_506' title='bbox 3066 2680 3187 2719; x_wconf 91' lang='lat' dir='ltr'>esse</span> <span class='ocrx_word' id='word_1_507' title='bbox 3214 2665 3544 2730; x_wconf 86' lang='lat' dir='ltr'>nonnullos,</span> <span class='ocrx_word' id='word_1_508' title='bbox 3579 2662 3677 2735; x_wconf 90' lang='lat' dir='ltr'>qui</span> <span class='ocrx_word' id='word_1_509' title='bbox 3705 2662 3839 2717; x_wconf 90' lang='lat' dir='ltr'>huic</span> 
     </span>
    </p>
   </div>
   <div class='ocr_carea' id='block_1_70' title="bbox 2216 2752 3840 2825">
    <p class='ocr_par' dir='ltr' id='par_1_70' title="bbox 2216 2752 3840 2825">
     <span class='ocr_line' id='line_1_70' title="bbox 2216 2752 3840 2825; baseline -0.002 -15"><span class='ocrx_word' id='word_1_510' title='bbox 2216 2752 3840 2825; x_wconf 72' lang='lat' dir='ltr'>nonnihilsilentiosuoofﬁciant,quatu0r§§proximeprm-</span> 
     </span>
    </p>
   </div>
   <div class='ocr_carea' id='block_1_71' title="bbox 2209 2839 3837 2916">
    <p class='ocr_par' dir='ltr' id='par_1_71' title="bbox 2209 2839 3837 2916">
     <span class='ocr_line' id='line_1_71' title="bbox 2209 2839 3837 2916; baseline -0.002 -17"><span class='ocrx_word' id='word_1_511' title='bbox 2209 2843 2422 2916; x_wconf 76' lang='lat' dir='ltr'>gressis</span> <span class='ocrx_word' id='word_1_512' title='bbox 2451 2842 2673 2899; x_wconf 88' lang='lat' dir='ltr'>edocui.</span> <span class='ocrx_word' id='word_1_513' title='bbox 2706 2843 2867 2898; x_wconf 88' lang='lat' dir='ltr'>Nunc</span> <span class='ocrx_word' id='word_1_514' title='bbox 2889 2843 3327 2915; x_wconf 89' lang='lat' dir='ltr'>dispiciendum,</span> <span class='ocrx_word' id='word_1_515' title='bbox 3351 2842 3489 2915; x_wconf 90' lang='lat' dir='ltr'>quid</span> <span class='ocrx_word' id='word_1_516' title='bbox 3516 2843 3721 2897; x_wconf 85' lang='lat' dir='ltr'>contra</span> <span class='ocrx_word' id='word_1_517' title='bbox 3748 2839 3837 2895; x_wconf 84' lang='lat' dir='ltr'>fe-</span> 
     </span>
    </p>
   </div>
   <div class='ocr_carea' id='block_1_72' title="bbox 2214 2929 3838 2996">
    <p class='ocr_par' dir='ltr' id='par_1_72' title="bbox 2214 2929 3838 2996">
     <span class='ocr_line' id='line_1_72' title="bbox 2214 2929 3838 2996; baseline -0.003 -8"><span class='ocrx_word' id='word_1_518' title='bbox 2214 2934 2400 2989; x_wconf 88' lang='lat' dir='ltr'>ralem</span> <span class='ocrx_word' id='word_1_519' title='bbox 2415 2932 2575 2987; x_wconf 91' lang='lat' dir='ltr'>illum</span> <span class='ocrx_word' id='word_1_520' title='bbox 2591 2935 2864 2988; x_wconf 89' lang='lat' dir='ltr'>eventum</span> <span class='ocrx_word' id='word_1_521' title='bbox 2889 2932 3207 2987; x_wconf 87' lang='lat' dir='ltr'>universale</span> <span class='ocrx_word' id='word_1_522' title='bbox 3222 2932 3461 2987; x_wconf 84' lang='lat' dir='ltr'>illorum</span> <span class='ocrx_word' id='word_1_523' title='bbox 3475 2929 3838 2996; x_wconf 88' lang='lat' dir='ltr'>omnium,ac</span> 
     </span>
    </p>
   </div>
   <div class='ocr_carea' id='block_1_73' title="bbox 2212 3018 3837 3095">
    <p class='ocr_par' dir='ltr' id='par_1_73' title="bbox 2212 3018 3837 3095">
     <span class='ocr_line' id='line_1_73' title="bbox 2212 3018 3837 3095; baseline -0.002 -17"><span class='ocrx_word' id='word_1_524' title='bbox 2212 3022 2465 3078; x_wconf 87' lang='lat' dir='ltr'>maxime</span> <span class='ocrx_word' id='word_1_525' title='bbox 2496 3039 2720 3089; x_wconf 91' lang='lat' dir='ltr'>eorum,</span> <span class='ocrx_word' id='word_1_526' title='bbox 2753 3022 2873 3095; x_wconf 88' lang='lat' dir='ltr'>qui,</span> <span class='ocrx_word' id='word_1_527' title='bbox 2903 3022 3131 3095; x_wconf 88' lang='lat' dir='ltr'>integro</span> <span class='ocrx_word' id='word_1_528' title='bbox 3156 3022 3350 3095; x_wconf 88' lang='lat' dir='ltr'>.primo</span> <span class='ocrx_word' id='word_1_529' title='bbox 3378 3038 3444 3077; x_wconf 89' lang='lat' dir='ltr'>ac</span> <span class='ocrx_word' id='word_1_530' title='bbox 3468 3021 3619 3076; x_wconf 81' lang='lat' dir='ltr'>forte</span> <span class='ocrx_word' id='word_1_531' title='bbox 3656 3018 3837 3075; x_wconf 86' lang='lat' dir='ltr'>etiam</span> 
     </span>
    </p>
   </div>
   <div class='ocr_carea' id='block_1_74' title="bbox 2211 3110 3836 3183">
    <p class='ocr_par' dir='ltr' id='par_1_74' title="bbox 2211 3110 3836 3183">
     <span class='ocr_line' id='line_1_74' title="bbox 2211 3110 3836 3183; baseline -0.004 -15"><span class='ocrx_word' id='word_1_532' title='bbox 2211 3112 2465 3168; x_wconf 90' lang='lat' dir='ltr'>secundo</span> <span class='ocrx_word' id='word_1_533' title='bbox 2487 3114 2617 3183; x_wconf 90' lang='lat' dir='ltr'>post</span> <span class='ocrx_word' id='word_1_534' title='bbox 2640 3128 2767 3166; x_wconf 92' lang='lat' dir='ltr'>rem</span> <span class='ocrx_word' id='word_1_535' title='bbox 2800 3114 3024 3183; x_wconf 87' lang='lat' dir='ltr'>gestam</span> <span class='ocrx_word' id='word_1_536' title='bbox 3053 3112 3261 3167; x_wconf 69' lang='lat' dir='ltr'>saeculo</span> <span class='ocrx_word' id='word_1_537' title='bbox 3285 3110 3538 3177; x_wconf 87' lang='lat' dir='ltr'>labente,</span> <span class='ocrx_word' id='word_1_538' title='bbox 3557 3126 3679 3176; x_wconf 90' lang='lat' dir='ltr'>seu,</span> <span class='ocrx_word' id='word_1_539' title='bbox 3697 3124 3836 3163; x_wconf 92' lang='lat' dir='ltr'>cum</span> 
     </span>
    </p>
   </div>
   <div class='ocr_carea' id='block_1_75' title="bbox 2214 3198 3836 3265">
    <p class='ocr_par' dir='ltr' id='par_1_75' title="bbox 2214 3198 3836 3265">
     <span class='ocr_line' id='line_1_75' title="bbox 2214 3198 3836 3265; baseline -0.004 -8"><span class='ocrx_word' id='word_1_540' title='bbox 2214 3201 2337 3257; x_wconf 73' lang='lat' dir='ltr'>hzec</span> <span class='ocrx_word' id='word_1_541' title='bbox 2362 3200 2626 3255; x_wconf 89' lang='lat' dir='ltr'>nondum</span> <span class='ocrx_word' id='word_1_542' title='bbox 2676 3199 2881 3256; x_wconf 91' lang='lat' dir='ltr'>litteris</span> <span class='ocrx_word' id='word_1_543' title='bbox 2908 3200 3187 3256; x_wconf 84' lang='lat' dir='ltr'>mandata</span> <span class='ocrx_word' id='word_1_544' title='bbox 3221 3198 3442 3265; x_wconf 87' lang='lat' dir='ltr'>fuisset,</span> <span class='ocrx_word' id='word_1_545' title='bbox 3487 3198 3836 3263; x_wconf 86' lang='lat' dir='ltr'>ﬂoruerunt,</span> 
     </span>
    </p>
   </div>
   <div class='ocr_carea' id='block_1_76' title="bbox 2215 3283 3841 3362">
    <p class='ocr_par' dir='ltr' id='par_1_76' title="bbox 2215 3283 3841 3362">
     <span class='ocr_line' id='line_1_76' title="bbox 2215 3283 3841 3362; baseline -0.004 -17"><span class='ocrx_word' id='word_1_546' title='bbox 2215 3290 2563 3362; x_wconf 89' lang='lat' dir='ltr'>scriptorum</span> <span class='ocrx_word' id='word_1_547' title='bbox 2594 3288 2969 3361; x_wconf 85' lang='lat' dir='ltr'>antiquorum</span> <span class='ocrx_word' id='word_1_548' title='bbox 2996 3289 3290 3344; x_wconf 90' lang='lat' dir='ltr'>silentium</span> <span class='ocrx_word' id='word_1_549' title='bbox 3311 3288 3515 3342; x_wconf 83' lang='lat' dir='ltr'>valeat.</span> <span class='ocrx_word' id='word_1_550' title='bbox 3548 3283 3841 3341; x_wconf 86' lang='lat' dir='ltr'>Launoius</span> 
     </span>
    </p>
   </div>
   <div class='ocr_carea' id='block_1_77' title="bbox 2214 3375 3836 3451">
    <p class='ocr_par' dir='ltr' id='par_1_77' title="bbox 2214 3375 3836 3451">
     <span class='ocr_line' id='line_1_77' title="bbox 2214 3375 3836 3451; baseline -0.005 -14"><span class='ocrx_word' id='word_1_551' title='bbox 2214 3377 2640 3437; x_wconf 88' lang='lat' dir='ltr'>Dissertationis</span> <span class='ocrx_word' id='word_1_552' title='bbox 2660 3396 2775 3434; x_wconf 66' lang='lat' dir='ltr'>suae</span> <span class='ocrx_word' id='word_1_553' title='bbox 2792 3378 3104 3451; x_wconf 66' lang='lat' dir='ltr'>saepissime</span> <span class='ocrx_word' id='word_1_554' title='bbox 3119 3378 3245 3449; x_wconf 90' lang='lat' dir='ltr'>jam</span> <span class='ocrx_word' id='word_1_555' title='bbox 3270 3376 3517 3432; x_wconf 67' lang='lat' dir='ltr'>laudata:</span> <span class='ocrx_word' id='word_1_556' title='bbox 3544 3375 3684 3431; x_wconf 86' lang='lat' dir='ltr'>locis</span> <span class='ocrx_word' id='word_1_557' title='bbox 3713 3391 3836 3430; x_wconf 88' lang='lat' dir='ltr'>non</span> 
     </span>
    </p>
   </div>
   <div class='ocr_carea' id='block_1_78' title="bbox 2214 3463 3835 3543">
    <p class='ocr_par' dir='ltr' id='par_1_78' title="bbox 2214 3463 3835 3543">
     <span class='ocr_line' id='line_1_78' title="bbox 2214 3463 3835 3543; baseline -0.005 -18"><span class='ocrx_word' id='word_1_558' title='bbox 2214 3469 2410 3543; x_wconf 86' lang='lat' dir='ltr'>paucis</span> <span class='ocrx_word' id='word_1_559' title='bbox 2446 3467 2778 3523; x_wconf 87' lang='lat' dir='ltr'>mirandum</span> <span class='ocrx_word' id='word_1_560' title='bbox 2815 3468 2960 3523; x_wconf 91' lang='lat' dir='ltr'>illud</span> <span class='ocrx_word' id='word_1_561' title='bbox 3018 3469 3484 3538; x_wconf 88' lang='lat' dir='ltr'>memoratuque,</span> <span class='ocrx_word' id='word_1_562' title='bbox 3516 3464 3564 3520; x_wconf 91' lang='lat' dir='ltr'>si</span> <span class='ocrx_word' id='word_1_563' title='bbox 3607 3463 3835 3529; x_wconf 83' lang='lat' dir='ltr'>accidit,</span> 
     </span>
    </p>
   </div>
   <div class='ocr_carea' id='block_1_79' title="bbox 2216 3551 3838 3631">
    <p class='ocr_par' dir='ltr' id='par_1_79' title="bbox 2216 3551 3838 3631">
     <span class='ocr_line' id='line_1_79' title="bbox 2216 3551 3838 3631; baseline -0.004 -17"><span class='ocrx_word' id='word_1_564' title='bbox 2216 3558 2620 3631; x_wconf 87' lang='lat' dir='ltr'>dignissimum</span> <span class='ocrx_word' id='word_1_565' title='bbox 2645 3557 2996 3629; x_wconf 87' lang='lat' dir='ltr'>prodigium,</span> <span class='ocrx_word' id='word_1_566' title='bbox 3022 3554 3591 3611; x_wconf 87' lang='lat' dir='ltr'>velutiindubitatam</span> <span class='ocrx_word' id='word_1_567' title='bbox 3616 3551 3838 3608; x_wconf 79' lang='lat' dir='ltr'>falsita-</span> 
     </span>
    </p>
   </div>
   <div class='ocr_carea' id='block_1_80' title="bbox 2214 3644 3840 3718">
    <p class='ocr_par' dir='ltr' id='par_1_80' title="bbox 2214 3644 3840 3718">
     <span class='ocr_line' id='line_1_80' title="bbox 2214 3644 3840 3718; baseline -0.005 -15"><span class='ocrx_word' id='word_1_568' title='bbox 2214 3652 2358 3717; x_wconf 77' lang='lat' dir='ltr'>tem,</span> <span class='ocrx_word' id='word_1_569' title='bbox 2374 3648 2589 3704; x_wconf 90' lang='lat' dir='ltr'>anilem</span> <span class='ocrx_word' id='word_1_570' title='bbox 2601 3647 2879 3715; x_wconf 86' lang='lat' dir='ltr'>fabulam,</span> <span class='ocrx_word' id='word_1_571' title='bbox 2907 3645 3288 3718; x_wconf 89' lang='lat' dir='ltr'>putidumque</span> <span class='ocrx_word' id='word_1_572' title='bbox 3306 3645 3710 3700; x_wconf 90' lang='lat' dir='ltr'>commentum</span> <span class='ocrx_word' id='word_1_573' title='bbox 3721 3644 3840 3695; x_wconf 77' lang='lat' dir='ltr'>tra-</span> 
     </span>
    </p>
   </div>
   <div class='ocr_carea' id='block_1_81' title="bbox 2216 3728 3836 3809">
    <p class='ocr_par' dir='ltr' id='par_1_81' title="bbox 2216 3728 3836 3809">
     <span class='ocr_line' id='line_1_81' title="bbox 2216 3728 3836 3809; baseline -0.006 -16"><span class='ocrx_word' id='word_1_574' title='bbox 2216 3736 2393 3805; x_wconf 88' lang='lat' dir='ltr'>ducit,</span> <span class='ocrx_word' id='word_1_575' title='bbox 2424 3736 2597 3809; x_wconf 88' lang='lat' dir='ltr'>idque</span> <span class='ocrx_word' id='word_1_576' title='bbox 2652 3736 2840 3803; x_wconf 90' lang='lat' dir='ltr'>unice,</span> <span class='ocrx_word' id='word_1_577' title='bbox 2872 3734 3029 3807; x_wconf 93' lang='lat' dir='ltr'>quod</span> <span class='ocrx_word' id='word_1_578' title='bbox 3060 3751 3096 3789; x_wconf 92' lang='lat' dir='ltr'>a</span> <span class='ocrx_word' id='word_1_579' title='bbox 3146 3732 3520 3805; x_wconf 88' lang='lat' dir='ltr'>scriptoribus</span> <span class='ocrx_word' id='word_1_580' title='bbox 3561 3728 3836 3802; x_wconf 88' lang='lat' dir='ltr'>antiquis,</span> 
     </span>
    </p>
   </div>
   <div class='ocr_carea' id='block_1_82' title="bbox 2212 3819 3839 3898">
    <p class='ocr_par' dir='ltr' id='par_1_82' title="bbox 2212 3819 3839 3898">
     <span class='ocr_line' id='line_1_82' title="bbox 2212 3819 3839 3898; baseline -0.006 -16"><span class='ocrx_word' id='word_1_581' title='bbox 2212 3842 2362 3898; x_wconf 88' lang='lat' dir='ltr'>quos</span> <span class='ocrx_word' id='word_1_582' title='bbox 2389 3825 2604 3891; x_wconf 84' lang='lat' dir='ltr'>laudat,</span> <span class='ocrx_word' id='word_1_583' title='bbox 2631 3823 2837 3878; x_wconf 87' lang='lat' dir='ltr'>litteris</span> <span class='ocrx_word' id='word_1_584' title='bbox 2858 3822 3338 3879; x_wconf 68' lang='lat' dir='ltr'>commendatum</span> <span class='ocrx_word' id='word_1_585' title='bbox 3361 3837 3481 3875; x_wconf 93' lang='lat' dir='ltr'>non</span> <span class='ocrx_word' id='word_1_586' title='bbox 3506 3820 3600 3875; x_wconf 89' lang='lat' dir='ltr'>sit.</span> <span class='ocrx_word' id='word_1_587' title='bbox 3622 3819 3839 3873; x_wconf 82' lang='lat' dir='ltr'>Verum</span> 
     </span>
    </p>
   </div>
   <div class='ocr_carea' id='block_1_83' title="bbox 2220 3908 3839 3984">
    <p class='ocr_par' dir='ltr' id='par_1_83' title="bbox 2220 3908 3839 3984">
     <span class='ocr_line' id='line_1_83' title="bbox 2220 3908 3839 3984; baseline -0.004 -15"><span class='ocrx_word' id='word_1_588' title='bbox 2220 3931 2294 3969; x_wconf 89' lang='lat' dir='ltr'>an</span> <span class='ocrx_word' id='word_1_589' title='bbox 2312 3914 2496 3969; x_wconf 85' lang='lat' dir='ltr'>recte?</span> <span class='ocrx_word' id='word_1_590' title='bbox 2512 3912 2856 3984; x_wconf 81' lang='lat' dir='ltr'>Neutiquam</span> <span class='ocrx_word' id='word_1_591' title='bbox 2882 3928 3041 3979; x_wconf 86' lang='lat' dir='ltr'>sane,</span> <span class='ocrx_word' id='word_1_592' title='bbox 3061 3912 3143 3966; x_wconf 89' lang='lat' dir='ltr'>uti</span> <span class='ocrx_word' id='word_1_593' title='bbox 3171 3929 3241 3965; x_wconf 84' lang='lat' dir='ltr'>ex</span> <span class='ocrx_word' id='word_1_594' title='bbox 3271 3910 3360 3966; x_wconf 88' lang='lat' dir='ltr'>tis.</span> <span class='ocrx_word' id='word_1_595' title='bbox 3394 3927 3523 3982; x_wconf 76' lang='lat' dir='ltr'>quas</span> <span class='ocrx_word' id='word_1_596' title='bbox 3544 3924 3707 3964; x_wconf 87' lang='lat' dir='ltr'>num.</span> <span class='ocrx_word' id='word_1_597' title='bbox 3730 3908 3839 3963; x_wconf 80' lang='grc'><strong>258</strong></span> 
     </span>
    </p>
   </div>
   <div class='ocr_carea' id='block_1_84' title="bbox 2220 3996 3841 4074">
    <p class='ocr_par' dir='ltr' id='par_1_84' title="bbox 2220 3996 3841 4074">
     <span class='ocr_line' id='line_1_84' title="bbox 2220 3996 3841 4074; baseline -0.007 -12"><span class='ocrx_word' id='word_1_598' title='bbox 2220 4006 2396 4062; x_wconf 90' lang='lat' dir='ltr'>modo</span> <span class='ocrx_word' id='word_1_599' title='bbox 2420 4004 2553 4071; x_wconf 89' lang='lat' dir='ltr'>dixi,</span> <span class='ocrx_word' id='word_1_600' title='bbox 2585 4003 2722 4058; x_wconf 88' lang='lat' dir='ltr'>satis</span> <span class='ocrx_word' id='word_1_601' title='bbox 2751 4005 2930 4074; x_wconf 87' lang='lat' dir='ltr'>patet,</span> <span class='ocrx_word' id='word_1_602' title='bbox 2961 4001 3325 4073; x_wconf 83' lang='lat' dir='ltr'>ampliusque</span> <span class='ocrx_word' id='word_1_603' title='bbox 3355 4017 3424 4055; x_wconf 88' lang='lat' dir='ltr'>ex</span> <span class='ocrx_word' id='word_1_604' title='bbox 3455 3996 3841 4071; x_wconf 77' lang='lat' dir='ltr'>iis,qua3.jam</span> 
     </span>
    </p>
   </div>
   <div class='ocr_carea' id='block_1_85' title="bbox 2221 4089 3838 4163">
    <p class='ocr_par' dir='ltr' id='par_1_85' title="bbox 2221 4089 3838 4163">
     <span class='ocr_line' id='line_1_85' title="bbox 2221 4089 3838 4163; baseline -0.006 -14"><span class='ocrx_word' id='word_1_605' title='bbox 2221 4110 2375 4150; x_wconf 90' lang='lat' dir='ltr'>nunc</span> <span class='ocrx_word' id='word_1_606' title='bbox 2404 4093 2658 4148; x_wconf 88' lang='lat' dir='ltr'>dicturus</span> <span class='ocrx_word' id='word_1_607' title='bbox 2694 4108 2845 4159; x_wconf 89' lang='lat' dir='ltr'>sum,</span> <span class='ocrx_word' id='word_1_608' title='bbox 2875 4093 3148 4163; x_wconf 87' lang='lat' dir='ltr'>patescet.</span> <span class='ocrx_word' id='word_1_609' title='bbox 3180 4089 3262 4144; x_wconf 90' lang='lat' dir='ltr'>En</span> <span class='ocrx_word' id='word_1_610' title='bbox 3282 4105 3464 4143; x_wconf 87' lang='lat' dir='ltr'>unum</span> <span class='ocrx_word' id='word_1_611' title='bbox 3493 4089 3838 4153; x_wconf 85' lang='lat' dir='ltr'>alterumve,</span> 
     </span>
    </p>
   </div>
   <div class='ocr_carea' id='block_1_86' title="bbox 2222 4175 3840 4252">
    <p class='ocr_par' dir='ltr' id='par_1_86' title="bbox 2222 4175 3840 4252">
     <span class='ocr_line' id='line_1_86' title="bbox 2222 4175 3840 4252; baseline -0.006 -13"><span class='ocrx_word' id='word_1_612' title='bbox 2222 4186 2286 4240; x_wconf 88' lang='lat' dir='ltr'>ut</span> <span class='ocrx_word' id='word_1_613' title='bbox 2310 4183 2422 4239; x_wconf 90' lang='lat' dir='ltr'>alia</span> <span class='ocrx_word' id='word_1_614' title='bbox 2436 4182 2727 4249; x_wconf 89' lang='lat' dir='ltr'>omittam,</span> <span class='ocrx_word' id='word_1_615' title='bbox 2750 4181 3101 4252; x_wconf 89' lang='lat' dir='ltr'>exemplum,</span> <span class='ocrx_word' id='word_1_616' title='bbox 3119 4194 3257 4251; x_wconf 90' lang='lat' dir='ltr'>quo,</span> <span class='ocrx_word' id='word_1_617' title='bbox 3279 4194 3410 4249; x_wconf 64' lang='lat' dir='ltr'>quas</span> <span class='ocrx_word' id='word_1_618' title='bbox 3433 4175 3840 4232; x_wconf 86' lang='lat' dir='ltr'>factatradun-</span> 
     </span>
    </p>
   </div>
   <div class='ocr_carea' id='block_1_87' title="bbox 502 4261 3843 4352">
    <p class='ocr_par' dir='ltr' id='par_1_87' title="bbox 502 4261 3843 4352">
     <span class='ocr_line' id='line_1_87' title="bbox 502 4261 3843 4352; baseline -0.006 -17"><span class='ocrx_word' id='word_1_619' title='bbox 502 4261 884 4351; x_wconf 26' lang='lat' dir='ltr'>tiniaturihaec</span> <span class='ocrx_word' id='word_1_620' title='bbox 905 4261 1540 4352; x_wconf 22' lang='lat' dir='ltr'>esitemporisiepocha,</span> <span class='ocrx_word' id='word_1_621' title='bbox 1560 4294 1687 4350; x_wconf 72' lang='lat' dir='ltr'>qua:</span> <span class='ocrx_word' id='word_1_622' title='bbox 1709 4277 1933 4332; x_wconf 90' lang='lat' dir='ltr'>nullum</span> <span class='ocrx_word' id='word_1_623' title='bbox 1952 4275 2119 4330; x_wconf 85' lang='lat' dir='ltr'>fabu-</span> <span class='ocrx_word' id='word_1_624' title='bbox 2140 4269 2194 4330; x_wconf 90' lang='lat' dir='ltr'><strong>D</strong></span> <span class='ocrx_word' id='word_1_625' title='bbox 2222 4276 2317 4329; x_wconf 91' lang='lat' dir='ltr'>tur</span> <span class='ocrx_word' id='word_1_626' title='bbox 2341 4287 2448 4327; x_wconf 91' lang='lat' dir='ltr'>nec</span> <span class='ocrx_word' id='word_1_627' title='bbox 2486 4273 2687 4326; x_wconf 89' lang='lat' dir='ltr'>tamen</span> <span class='ocrx_word' id='word_1_628' title='bbox 2726 4286 2761 4325; x_wconf 90' lang='lat' dir='ltr'>a</span> <span class='ocrx_word' id='word_1_629' title='bbox 2811 4268 3186 4341; x_wconf 88' lang='lat' dir='ltr'>scriptoribus</span> <span class='ocrx_word' id='word_1_630' title='bbox 3244 4264 3585 4339; x_wconf 89' lang='lat' dir='ltr'>synchronis</span> <span class='ocrx_word' id='word_1_631' title='bbox 3633 4261 3843 4318; x_wconf 83' lang='lat' dir='ltr'>litteris</span> 
     </span>
    </p>
   </div>
   <div class='ocr_carea' id='block_1_88' title="bbox 502 4364 2116 4442">
    <p class='ocr_par' dir='ltr' id='par_1_88' title="bbox 502 4364 2116 4442">
     <span class='ocr_line' id='line_1_88' title="bbox 502 4364 2116 4442; baseline -0.006 -17"><span class='ocrx_word' id='word_1_632' title='bbox 502 4368 695 4425; x_wconf 85' lang='lat' dir='ltr'>larum</span> <span class='ocrx_word' id='word_1_633' title='bbox 735 4369 1057 4426; x_wconf 83' lang='lat' dir='ltr'>vindicibus</span> <span class='ocrx_word' id='word_1_634' title='bbox 1094 4367 1514 4442; x_wconf 87' lang='lat' dir='ltr'>tergiversandi</span> <span class='ocrx_word' id='word_1_635' title='bbox 1546 4367 1739 4422; x_wconf 91' lang='lat' dir='ltr'>locum</span> <span class='ocrx_word' id='word_1_636' title='bbox 1767 4364 2063 4438; x_wconf 89' lang='lat' dir='ltr'>relinquit.</span> <span class='ocrx_word' id='word_1_637' title='bbox 2088 4383 2116 4414; x_wconf 83' lang='lat'><strong>»</strong></span> 
     </span>
    </p>
   </div>
   <div class='ocr_carea' id='block_1_89' title="bbox 504 4454 2123 4532">
    <p class='ocr_par' dir='ltr' id='par_1_89' title="bbox 504 4454 2123 4532">
     <span class='ocr_line' id='line_1_89' title="bbox 504 4454 2123 4532; baseline -0.004 -18"><span class='ocrx_word' id='word_1_638' title='bbox 504 4457 752 4514; x_wconf 80' lang='lat' dir='ltr'>Famosa</span> <span class='ocrx_word' id='word_1_639' title='bbox 778 4474 918 4532; x_wconf 89' lang='lat' dir='ltr'>ergo</span> <span class='ocrx_word' id='word_1_640' title='bbox 948 4458 1019 4514; x_wconf 90' lang='lat' dir='ltr'>de</span> <span class='ocrx_word' id='word_1_641' title='bbox 1050 4457 1422 4530; x_wconf 90' lang='lat' dir='ltr'>doctore,qui</span> <span class='ocrx_word' id='word_1_642' title='bbox 1450 4455 1678 4529; x_wconf 90' lang='lat' dir='ltr'>publice</span> <span class='ocrx_word' id='word_1_643' title='bbox 1702 4472 1734 4511; x_wconf 93' lang='lat' dir='ltr'>e</span> <span class='ocrx_word' id='word_1_644' title='bbox 1756 4454 1970 4510; x_wconf 86' lang='lat' dir='ltr'>feretro</span> <span class='ocrx_word' id='word_1_645' title='bbox 2000 4469 2123 4508; x_wconf 91' lang='lat' dir='ltr'>sese</span> 
     </span>
    </p>
   </div>
   <div class='ocr_carea' id='block_1_90' title="bbox 506 4541 2126 4618">
    <p class='ocr_par' dir='ltr' id='par_1_90' title="bbox 506 4541 2126 4618">
     <span class='ocr_line' id='line_1_90' title="bbox 506 4541 2126 4618; baseline -0.004 -15"><span class='ocrx_word' id='word_1_646' title='bbox 506 4545 873 4617; x_wconf 84' lang='lat' dir='ltr'>damnatum,</span> <span class='ocrx_word' id='word_1_647' title='bbox 901 4547 1247 4603; x_wconf 77' lang='lat' dir='ltr'>vociferatus</span> <span class='ocrx_word' id='word_1_648' title='bbox 1266 4546 1361 4615; x_wconf 89' lang='lat' dir='ltr'>sit,</span> <span class='ocrx_word' id='word_1_649' title='bbox 1394 4545 1620 4601; x_wconf 88' lang='lat' dir='ltr'>naratio</span> <span class='ocrx_word' id='word_1_650' title='bbox 1642 4547 1773 4618; x_wconf 90' lang='lat' dir='ltr'>post</span> <span class='ocrx_word' id='word_1_651' title='bbox 1791 4541 2126 4599; x_wconf 87' lang='lat' dir='ltr'>annum-de-</span> 
     </span>
    </p>
   </div>
   <div class='ocr_carea' id='block_1_91' title="bbox 510 4630 2128 4709">
    <p class='ocr_par' dir='ltr' id='par_1_91' title="bbox 510 4630 2128 4709">
     <span class='ocr_line' id='line_1_91' title="bbox 510 4630 2128 4709; baseline -0.005 -17"><span class='ocrx_word' id='word_1_652' title='bbox 510 4648 675 4692; x_wconf 88' lang='lat' dir='ltr'>mum</span> <span class='ocrx_word' id='word_1_653' title='bbox 690 4638 847 4705; x_wconf 85' lang='grc'><strong>1324,</strong></span> <span class='ocrx_word' id='word_1_654' title='bbox 871 4638 1069 4707; x_wconf 88' lang='lat' dir='ltr'>utpote</span> <span class='ocrx_word' id='word_1_655' title='bbox 1100 4636 1174 4692; x_wconf 91' lang='lat' dir='ltr'>ad</span> <span class='ocrx_word' id='word_1_656' title='bbox 1204 4651 1382 4709; x_wconf 87' lang='lat' dir='ltr'>quem</span> <span class='ocrx_word' id='word_1_657' title='bbox 1403 4651 1438 4691; x_wconf 90' lang='lat' dir='ltr'>a</span> <span class='ocrx_word' id='word_1_658' title='bbox 1466 4634 1700 4690; x_wconf 88' lang='lat' dir='ltr'>condito</span> <span class='ocrx_word' id='word_1_659' title='bbox 1719 4632 1976 4705; x_wconf 89' lang='lat' dir='ltr'>primum</span> <span class='ocrx_word' id='word_1_660' title='bbox 1995 4630 2128 4686; x_wconf 87' lang='lat' dir='ltr'>Car-</span> 
     </span>
    </p>
   </div>
   <div class='ocr_carea' id='block_1_92' title="bbox 508 4720 2128 4781">
    <p class='ocr_par' dir='ltr' id='par_1_92' title="bbox 508 4720 2128 4781">
     <span class='ocr_line' id='line_1_92' title="bbox 508 4720 2128 4781; baseline -0.003 0"><span class='ocrx_word' id='word_1_661' title='bbox 508 4725 911 4781; x_wconf 82' lang='lat' dir='ltr'>thusianorum</span> <span class='ocrx_word' id='word_1_662' title='bbox 938 4725 1144 4781; x_wconf 87' lang='lat' dir='ltr'>ordine</span> <span class='ocrx_word' id='word_1_663' title='bbox 1173 4742 1275 4781; x_wconf 88' lang='lat' dir='ltr'>seu</span> <span class='ocrx_word' id='word_1_664' title='bbox 1313 4724 1386 4781; x_wconf 90' lang='lat' dir='ltr'>ab</span> <span class='ocrx_word' id='word_1_665' title='bbox 1418 4740 1573 4779; x_wconf 89' lang='lat' dir='ltr'>anno</span> <span class='ocrx_word' id='word_1_666' title='bbox 1604 4740 1674 4779; x_wconf 90' lang='lat' dir='ltr'>ex</span> <span class='ocrx_word' id='word_1_667' title='bbox 1702 4722 1962 4778; x_wconf 87' lang='lat' dir='ltr'>dicendis</span> <span class='ocrx_word' id='word_1_668' title='bbox 1988 4720 2128 4776; x_wconf 75' lang='grc'><strong>1084</strong></span> 
     </span>
    </p>
   </div>
   <div class='ocr_carea' id='block_1_93' title="bbox 510 4806 2130 4881">
    <p class='ocr_par' dir='ltr' id='par_1_93' title="bbox 510 4806 2130 4881">
     <span class='ocr_line' id='line_1_93' title="bbox 510 4806 2130 4881; baseline -0.005 -11"><span class='ocrx_word' id='word_1_669' title='bbox 510 4814 784 4870; x_wconf 73' lang='lat' dir='ltr'>effluxere</span> <span class='ocrx_word' id='word_1_670' title='bbox 813 4814 953 4870; x_wconf 87' lang='lat' dir='ltr'>anni</span> <span class='ocrx_word' id='word_1_671' title='bbox 1004 4814 1245 4871; x_wconf 89' lang='lat' dir='ltr'>omnino</span> <span class='ocrx_word' id='word_1_672' title='bbox 1274 4813 1400 4881; x_wconf 85' lang='grc'><strong>240,</strong></span> <span class='ocrx_word' id='word_1_673' title='bbox 1451 4813 1523 4869; x_wconf 90' lang='lat' dir='ltr'>ab</span> <span class='ocrx_word' id='word_1_674' title='bbox 1549 4812 1745 4868; x_wconf 89' lang='lat' dir='ltr'>otiosis</span> <span class='ocrx_word' id='word_1_675' title='bbox 1796 4806 2130 4866; x_wconf 90' lang='lat' dir='ltr'>hominibus</span> 
     </span>
    </p>
   </div>
   <div class='ocr_carea' id='block_1_94' title="bbox 508 4898 2127 4973">
    <p class='ocr_par' dir='ltr' id='par_1_94' title="bbox 508 4898 2127 4973">
     <span class='ocr_line' id='line_1_94' title="bbox 508 4898 2127 4973; baseline -0.006 -13"><span class='ocrx_word' id='word_1_676' title='bbox 508 4904 687 4961; x_wconf 88' lang='lat' dir='ltr'>tuerit</span> <span class='ocrx_word' id='word_1_677' title='bbox 728 4904 994 4973; x_wconf 78' lang='lat' dir='ltr'>conﬁcta,</span> <span class='ocrx_word' id='word_1_678' title='bbox 1036 4904 1082 4959; x_wconf 89' lang='lat' dir='ltr'>si</span> <span class='ocrx_word' id='word_1_679' title='bbox 1121 4903 1376 4959; x_wconf 89' lang='lat' dir='ltr'>Launoio</span> <span class='ocrx_word' id='word_1_680' title='bbox 1426 4901 1858 4958; x_wconf 86' lang='lat' dir='ltr'>assentiendum</span> <span class='ocrx_word' id='word_1_681' title='bbox 1904 4898 1996 4954; x_wconf 88' lang='lat' dir='ltr'>hic</span> <span class='ocrx_word' id='word_1_682' title='bbox 2033 4898 2127 4965; x_wconf 90' lang='lat' dir='ltr'>sit,</span> 
     </span>
    </p>
   </div>
   <div class='ocr_carea' id='block_1_95' title="bbox 511 4990 2128 5065">
    <p class='ocr_par' dir='ltr' id='par_1_95' title="bbox 511 4990 2128 5065">
     <span class='ocr_line' id='line_1_95' title="bbox 511 4990 2128 5065; baseline -0.003 -16"><span class='ocrx_word' id='word_1_683' title='bbox 511 4996 723 5052; x_wconf 86' lang='lat' dir='ltr'>Verum</span> <span class='ocrx_word' id='word_1_684' title='bbox 745 4995 1141 5052; x_wconf 87' lang='lat' dir='ltr'>narrationem</span> <span class='ocrx_word' id='word_1_685' title='bbox 1157 4993 1338 5062; x_wconf 83' lang='lat' dir='ltr'>illam,</span> <span class='ocrx_word' id='word_1_686' title='bbox 1360 4991 1792 5065; x_wconf 86' lang='lat' dir='ltr'>sireipsa,quod</span> <span class='ocrx_word' id='word_1_687' title='bbox 1811 5008 1886 5046; x_wconf 91' lang='lat' dir='ltr'>an</span> <span class='ocrx_word' id='word_1_688' title='bbox 1906 4990 2128 5045; x_wconf 90' lang='lat' dir='ltr'>factum</span> 
     </span>
    </p>
   </div>
   <div class='ocr_carea' id='block_1_96' title="bbox 514 5078 2132 5151">
    <p class='ocr_par' dir='ltr' id='par_1_96' title="bbox 514 5078 2132 5151">
     <span class='ocr_line' id='line_1_96' title="bbox 514 5078 2132 5151; baseline -0.006 -9"><span class='ocrx_word' id='word_1_689' title='bbox 514 5084 589 5142; x_wconf 85' lang='lat' dir='ltr'>sit</span> <span class='ocrx_word' id='word_1_690' title='bbox 614 5100 685 5140; x_wconf 87' lang='lat' dir='ltr'>ex</span> <span class='ocrx_word' id='word_1_691' title='bbox 712 5084 864 5141; x_wconf 74' lang='lat' dir='ltr'>infra</span> <span class='ocrx_word' id='word_1_692' title='bbox 890 5083 1162 5141; x_wconf 76' lang='lat' dir='ltr'>dicendis</span> <span class='ocrx_word' id='word_1_693' title='bbox 1214 5085 1450 5151; x_wconf 88' lang='lat' dir='ltr'>statues,</span> <span class='ocrx_word' id='word_1_694' title='bbox 1506 5082 1685 5138; x_wconf 75' lang='lat' dir='ltr'>fuerit</span> <span class='ocrx_word' id='word_1_695' title='bbox 1733 5078 2132 5147; x_wconf 82' lang='lat' dir='ltr'>conﬁcta,~diu</span> 
     </span>
    </p>
   </div>
   <div class='ocr_carea' id='block_1_97' title="bbox 513 5171 2133 5237">
    <p class='ocr_par' dir='ltr' id='par_1_97' title="bbox 513 5171 2133 5237">
     <span class='ocr_line' id='line_1_97' title="bbox 513 5171 2133 5237; baseline -0.007 -4"><span class='ocrx_word' id='word_1_696' title='bbox 513 5177 650 5233; x_wconf 89' lang='lat' dir='ltr'>ante</span> <span class='ocrx_word' id='word_1_697' title='bbox 708 5172 925 5231; x_wconf 86' lang='lat' dir='ltr'>dictum</span> <span class='ocrx_word' id='word_1_698' title='bbox 956 5189 1176 5230; x_wconf 87' lang='lat' dir='ltr'>annum</span> <span class='ocrx_word' id='word_1_699' title='bbox 1210 5174 1347 5229; x_wconf 79' lang='grc'><strong>1324</strong></span> <span class='ocrx_word' id='word_1_700' title='bbox 1395 5171 1702 5226; x_wconf 81' lang='lat' dir='ltr'>confictam</span> <span class='ocrx_word' id='word_1_701' title='bbox 1732 5185 1874 5237; x_wconf 89' lang='lat' dir='ltr'>esse,</span> <span class='ocrx_word' id='word_1_702' title='bbox 1904 5183 2133 5224; x_wconf 89' lang='lat' dir='ltr'>necesse</span> 
     </span>
    </p>
   </div>
   <div class='ocr_carea' id='block_1_98' title="bbox 514 5255 2133 5334">
    <p class='ocr_par' dir='ltr' id='par_1_98' title="bbox 514 5255 2133 5334">
     <span class='ocr_line' id='line_1_98' title="bbox 514 5255 2133 5334; baseline -0.006 -13"><span class='ocrx_word' id='word_1_703' title='bbox 514 5267 623 5321; x_wconf 87' lang='lat' dir='ltr'>est.</span> <span class='ocrx_word' id='word_1_704' title='bbox 644 5261 798 5318; x_wconf 69' lang='lat' dir='ltr'>&#39;Eam</span> <span class='ocrx_word' id='word_1_705' title='bbox 828 5262 986 5318; x_wconf 88' lang='lat' dir='ltr'>enim</span> <span class='ocrx_word' id='word_1_706' title='bbox 993 5263 1121 5334; x_wconf 84' lang='lat' dir='ltr'>jam</span> <span class='ocrx_word' id='word_1_707' title='bbox 1153 5264 1288 5318; x_wconf 82' lang='lat' dir='ltr'>ante</span> <span class='ocrx_word' id='word_1_708' title='bbox 1306 5262 1460 5316; x_wconf 90' lang='lat' dir='ltr'>hunc</span> <span class='ocrx_word' id='word_1_709' title='bbox 1473 5274 1693 5314; x_wconf 88' lang='lat' dir='ltr'>annum</span> <span class='ocrx_word' id='word_1_710' title='bbox 1715 5257 1921 5313; x_wconf 76' lang='lat' dir='ltr'>litteris</span> <span class='ocrx_word' id='word_1_711' title='bbox 1938 5255 2133 5329; x_wconf 86' lang='lat' dir='ltr'>prodi-</span> 
     </span>
    </p>
   </div>
   <div class='ocr_carea' id='block_1_99' title="bbox 496 5348 2134 5423">
    <p class='ocr_par' dir='ltr' id='par_1_99' title="bbox 496 5348 2134 5423">
     <span class='ocr_line' id='line_1_99' title="bbox 496 5348 2134 5423; baseline -0.004 -17"><span class='ocrx_word' id='word_1_712' title='bbox 496 5355 659 5414; x_wconf 39' lang='lat' dir='ltr'>‘dere</span> <span class='ocrx_word' id='word_1_713' title='bbox 679 5351 984 5423; x_wconf 89' lang='lat' dir='ltr'>scriptores</span> <span class='ocrx_word' id='word_1_714' title='bbox 1012 5351 1275 5407; x_wconf 90' lang='lat' dir='ltr'>nonnulli</span> <span class='ocrx_word' id='word_1_715' title='bbox 1296 5348 1539 5422; x_wconf 89' lang='lat' dir='ltr'>antiqui,</span> <span class='ocrx_word' id='word_1_716' title='bbox 1571 5350 1633 5417; x_wconf 88' lang='lat'>§§</span> <span class='ocrx_word' id='word_1_717' title='bbox 1654 5353 1711 5402; x_wconf 79' lang='lat' dir='ltr'>ll</span> <span class='ocrx_word' id='word_1_718' title='bbox 1749 5350 1809 5402; x_wconf 90' lang='lat' dir='ltr'>et</span> <span class='ocrx_word' id='word_1_719' title='bbox 1842 5350 1907 5402; x_wconf 74' lang='lat' dir='ltr'>l2</span> <span class='ocrx_word' id='word_1_720' title='bbox 1934 5361 2134 5400; x_wconf 90' lang='lat' dir='ltr'>recen-</span> 
     </span>
    </p>
   </div>
   <div class='ocr_carea' id='block_1_100' title="bbox 502 5434 2133 5513">
    <p class='ocr_par' dir='ltr' id='par_1_100' title="bbox 502 5434 2133 5513">
     <span class='ocr_line' id='line_1_100' title="bbox 502 5434 2133 5513; baseline -0.007 -14"><span class='ocrx_word' id='word_1_721' title='bbox 502 5439 638 5504; x_wconf 71' lang='lat' dir='ltr'>siti,</span> <span class='ocrx_word' id='word_1_722' title='bbox 664 5439 799 5495; x_wconf 83' lang='lat' dir='ltr'>acin</span> <span class='ocrx_word' id='word_1_723' title='bbox 816 5439 1024 5513; x_wconf 86' lang='lat' dir='ltr'>primis</span> <span class='ocrx_word' id='word_1_724' title='bbox 1043 5439 1299 5511; x_wconf 85' lang='lat' dir='ltr'>quidem,</span> <span class='ocrx_word' id='word_1_725' title='bbox 1324 5442 1389 5496; x_wconf 89' lang='lat' dir='ltr'>ut</span> <span class='ocrx_word' id='word_1_726' title='bbox 1402 5438 1657 5511; x_wconf 90' lang='lat' dir='ltr'>reliquos</span> <span class='ocrx_word' id='word_1_727' title='bbox 1676 5436 1882 5492; x_wconf 89' lang='lat' dir='ltr'>missos</span> <span class='ocrx_word' id='word_1_728' title='bbox 1901 5434 2133 5501; x_wconf 82' lang='lat' dir='ltr'>faciam,</span> 
     </span>
    </p>
   </div>
   <div class='ocr_carea' id='block_1_101' title="bbox 476 5524 2136 5601">
    <p class='ocr_par' dir='ltr' id='par_1_101' title="bbox 476 5524 2136 5601">
     <span class='ocr_line' id='line_1_101' title="bbox 476 5524 2136 5601; baseline -0.003 -19"><span class='ocrx_word' id='word_1_729' title='bbox 476 5524 932 5593; x_wconf 66' lang='lat' dir='ltr'>«earthusianus</span> <span class='ocrx_word' id='word_1_730' title='bbox 951 5538 1281 5597; x_wconf 79' lang='lat' dir='ltr'>anonymus</span> <span class='ocrx_word' id='word_1_731' title='bbox 1290 5525 1885 5601; x_wconf 79' lang='lat' dir='ltr'>quinqueprimorum</span> <span class='ocrx_word' id='word_1_732' title='bbox 1896 5524 2136 5579; x_wconf 82' lang='lat' dir='ltr'>Cartha-</span> 
     </span>
    </p>
   </div>
   <div class='ocr_carea' id='block_1_102' title="bbox 2221 4355 3841 4435">
    <p class='ocr_par' dir='ltr' id='par_1_102' title="bbox 2221 4355 3841 4435">
     <span class='ocr_line' id='line_1_102' title="bbox 2221 4355 3841 4435; baseline -0.007 -17"><span class='ocrx_word' id='word_1_733' title='bbox 2221 4360 2561 4435; x_wconf 89' lang='lat' dir='ltr'>consignata</span> <span class='ocrx_word' id='word_1_734' title='bbox 2581 4358 2966 4432; x_wconf 89' lang='lat' dir='ltr'>reperiuntur,</span> <span class='ocrx_word' id='word_1_735' title='bbox 3000 4355 3208 4413; x_wconf 85' lang='lat' dir='ltr'>fabulis</span> <span class='ocrx_word' id='word_1_736' title='bbox 3236 4355 3510 4410; x_wconf 88' lang='lat' dir='ltr'>continuo</span> <span class='ocrx_word' id='word_1_737' title='bbox 3536 4368 3841 4409; x_wconf 89' lang='lat' dir='ltr'>commen-</span> 
     </span>
    </p>
   </div>
   <div class='ocr_carea' id='block_1_103' title="bbox 2221 4439 3843 4523">
    <p class='ocr_par' dir='ltr' id='par_1_103' title="bbox 2221 4439 3843 4523">
     <span class='ocr_line' id='line_1_103' title="bbox 2221 4439 3843 4523; baseline -0.007 -16"><span class='ocrx_word' id='word_1_738' title='bbox 2221 4451 2408 4523; x_wconf 84' lang='lat' dir='ltr'>tisque</span> <span class='ocrx_word' id='word_1_739' title='bbox 2440 4448 2796 4505; x_wconf 89' lang='lat' dir='ltr'>accensenda</span> <span class='ocrx_word' id='word_1_740' title='bbox 2824 4462 2942 4502; x_wconf 90' lang='lat' dir='ltr'>non</span> <span class='ocrx_word' id='word_1_741' title='bbox 2972 4462 3113 4513; x_wconf 86' lang='lat' dir='ltr'>esse,</span> <span class='ocrx_word' id='word_1_742' title='bbox 3148 4444 3446 4512; x_wconf 90' lang='lat' dir='ltr'>docemur,</span> <span class='ocrx_word' id='word_1_743' title='bbox 3502 4439 3843 4497; x_wconf 88' lang='lat' dir='ltr'>Benedictus</span> 
     </span>
    </p>
   </div>
   <div class='ocr_carea' id='block_1_104' title="bbox 2221 4530 3843 4614">
    <p class='ocr_par' dir='ltr' id='par_1_104' title="bbox 2221 4530 3843 4614">
     <span class='ocr_line' id='line_1_104' title="bbox 2221 4530 3843 4614; baseline -0.009 -18"><span class='ocrx_word' id='word_1_744' title='bbox 2221 4540 2332 4597; x_wconf 86' lang='lat' dir='ltr'>XIV</span> <span class='ocrx_word' id='word_1_745' title='bbox 2356 4555 2510 4614; x_wconf 91' lang='lat' dir='ltr'>papa</span> <span class='ocrx_word' id='word_1_746' title='bbox 2539 4538 2611 4594; x_wconf 92' lang='lat' dir='ltr'>de</span> <span class='ocrx_word' id='word_1_747' title='bbox 2630 4551 2929 4593; x_wconf 86' lang='lat' dir='ltr'>servorum</span> <span class='ocrx_word' id='word_1_748' title='bbox 2959 4534 3061 4590; x_wconf 89' lang='lat' dir='ltr'>Dei</span> <span class='ocrx_word' id='word_1_749' title='bbox 3098 4532 3525 4589; x_wconf 84' lang='lat' dir='ltr'>beatiﬁcatione</span> <span class='ocrx_word' id='word_1_750' title='bbox 3555 4532 3617 4585; x_wconf 92' lang='lat' dir='ltr'>et</span> <span class='ocrx_word' id='word_1_751' title='bbox 3639 4530 3843 4585; x_wconf 85' lang='lat' dir='ltr'>beato-</span> 
     </span>
    </p>
   </div>
   <div class='ocr_carea' id='block_1_105' title="bbox 2224 4617 3847 4694">
    <p class='ocr_par' dir='ltr' id='par_1_105' title="bbox 2224 4617 3847 4694">
     <span class='ocr_line' id='line_1_105' title="bbox 2224 4617 3847 4694; baseline -0.009 -8"><span class='ocrx_word' id='word_1_752' title='bbox 2224 4646 2357 4687; x_wconf 91' lang='lat' dir='ltr'>rum</span> <span class='ocrx_word' id='word_1_753' title='bbox 2393 4626 2827 4684; x_wconf 85' lang='lat' dir='ltr'>canonizatione</span> <span class='ocrx_word' id='word_1_754' title='bbox 2869 4625 2968 4693; x_wconf 87' lang='lat' dir='ltr'>lib,</span> <span class='ocrx_word' id='word_1_755' title='bbox 3002 4641 3095 4691; x_wconf 71' lang='lat' dir='ltr'>in,</span> <span class='ocrx_word' id='word_1_756' title='bbox 3127 4638 3255 4694; x_wconf 84' lang='lat' dir='ltr'>cap.</span> <span class='ocrx_word' id='word_1_757' title='bbox 3296 4623 3382 4677; x_wconf 88' lang='grc'><strong>10.</strong></span> <span class='ocrx_word' id='word_1_758' title='bbox 3412 4636 3575 4675; x_wconf 91' lang='lat' dir='ltr'>num.</span> <span class='ocrx_word' id='word_1_759' title='bbox 3610 4621 3665 4686; x_wconf 88' lang='lat'>3,</span> <span class='ocrx_word' id='word_1_760' title='bbox 3690 4617 3847 4673; x_wconf 88' lang='lat' dir='ltr'>circa</span> 
     </span>
    </p>
   </div>
   <div class='ocr_carea' id='block_1_106' title="bbox 2227 4710 3847 4785">
    <p class='ocr_par' dir='ltr' id='par_1_106' title="bbox 2227 4710 3847 4785">
     <span class='ocr_line' id='line_1_106' title="bbox 2227 4710 3847 4785; baseline -0.009 -10"><span class='ocrx_word' id='word_1_761' title='bbox 2227 4721 2409 4775; x_wconf 84' lang='lat' dir='ltr'>ﬁnem</span> <span class='ocrx_word' id='word_1_762' title='bbox 2450 4718 2530 4772; x_wconf 88' lang='lat' dir='ltr'>ita</span> <span class='ocrx_word' id='word_1_763' title='bbox 2558 4715 2859 4771; x_wconf 61' lang='lat' dir='ltr'>memoriae</span> <span class='ocrx_word' id='word_1_764' title='bbox 2887 4713 3117 4785; x_wconf 90' lang='lat' dir='ltr'>prodit:</span> <span class='ocrx_word' id='word_1_765' title='bbox 3171 4734 3200 4761; x_wconf 88' lang='grc'><em>‹‹</em></span> <span class='ocrx_word' id='word_1_766' title='bbox 3229 4711 3406 4766; x_wconf 86' lang='lat' dir='ltr'>Fama</span> <span class='ocrx_word' id='word_1_767' title='bbox 3430 4712 3578 4776; x_wconf 87' lang='lat' dir='ltr'>erat,</span> <span class='ocrx_word' id='word_1_768' title='bbox 3600 4710 3847 4763; x_wconf 84' lang='lat' dir='ltr'>sanctos</span> 
     </span>
    </p>
   </div>
   <div class='ocr_carea' id='block_1_107' title="bbox 2230 4796 3845 4875">
    <p class='ocr_par' dir='ltr' id='par_1_107' title="bbox 2230 4796 3845 4875">
     <span class='ocr_line' id='line_1_107' title="bbox 2230 4796 3845 4875; baseline -0.008 -11"><span class='ocrx_word' id='word_1_769' title='bbox 2230 4807 2567 4865; x_wconf 80' lang='lat' dir='ltr'>Faustinum</span> <span class='ocrx_word' id='word_1_770' title='bbox 2592 4809 2650 4860; x_wconf 90' lang='lat' dir='ltr'>et</span> <span class='ocrx_word' id='word_1_771' title='bbox 2672 4805 2940 4872; x_wconf 80' lang='lat' dir='ltr'>Jovitam,</span> <span class='ocrx_word' id='word_1_772' title='bbox 2968 4806 3245 4875; x_wconf 86' lang='lat' dir='ltr'>patronos</span> <span class='ocrx_word' id='word_1_773' title='bbox 3274 4799 3555 4856; x_wconf 71' lang='lat' dir='ltr'>Brixianaa</span> <span class='ocrx_word' id='word_1_774' title='bbox 3580 4797 3759 4865; x_wconf 81' lang='lat' dir='ltr'>urbis,</span> <span class='ocrx_word' id='word_1_775' title='bbox 3782 4796 3845 4853; x_wconf 86' lang='lat' dir='ltr'>in</span> 
     </span>
    </p>
   </div>
   <div class='ocr_carea' id='block_1_108' title="bbox 2231 4885 3847 4965">
    <p class='ocr_par' dir='ltr' id='par_1_108' title="bbox 2231 4885 3847 4965">
     <span class='ocr_line' id='line_1_108' title="bbox 2231 4885 3847 4965; baseline -0.009 -12"><span class='ocrx_word' id='word_1_776' title='bbox 2231 4896 2409 4955; x_wconf 90' lang='lat' dir='ltr'>armis</span> <span class='ocrx_word' id='word_1_777' title='bbox 2433 4893 2620 4950; x_wconf 89' lang='lat' dir='ltr'>aureis</span> <span class='ocrx_word' id='word_1_778' title='bbox 2659 4891 2989 4965; x_wconf 85' lang='lat' dir='ltr'>apparuisse</span> <span class='ocrx_word' id='word_1_779' title='bbox 3037 4889 3113 4945; x_wconf 91' lang='lat' dir='ltr'>ad</span> <span class='ocrx_word' id='word_1_780' title='bbox 3164 4889 3428 4961; x_wconf 78' lang='lat' dir='ltr'>ejusdem</span> <span class='ocrx_word' id='word_1_781' title='bbox 3451 4891 3716 4943; x_wconf 83' lang='lat' dir='ltr'>tutamen</span> <span class='ocrx_word' id='word_1_782' title='bbox 3736 4885 3847 4940; x_wconf 85' lang='lat' dir='ltr'>ad-</span> 
     </span>
    </p>
   </div>
   <div class='ocr_carea' id='block_1_109' title="bbox 2230 4972 3854 5062">
    <p class='ocr_par' dir='ltr' id='par_1_109' title="bbox 2230 4972 3854 5062">
     <span class='ocr_line' id='line_1_109' title="bbox 2230 4972 3854 5062; baseline -0.009 -20"><span class='ocrx_word' id='word_1_783' title='bbox 2230 5002 2427 5041; x_wconf 81' lang='lat' dir='ltr'>versus</span> <span class='ocrx_word' id='word_1_784' title='bbox 2453 4975 3630 5046; x_wconf 70' lang='lat' dir='ltr'>NicolaumPicininum,Mediolanensium</span> <span class='ocrx_word' id='word_1_785' title='bbox 3661 4972 3854 5062; x_wconf 66' lang='lat' dir='ltr'>copia-</span> 
     </span>
    </p>
   </div>
   <div class='ocr_carea' id='block_1_110' title="bbox 2226 5063 3850 5147">
    <p class='ocr_par' dir='ltr' id='par_1_110' title="bbox 2226 5063 3850 5147">
     <span class='ocr_line' id='line_1_110' title="bbox 2226 5063 3850 5147; baseline -0.009 -15"><span class='ocrx_word' id='word_1_786' title='bbox 2226 5090 2366 5132; x_wconf 80' lang='lat' dir='ltr'>rum</span> <span class='ocrx_word' id='word_1_787' title='bbox 2390 5070 2972 5147; x_wconf 63' lang='lat' dir='ltr'>prmfectum,-ipsam</span> <span class='ocrx_word' id='word_1_788' title='bbox 2996 5067 3362 5124; x_wconf 83' lang='lat' dir='ltr'>obsidentem</span> <span class='ocrx_word' id='word_1_789' title='bbox 3415 5064 3763 5121; x_wconf 82' lang='lat' dir='ltr'>acmaxima</span> <span class='ocrx_word' id='word_1_790' title='bbox 3792 5063 3850 5119; x_wconf 85' lang='lat' dir='ltr'>vi</span> 
     </span>
    </p>
   </div>
   <div class='ocr_carea' id='block_1_111' title="bbox 2233 5153 3854 5238">
    <p class='ocr_par' dir='ltr' id='par_1_111' title="bbox 2233 5153 3854 5238">
     <span class='ocr_line' id='line_1_111' title="bbox 2233 5153 3854 5238; baseline -0.007 -18"><span class='ocrx_word' id='word_1_791' title='bbox 2233 5166 2693 5238; x_wconf 73' lang='lat' dir='ltr'>oppugnantem.</span> <span class='ocrx_word' id='word_1_792' title='bbox 2716 5160 2831 5216; x_wconf 85' lang='lat' dir='ltr'>Sed</span> <span class='ocrx_word' id='word_1_793' title='bbox 2846 5177 2881 5214; x_wconf 87' lang='lat' dir='ltr'>a</span> <span class='ocrx_word' id='word_1_794' title='bbox 2890 5156 3179 5232; x_wconf 86' lang='lat' dir='ltr'>plerisque</span> <span class='ocrx_word' id='word_1_795' title='bbox 3201 5156 3570 5213; x_wconf 84' lang='lat' dir='ltr'>dubitabatur</span> <span class='ocrx_word' id='word_1_796' title='bbox 3582 5153 3854 5209; x_wconf 81' lang='lat' dir='ltr'>demira-</span> 
     </span>
    </p>
   </div>
   <div class='ocr_carea' id='block_1_112' title="bbox 2232 5242 3856 5324">
    <p class='ocr_par' dir='ltr' id='par_1_112' title="bbox 2232 5242 3856 5324">
     <span class='ocr_line' id='line_1_112' title="bbox 2232 5242 3856 5324; baseline -0.008 -14"><span class='ocrx_word' id='word_1_797' title='bbox 2232 5256 2362 5310; x_wconf 89' lang='lat' dir='ltr'>culo</span> <span class='ocrx_word' id='word_1_798' title='bbox 2392 5246 3239 5324; x_wconf 80' lang='lat' dir='ltr'>hujusinsignisapparationis,</span> <span class='ocrx_word' id='word_1_799' title='bbox 3263 5244 3571 5300; x_wconf 76' lang='lat' dir='ltr'>silentibus</span> <span class='ocrx_word' id='word_1_800' title='bbox 3584 5242 3856 5299; x_wconf 80' lang='lat' dir='ltr'>videlicet</span> 
     </span>
    </p>
   </div>
   <div class='ocr_carea' id='block_1_113' title="bbox 2234 5331 3855 5409">
    <p class='ocr_par' dir='ltr' id='par_1_113' title="bbox 2234 5331 3855 5409">
     <span class='ocr_line' id='line_1_113' title="bbox 2234 5331 3855 5409; baseline -0.007 -10"><span class='ocrx_word' id='word_1_801' title='bbox 2234 5340 2519 5399; x_wconf 66' lang='lat' dir='ltr'>historicis</span> <span class='ocrx_word' id='word_1_802' title='bbox 2532 5337 2808 5394; x_wconf 87' lang='lat' dir='ltr'>Brixianis</span> <span class='ocrx_word' id='word_1_803' title='bbox 2824 5335 3135 5409; x_wconf 51' lang='lat' dir='ltr'>aequaevis,</span> <span class='ocrx_word' id='word_1_804' title='bbox 3148 5334 3403 5407; x_wconf 81' lang='lat' dir='ltr'>illudque</span> <span class='ocrx_word' id='word_1_805' title='bbox 3424 5335 3707 5388; x_wconf 73' lang='lat' dir='ltr'>narrante</span> <span class='ocrx_word' id='word_1_806' title='bbox 3720 5331 3855 5387; x_wconf 81' lang='lat' dir='ltr'>&#39;Elia</span> 
     </span>
    </p>
   </div>
   <div class='ocr_carea' id='block_1_114' title="bbox 2238 5421 3851 5502">
    <p class='ocr_par' dir='ltr' id='par_1_114' title="bbox 2238 5421 3851 5502">
     <span class='ocr_line' id='line_1_114' title="bbox 2238 5421 3851 5502; baseline -0.007 -15"><span class='ocrx_word' id='word_1_807' title='bbox 2238 5430 2517 5502; x_wconf 83' lang='lat' dir='ltr'>Capreolo</span> <span class='ocrx_word' id='word_1_808' title='bbox 2533 5427 2652 5501; x_wconf 80' lang='lat' dir='ltr'>,qui</span> <span class='ocrx_word' id='word_1_809' title='bbox 2686 5426 2980 5498; x_wconf 83' lang='lat' dir='ltr'>octoginta</span> <span class='ocrx_word' id='word_1_810' title='bbox 2999 5422 3249 5496; x_wconf 81' lang='lat' dir='ltr'>integris</span> <span class='ocrx_word' id='word_1_811' title='bbox 3266 5422 3431 5477; x_wconf 87' lang='lat' dir='ltr'>annis</span> <span class='ocrx_word' id='word_1_812' title='bbox 3444 5421 3851 5495; x_wconf 74' lang='lat' dir='ltr'>postsolutam</span> 
     </span>
    </p>
   </div>
   <div class='ocr_carea' id='block_1_115' title="bbox 2237 5510 3854 5585">
    <p class='ocr_par' dir='ltr' id='par_1_115' title="bbox 2237 5510 3854 5585">
     <span class='ocr_line' id='line_1_115' title="bbox 2237 5510 3854 5585; baseline -0.006 -8"><span class='ocrx_word' id='word_1_813' title='bbox 2237 5514 2881 5577; x_wconf 62' lang='lat' dir='ltr'>obsidionemldeeessitv</span> <span class='ocrx_word' id='word_1_814' title='bbox 2892 5517 2955 5569; x_wconf 73' lang='lat' dir='ltr'>et</span> <span class='ocrx_word' id='word_1_815' title='bbox 2974 5510 3854 5585; x_wconf 14' lang='lat' dir='ltr'>rfabulowqmdamauism-</span> 
     </span>
    </p>
   </div>
  </div>
