4224 6058
342 297 451 353 193

1922 290 2104 348 ACTA

3576 308 3678 369 194

336 418 652 479 mentariis
672 417 945 490 inseruit;
979 435 1111 476 cum
1137 435 1316 495 opera
1346 422 1405 477 et
1433 418 1623 477 studio
1654 414 1963 475 cardinalis
1982 419 2036 478 A
2066 413 2222 488 quod
2243 412 2889 492 militat,velmagis,vel
2906 418 3115 491 minus,
3133 426 3514 497 proutrerum
3526 429 3675 487 temo

335 511 552 584 Angeli
573 509 760 567 Marias
783 508 1020 575 Querini
1039 508 1192 566 binae
1214 510 1421 566 littera:
1446 509 1692 566 inventa:
1712 510 1844 563 sunt
1863 507 1967 561 Lu-

339 600 531 656 dovici
566 599 869 655 Fuscareni
898 599 971 654 ad
1002 602 1269 655 sanctum
1298 599 1673 655 Laurentium
1702 596 1967 654 Iustinia-

338 707 510 758 num,
545 692 683 745 tunc
713 688 1107 762 patriarcham
1131 688 1526 758 Venetiarum,
1560 706 1687 762 quae
1717 703 1843 744 rem
1876 688 1964 741 to-

337 782 466 836 tam
493 779 555 834 in
584 782 784 853 aperto
816 780 1126 851 ponerent.
1151 797 1182 830 »

414 871 545 925 323.
591 886 624 921 «
669 866 899 922 Etenim
960 882 1093 921 cum
1145 864 1589 939 quatuordecim
1635 862 1801 919 annis
1839 863 1969 936 post

337 956 596 1013 Brixiam
647 955 719 1011 ab
764 954 1068 1010 obsidione
1106 954 1413 1010 liberatam
1452 956 1803 1010 Fuscarcnus
1845 951 1968 1023 ejus

336 1044 589 1102 civitatis
609 1042 1177 1100 administrationem
1195 1043 1554 1117 suscepisset,
1573 1042 1678 1098 sibi
1697 1060 1731 1097 a
1749 1041 1966 1096 Veneto

335 1137 551 1192 senatu
572 1133 1009 1200 demandatam,
1032 1132 1207 1189 biduo
1230 1135 1359 1205 post
1372 1132 1591 1187 aditam
1610 1130 1967 1206 provinciam

336 1240 551 1281 rumor
579 1221 884 1289 increbuit,
910 1221 1215 1277 consilium
1246 1221 1455 1277 initum
1485 1220 1657 1276 fuisse
1686 1237 1721 1275 a
1740 1220 1971 1293 quibus-

340 1313 482 1369 dam
494 1311 781 1385 religiosis
800 1311 933 1366 viris
951 1311 1087 1366 inde
1106 1309 1714 1384 asportandiVenetias
1727 1325 1972 1382 corpora

339 1405 682 1458 sanctorum
699 1399 950 1455 Faustini
971 1403 1029 1456 et
1059 1400 1292 1469 Jovitae;
1317 1416 1381 1455 ac
1407 1399 1513 1454 nisi
1533 1400 1652 1471 ipse
1670 1398 1970 1470 religiosos

336 1492 476 1548 illos
494 1493 822 1565 opportune
838 1492 1134 1557 servasset,
1159 1487 1353 1561 populi
1378 1488 1463 1544 ira
1476 1488 1747 1560 ferroque
1769 1486 1969 1561 periis-

338 1584 498 1637 sent.
524 1582 875 1636 Fuscarenus
894 1579 955 1634 in
969 1578 1156 1634 allatis
1172 1578 1428 1652 epistolis
1448 1596 1681 1634 causam
1704 1577 1970 1650 aperiens

339 1670 428 1744 pii
476 1669 710 1737 furoris,
762 1668 860 1743 qui
905 1671 1131 1724 mentes
1169 1667 1571 1723 Brixianorum
1609 1666 1968 1733 incenderat,

2064 521 2387 577 porumque
2411 506 2685 578 adiuncta
2712 509 2946 579 fuerint,
2976 529 3111 567 vero
3140 513 3354 569 efﬁciat
3378 516 3676 589 absimile;

2066 594 2139 648 ad
2165 595 2341 665 quod,
2364 594 2422 650 ni
2446 598 2806 669 argumentis
2838 600 3120 672 negativis
3154 603 3343 660 locum
3382 622 3680 679 nunquam

2066 698 2187 737 esse
2214 684 2372 753 velis,
2404 703 2523 741 non
2556 686 2890 759 requiritur,
2917 692 2979 744 ut
2995 693 3240 760 certum,
3259 693 3359 748 sed
3375 695 3601 751 tantum
3621 700 3684 752 ut

2065 772 2391 828 verosimile
2424 774 2518 842 sit,
2551 792 2678 831 rem
2711 793 2745 831 a
2775 776 3150 849 scriptoribus
3164 780 3434 855 antiquis,
3458 783 3554 856 qui
3582 801 3681 857 pe-

2064 860 2290 929 rierint,
2325 863 2625 919 memoriae
2650 865 2943 937 proditam
2976 885 3093 923 non
3124 867 3329 939 fuisse;
3361 872 3471 927 hoc
3488 861 3684 930 autem

2066 950 2341 1035 habetur,
2360 951 2403 1006 si
2438 955 2592 1007 certo
2624 953 2855 1022 sciatur,
2909 972 2943 1009 a
2975 956 3145 1013 nullis
3176 957 3550 1032 scriptoribus
3579 979 3681 1019 an-

2067 1039 2260 1112 tiquis,
2294 1041 2469 1097 modo
2496 1041 2683 1096 adhuc
2732 1044 3104 1113 exstantibus,
3146 1045 3351 1103 litteris
3383 1049 3685 1123 consigna-

2067 1131 2188 1183 tam
2219 1128 2485 1195 inveniri,
2520 1148 2769 1203 quorum
2799 1133 2974 1205 aliqui
2997 1137 3097 1189 aut
3128 1152 3274 1192 unus
3299 1138 3504 1193 saltem
3519 1140 3689 1197 alter-

2066 1234 2134 1273 ve
2159 1218 2563 1275 verosimiliter
2599 1222 2742 1275 tales
2778 1221 2911 1289 sint,
2945 1226 3009 1277 ut
3038 1240 3191 1293 eam,
3241 1223 3288 1279 si
3330 1225 3549 1296 fuisset,
3578 1228 3685 1284 sci-

2068 1307 2203 1375 turi,
2243 1308 2561 1381 scitamque
2612 1312 3129 1368 commemoraturi
3166 1311 3427 1370 fuissent.
3472 1316 3683 1390 Accipe

2069 1397 2318 1451 alterum
2340 1398 2517 1453 modo
2539 1398 2645 1465 rei,
2676 1415 2802 1471 qum
2833 1398 3061 1469 accidit,
3096 1417 3205 1456 nec
3234 1405 3434 1459 tamen
3459 1405 3685 1479 ascrip-

2068 1484 2289 1540 toribus
2314 1486 2654 1558 synchronis
2685 1491 3067 1553 memoratur,
3095 1492 3445 1563 exemplum.

2142 1574 2366 1629 3'25.Ab
2394 1575 2647 1630 Honorio
2670 1576 2861 1643 tertio,
2880 1594 3109 1634 summo
3133 1574 3425 1650 pontifice,
3442 1580 3690 1638 celeber-

2070 1662 2283 1718 rimam
2318 1661 2766 1737 indulgentiam,
2785 1682 2955 1738 quaau
2977 1667 3367 1725 Porciunculze
3392 1690 3420 1719 »
3456 1666 3685 1738 dicitur,

339 1760 474 1815 haec
506 1759 683 1814 habet
719 1774 734 1814 :
786 1776 819 1811 ς
862 1759 1143 1814 Memores
1184 1760 1335 1825 sunt,
1371 1774 1501 1811 cum
1536 1755 1968 1822 circumvallati,
2002 1751 2301 1823 Bpetiisse
2322 1768 2387 1806 ac
2409 1769 2581 1825 porro
2610 1752 2948 1824 impetrasse
2981 1754 3038 1810 8.
3064 1755 3427 1813 Franciscum
3448 1757 3686 1815 Assisia-

341 1868 378 1901 ›
406 1846 616 1905 inclusi
632 1847 787 1903 fame
806 1847 1161 1914 laborarent,
1185 1846 1390 1901 ultima
1414 1844 1815 1918 experirentur
1826 1843 1974 1917 peri-

342 1956 377 1990 »
413 1937 566 2006 cula,
590 1936 737 1991 visos
757 1936 828 1991 ab
843 1934 1104 1991 hostibus
1119 1937 1337 1989 tutores
1365 1932 1756 1989 sanctissimos
1784 1931 1973 1999 aureis

342 2045 379 2078 ι
411 2025 596 2081 armis
612 2024 863 2080 Brixiam
875 2024 1020 2080 tueri
1041 2040 1055 2078 :
1080 2040 1193 2097 quo
1210 2022 1488 2078 miraculo
1507 2020 1788 2077 attonitus
1806 2019 1973 2075 Nico-

344 2133 380 2167 »
409 2115 539 2169 laus
560 2114 894 2181 Picinimus,
932 2113 1043 2168 dux
1073 2112 1437 2178 fortissimus,
1475 2109 1771 2184 potiundae
1815 2108 1975 2164 urbis

345 2223 381 2256 δ
413 2220 582 2277 spem
616 2202 890 2277 perdidit,
936 2202 1199 2276 supplicii
1245 2199 1500 2273 petendi,
1524 2215 1845 2271 aurumque
1865 2199 1967 2253 ha-

340 2312 377 2345 »
408 2291 593 2349 bendi
625 2291 962 2347 aviditatem
990 2290 1234 2345 remisit.
1271 2290 1421 2355 Quas
1452 2289 1524 2344 ob
1555 2306 1647 2344 res
1682 2287 1970 2343 difficilius

341 2402 377 2435 θ
408 2381 504 2437 his
534 2380 875 2455 corporibus
903 2382 1188 2435 carerent.
1218 2398 1249 2431 »
1281 2376 1585 2433 Fuscareni
1611 2377 1867 2450 epistolas
1890 2376 1976 2432 in—

343 2474 535 2543 tegra:
584 2468 815 2524 insertae
861 2470 992 2523 sunt
1013 2467 1073 2522 in
1106 2467 1350 2539 epistola
1377 2465 1637 2537 praedicti
1665 2464 1974 2534 cardinalis

340 2559 501 2632 typis
528 2558 755 2613 editaet
775 2556 849 2612 ad
882 2558 1111 2612 Patrem
1136 2556 1487 2628 Cyprianum
1518 2554 1853 2627 Benagliam
1872 2555 1973 2609 ab-

342 2647 548 2704 batem
580 2650 638 2702 et
668 2644 977 2717 praesidem
996 2646 1332 2717 generalem
1351 2643 1823 2715 congregationis
1842 2642 1973 2697 Cas-

344 2734 599 2791 sinensis
617 2735 771 2790 data.
797 2736 932 2790 Post
952 2751 1079 2806 quae
1102 2733 1258 2788 idem
1283 2733 1482 2789 doctus
1513 2732 1821 2787 cardinalis
1852 2732 1976 2787 haac

345 2824 421 2880 ad
441 2841 570 2879 rem
589 2823 798 2881 subdit:
815 2842 847 2875 «
869 2822 1140 2896 Superest
1157 2821 1417 2889 tandem,
1434 2825 1497 2876 ut
1516 2837 1631 2876 una
1648 2836 1879 2875 mecum
1895 2820 1977 2875 fa-

346 2934 379 2964 »
402 2912 602 2980 tearis,
620 2915 1054 2984 argumentum,
1080 2911 1236 2984 quod
1260 2910 1593 2982 negativum
1606 2908 1816 2964 critica:
1837 2908 1977 2963 artis

346 3022 379 3054 »
398 3000 667 3074 magistri
688 3003 914 3067 vocant,
930 3017 1159 3073 quoque
1183 2999 1358 3073 aliqui
1379 3016 1446 3054 cx
1464 2998 1600 3072 ipsis
1619 2997 1771 3053 haud
1790 2996 1870 3052 ita
1885 3014 1974 3053 ra-

2070 1844 2212 1906 tem,
2240 1840 2380 1896 nulli
2398 1856 2633 1912 prorsus
2648 1841 2977 1914 scriptores,
2999 1844 3331 1915 synchroni,
3352 1845 3469 1901 imo
3489 1864 3562 1905 ne
3579 1846 3687 1921 ipsi

2072 1927 2331 2001 quidem,
2352 1928 2449 2002 qui
2467 1928 2646 1985 vitam
2669 1930 2791 2001 ejus
2813 1947 3050 1986 omnem
3074 1949 3138 1988 ac
3155 1935 3316 2005 gesta
3342 1951 3409 1990 ex
3424 1933 3688 1994 instituto

2073 2016 2516 2089 diligentissime
2542 2017 2989 2091 descripserunt,
3013 2019 3263 2078 Thomas
3281 2022 3524 2079 Celanus
3544 2028 3602 2080 et
3628 2025 3687 2081 8.

2072 2107 2495 2161 Bonaventura.
2525 2106 2667 2161 Hinc
2682 2109 2889 2163 sazculo
2906 2112 3064 2165 sexto
3079 2110 3305 2167 decimo
3328 2111 3691 2184 potissimum

2072 2211 2192 2249 non
2214 2194 2543 2263 defuerunt,
2564 2196 3101 2269 quiindulgentiam
3118 2199 3278 2255 illam
3301 2199 3359 2256 S.
3392 2200 3692 2259 Francisco

2073 2283 2145 2339 ab
2188 2283 2443 2340 Honorio
2472 2302 2729 2357 unquam
2759 2285 2930 2341 fuisse
2978 2304 3329 2356 concessam,
3380 2291 3469 2346 vel
3495 2290 3693 2348 animo

2072 2373 2381 2429 obfirmato
2401 2373 2785 2444 negarint,vel
2798 2376 3002 2429 saltem
3020 2376 3079 2430 in
3095 2376 3333 2432 dubium
3347 2378 3694 2448 revocarint,

2072 2462 2179 2516 hac
2202 2461 2440 2532 insuper
2474 2461 2704 2517 ratione
2728 2463 2801 2518 ad
2830 2463 2889 2519 id
2915 2463 3169 2536 impulsi,
3197 2466 3353 2539 quod
3378 2466 3695 2542 disciplima

2073 2550 2401 2622 usibusque,
2430 2551 2526 2622 qui
2548 2550 2605 2606 S.
2630 2551 2914 2607 Francisci
2942 2556 3112 2608 (etate
3138 2553 3197 2610 in
3232 2554 3474 2611 ecclesia
3498 2556 3697 2628 vigue-

2073 2643 2230 2707 runt,
2264 2639 2643 2711 indulgentias
2674 2643 2796 2695 tam
2818 2643 3051 2715 amplze,
3069 2660 3245 2715 quam
3264 2642 3335 2699 sit
3360 2644 3701 2702 Portiuncu-

2074 2728 2228 2795 lana,
2257 2728 2551 2784 concessio
2587 2727 2833 2784 minime
2862 2734 3229 2802 congrueret.
3255 2733 3468 2788 Verum
3489 2736 3697 2792 saeculo

2073 2816 2337 2889 proxime
2359 2817 2552 2889 elapso
2579 2834 2646 2871 ex
2668 2817 2917 2890 antiquis
2943 2819 3234 2876 codicibus
3261 2820 3321 2877 in
3345 2821 3536 2878 lucem
3566 2826 3697 2879 tan-

2073 2904 2207 2961 dem
2231 2904 2357 2977 (Adi
2382 2905 2577 2978 Operis
2594 2906 2778 2962 nostri
2804 2908 2946 2961 tom.
2968 2909 3012 2961 ll
3032 2908 3317 2977 Octobris,
3339 2928 3398 2983 p.
3421 2913 3523 2969 887
3542 2914 3600 2967 et
3614 2930 3700 2968 se-

2072 2993 2292 3067 quenti)
2314 2993 2477 3049 fuere
2494 2995 2723 3067 prolata
2738 2990 3097 3060 testimonia,
3120 2997 3513 3071 quadraginta
3534 3000 3699 3057 circi-

348 3047 372 3054 "
398 3047 667 3074 ⁸“⁵“¹Ὀ’“”⁵⁸
699 3047 914 3067 ’νυν-ἠν
933 3047 1158 3073 ἰ”νῚ-ν
1184 3047 1358 3073 ν’·“ι”··
1382 3047 1446 3054 ν’·
1465 3047 1597 3072 Τ”“’
1619 3047 1771 3053 --τ--ν-
1792 3047 1950 3053 νην-*ν
2088 3047 2111 3067 ι
2165 3047 2172 3048 ί
2210 3047 2242 3048 έν
2276 3047 2288 3064 ι
2390 3047 2430 3049 -ν
2494 3047 2549 3067 1'"
2577 3047 2588 3048 ί
2748 3047 2757 3048 ί
2774 3047 2788 3049 -
2809 3047 2817 3049 ~
2837 3047 3096 3060 ~-~--'-'——-
3125 3047 3341 3070 ι-ν-ν---
3389 3047 3512 3055 ----
3536 3047 3667 3057 νην-

346 3110 379 3143 »
403 3108 473 3147 r0
514 3091 833 3146 abutuntur
868 3088 939 3144 ad
982 3089 1420 3144 convellendam
1453 3090 1970 3143 monumentorum
1996 3047 2043 3108 Ο
2070 3084 2158 3137 ter
2179 3084 2308 3154 post
2328 3081 2549 3137 obitum
2567 3082 2624 3137 S.
2657 3083 2943 3138 Francisci
2966 3084 3156 3152 annis,
3181 3103 3312 3141 cum
3336 3047 3702 3161 indulgentia

346 3178 917 3235 necclesiasticorum
973 3178 1399 3245 auctoritatem,
1465 3175 1631 3231 facile
1709 3175 1970 3231 accidere

347 3288 380 3322 ι
405 3284 597 3343 posse,
626 3269 686 3322 ut
702 3266 862 3322 omni
882 3265 1068 3340 ipsum
1095 3264 1436 3321 auctoritate
1451 3264 1787 3320 destitutum
1810 3280 1969 3318 com-

347 3377 380 3410 »
410 3356 693 3431 periatur.
722 3356 888 3411 Certe
928 3354 1288 3426 triumphare
1332 3353 1472 3408 illud
1509 3370 1686 3426 quam
1718 3352 1971 3408 maxime

346 3467 380 3499 s
404 3446 709 3501 videbatur
729 3445 788 3499 in
806 3444 1065 3515 subjecta
1098 3442 1231 3498 huic
1248 3442 1504 3515 epistola:
1537 3440 1802 3508 materia,
1833 3458 1971 3497 nam

346 3554 379 3589 δ
398 3538 664 3589 veterum
692 3532 1042 3606 scriptorum
1077 3530 1371 3586 silentium
1394 3547 1462 3584 eo
1486 3528 1883 3584 vehementius
1914 3528 1973 3583 in

347 3623 676 3679 seamdem
727 3620 988 3694 torqueri
1037 3622 1285 3693 poterat,
1344 3618 1500 3691 quod
1558 3620 1750 3690 plures
1800 3618 1976 3673 modo

348 3733 382 3765 ι
401 3714 720 3786 suppetant
736 3708 1166 3775 commentarii,
1188 3706 1471 3763 Brixiame
1495 3706 1814 3762 obsidionis
1831 3709 1978 3762 tem-

348 3822 383 3855 »
400 3818 550 3875 pore
578 3800 648 3855 de
679 3798 1001 3855 obsidionis
1031 3798 1184 3853 illius
1210 3798 1383 3851 rebus
1410 3795 1738 3868 conscripti.

427 3891 555 3946 324.
582 3908 613 3942 «
630 3890 701 3943 At
717 3904 893 3961 quam
910 3904 1090 3942 vanus
1113 3887 1265 3941 foret
1284 3885 1375 3941 illc
1397 3884 1724 3958 triumphus
1746 3884 1985 3939 detecta:

352 4000 386 4033 θ
421 3996 458 4035 a
488 3995 583 4034 me
616 3977 922 4033 Fuscareni
963 3976 1173 4031 littera:
1225 3973 1626 4030 ostenderunt.
1661 3973 1986 4040 Undenam,

353 4089 388 4121 δ
425 4084 532 4141 per
562 4068 746 4122 Deum
778 4065 1197 4130 immortalem,
1233 4065 1392 4118 certo
1430 4062 1686 4116 divinare
1713 4078 1772 4116 se
1801 4077 1988 4134 posse,

354 4176 390 4209 ›
421 4154 678 4211 confidet
723 4154 1059 4210 criticorum
1126 4152 1357 4207 illorum
1408 4150 1588 4218 natio,
1636 4149 1835 4223 priscis
1880 4148 1994 4203 illis

2068 3169 2168 3226 illa
2189 3170 2317 3242 jam
2348 3174 2497 3238 tum,
2533 3170 2690 3243 quod
2722 3173 2894 3228 nulla:
2928 3173 2999 3227 de
3041 3190 3110 3228 ea
3150 3172 3357 3230 litterae
3388 3177 3702 3249 pontificiaa

2068 3263 2381 3327 exstarent,
2416 3259 2476 3315 in
2507 3259 2747 3316 dubium
2792 3264 3059 3317 revocata
3091 3264 3191 3318 aut
3221 3264 3397 3320 etiam
3429 3269 3644 3339 negata
3668 3286 3703 3324 a

2072 3348 2370 3405 nonnullis
2395 3347 2617 3417 fuisset,
2642 3367 2675 3404 a
2694 3352 2753 3405 Β.
2781 3349 3092 3407 Benedicto
3114 3353 3376 3422 Aretino,
3395 3355 3700 3429 peripsum

2074 3435 2133 3492 S.
2156 3436 2526 3492 Franciscum
2558 3437 2619 3492 in
2651 3438 2921 3494 ordinem
2972 3439 3112 3496 olim
3156 3440 3429 3511 admisso,
3463 3445 3636 3517 atque
3668 3461 3703 3501 a

2074 3525 2361 3597 Raynerio
2386 3525 2457 3581 de
2479 3525 2931 3599 Mariano,hujus
2946 3528 3241 3585 Benedicti
3254 3530 3431 3598 socio,
3450 3532 3698 3602 reddita,

2079 3613 2355 3687 quibushi
2368 3614 2564 3682 ambo,
2590 3614 2805 3670 dictam
2822 3615 3250 3689 indulgentiam
3266 3621 3324 3674 et
3337 3635 3442 3690 per
3458 3617 3516 3674 S.
3533 3620 3705 3677 Fran-

2080 3703 2294 3758 ciscum
2325 3702 2569 3774 petitam
2598 3705 2657 3757 et
2716 3703 2788 3758 ab
2842 3704 3094 3760 Honorio
3144 3707 3314 3762 tertio
3368 3723 3699 3765 concessam

2082 3791 2275 3858 fuisse,
2309 3806 2340 3845 e
2374 3790 2733 3857 narratione,
2762 3790 2869 3845 sibi
2895 3792 3002 3847 hac
3026 3793 3097 3847 de
3129 3810 3191 3847 re
3222 3811 3256 3848 a
3288 3793 3466 3850 fratre
3486 3797 3700 3853 Masseo

2086 3881 2158 3936 de
2189 3876 2546 3950 Marignano,
2575 3878 2671 3950 qui
2702 3895 2955 3949 praesens
2977 3880 3261 3947 adfuerat,
3292 3882 3464 3949 facta,
3490 3886 3704 3940 testan-

2088 3972 2202 4024 tur.
2221 3966 2848 4039 Accessitpotissimum
2883 3969 2939 4023 et
2968 3967 3364 4025 testimonium
3386 3970 3562 4039 aliud,
3588 3989 3702 4045 quo

2090 4058 2291 4112 Petrus
2318 4055 2587 4110 Zalfanus
2616 4053 2847 4127 (videsis
2870 4056 3150 4112 eumdem
3180 4057 3380 4129 operis
3402 4059 3582 4115 nostri
3598 4064 3639 4115 t.
3659 4063 3705 4117 Il

2090 4145 2369 4213 Octobris,
2391 4161 2446 4216 p.
2471 4143 2593 4216 890)
2612 4146 2855 4200 testatus
2878 4148 2983 4213 est,
3003 4162 3127 4200 sese
3145 4144 3204 4200 in
3222 4147 3463 4203 ecclesia
3479 4148 3705 4206 Sancta:

356 4264 393 4297 ›
423 4243 847 4309 monumentis,
891 4241 1101 4315 quibus
1133 4238 1239 4313 ipsi
1281 4238 1563 4312 ρι’ωοίρίῐί
1610 4254 1747 4292 ausu
1777 4237 1993 4292 bellum
2015 4312 2046 4315 _
2089 4233 2277 4290 Maria:
2306 4234 2376 4288 de
2408 4232 2779 4288 Portiuncula
2808 4236 3157 4304 prmsentem
3191 4235 3460 4304 adfuisse,
3483 4252 3617 4293 cum
3648 4239 3703 4295 in

359 4352 395 4385 »
431 4331 717 4398 indicunt,
740 4312 1087 4386 testimonia
1116 4312 1516 4400 hujuscemodi
1552 4326 1691 4382 olim
1724 4325 1989 4391 defuisse,
2014 4312 2066 4372 D
2092 4340 2161 4378 ea
2186 4323 2243 4378 S.
2272 4321 2621 4390 Franciscus,
2651 4324 2874 4393 septem
2909 4322 3226 4378 astantibus
3279 4323 3579 4397 episcopis,
3611 4344 3705 4383 ac-

359 4442 396 4475 »
426 4437 561 4476 cum
595 4423 682 4476 tot
704 4420 1046 4475 saeculorum
1090 4418 1274 4489 lapsu,
1324 4416 1475 4472 forte
1514 4415 1671 4470 malo
1704 4415 1845 4482 fato,
1895 4417 1995 4468 aut

361 4531 399 4564 ι
434 4509 678 4566 omnino
719 4506 1076 4574 interierint,
1111 4508 1210 4561 aut
1241 4505 1299 4560 in
1332 4503 1589 4560 tenebris
1636 4503 1822 4558 adhuc
1854 4501 1994 4557 deli-

364 4620 401 4654 3
432 4596 705 4655 tescant?
733 4618 761 4645 »
796 4596 878 4650 En
908 4613 1047 4651 sane
1079 4595 1427 4667 praeclarum
1454 4591 1598 4647 facti
1643 4592 1994 4663 exemplum,

367 4687 552 4762 quod,
593 4686 699 4742 etsi
728 4700 928 4741 revera
976 4683 1269 4750 acciderit,
1318 4683 1389 4737 ab
1436 4681 1765 4737 auctoribus
1792 4683 1993 4735 tamen

366 4775 710 4849 synchronis
759 4773 1058 4829 memoria:
1124 4771 1420 4845 proditum
1497 4787 1615 4825 non
1678 4769 1995 4826 invenitur.

368 4864 643 4939 quodque
670 4862 882 4918 idcirco
923 4878 1155 4936 semper
1199 4863 1300 4915 aut
1353 4874 1457 4931 pro
1504 4857 1648 4913 falso
1707 4857 1994 4925 habitum,

370 4957 474 5010 aut
503 4956 656 5008 certe
685 4951 745 5006 in
774 4950 1017 5006 dubium
1046 4951 1380 5005 revocatum
1402 4946 1622 5013 fuisset,
1656 4944 1765 5000 nisi
1799 4946 2000 5001 Fusca-

370 5040 522 5100 remi
538 5041 767 5109 litteras,
792 5056 922 5114 quas
941 5036 1355 5094 lucidissimum
1380 5034 1432 5090 ei
1454 5033 1855 5089 testimonium
1871 5050 1999 5106 per-

370 5131 599 5198 hibent,
619 5130 692 5184 ab
725 5126 1186 5184 eminentissimo
1208 5123 1501 5180 cardinale
1523 5122 1776 5188 Querino
1803 5123 1994 5179 detec-

372 5223 449 5276 ιω
477 5217 748 5286 fuissent;
783 5216 882 5290 qui
920 5215 1157 5272 interim
1203 5213 1338 5268 hinc
1381 5210 1710 5284 argumenti
1746 5210 1996 5284 negativi

374 5309 493 5366 vim
517 5306 764 5363 nimium
797 5296 1020 5362 elevare
1067 5302 1311 5358 videtur.
1357 5300 1471 5355 Etsi
1531 5299 1688 5354 enim
1737 5299 1846 5355 hoc
1877 5317 1996 5356 non

376 5395 651 5458 sufﬁciat,
679 5398 741 5449 ut
766 5394 1070 5468 quidlibet,
1124 5390 1213 5444 cui
1253 5389 1590 5462 opponitur,
1633 5404 1667 5442 a
1693 5404 1827 5442 vero
1862 5404 1998 5459 pro-

375 5485 678 5545 nuntietur
705 5483 982 5550 alienum,
1007 5481 1062 5536 id
1086 5482 1284 5533 tamen
1306 5478 1422 5551 (adi
1447 5494 1608 5531 num.
1634 5478 1757 5549 258)
1772 5476 2005 5535 roboris

379 5575 487 5633 sibi
525 5590 641 5632 non
670 5590 801 5631 rara
821 5571 998 5629 habet
1031 5567 1391 5639 adjunctum,
1427 5568 1490 5620 ut
1527 5565 1763 5633 factum,
1796 5567 2007 5625 contra

2092 4415 2321 4484 ceptam
2371 4411 2442 4465 ab
2489 4410 2745 4466 Honorio
2807 4410 3238 4483 indulgentiam
3284 4415 3705 4488 promulgaret.

2092 4502 2222 4558 Tria
2243 4518 2416 4573 porro
2445 4501 2568 4555 haec
2603 4500 2939 4555 testimonia
2979 4500 3244 4557 dubitare
3295 4520 3414 4558 non
3460 4504 3711 4577 amplius

2095 4590 2312 4656 sinunt,
2342 4589 2482 4661 quin
2513 4588 2752 4660 insignis
2768 4588 2865 4643 illa
2886 4588 3251 4661 indulgentia
3262 4594 3321 4646 et
3336 4607 3441 4664 per
3457 4591 3515 4648 S.
3534 4594 3709 4651 Frau-

2096 4679 2309 4733 ciscum
2327 4676 2515 4748 reipsa
2539 4675 2713 4730 fuerit
2738 4675 2941 4747 petita,
2965 4680 3025 4731 et
3040 4675 3231 4733 eidem
3259 4695 3364 4750 per
3390 4681 3710 4738 Honorium

2097 4783 2391 4833 concessa,
2411 4767 2469 4819 et
2486 4766 2685 4820 tamen
2728 4764 2811 4819 rei
2840 4764 3029 4836 hujus,
3062 4768 3126 4821 ut
3149 4766 3279 4837 jam
3304 4767 3543 4837 dictum,
3565 4770 3710 4827 nulli

2096 4871 2330 4927 prorsus
2357 4852 2667 4925 scriptores
2684 4854 3165 4925 contemporanei
3182 4870 3247 4909 ac
3257 4871 3331 4908 ne
3350 4855 3454 4928 ipsi
3471 4856 3708 4930 quidem

2096 4939 2377 4998 Francisci
2407 4940 2731 5014 biographi,
2760 4942 2824 4995 ut
2855 4944 2916 4995 ut
2943 4958 3033 4996 res
3053 4958 3281 5001 omnes.
3302 4942 3373 4996 ab
3396 4959 3465 4997 eo
3493 4946 3705 5016 gestas,

2095 5032 2319 5088 calamo
2333 5027 2771 5101 diligentissime
2788 5029 3096 5102 complexi,
3116 5028 3533 5102 meminerunt;
3553 5035 3710 5106 quod

2094 5136 2235 5177 sane
2265 5119 2612 5191 argumento
2639 5120 2725 5173 est
2758 5133 3037 5190 perquam
3056 5117 3264 5185 valido,
3287 5118 3564 5176 continuo
3579 5137 3717 5178 con-

2096 5225 2343 5282 sequens
2372 5225 2488 5263 non
2517 5222 2660 5275 esse,
2701 5207 2765 5261 ut
2806 5220 2919 5271 res,
2949 5222 3077 5278 quae
3104 5222 3138 5260 a
3176 5206 3553 5279 scriptoribus
3583 5225 3723 5265 con-

2096 5297 2495 5372 temporaneis
2516 5312 2635 5350 non
2663 5295 3088 5363 memorantur,
3118 5294 3358 5352 indubia
3396 5296 3555 5351 falsa:
3576 5296 3719 5359 sint.

2170 5391 2293 5444 326.
2314 5389 2441 5443 Jam
2456 5400 2616 5451 vero,
2637 5400 2769 5438 cum
2790 5400 3041 5455 pronum
3060 5385 3383 5441 admodum
3410 5384 3502 5452 sit,
3523 5389 3721 5453 utres,

2102 5495 2249 5550 qua»,
2268 5476 2374 5533 etsi
2393 5475 2591 5547 gestae,
2612 5489 2647 5527 a
2667 5471 3040 5544 scriptoribus
3060 5472 3569 5548 contemporaneis
3598 5488 3745 5531 non

2106 5566 2525 5623 memorantur,
2545 5558 2775 5617 silentio
2799 5563 2976 5619 etiam
2997 5580 3031 5618 a
3051 5562 3338 5634 sequioris
3364 5558 3469 5617 aevi
3488 5557 3767 5633 scripto~
