4026 6042
345 306 443 365 195

1148 264 1158 275 1
1196 302 1254 361 S.
1282 302 1627 361 BRUNONIS
1669 304 2304 363 CARTHUSIANORUM
2343 306 2809 367 INSTITUTORIS

3565 310 3663 366 196

343 436 501 491 ribus
530 431 1234 507 praetereanturconlinuo
1258 449 1394 488 sane
1407 450 1523 489 non
1538 432 1805 505 est,quod
1829 434 1951 486 tam
1974 450 2029 510 Α
2056 435 2270 491 mentis
2303 437 2579 510 negativis
2610 437 2699 493 vix
2724 439 2928 505 ullum,
2968 451 3225 493 scorsum
3249 438 3567 511 sumptum,
3594 435 3668 494 sit

343 525 415 580 ab
438 524 546 592 his,
578 541 755 597 quam
778 525 848 579 ab
883 524 1007 580 aliis
1033 524 1365 591 subticetur,
1386 541 1488 596 pro
1527 524 1671 578 falso
1700 539 1797 576 seu
1847 539 1953 594 pro

342 632 462 672 non
491 616 643 671 facto
673 615 1110 681 habendum,ac
1127 612 1295 685 proin
1328 629 1637 685 perperam
1669 612 1953 666 Launoius

339 704 733 779 prodigiosam
774 702 1023 757 doctoris
1077 701 1407 756 Parisiensis
1437 699 1770 766 anastasim,
1796 699 1951 771 quod

341 812 445 850 nec
473 812 506 849 a
537 792 908 864 scriptoribus
927 789 1453 862 contemporaneis,
1478 806 1581 844 nec
1609 789 1679 843 ab
1702 787 1950 860 aliis,qui

337 885 518 941 serius
542 885 672 956 post
701 899 827 937 rem
859 883 1084 954 gestam
1097 880 1369 946 ﬂoruere,
1390 878 1594 933 litteris
1611 877 1952 949 consignata

336 973 676 1046 reperiatur,
718 972 871 1025 velut
894 970 1067 1024 inane
1097 970 1500 1023 commentum
1533 967 1862 1038 anilemque
1875 966 1954 1021 fa-

337 1066 536 1121 bulam
566 1061 839 1133 explodit,
873 1078 906 1115 a
930 1059 1170 1113 veritate
1202 1057 1364 1113 omni
1390 1056 1562 1112 dubio
1594 1057 1793 1128 procul
1822 1057 1950 1110 lon-

336 1154 568 1225 gissime
595 1152 866 1208 alienam.
901 1150 1013 1203 Nec
1030 1151 1116 1203 est
1141 1164 1242 1202 cur
1271 1163 1374 1218 pro
1396 1146 1648 1201 Launoio
1680 1161 1946 1217 reponas,

334 1244 573 1315 antiqua
582 1240 850 1313 equidem
864 1237 1053 1293 testim
1063 1236 1197 1291 onia
1211 1236 1339 1307 jam
1375 1236 1622 1290 adducta
1632 1251 1737 1306 pro
1759 1233 1949 1290 indul-

334 1331 533 1404 gentia
584 1326 1040 1385 Portiunculana
1086 1328 1336 1391 exstare,
1380 1323 1842 1395 legitimamque,
1875 1322 1948 1376 ob

335 1438 510 1495 quam
535 1419 708 1491 hujus
738 1415 962 1472 mentio
996 1414 1378 1486 scriptoribus
1408 1412 1747 1485 synchronis
1793 1410 1951 1466 haud

331 1512 452 1578 ﬁat,
483 1508 770 1564 rationem
786 1521 953 1577 posse
974 1501 1190 1569 afferri;
1216 1502 1321 1556 etsi
1351 1501 1508 1555 enim
1540 1500 1744 1555 servati
1768 1500 1947 1556 ascri-

332 1598 592 1672 ptoribus
613 1591 1125 1663 contemporaneis
1155 1589 1403 1662 ipsisque
1426 1589 1483 1644 S.
1519 1588 1800 1643 Francisci
1830 1588 1951 1644 bio-

332 1686 572 1760 graphis
603 1686 672 1740 de
694 1681 1057 1754 indulgentia
1088 1679 1537 1734 Portiunculana
1566 1677 1775 1733 silentii
1800 1677 1945 1733 ratio

2055 525 2373 581 admodum
2405 528 2684 595 validum,
2716 527 2915 582 omnia
2949 529 3149 582 tamen
3206 526 3374 581 simul
3409 529 3662 599 accepta,

2054 631 2353 686 nunquam
2372 615 3337 683 eamhabuisselocum,verosimile
3368 632 3506 671 sane
3532 616 3664 671 red-

2055 703 2201 757 dunt
2229 720 2298 759 eo
2329 704 2448 760 fere
2476 706 2672 773 modo,
2693 722 2806 778 quo
2828 705 3081 760 rationes
3095 706 3449 777 plures,quse
3477 705 3551 759 ad
3575 721 3663 760 as-

2052 793 2369 850 sertionem
2386 795 2722 866 quampiam
2741 795 3141 850 stabiliendam
3156 794 3663 862 concurrunt,soli-

2052 881 2123 936 de
2134 883 2281 937 hanc
2294 884 2633 954 probalilem
2656 902 3099 957 nonnunquam,
3132 884 3175 939 si
3194 884 3361 939 simul
3379 883 3663 956 accipian-

2050 973 2558 1041 tur,efliciunt,etsi
2586 974 2819 1031 interim
2841 974 3367 1047 singulae,seorsum
3390 976 3659 1045 acceptae,
3711 959 3725 973 ’

2051 1079 2259 1134 parum
2277 1063 2391 1117 sint
2406 1064 2629 1133 validae,
2646 1066 2713 1119 Et
2728 1083 2865 1121 vero
2887 1065 2976 1121 cui
2998 1063 3324 1119 verosimile
3337 1081 3456 1119 non
3483 1079 3662 1136 appa-

2049 1154 2498 1224 reat,nunquam
2510 1153 2776 1209 habuisse
2790 1154 2980 1209 locum
3019 1152 3350 1228 prodigium
3362 1152 3662 1224 hujusmo-

2051 1237 2129 1307 di,
2163 1241 2316 1311 quod
2334 1242 2751 1315 ascriptoribus
2762 1243 3032 1298 omnibus
3045 1242 3308 1315 proxime
3321 1242 3485 1297 dictis
3495 1240 3664 1296 silen-

2048 1328 2128 1382 tio
2144 1330 2767 1403 prasteritur,quodque
2784 1335 3007 1399 tamen,
3023 1331 3066 1386 si
3098 1330 3527 1401 accidisset,per
3540 1346 3663 1390 om:

2048 1414 2214 1470 nium
2226 1434 2329 1471 ora
2352 1421 2411 1473 et
2445 1420 2698 1474 calamos
2712 1419 2911 1475 fuisset
2938 1418 3333 1485 volitaturum,
3351 1420 3553 1490 utpote
3584 1417 3659 1473 si-

2048 1506 2170 1559 mul
2195 1505 2454 1561 futurum
2469 1510 2527 1562 et
2554 1511 2760 1564 notatu
2775 1507 3180 1581 dignissimum
3204 1510 3262 1562 et
3288 1507 3348 1562 in
3362 1506 3657 1578 opinione,

2049 1611 2176 1666 quae
2204 1594 2296 1650 hic
2320 1596 2640 1663 discutitur,
2674 1615 2918 1671 quasque
2944 1597 3005 1652 id
3030 1597 3256 1669 publice
3277 1613 3475 1652 coram
3489 1596 3658 1651 innu-

2047 1697 2211 1737 mera
2234 1685 2662 1755 propemodum
2693 1686 2889 1759 populi
2904 1684 3524 1752 multitudinefactum,
3551 1686 3661 1739 sta-

331 1794 449 1831 non
482 1775 699 1845 inepta,
732 1769 814 1824 uti
841 1770 1053 1824 iterum
1079 1766 1137 1820 in
1165 1765 1376 1821 eodem
1408 1764 1601 1835 operis
1630 1764 1812 1819 nostri
1843 1766 1947 1819 t.II
1973 1790 2023 1848 Β
2046 1769 2175 1837 tuit,
2209 1773 2699 1844 omnibuspassim
2722 1773 3128 1830 notissimum?

331 1862 582 1931 Octobri,
616 1878 673 1933 p.
711 1860 814 1913 890
845 1856 1038 1911 videre
1063 1854 1218 1920 licet,
1249 1869 1419 1924 repsa
1451 1853 1787 1920 adducatur,
1821 1853 1945 1908 ﬁeri

328 1958 525 2008 tamen
553 1951 759 2023 potest,
779 1950 841 2001 ut
867 1949 988 2000 tam
1003 1942 1318 2009 undecimi,
1348 1958 1461 2013 quo
1488 1941 1821 2014 prodigiosa
1842 1942 1944 1997 do-

327 2042 500 2098 ctoris
525 2036 802 2094 anastasis
823 2033 1133 2105 contigisse
1150 2035 1436 2097 narratur,
1460 2048 1635 2102 quam
1655 2030 1946 2103 sequentis

324 2129 515 2187 saeculi
531 2127 839 2198 scriptores
852 2123 925 2178 ob
938 2138 1170 2176 causam
1189 2120 1353 2175 nobis
1366 2120 1625 2192 ignotam
1640 2119 1808 2191 hujus
1825 2137 1942 2175 non

322 2215 729 2275 meminerint:
761 2214 885 2280 aut,
926 2210 972 2265 si
1002 2210 1060 2264 id
1077 2208 1653 2279 displiceat,omnem
1693 2208 1942 2280 prodigii

322 2309 470 2365 illius
489 2302 846 2375 luctuosique
878 2303 1118 2355 eventus
1148 2297 1511 2352 mentionem
1546 2297 1816 2352 omittere
1838 2314 1941 2369 po-

322 2396 582 2461 tuerunt,
618 2407 736 2447 non
763 2388 1022 2462 quidem,
1056 2384 1486 2457 quodlegitima
1501 2384 1755 2456 quadam
1786 2385 1858 2439 ad
1882 2384 1941 2440 id

321 2482 555 2557 impulsi
581 2479 799 2537 fuerint
828 2493 1020 2542 causa,
1045 2474 1147 2529 sed
1179 2473 1334 2546 quod
1369 2473 1429 2527 in
1454 2474 1645 2540 rebus,
1672 2476 1939 2545 tempore

321 2592 422 2629 suo
455 2569 650 2646 gestis,
688 2565 987 2623 memoria:
1016 2562 1337 2636 prodendis
1362 2562 1794 2617 accurationem
1840 2564 1940 2617 aut

321 2664 541 2718 nullam
563 2660 706 2726 fere,
742 2659 841 2711 aut
881 2656 1036 2710 certe
1070 2651 1429 2706 mediocrem
1466 2651 1744 2706 duntaxat
1773 2651 1936 2707 adhi-

316 2751 570 2810 buerint.
590 2744 1057 2820 Apparitionem,
1073 2757 1190 2813 qua
1220 2739 1320 2795 SS.
1340 2741 1641 2795 Faustinus
1665 2743 1723 2796 et
1751 2742 1937 2797 Jovita

316 2843 612 2898 Nicolaum
629 2834 976 2901 Picininum,
989 2829 1501 2887 Mediolanensium
1517 2830 1814 2903 copiarum
1830 2831 1934 2886 du-

315 2948 441 2986 cem
474 2928 710 3000 ejusque
724 2924 955 2988 milites,
971 2919 1261 2976 civitatem
1276 2918 1602 2973 Brixianam
1615 2919 1668 2973 vi
1681 2919 1936 2974 maxima

2118 1860 2441 1933 328.Neque
2460 1862 2551 1916 hic
2572 1862 3247 1935 reponas,prodigiosam
3263 1861 3423 1917 illam
3438 1863 3661 1917 anasta-

2047 1947 2176 2016 sim,
2209 1967 2323 2021 qua
2356 1951 2560 2005 doctor
2612 1952 2895 2024 tantisper
2935 1952 3221 2007 redivivus
3268 1951 3463 2007 feralis
3497 1952 3568 2006 de
3596 1968 3656 2007 se

2038 2036 2236 2108 jndicii
2253 2039 2692 2095 denuntiatione
2708 2040 3007 2112 ingentem
3020 2040 3327 2096 hominum
3342 2040 3659 2095 multitudi-

2046 2143 2182 2180 nem
2202 2129 2570 2195 terruerit,ut
2589 2134 2650 2183 ut
2662 2130 2891 2185 silentio
2907 2148 2937 2185 a
2953 2130 3324 2203 scriptoribus
3343 2128 3657 2202 aequalibus

2044 2215 2101 2268 et
2113 2215 2535 2287 subazqualibus
2548 2216 2622 2271 sit
2646 2232 2976 2289 suppressa,
3011 2218 3083 2273 ab
3101 2216 3165 2272 iis
3179 2216 3504 2289 tamen,qui
3533 2234 3654 2272 non

2043 2302 2187 2359 adeo
2202 2304 2301 2358 diu
2340 2308 2470 2376 post
2494 2306 2668 2360 hosce
2683 2306 3026 2375 ﬂoruerunt,
3063 2304 3536 2362 commemorari.
3565 2307 3662 2360 Et-

2041 2392 2220 2459 enim,
2244 2392 2340 2466 qui
2368 2393 2588 2467 primus
2617 2395 2939 2450 luctuosam
2954 2394 3415 2451 hanchistoriam
3434 2394 3660 2451 inlitte-

2040 2497 2132 2561 ras
2146 2481 2321 2549 misit,
2358 2483 2768 2539 Carthusianus
2795 2488 2883 2539 est
2920 2480 3378 2558 anonymus,qui
3405 2484 3660 2558 quinque

2037 2569 2362 2642 primorum
2405 2572 2715 2627 Carthusiae
2745 2573 3007 2644 priorum
3021 2573 3364 2641 Chronicon,
3395 2573 3593 2645 cujus§
3629 2578 3650 2630 l

2038 2658 2306 2715 notitiam
2344 2661 2497 2728 dedi,
2531 2662 2935 2731 concinnavit;
2966 2662 3058 2718 hic
3102 2666 3319 2730 autem,
3352 2666 3415 2717 ut
3440 2662 3654 2718 ibidem

2037 2747 2214 2803 etiam
2248 2749 2435 2816 docui,
2466 2749 2762 2821 scriptioni
2790 2768 3032 2806 manum
3073 2751 3506 2807 verosimillime
3536 2767 3652 2806 non

2036 2839 2170 2892 ante
2203 2854 2420 2892 annum
2440 2838 2729 2907 l250,imo
2760 2839 2911 2895 forte
2944 2856 3016 2894 ne
3032 2842 3166 2894 ante
3185 2839 3652 2912 annumquidem

2040 2927 2175 2980 1300
2198 2925 2425 2981 circiter
2449 2928 2729 2997 admovit,
2756 2928 2927 3000 idque
2959 2928 3203 2999 proinde
3231 2944 3350 2983 non
3386 2928 3543 3000 prius
3572 2928 3653 2983 fe-

315 3020 668 3085 obsidentes,
702 3007 1265 3073 terruerunt,litteris
1282 3023 1401 3062 non
1432 3007 1789 3063 mandarunt
1818 3006 1933 3063 his-
1964 3049 2011 3109 Ο
2034 3014 2379 3087 cerit,quam
2402 3032 2534 3069 cum
2551 3016 2676 3087 jam
2711 3017 2850 3071 anni
2877 3016 3124 3089 amplius
3139 3019 3374 3071 centum
3403 3020 3461 3072 et
3487 3017 3653 3088 quin-

313 3107 479 3164 torici
502 3103 749 3161 Brixiani
782 3098 1038 3173 requievi,
1063 3100 1121 3152 et
1158 3100 1358 3151 tamen
1391 3095 1597 3151 silentii
1640 3095 1808 3169 hujus
1841 3114 1935 3151 ra-

310 3197 534 3252 tionem
566 3211 692 3266 qua:
722 3193 809 3247 sat
825 3192 980 3244 certo
1015 3186 1087 3241 sit
1116 3186 1378 3258 legitima
1422 3188 1641 3241 nullam
1701 3186 1931 3242 invenio

309 3283 526 3351 afferri;
561 3282 712 3335 unde
743 3295 832 3346 ea,
869 3292 1045 3349 quam
1068 3274 1376 3341 admisere,
1404 3274 1738 3330 omissiovel
1764 3275 1929 3346 igno-

307 3377 380 3429 tte
404 3370 569 3427 nobis
585 3386 791 3435 causai,
824 3368 910 3420 vel
938 3362 1202 3429 modicze,
1241 3380 1416 3434 quam
1446 3364 1507 3418 hi
1548 3364 1606 3419 in
1648 3364 1930 3435 temporis

305 3462 390 3516 sui
421 3461 593 3516 rebus
606 3454 953 3513 adnotandis
965 3454 1374 3520 adhibuerunt,
1390 3451 1739 3507 accurationi
1763 3452 1925 3507 attri-

308 3549 540 3607 buenda
566 3547 809 3602 videtur.

377 3642 502 3694 327.
539 3635 704 3702 Quod
744 3636 941 3689 autem
973 3630 1046 3686 ad
1079 3647 1252 3703 supra
1295 3630 1528 3685 laudata
1568 3630 1920 3698 testimonia,

304 3746 453 3801 quae,
496 3725 795 3782 silentibus
835 3723 969 3777 licet
1020 3719 1347 3775 auctoribus
1396 3718 1919 3792 contemporaneis,

302 3814 729 3889 indulgentium
748 3812 1257 3868 Portiunculanam
1271 3813 1490 3863 certam
1506 3809 1781 3875 efficiunt,
1802 3825 1923 3879 spe-

302 3908 439 3973 ctat,
503 3903 649 3958 nihil
703 3902 813 3956 hoc
840 3900 914 3955 ad
970 3915 1099 3953 rem
1140 3897 1310 3964 facit;
1363 3897 1544 3968 liquet
1604 3895 1761 3950 enim
1830 3896 1919 3949 vel

301 3996 457 4061 hinc,
482 3993 607 4048 fieri
631 3994 915 4063 posse,ut,
934 3990 1065 4044 licet
1080 3988 1300 4042 factum
1345 3987 1665 4058 quoddam,
1686 4003 1747 4040 re
1782 4003 1917 4040 cen-

303 4081 826 4145 tioribusrelatum,
859 4077 931 4131 ab
966 4075 1236 4130 omnibus
1260 4073 1638 4145 scriptoribus
1655 4077 1916 4128 contem-

301 4171 569 4249 poraneis
597 4168 826 4225 silentio
843 4168 1166 4239 prematur,
1185 4182 1248 4219 re
1272 4167 1469 4218 tamen
1493 4164 1615 4236 ipsa
1626 4165 1916 4219 acciderit.

303 4262 468 4329 Quod
498 4277 629 4316 cum
648 4259 728 4313 ita
751 4258 1304 4327 habeat,perperam
1347 4270 1484 4308 sane
1519 4253 1744 4325 publice
1775 4270 1806 4308 e
1835 4253 1919 4308 fe-

2035 3102 2334 3175 quaginta,
2370 3103 2487 3158 imo
2520 3104 2671 3159 forte
2716 3105 2946 3159 ducenti
2983 3109 3113 3177 post
3137 3108 3361 3177 gestam
3388 3123 3487 3160 seu
3519 3108 3650 3176 post

2032 3191 2373 3246 horribilem
2389 3197 2659 3248 eventum
2676 3196 2867 3248 essent
2879 3193 3650 3266 elapsi.Dicesquidem,scri-

2031 3280 2435 3351 ptoremillum
2451 3282 2599 3336 forte
2621 3282 2746 3352 jam
2779 3282 2914 3337 inde
2940 3283 3012 3337 ab
3066 3299 3218 3337 anno
3246 3282 3472 3337 circiter
3511 3285 3646 3338 1220

2030 3371 2127 3422 aut
2143 3371 2314 3441 paulo
2334 3369 2510 3424 etiam
2527 3369 2691 3424 citius
2706 3370 3215 3442 ﬂoruisse,sibique
3228 3371 3644 3443 praalucentem

2027 3456 2293 3512 habuisse
2344 3458 2686 3530 scriptorem
2729 3460 3140 3532 antiquiorem,
3174 3476 3205 3514 e
3244 3476 3379 3532 quo,
3413 3477 3541 3532 qua:
3572 3459 3643 3515 de

2026 3545 2278 3601 doctoris
2292 3548 2524 3602 redivivi
2543 3548 2806 3620 prodigio
2820 3550 3096 3620 pulsoque
3123 3548 3255 3603 hinc
3287 3549 3345 3603 in
3376 3565 3641 3604 eremum

2024 3637 2222 3690 sancto
2256 3637 2422 3691 Patre
2481 3654 2583 3692 suo
2643 3639 2841 3704 refert,
2893 3637 3341 3709 deprompserit.
3380 3639 3480 3691 Ast
3534 3655 3640 3691 nec

2024 3741 2227 3791 unum,
2277 3741 2384 3779 nec
2431 3726 2678 3779 alterum
2724 3726 2948 3781 veritati
2993 3742 3312 3781 consonum
3358 3728 3641 3781 ullatenus

2023 3814 2412 3886 apparet.lmo
2444 3830 2599 3882 vero,
2631 3816 2693 3868 ut
2707 3814 2873 3881 adid,
2904 3815 3058 3887 quod
3098 3815 3302 3870 ultimo
3328 3817 3454 3870 loco
3478 3814 3642 3887 poni-
3700 3873 3709 3882 ,

2021 3906 2133 3971 tur,
2179 3901 2368 3973 primo
2401 3903 2810 3974 respondeam,
2844 3904 3185 3975 scriptorem
3217 3906 3439 3959 nullum
3490 3904 3637 3959 anti-

2021 3991 2309 4064 quiorem,
2361 4008 2391 4045 e
2436 4008 2551 4062 quo
2585 4009 2687 4046 sua
2718 3991 2992 4059 hauserit,
3026 3993 3352 4065 primorum
3383 3992 3638 4065 quinque

2022 4080 2336 4135 Carthusize
2387 4079 2648 4151 priorum
2694 4080 2960 4136 Chronici
3003 4082 3221 4136 auctori
3286 4082 3636 4154 prasluxisse,

2020 4187 2086 4224 ex
2134 4170 2278 4241 ipsa,
2334 4186 2448 4241 qua
2474 4169 2566 4223 hic
2597 4169 2762 4225 initio
2811 4171 3010 4237 utitur,
3061 4171 3333 4242 loquendi
3384 4171 3640 4226 formula

2020 4259 2410 4331 colligendum
2442 4259 2685 4314 videtur.
2710 4260 2838 4313 Haec
2859 4260 3015 4315 enim
3045 4260 3121 4315 sic
3152 4260 3352 4315 habet:
3412 4282 3441 4311 «
3468 4262 3636 4316 Anno

301 4352 397 4419 ris,
431 4350 549 4423 qui,
580 4365 702 4403 sese
725 4346 1093 4411 damnatum,
1126 4341 1443 4397 astantibUS
1476 4342 1683 4396 falsam
1720 4342 1918 4397 docto-
1941 4346 1993 4405 D
2030 4348 2782 4405 Dominiceelncarnationis
2814 4350 2949 4404 1082
2982 4351 3065 4403 vel
3097 4349 3247 4403 circa
3277 4349 3459 4417 illum,
3494 4349 3635 4404 dum

299 4442 454 4494 retro
482 4433 860 4501 denuntiarit,
876 4430 1177 4487 historiam
1195 4430 1429 4485 indubie
1446 4430 1649 4485 falsam
1667 4447 1920 4501 pronun-

298 4526 458 4581 tiaris
482 4525 589 4578 hac
620 4523 742 4578 sola
779 4520 850 4575 de
893 4536 1081 4588 causa,
1127 4519 1282 4591 quod
1314 4519 1384 4573 ab
1416 4519 1746 4573 auctoribus
1779 4535 1916 4573 con-

296 4612 691 4687 temporaneis
721 4609 925 4665 litteris
954 4609 1368 4663 commendata
1384 4625 1500 4664 non
1514 4608 1606 4663 sit.
1624 4608 1918 4680 Nec,quod

296 4707 582 4779 praeterea
607 4718 640 4755 a
660 4697 1032 4769 scriptoribus
1065 4696 1323 4768 aliis,qui
1355 4696 1535 4750 serius
1569 4698 1913 4763 floruerunt,

297 4791 523 4851 silentio
555 4789 955 4862 praetereatur,
988 4787 1143 4839 recte
1176 4801 1307 4839 eam
1347 4784 1652 4852 Launoius,
1698 4787 1761 4839 ut
1787 4784 1914 4856 jam

300 4881 432 4949 dixi,
469 4876 705 4935 indubie
732 4875 945 4930 falsam
976 4873 1195 4928 asserit.
1228 4872 1440 4927 Verum
1474 4890 1549 4927 an
1577 4874 1912 4928 saltemluc-

298 4976 494 5027 tuosus
506 4968 600 5022 ille
615 4962 1037 5036 eventus,quod
1054 4979 1088 5017 a
1119 4960 1491 5033 scriptoribus
1506 4961 1774 5017 omnibus
1786 4964 1912 5017 tum

293 5064 654 5138 synchronis,
689 5065 815 5118 tum
850 5060 974 5116 aliis
1007 5059 1127 5133 qui,
1159 5058 1387 5131 integro
1438 5057 1629 5128 primo
1680 5061 1737 5113 et
1761 5058 1910 5113 forte

296 5156 471 5211 etiam
488 5152 739 5209 secundo
779 5153 907 5223 post
934 5166 1059 5205 rem
1073 5152 1295 5221 gestam
1310 5148 1514 5202 saeculo
1532 5147 1784 5214 labente,
1804 5149 1908 5204 ﬂo-

297 5246 557 5310 ruerunt,
576 5239 803 5297 silentio
823 5241 1140 5311 prematur,
1161 5252 1264 5309 pro
1283 5235 1600 5291 admodum
1621 5235 1793 5290 dubio
1812 5239 1910 5290 aut

297 5336 354 5387 et
366 5334 482 5387 iam
496 5348 600 5402 pro
628 5326 1026 5400 probabiliter,
1043 5344 1139 5381 seu
1155 5325 1330 5380 etiam
1348 5323 1750 5379 verosimiliter
1765 5324 1906 5379 falso

298 5420 497 5493 nequit
528 5416 758 5472 haberi?
790 5418 875 5470 Ita
904 5415 1146 5470 omnino
1178 5414 1442 5468 existimo
1469 5430 1482 5481 ;
1516 5411 1619 5467 etsi
1651 5412 1810 5466 enim
1841 5430 1906 5468 ex

297 5508 588 5576 omnibus,
621 5522 747 5577 quae
764 5506 973 5562 horum
1002 5502 1233 5576 aliquod
1254 5519 1427 5575 supra
1440 5502 1616 5558 etiam
1630 5501 1905 5558 adducto-

295 5615 429 5659 rum
458 5597 531 5654 de
561 5592 726 5652 ferali
750 5592 989 5650 historia
1012 5591 1304 5649 silentium
1331 5592 1678 5665 suppeditat,
1734 5609 1902 5665 argu-

2019 4439 2279 4493 solemne
2313 4436 2567 4491 studium
2603 4438 2838 4492 ﬂoreret
2864 4437 3109 4505 Parisiis,
3141 4440 3405 4503 etc.,tale
3437 4438 3632 4510 prodi-

2017 4527 2177 4599 gium
2196 4525 2272 4580 ibi
2287 4524 2493 4580 dicitur
2510 4525 3055 4589 accidisse.Quidam
3070 4525 3227 4580 enim
3243 4526 3499 4592 doctor,»
3520 4529 3630 4582 etc.

2020 4615 2235 4679 Quibus
2251 4613 2439 4668 verbis
2481 4612 2914 4685 anonymusille
2941 4614 3331 4687 chronologus
3376 4614 3630 4669 indicare

2015 4704 2261 4770 videtur,
2317 4718 2460 4768 sese,
2510 4702 2665 4774 quod
2719 4702 3016 4775 subjungit
3066 4701 3318 4758 doctoris
3372 4703 3629 4771 redivivi,

2008 4789 2369 4865 prodigium,
2397 4808 2515 4847 non
2542 4790 2601 4845 in
2633 4791 3008 4863 scriptoribus
3039 4792 3502 4848 monumentisve
3526 4809 3628 4847 an-

2014 4880 2358 4954 tiquioribus
2386 4879 2612 4952 legisse,
2630 4880 2731 4934 sed
2753 4880 2824 4934 ab
2851 4879 2994 4946 aliis,
3021 4879 3145 4937 viva
3175 4896 3312 4936 voce
3341 4897 3467 4936 rem
3496 4897 3631 4936 nar-

2013 4971 2292 5035 rantibus,
2315 4969 2616 5038 accepisse.

2086 5062 2209 5114 329.
2228 5058 2316 5114 Ad
2356 5058 2479 5112 haec
2518 5057 2676 5112 idem
2714 5057 3120 5129 chronologus,
3159 5057 3203 5113 si
3233 5057 3370 5130 quid
3402 5057 3537 5114 alibi
3597 5076 3629 5115 e

2011 5146 2386 5219 scriptoribus
2418 5162 2476 5200 se
2492 5145 2825 5217 praegressis
2841 5149 3141 5218 acceptum
3158 5146 3217 5200 in
3231 5145 3410 5200 sancti
3446 5145 3625 5201 nostri

2009 5235 2195 5289 Vitam
2223 5234 2713 5299 intulit,lectorem
2737 5232 2817 5287 rei
2838 5237 3057 5302 monet,
3078 5234 3195 5289 imo
3213 5234 3389 5288 etiam
3411 5234 3624 5288 horum

2009 5341 2227 5379 nomen
2286 5323 2498 5394 prodit.
2544 5323 2692 5377 Num
2754 5325 2839 5378 10.
2893 5324 3359 5396 transcripturus,
3392 5341 3519 5395 qum
3552 5324 3622 5378 de

2009 5414 2341 5469 S.Brunone
2357 5413 2590 5483 ejusque
2624 5428 2719 5466 sex
2750 5412 2914 5467 sociis
2947 5413 3003 5466 in
3039 5412 3094 5468 S.
3132 5413 3385 5485 Hugonis
3408 5413 3622 5467 Gratia-

2007 5500 2325 5575 nopolitani
2383 5500 2633 5573 episcopi
2674 5500 2822 5568 Vita,
2848 5518 2881 5555 a
2930 5500 3210 5574 Guigone,
3245 5500 3445 5574 quinto
3479 5501 3614 5556 Car-

2004 5589 2204 5649 thusize
2228 5588 2419 5663 priore
2431 5589 2661 5664 scripta,
2685 5592 2974 5664 leguntur,
3000 5589 3173 5647 verba
3204 5590 3326 5647 haec
3354 5591 3611 5662 praemit-
