4026 6042
214 356 318 413 197

1794 342 1977 402 ACTA

3448 358 3548 417 198

206 479 281 535 tit
306 494 326 534 :
364 499 394 530 ‹‹
427 477 502 534 Ut
536 477 668 533 utar
694 472 937 534 omnino
976 472 1162 532 verbis
1193 471 1416 547 scriptis
1453 471 1513 529 in
1564 469 1909 544 LegendaA
1941 467 2249 539 invenitur,
2284 469 2537 545 talisque
2566 470 2746 529 videri
2774 473 2981 548 potest.
3017 476 3099 542 ut,
3126 472 3171 531 si
3192 476 3547 552 contigisset,

203 567 352 623 Vita
385 567 444 623 S.
494 565 750 639 Hugonis
789 565 1039 639 episcopi
1071 563 1415 631 memorati;
1444 582 1471 613 »
1517 579 1581 618 ac
1623 561 1832 617 deinde

204 656 465 712 recitatis
495 655 785 722 omnibus,
831 672 958 727 quae
1002 653 1075 708 ad
1121 653 1178 708 S.
1221 654 1553 707 Brunonem
1594 651 1832 722 ejusque

204 744 393 801 socios
411 746 692 817 spectant,
715 743 988 816 Guigonis
1009 741 1195 797 verbis
1218 740 1544 813 subjungit:
1571 762 1598 789 ‹‹
1622 739 1832 794 Omnia

203 833 488 905 pmdicta
515 835 650 888 sunt
679 833 852 888 verba
879 831 1081 887 domni
1110 830 1380 902 Cuigonis
1400 828 1612 901 scripta
1628 828 1686 883 in
1705 828 1834 882 Vita

204 923 263 978 S.
301 922 562 994 Hugonis
590 920 1104 994 Gratianopolitani
1143 919 1413 992 episcopi.
1434 939 1462 967 »
1488 920 1656 973 Num.
1683 920 1753 974 24
1773 919 1831 971 et

203 1012 414 1066 ultimo
452 1010 547 1066 ubi
582 1014 829 1082 tempus,
881 1027 994 1082 quo
1025 1013 1253 1064 sanctus
1290 1010 1420 1081 post
1472 1022 1766 1080 egressum
1798 1022 1829 1061 e

204 1098 512 1155 Carthusia
528 1098 683 1153 diem
715 1101 1038 1153 extremum
1071 1096 1356 1164 clauserit,
1392 1114 1423 1151 e
1444 1098 1691 1167 quatuor
1712 1094 1827 1167 pri-

202 1204 444 1243 morum
477 1186 789 1242 Carthasim
817 1186 1078 1258 priorum
1112 1185 1414 1253 Chronico,
1435 1182 1684 1257 antiquis
1697 1182 1828 1238 Gui-

201 1276 375 1348 gonis
406 1275 522 1348 (adi
554 1292 715 1330 num.
750 1276 802 1348 6)
837 1274 1357 1330 Consuetudinibus
1392 1272 1648 1345 praefixo,
1681 1271 1827 1326 desi-

199 1365 425 1437 gnavit,
453 1381 589 1419 mox
605 1364 832 1419 subdit:
862 1362 1060 1419 «Sicut
1076 1363 1133 1417 in
1156 1364 1312 1419 libris
1335 1362 1826 1419 Consuetudinum

200 1453 410 1510 domni
457 1453 749 1526 Guigonis,
796 1471 923 1527 quae
974 1456 1107 1509 sunt
1154 1453 1213 1508 in
1266 1453 1442 1508 domo
1493 1451 1825 1519 Carthusim,

197 1545 554 1601 continetur.
588 1565 618 1595 »
651 1543 817 1609 Quod
842 1544 887 1599 si
912 1544 1127 1617 itaque,
1160 1560 1335 1616 quam
1379 1543 1597 1608 narrat,
1628 1540 1825 1614 prodi-

197 1635 428 1706 giosam
442 1633 691 1689 doctoris
715 1634 1065 1689 anastasium
1083 1650 1113 1688 e
1129 1632 1498 1705 scriptoribus
1512 1629 1831 1685 vetustiori-

198 1723 305 1778 bus
331 1723 636 1791 hausisset,
661 1723 719 1778 id
743 1722 1174 1779 verosimillime
1197 1721 1370 1776 etiam
1391 1723 1489 1776 aut
1506 1719 1830 1792 indicasset,

1936 563 2397 615 commemorata
2448 562 2851 619 verosimiliter
2893 564 2964 619 ab
3006 564 3160 621 hisce
3199 566 3415 636 fuisset,
3443 586 3550 625 nec

1930 650 2241 720 prOpterea
2270 652 2467 704 tamen
2492 651 2649 706 illam
2680 652 2886 707 falsam
2917 670 3060 721 esse,
3090 655 3188 709 aut
3208 672 3415 727 parum
3452 674 3546 714 ve-

1930 736 2271 805 rosimilem,
2322 739 2531 794 merito
2573 740 2698 812 quis
2747 742 3156 813 pronuntiarit.
3214 744 3436 814 Fateor,
3471 745 3552 824 sic

1929 826 2144 882 habet:
2186 844 2385 883 verum
2428 829 2565 901 quid
2594 832 2715 884 tum
2734 829 2763 884 ?
2795 831 2907 885 Cur
2936 831 3155 887 caedem
3184 833 3363 901 illam,
3395 838 3457 890 ut
3488 837 3551 891 ut

1930 918 2133 971 notatu
2161 916 2559 989 dignissimam
2585 918 3054 992 notisimamque,
3085 921 3390 993 scriptores
3414 942 3546 996 syn-

1928 1004 2129 1060 cbroni
2170 1005 2395 1060 silentio
2438 1005 2841 1077 praeterierint,
2888 1008 3142 1063 rationes
3177 1027 3292 1065 non
3338 1011 3548 1083 inepta:

1930 1094 2081 1167 apud
2110 1111 2214 1149 nos
2236 1097 2382 1149 tom.
2413 1096 2480 1149 ιν
2502 1095 2878 1167 Septembris,
2902 1097 2961 1151 in
2986 1115 3098 1170 quo
3124 1099 3193 1153 de
3210 1100 3420 1155 sanctis
3437 1101 3550 1157 illis

1929 1184 2280 1257 martyribus
2309 1202 2342 1240 a
2365 1202 2500 1258 pag.
2532 1188 2633 1241 308
2666 1189 2880 1256 actum,
2906 1187 2966 1242 in
2991 1188 3318 1245 Comment.
3352 1191 3427 1246 ad
3449 1191 3552 1248 ho-

1928 1290 2059 1329 rum
2101 1275 2239 1330 Acte
2264 1275 2500 1347 praevio,
2534 1278 2561 1345 §
2589 1282 2619 1332 7
2652 1276 3005 1347 redduntur;
3041 1279 3195 1350 quod
3240 1296 3373 1335 cum
3422 1280 3547 1337 ﬁeri

1928 1366 2137 1438 potest,
2167 1382 2263 1419 seu
2296 1365 2486 1436 potius
2516 1365 2600 1434 fit,
2633 1368 2993 1439 argumentis
3028 1368 3324 1441 negativis,
3355 1388 3482 1443 qua:
3513 1388 3549 1427 a

1928 1454 2269 1526 scriptorum
2328 1454 2554 1510 silentio
2587 1458 2883 1527 petuntur,
2922 1456 3038 1512 vim
3081 1459 3299 1515 nullam
3339 1459 3545 1529 inesse,

1931 1542 2086 1615 apud
2117 1559 2321 1597 omnes
2352 1542 2411 1598 in
2442 1544 2702 1600 confesso
2736 1547 2841 1599 est.

2003 1633 2126 1687 331.
2153 1631 2405 1699 Accedit,
2436 1632 2506 1687 de
2533 1633 3045 1690 celeberrimorum
3076 1634 3306 1691 illorum
3330 1639 3547 1711 marty-

1934 1736 2065 1776 rum
2079 1720 2234 1776 cmde
2249 1720 2443 1793 (unde,
2459 1722 2735 1794 quidquid
2754 1727 2957 1778 contra
2968 1725 3117 1779 hanc
3130 1726 3550 1796 probabilitatis

201 1815 303 1866 aut
333 1814 442 1868 hos
499 1812 676 1867 etiam
713 1811 1089 1881 nominasset,
1132 1810 1384 1867 maxime
1428 1827 1556 1865 cum
1589 1810 1831 1865 feralem
1865 1810 1914 1869 B
1935 1827 2002 1865 ex
2031 1813 2330 1865 auctorum
2358 1809 2583 1867 silentio
2606 1811 2741 1867 oriri
2767 1816 2977 1883 posset,
3007 1814 3256 1887 eliditur)
3284 1820 3547 1873 constare

200 1901 361 1956 illam
396 1900 701 1958 historiam
734 1904 1089 1969 narraturus,
1118 1900 1465 1974 prmmittat:
1495 1899 1674 1953 «Tale
1695 1915 1828 1971 pro-

201 1988 430 2062 digiu’m
454 1989 533 2044 ibi
554 1988 762 2045 dicitur
790 1989 1078 2058 accidisse,
1108 2010 1135 2039 »
1159 1988 1441 2061 facileque
1463 2005 1525 2041 ac
1558 1989 1831 2060 opportu-

203 2096 369 2147 num,
408 2081 469 2133 ut
494 2078 576 2134 rei
621 2068 764 2135 adeo
806 2078 969 2134 mirae
1003 2079 1176 2134 fidem
1209 2079 1443 2146 faceret,
1494 2076 1690 2131 fuisset
1729 2077 1829 2131 ad-

193 2168 472 2240 jungere,
498 2185 531 2222 a
552 2168 756 2240 quibus
774 2185 842 2223 ea
859 2168 1080 2224 dicatur
1095 2185 1192 2223 seu
1213 2171 1500 2224 narretur.
1525 2168 1651 2222 Jam
1670 2182 1825 2233 vero,

203 2274 336 2311 cum
382 2257 509 2328 haec
558 2257 639 2311 ita
672 2258 946 2325 habeant,
980 2257 1476 2312 verosimillimum
1510 2256 1727 2329 utique,
1756 2271 1830 2310 ne

203 2346 395 2400 dicam
446 2346 770 2415 indubiam,
804 2350 1063 2419 apparet,
1111 2347 1414 2418 scriptores
1456 2345 1828 2418 antiquiores,

202 2453 236 2490 a
257 2436 468 2508 quibus
497 2434 816 2491 Parisiense
847 2436 1177 2509 prodigium
1215 2435 1512 2491 memoriae
1535 2435 1830 2508 proditum

202 2524 414 2593 fuerit,
473 2540 768 2596 anonymo
819 2525 1074 2598 quinque
1135 2524 1463 2597 primorum
1519 2523 1830 2580 Carthasim

203 2613 470 2684 priorum
517 2614 895 2686 chronologo,
944 2631 1045 2669 seu
1089 2614 1379 2669 vetustiori
1419 2614 1599 2669 sancti
1651 2611 1830 2669 nostri

203 2701 532 2775 biographo
551 2719 669 2757 non
691 2703 1038 2775 praeluxisse;
1067 2707 1130 2759 ut
1154 2703 1398 2776 proinde
1428 2704 1536 2759 hoc
1559 2720 1627 2757 ex
1646 2702 1832 2775 capite

206 2790 387 2845 fidem
416 2790 706 2861 majorem
734 2808 851 2846 suae
897 2792 968 2847 de
1007 2792 1258 2848 doctoris
1297 2791 1557 2847 damnati
1590 2794 1839 2849 anastasi

209 2877 534 2934 narrationi
562 2883 815 2952 nequeat
836 2880 1175 2953 adiungere.
1211 2883 1388 2937 Porro
1413 2898 1544 2936 cum
1575 2880 1841 2935 laudatus

208 2968 600 3040 chronologus
626 2985 726 3022 seu
747 2968 927 3023 sancti
954 2968 1327 3042 biographus,
1357 2972 1420 3024 ut
1439 2969 1568 3040 jam
1598 2969 1836 3035 dictum,

1933 1902 2058 1954 tum
2085 1916 2116 1953 e
2142 1899 2339 1954 multis
2377 1899 2435 1954 in
2469 1901 2798 1955 Comment.
2846 1902 3108 1973 proxime
3138 1903 3234 1958 cit.
3265 1904 3546 1976 adductis,

1931 1990 2056 2043 tum
2084 1988 2335 2043 maxime
2363 2005 2393 2043 e
2439 1987 2494 2043 S.
2528 1989 2805 2045 Eucherio
2849 1990 3216 2063 Lugdunensi
3255 1992 3545 2066 episcopo,

1931 2076 2028 2149 qui
2055 2077 2276 2147 primus
2302 2077 2460 2132 illam
2492 2076 2551 2132 in
2584 2077 2802 2133 litteras
2843 2078 3018 2146 misit,
3051 2080 3261 2153 quique
3288 2081 3548 2154 quamvis

1931 2167 2135 2221 saeculo
2160 2166 2397 2221 demum
2416 2167 2617 2238 quinto
2635 2166 2850 2235 floruit,
2874 2185 2905 2223 e
2921 2169 3187 2241 genuina:
3214 2172 3413 2226 tamen
3430 2173 3545 2227 tra-

1933 2255 2166 2310 ditionis
2195 2255 2377 2323 fonte,
2397 2273 2570 2328 quem
2593 2256 2839 2327 ipsemet
2865 2257 3268 2337 assignagsua
3283 2259 3552 2333 deprom-

1931 2344 2140 2417 psit.At
2150 2362 2283 2400 vero
2306 2362 2411 2400 nec
2432 2344 2764 2402 universalis
2782 2346 3015 2414 silentii,
3033 2364 3168 2420 quo,
3188 2349 3283 2421 qui
3297 2348 3548 2423 integro,

1932 2434 2179 2506 amplius
2210 2434 2400 2507 primo
2430 2438 2561 2507 post
2581 2452 2706 2490 rem
2726 2439 2952 2508 gestam
2978 2438 3184 2493 saeculo
3201 2438 3431 2494 labente
3451 2438 3553 2496 ﬂo-

1931 2526 2193 2593 ruerunt,
2224 2525 2530 2596 scriptores
2543 2525 2936 2598 prodigiosam
2961 2526 3211 2583 doctoris
3237 2529 3551 2586 anastasim

1932 2617 2304 2686 praetereunt,
2338 2614 2486 2670 ratio
2515 2616 2630 2670 ulla
2655 2619 2743 2670 sat
2770 2615 2981 2671 idonea
2998 2617 3164 2673 reddi
3199 2621 3409 2689 potest,
3445 2637 3553 2676 nec

1939 2704 2009 2759 de
2022 2705 2314 2760 horrenda
2328 2704 2435 2760 hac
2447 2704 2686 2761 historia
2699 2722 2767 2761 ex
2782 2707 2897 2761 ullo
2910 2710 3292 2764 monumento
3306 2712 3551 2778 constat,

1942 2795 2157 2850 nedum
2188 2812 2254 2849 ex
2281 2811 2574 2867 anonymo
2600 2796 2924 2867 primorum
2956 2797 3212 2869 quinque
3242 2798 3553 2855 Carthusiae

1939 2882 2200 2955 priorum
2219 2882 2485 2939 Chronici
2505 2886 2758 2953 auctore,
2779 2885 2896 2956 qui,
2921 2885 3074 2941 unde
3094 2886 3254 2941 illam
3275 2887 3555 2943 hauserit.

1939 2987 2059 3027 non
2090 2971 2281 3041 edicit,
2328 2988 2434 3026 nec
2484 2971 2715 3027 aliunde
2760 2973 3007 3028 habetur
3053 2978 3440 3046 compertum.
3488 2976 3558 3031 Et

209 3056 520 3127 scriptores
564 3056 939 3129 antiquiores,
986 3058 1030 3112 si
1080 3076 1223 3131 quos
1271 3059 1344 3114 ad
1396 3058 1734 3115 horribilem
1766 3059 1837 3114 de
1868 3066 1915 3135 (1
1940 3077 2095 3125 vero,
2129 3077 2261 3116 cum
2290 3060 2404 3128 hic,
2433 3063 2496 3115 ut
2504 3060 2635 3132 jam
2656 3061 3552 3135 docui,scriptoresantiquiores,

212 3146 453 3201 doctore
465 3146 863 3202 narrationem
877 3147 1247 3216 adhibuisset,
1266 3149 1668 3205 nominaturus
1679 3164 1839 3203 vero-

212 3233 509 3289 simillime
533 3234 752 3303 fuisset,
788 3252 894 3291 nec
935 3239 1134 3293 tamen
1186 3237 1496 3293 Caesarium
1548 3236 1834 3304 nominet,

213 3323 637 3380 consectarium
654 3325 739 3393 ﬁt,
764 3329 827 3380 ut
842 3327 1133 3398 scriptoris
1148 3327 1317 3399 hujus
1332 3344 1495 3383 num.
1516 3328 1612 3383 241
1638 3327 1834 3382 datam

214 3414 614 3470 narrationem
666 3415 1099 3471 verosimillime
1141 3419 1240 3472 aut
1292 3434 1411 3473 non
1464 3416 1691 3484 viderit,
1738 3418 1837 3471 aut

214 3503 362 3558 hanc
389 3520 427 3558 a
446 3520 553 3558 sua
572 3503 913 3560 existimarit
938 3506 1243 3562 diversam.

283 3594 413 3646 330.
448 3591 614 3657 Quod
634 3593 763 3664 jam
796 3594 1049 3665 pertinet
1070 3595 1145 3650 ad
1173 3611 1392 3651 annum
1420 3597 1573 3662 1220,
1598 3611 1712 3667 quo
1733 3592 1839 3649 cir-

214 3680 359 3736 citer
386 3683 490 3735 aut
507 3680 683 3736 etiam
706 3683 878 3753 paulo
906 3683 1072 3738 citius
1104 3701 1429 3756 anonymus
1449 3684 1703 3756 quinque
1718 3683 1836 3756 pri-

215 3786 455 3825 morum
488 3770 800 3828 Carthusiaz
830 3772 1094 3844 priorum
1116 3774 1503 3846 chronologus
1526 3791 1628 3828 seu
1657 3771 1837 3827 sancti

214 3857 401 3915 nostri
433 3858 789 3932 biographus
819 3862 1100 3931 ﬂoruerit,
1124 3862 1184 3918 id
1209 3880 1276 3918 ex
1298 3862 1462 3918 dictis
1491 3880 1654 3918 num.
1692 3866 1757 3918 12
1782 3863 1840 3916 et

213 3965 380 4021 seqq.
415 3947 821 4005 verosimiliter
847 3967 1008 4006 secus
1035 3951 1230 4006 habet.
1263 3952 1397 4020 Nec,
1426 3951 1532 4006 etsi
1559 3950 1637 4005 ita
1668 3950 1839 4005 habe-

213 4040 304 4093 ret
330 4035 654 4109 quidquam
684 4037 843 4106 inde,
865 4056 979 4112 quo
1005 4040 1264 4096 luctuosa
1293 4039 1542 4096 doctoris
1563 4038 1840 4095 Parisien-

216 4125 291 4181 sis
318 4124 566 4181 historia
595 4128 683 4181 sat
712 4129 870 4182 certa
885 4131 985 4184 aut
1003 4128 1179 4184 etiam
1199 4127 1540 4184 verosimilis
1567 4127 1839 4183 reddere-

217 4217 333 4281 tur,
365 4216 563 4284 posset
586 4214 810 4270 conﬁci.
845 4216 950 4272 Fac
982 4216 1164 4284 enim,
1206 4217 1506 4273 laudatum
1537 4216 1842 4272 chronolo-

218 4302 495 4376 gum,qui
505 4302 729 4375 primus
749 4322 879 4362 eam
900 4305 1104 4362 litteris
1125 4306 1435 4371 commisit,
1450 4323 1604 4360 anno
1624 4304 1848 4360 circiter

1938 3166 1969 3206 e
2001 3149 2206 3222 quibus
2233 3149 2509 3217 hauserit,
2543 3149 2649 3205 sibi
2675 3150 3055 3222 praelucentes
3079 3151 3233 3206 haud
3262 3152 3551 3222 habuerit,

1937 3256 2050 3313 quo
2081 3239 2322 3295 tandem
2375 3256 2444 3294 ex
2498 3239 2679 3307 fonte,
2726 3240 2816 3295 cui
2859 3242 2983 3295 tuto
3036 3239 3216 3295 fidere
3246 3240 3551 3312 possimus,

1936 3328 2333 3385 narrationem
2360 3344 2523 3383 suam
2546 3328 2969 3400 deprompsisse
2989 3329 3200 3400 queat?
3216 3331 3306 3384 An
3321 3330 3472 3386 forte
3487 3348 3556 3386 ex

1935 3418 2094 3474 fama
2118 3418 2415 3491 publicove
2441 3434 2677 3473 rumore
2695 3417 2723 3473 ?
2751 3418 2965 3472 Verum
2993 3435 3170 3490 quam
3192 3418 3445 3474 incertus
3462 3418 3556 3476 hic

1936 3511 2137 3565 auctor
2158 3509 2250 3576 sit,
2285 3524 2459 3563 nemo
2481 3523 2600 3561 non
2634 3506 2811 3562 novit.
2826 3508 2912 3563 An
2944 3525 3011 3562 ex
3032 3507 3252 3564 ordinis
3275 3508 3363 3564 sui
3376 3508 3555 3564 tradi-

1936 3597 2138 3655 tione?
2168 3599 2251 3652 lta
2291 3613 2452 3663 sane,
2495 3595 2591 3668 qui
2638 3596 2972 3652 Parisiensis
3012 3596 3263 3669 prodigii
3296 3598 3559 3671 pulsique

1936 3686 2072 3742 hinc
2124 3683 2184 3739 in
2238 3702 2504 3741 eremum
2557 3684 2615 3740 S.
2649 3684 2933 3741 Brunonis
2965 3685 3268 3741 historiam
3301 3689 3555 3756 tuentur,

1938 3773 2360 3842 existimant,ac
2374 3776 2638 3845 porro,ut
2650 3773 2991 3845 opinionem
3005 3791 3169 3829 suam
3186 3778 3562 3848 propugnent

1939 3863 2235 3919 afﬁrmare
2266 3862 2499 3917 debent.
2522 3861 2735 3916 Verum
2751 3878 2824 3916 an
2843 3861 2940 3916 illa
2959 3862 3179 3917 ordinis
3198 3863 3562 3920 Carthusien-

1937 3950 2013 4008 sis
2042 3951 2275 4007 traditio
2320 3950 2586 4022 genuinae
2621 3949 2948 4006 traditionis
2992 3966 3210 4007 nomen
3242 3955 3558 4021 mereatur,

1937 4040 2028 4097 cui
2057 4039 2254 4106 etiam,
2288 4038 2489 4113 quanti
2511 4039 2585 4094 ad
2605 4039 2976 4095 asserendam
3007 4039 3254 4113 prodigii
3276 4040 3561 4098 Parisien-

1941 4132 2018 4189 sis
2041 4130 2345 4186 veritatem
2371 4129 2576 4196 valeat,
2597 4129 2749 4184 infra
2784 4129 3027 4185 discutia
3046 4148 3127 4198 m,
3160 4147 3290 4186 cum
3326 4132 3559 4205 praevia,

1946 4221 2103 4295 quod
2130 4218 2401 4292 praesenti
2437 4220 2465 4285 §
2508 4218 2696 4274 facere
2741 4219 3033 4286 constitui,
3082 4219 3440 4287 examinaro,
3487 4238 3563 4277 an

1914 4310 2171 4383 ‘reliqua
2199 4325 2304 4381 pro
2352 4307 2708 4373 Parisiensis,
2756 4306 2856 4379 qui
2886 4303 3031 4363 sese
3071 4308 3415 4365 damnatum
3461 4326 3565 4383 pu-

225 4394 367 4447 1220
383 4408 626 4447 manum
640 4394 1466 4469 scriptionireipsaadmovisse
1484 4395 1560 4450 sic
1576 4394 1844 4467 equidem
1869 4388 1923 4449 D
1947 4398 2094 4454 blice
2143 4395 2519 4463 denuntiarit,
2563 4394 2815 4451 doctoris
2861 4393 3109 4450 anastasi
3165 4399 3228 4465 §§
3263 4400 3320 4452 11
3376 4413 3442 4452 ac
3498 4402 3564 4455 12

220 4480 416 4535 adhuc
446 4480 616 4536 annis
653 4482 878 4540 circiter
919 4485 1304 4557 quadraginta
1351 4487 1410 4539 et
1441 4485 1674 4538 centum
1702 4500 1737 4537 a
1783 4498 1846 4536 re

221 4571 392 4641 gesta
440 4568 690 4625 abfuerit
730 4588 795 4626 ac
839 4574 1006 4646 proin
1047 4573 1325 4646 temporis
1353 4572 1537 4644 spatio
1577 4571 1845 4643 longiori,

223 4673 408 4729 quam
450 4660 515 4712 ut
547 4658 600 4713 ei
641 4658 819 4714 ﬁdem
864 4660 1249 4717 indubitatam
1297 4661 1602 4716 conciliare
1651 4663 1844 4733 queat.

225 4746 503 4810 Quamvis
530 4746 687 4802 enim
719 4748 961 4805 subinde
992 4751 1112 4817 ﬁat,
1143 4754 1202 4805 ut
1231 4752 1471 4818 factum,
1516 4750 1619 4805 etsi
1655 4768 1688 4804 a
1716 4750 1851 4805 scri-

224 4835 512 4907 ptoribus,
540 4836 637 4907 qui
666 4835 895 4909 integro
912 4838 1161 4911 amplius
1180 4842 1309 4911 post
1324 4839 1383 4894 id
1398 4841 1623 4910 gestum
1641 4839 1848 4894 saeculo

227 4927 573 4991 floruerunt,
598 4924 877 4981 duntaxat
904 4932 1455 4995 commemoratum,
1495 4945 1599 4999 pro
1637 4926 1848 4983 verosi-

230 5014 376 5081 mili,
404 5013 524 5068 imo
542 5014 717 5069 etiam
737 5032 842 5087 pro
868 5021 1024 5072 certo
1055 5018 1128 5072 sit
1150 5018 1506 5085 habendum,
1541 5017 1601 5072 id
1629 5020 1847 5084 tamen,

229 5106 292 5157 ut
319 5107 587 5175 apparet,
621 5105 811 5161 locum
843 5107 1058 5163 habere
1090 5125 1207 5162 non
1238 5110 1446 5180 potest,
1488 5107 1741 5179 quando,
1765 5107 1849 5162 uti

230 5192 320 5246 hic
352 5192 440 5258 fit,
472 5192 690 5249 factum
710 5212 811 5250 seu
836 5212 949 5262 res,
983 5213 1111 5269 quae
1139 5199 1605 5261 controvertitur,
1639 5198 1725 5250 est
1747 5195 1850 5250 hu-

224 5280 508 5351 jusmodi,
541 5284 624 5350 ut,
656 5283 703 5338 si
732 5285 1063 5356 contigisset
1096 5302 1372 5357 unquam,
1404 5286 1475 5340 ab
1505 5285 1639 5357 ipsis
1669 5283 1847 5339 etiam

232 5369 610 5440 scriptoribus
637 5373 974 5442 synchronis
985 5391 1049 5428 ac
1060 5374 1261 5429 coaevis
1279 5372 1561 5429 verosimil
1572 5373 1680 5427 iter
1695 5389 1851 5428 com-

235 5460 565 5512 memorata
594 5458 809 5515 fuisset.
842 5463 962 5529 Ast,
994 5461 1237 5534 inquies,
1267 5462 1452 5517 caedes
1494 5461 1553 5517 S.
1585 5458 1855 5527 Mauritii,‘

231 5546 663 5620 sociorumque,
682 5550 924 5621 legionis
949 5551 1206 5606 Thebana
1239 5551 1488 5606 militum
1507 5554 1852 5621 martyrum,

1946 4487 2194 4542 adducta
2209 4484 2553 4557 scriptorum
2576 4482 2970 4555 antiquiorum
2987 4483 3321 4540 testimonia
3343 4489 3563 4543 certam

1946 4592 2079 4631 eam
2110 4577 2210 4630 aut
2237 4573 2414 4629 etiam
2445 4572 2856 4641 verosimilem,
2890 4575 3079 4628 stante
3111 4572 3417 4629 universali
3433 4575 3566 4630 scri-

1947 4667 2181 4737 ptorum
2213 4661 2440 4717 silentio
2467 4660 2729 4731 proxime
2756 4660 2930 4727 dicto,
2961 4661 3184 4732 possint
3206 4661 3455 4717 efficere.

2020 4754 2142 4807 332.
2174 4751 2318 4806 Cum
2337 4749 2644 4820 scriptores
2658 4748 2737 4803 illi
2759 4765 2964 4804 omnes
2994 4750 3387 4806 narrationem
3400 4767 3566 4806 suam

1949 4842 2037 4897 vel
2068 4858 2134 4897 ex
2150 4840 2276 4912 ipsa
2283 4839 2409 4911 jam
2426 4838 2679 4893 discussa
2704 4838 2960 4909 quinque
2981 4839 3306 4910 primorum
3332 4839 3568 4895 Cartha—

1950 4930 2046 4984 size
2076 4928 2336 5000 priorum
2369 4925 2797 4998 chronographi
2825 4927 3180 4994 narratione,
3215 4926 3407 4998 aliqua
3425 4928 3570 4983 dun-

1947 5020 2106 5073 taxat
2134 5016 2195 5071 in
2222 5017 2328 5071 hac
2364 5016 2515 5070 facta
2543 5030 2648 5086 pro
2681 5013 2919 5070 arbitrio
2947 5015 3293 5081 mutatione,
3327 5031 3562 5088 accepe-

1948 5107 2085 5173 rint,
2115 5107 2215 5160 aut
2238 5107 2393 5159 certe
2424 5120 2456 5157 e
2482 5102 2855 5172 scriptoribus
2891 5102 3038 5169 aliis,
3087 5118 3334 5173 quorum
3385 5102 3565 5160 etiam

1948 5193 2204 5250 narratio
2235 5208 2400 5248 suam
2436 5191 2527 5245 isti
2580 5190 2870 5261 originem
2918 5190 3148 5256 debeat,
3196 5189 3434 5246 iudubie
3464 5192 3566 5248 de-

1948 5279 2358 5356 prompserint,
2373 5278 2639 5350 prodigio
2656 5277 2848 5349 utique
2862 5277 3037 5331 fidem
3050 5278 3565 5351 majorem,quam,

1949 5372 2047 5445 qui
2068 5370 2289 5442 primus
2321 5368 2461 5422 illud
2491 5367 2551 5422 in
2589 5367 2810 5421 litteras
2837 5364 3012 5432 misit,
3046 5365 3229 5420 dictus
3257 5366 3563 5423 chronolo-

1952 5478 2057 5533 gus
2070 5461 2381 5523 mereatur,
2396 5455 2700 5511 conciliare
2712 5470 2831 5507 non
2846 5457 3104 5524 possunt,
3120 5454 3223 5509 etsi
3240 5454 3569 5524 interim,ut

1949 5549 2075 5620 jam
2088 5564 2261 5619 supra
2300 5545 2488 5611 docui,
2516 5558 2718 5599 eorum
2754 5542 3088 5600 testimonia
3114 5543 3399 5614 evincent,
3432 5563 3567 5620 pro-

232 5634 1182 5715 ascriptoribuscontemporaneis
1197 5641 1863 5715 memoriaeproditanon
1945 5637 2229 5712 digiosam
2268 5633 2522 5691 doctoris
2565 5630 2900 5690 Parisiensis,
2951 5634 3265 5694 anastasim
3304 5635 3475 5692 fuisse
3507 5640 3567 5693 et
