4224 6058
585 338 684 396 199

1435 339 1494 396 S.
1519 337 1864 396 BRUNONIS
1903 332 2537 396 CARTHUSIANORUM
2574 337 3045 398 INSTITUTORJS

3796 353 3910 407 200

577 464 896 523 diutissime
935 462 1194 541 pluribus
1234 464 1629 524 indubitanter
1657 467 1958 535 creditam,
2002 467 2060 522 et
2089 462 2260 525 diuA
2287 460 2416 519 nico
2438 462 2721 535 judicium
2752 483 2858 541 pro
2889 469 3154 526 accurato
3184 468 3363 543 possit
3389 469 3612 530 haberi.
3646 473 3813 542 Quod
3842 481 3911 535 ut

575 558 753 614 etiam
781 558 915 612 ante
944 556 1177 611 Joannis
1191 557 1455 613 Gersonis
1479 560 1731 624 astatem,
1747 559 1947 613 contra
1971 572 2035 610 ac
2049 555 2189 610 Lau-

576 647 744 703 noius
783 648 921 714 vult,
953 646 1157 702 litteris
1205 646 1625 718 consignatam.
1669 645 1817 711 Quid
1846 645 2038 718 itaque
2069 644 2185 699 sin—

575 739 845 811 gulorum
878 737 1109 791 illorum
1141 735 1507 807 scriptorum,
1541 752 1684 807 quos
1725 737 1787 804 §§
1824 738 1880 790 ll
1919 737 1978 789 et
2010 738 2073 789 l2
2102 733 2182 788 vi-

575 826 723 883 desis
748 827 1138 892 enumeratos,
1184 824 1493 879 auctoritas
1534 823 1625 878 hic
1678 826 1882 890 valeat,
1927 823 2185 896 pluribus

573 915 971 988 indagandum
1001 931 1119 970 non
1151 916 1255 969 est.
1277 914 1510 981 Verum,
1540 916 1603 969 ut
1628 917 1691 969 ut
1720 931 1811 969 res
1840 914 1920 970 ita
1949 915 2179 979 habeat,

572 996 678 1061 nec
705 1005 930 1059 ratione
962 1004 1077 1059 ulla
1101 1003 1234 1058 satis
1260 1004 1442 1058 solida
1469 1003 1823 1059 contrarium
1852 1007 2024 1077 queat
2047 1020 2180 1077 pro-

569 1092 715 1161 bari,
750 1095 883 1149 sunt
908 1097 1128 1160 tamen,
1162 1093 1280 1165 qui,
1327 1092 1823 1165 quemadmodum
1865 1110 1931 1149 ex
1961 1092 2185 1148 Notitiis

573 1199 709 1238 mss.
744 1200 922 1254 penes
942 1199 1038 1237 me
1073 1182 1424 1237 exstantibus
1448 1181 1728 1254 intelligo,
1758 1182 1993 1238 Joannis
2014 1180 2184 1254 Iperii

569 1272 990 1341 testimonium,
1016 1288 1180 1327 num.
1213 1274 1317 1328 222
1359 1272 1471 1326 huc
1509 1271 1937 1342 transcriptum,
1985 1269 2184 1343 magni

567 1362 899 1420 faciendum
924 1362 1302 1417 contendunt.
1317 1362 1401 1415 Ita
1411 1363 1606 1414 autem
1626 1360 1838 1415 idcirco
1857 1363 2181 1428 autumant,

573 1451 749 1525 quod,
809 1450 1068 1523 quamvis
1121 1447 1335 1520 lperius
1392 1451 1526 1502 ante
1582 1450 1853 1503 smculum
1913 1453 2183 1523 quartum

571 1541 865 1599 decimum
888 1559 1007 1596 non
1026 1539 1307 1606 floruerit,
1328 1556 1391 1594 ac
1417 1539 1605 1610 proin,
1636 1543 1888 1612 spectato
1912 1539 2183 1597 diuturno

569 1631 852 1702 temporis
875 1629 1080 1701 spatio,
1106 1645 1219 1700 quo
1241 1645 1275 1682 a
1304 1628 1621 1699 praestituta
1640 1629 1969 1684 Parisiensis
1997 1631 2185 1703 prodi-

568 1718 664 1793 gio
683 1719 902 1791 epocha
917 1736 1017 1774 seu
1038 1734 1191 1773 anno
1214 1720 1347 1773 1082
1369 1717 1570 1784 abfuit,
1589 1722 1813 1773 certum
1828 1719 1886 1773 id
1905 1722 2077 1792 atque
2094 1719 2181 1775 in-

570 1807 895 1864 dubitatum
926 1809 1047 1862 sola
1075 1818 1178 1861 sua
1207 1806 1547 1862 auctoritate
1592 1807 1779 1863 facere
1823 1826 1941 1863 non
1982 1810 2179 1880 possit,
2205 1792 2255 1851 Β

567 1898 865 1952 auctorem
880 1898 1081 1951 tamen
1104 1894 1491 1968 antiquiorem
1510 1895 1707 1968 reique
1725 1900 1898 1968 gestas
1916 1900 2187 1970 synchro-

569 2002 733 2052 num,
767 2001 799 2040 e
830 2001 965 2057 quo,
998 2001 1125 2056 qua:
1155 1984 1227 2039 de
1256 1985 1364 2039 hac
1386 1984 1581 2052 tradit,
1611 1987 1883 2052 hauserit,
1912 1987 2016 2042 sibi
2034 2005 2181 2059 pras-

565 2073 854 2128 lucentem
866 2072 1686 2144 habuerit.Quodpostremum
1704 2078 1754 2128 ul
1775 2075 2179 2145 mstimaretur,

567 2161 757 2217 effecit
780 2162 1103 2216 Marteneus
1128 2161 1339 2230 praevia
1366 2178 1464 2215 sua
1483 2162 1556 2216 ad
1580 2162 1747 2234 Iperii
1768 2181 1867 2220 seu
1888 2164 1944 2219 S.
1971 2166 2181 2223 Bertini

573 2249 1156 2317 Chronicon,tom.lll
1166 2248 1441 2303 Thesauri
1455 2251 1885 2308 Anecdotorum
1900 2254 2180 2313 insertum

567 2338 997 2395 Admonitione.
1028 2339 1091 2392 In
1120 2338 1227 2392 hac
1255 2338 1412 2393 enim
1445 2339 1546 2393 sub
1578 2340 1756 2395 finem
1783 2341 1863 2397 ita
1889 2344 2178 2416 loquitur:

570 2443 598 2471 «
624 2420 767 2476 Hinc
797 2420 1049 2493 colliges,
1085 2420 1407 2476 Chronicon
1431 2420 1581 2476 istud
1603 2423 1995 2480 Bertinianum
2018 2430 2179 2483 tanto

566 2509 854 2582 majorem
880 2509 1035 2581 apud
1059 2509 1313 2586 eruditos
1342 2511 1664 2581 promereri
1682 2512 1880 2581 ﬁdem,
1902 2531 2014 2586 quo
2038 2517 2181 2572 anti-

563 2598 794 2672 quiores
809 2599 987 2653 habet
1014 2584 1296 2666 auctores,
1315 2598 1422 2676 qui
1441 2599 1525 2654 sui
1538 2601 1818 2672 temporis
1849 2584 1941 2658 res
1966 2608 2176 2676 gestas,

562 2692 736 2761 prout
765 2687 1047 2755 viderant,
1083 2689 1183 2742 aut
1220 2704 1255 2742 a
1283 2687 1520 2742 testibus
1565 2690 1800 2745 oculatis
1848 2692 2170 2763 audierant,

561 2775 787 2849 scriptis
841 2775 1214 2843 mandarunt,
1261 2792 1368 2830 nec
1400 2776 1615 2833 mirum
1653 2777 1830 2834 videri
1871 2781 2103 2851 debere,
2138 2801 2173 2840 a

560 2864 872 2921 subsecutis
899 2865 1228 2920 auctoribus
1255 2865 1401 2919 tanti
1431 2866 1692 2922 habitum
1722 2868 1915 2939 fuisse,
1942 2875 2022 2941 ut,
2043 2870 2172 2947 quté

560 2954 806 3037 dicenda
821 2956 892 3010 de
916 2956 1087 3010 rebus
1106 2954 1343 3027 Belgicis
1363 2957 1709 3028 habuerunt,
1735 2962 1805 3017 ab
1822 2977 1892 3018 eo
1913 2964 2171 3037 accipere

560 3060 679 3100 non
706 3029 1112 3099 dubitaverint.
1146 3064 1174 3094 ››

631 3136 755 3189 333.
790 3133 1005 3205 Iperius
1033 3150 1193 3205 ergo,
1227 3132 1309 3189 uti
1334 3134 1427 3190 hic
1457 3136 1625 3192 docet
1661 3139 2004 3211 Marteneus,
2038 3160 2171 3199 nar-

560 3225 715 3277 ratas
743 3220 802 3277 in
830 3222 1111 3278 Chronico
1139 3239 1240 3277 suo
1281 3241 1370 3279 res
1396 3242 1462 3279 ex
1493 3227 1931 3299 antiquioribus,
1964 3232 2060 3304 qui
2078 3250 2176 3289 cas

557 3313 659 3365 aut
686 3310 917 3382 ipsimet
944 3312 1210 3367 viderant
1239 3315 1337 3367 aut
1364 3330 1431 3367 ex
1463 3315 1697 3373 testibus
1727 3320 1964 3374 oculatis
1984 3321 2175 3377 audie-

559 3402 711 3466 rant,
742 3399 1113 3471 scriptoribus
1155 3401 1393 3472 accepit,
1440 3404 1635 3475 hique,
1677 3410 1742 3460 ut
1783 3407 1938 3463 idem
1968 3411 2171 3466 Marte-

559 3504 701 3543 neus
733 3487 793 3542 in
813 3489 1047 3544 laudata
1083 3489 1497 3546 Admonitione
1536 3494 1749 3563 praevia
1777 3496 1953 3552 etiam
1982 3499 2167 3569 docet,

558 3592 804 3631 numero
830 3580 948 3631 tres
976 3577 1158 3645 fuere,
1178 3578 1443 3634 videlicet
1472 3581 1780 3653 Folquinus
1812 3587 2171 3644 Bertinianus

557 3666 897 3733 monachus,
937 3666 1034 3738 qui
1060 3669 1255 3721 vetera
1285 3670 1621 3724 monasterii
1671 3672 1754 3727 sui
1786 3674 2174 3734 instrumenta

555 3756 761 3811 saeculo
791 3755 1016 3810 decimo
1061 3755 1120 3811 in
1170 3773 1347 3811 unum
1386 3752 1656 3815 volumen
1705 3763 1919 3831 retulit,
1967 3765 2168 3823 Simon

554 3842 867 3916 Sytliicnsis
892 3862 991 3899 seu
1013 3844 1371 3900 Bertinianus
1387 3847 1560 3901 abbas
1586 3851 2059 3923 quadragesimus
2080 3874 2166 3911 se-

553 3934 774 3988 cundus
803 3951 954 3989 anno
1000 3936 1134 3989 1148
1162 3934 1482 4003 defunctus,
1529 3938 1625 4007 qui
1658 3939 1953 3997 Chronica;
1987 3945 2164 3999 Berti-

553 4021 740 4076 niana:
771 4039 870 4076 seu
901 4022 1199 4077 Sithiensis
1230 4024 1488 4078 Ecclesia}
1520 4042 1553 4079 a
1590 4028 1852 4098 tempore
1882 4031 2161 4101 Roderici,

549 4107 611 4164 id
635 4111 739 4175 est,
768 4110 840 4163 ab
870 4109 1107 4163 ineunte
1151 4112 1354 4164 saeculo
1404 4128 1478 4177 XI,
1526 4129 1639 4183 quo
1681 4120 2031 4175 monasterio
2078 4121 2163 4177 Si-

548 4196 759 4252 thiensi
789 4197 1098 4252 Rodericus
1128 4198 1303 4252 abbas
1348 4204 1614 4270 prmerat,
1657 4203 1730 4257 ad
1779 4221 1941 4261 suam
1983 4226 2161 4282 usque

549 4288 788 4342 aetatem
809 4287 1124 4357 descripsit,
1155 4303 1219 4341 ac
1243 4288 1479 4345 tandem
1503 4307 1845 4363 anonymus,
1879 4296 1975 4367 qui
2006 4316 2158 4355 anno

553 4378 688 4430 1229
715 4376 1018 4442 scribebat,
1067 4375 1432 4448 Simonisque
1476 4395 1619 4450 opus
1657 4382 1729 4435 ad
1767 4400 1934 4439 suum
1980 4405 2158 4460 usque

547 4465 779 4534 tempus
806 4467 1140 4537 prosecutus
1177 4468 1277 4521 est.
1319 4467 1446 4521 Jam
1488 4485 1621 4524 vero
1670 4487 1802 4526 cum
1833 4490 1981 4528 unus
2012 4476 2157 4531 dun-

546 4554 723 4618 taxat,
756 4552 1033 4608 nimirum
1060 4552 1261 4609 Simon
1297 4555 1493 4624 abbas,
1527 4573 1558 4611 e
1601 4558 1783 4613 tribus
1825 4561 1978 4617 hisce
2021 4564 2158 4619 scri-

544 4640 824 4711 ptoribus,
858 4639 954 4713 qui
973 4643 1158 4713 lperio
1189 4642 1248 4697 in
1261 4646 1619 4701 contexendo
1633 4648 1960 4706 Bertiniano
1978 4652 2156 4709 Chro-

545 4727 676 4783 nico
688 4731 1025 4802 praeluxere,
1048 4732 1318 4787 luctuosae
1336 4733 1585 4790 doctoris
1606 4736 1865 4793 damnati
1883 4740 2157 4807 historias,

546 4816 629 4871 uti
660 4834 729 4872 ex
757 4834 891 4873 mox
917 4819 1081 4875 dictis
1127 4820 1326 4892 liquet,
1358 4821 1531 4876 fuerit
1561 4825 1936 4897 synchronus,
1986 4831 2156 4889 fuisse

542 4905 694 4962 hanc
719 4924 789 4964 ex
817 4907 914 4963 illo
949 4924 1015 4963 ac
1043 4909 1210 4979 proin
1242 4925 1310 4964 ex
1351 4914 1584 4967 auctore
1638 4918 2153 4991 contemporaneo,

542 4997 640 5070 qui
666 4999 937 5054 eamdem
968 5001 1173 5055 saltem
1205 5016 1236 5055 e
1263 5000 1500 5056 testibus
1527 5003 1762 5059 oculatis
1791 5007 2064 5065 audiisset
2084 5015 2156 5069 ab

539 5085 723 5157 lperio
752 5087 814 5143 in
848 5088 1164 5145 Chronicon
1194 5088 1480 5145 Sithiense
1511 5090 1730 5147 illatam
1749 5111 2155 5173 summamque

540 5175 685 5230 adeo
701 5176 876 5233 ﬁdem
894 5178 1218 5250 promereri
1230 5178 1365 5233 inde
1376 5180 1728 5236 conclusere.
1744 5183 1812 5237 Et
1835 5201 1966 5241 vero
1979 5188 2024 5242 si
2037 5190 2153 5247 lato

539 5287 575 5326 α
622 5269 911 5328 Marteneo
967 5273 1037 5328 de
1087 5272 1356 5329 Sithiensi
1406 5274 1709 5345 Chronico,
1762 5292 1867 5348 per
1903 5282 2151 5353 Iperium

537 5364 883 5437 conscripto,
899 5366 1116 5437 judicio
1145 5368 1415 5422 standum
1446 5367 1536 5436 sit,
1557 5368 1666 5422 erit
1687 5387 1845 5440 sane,
1878 5391 1980 5431 cur
2004 5380 2149 5451 quis,

540 5449 798 5508 damnati
820 5454 1119 5509 historiam
1147 5472 1177 5508 e
1208 5455 1459 5510 Simonis
1507 5456 1728 5511 abbatis
1757 5475 1931 5531 Opere
1962 5449 2149 5537 reipsa

539 5555 662 5594 esse
675 5542 934 5614 ablperio
947 5542 1502 5616 depromptam,non
1516 5544 2144 5624 immeritosuspicetur.

540 5620 775 5734 veg-ni
774 5631 1023 5689 multum
1041 5628 1219 5699 abest,
1239 5634 1302 5687 ut
1324 5632 1595 5691 Martenei
1614 5634 1684 5690 de
1710 5620 1943 5696 laudato
1969 5641 2144 5704 Chro-

2188 3052 2240 3116 ϐ

2286 554 2501 623 pateat,
2530 572 2759 628 unaque
2807 572 2875 612 ex
2913 557 3082 630 Iperii
3110 559 3181 615 de
3213 560 3473 617 luctuosa
3519 563 3770 622 doctoris
3800 568 3907 624 da-

2287 643 2470 698 mnati
2514 643 2755 701 historia
2795 647 3128 704 testimonio
3173 649 3316 706 nihil
3348 652 3590 710 omnino
3636 656 3711 711 ad
3752 659 3907 715 hanc

2284 735 2383 786 aut
2393 735 2547 788 certe
2565 751 2770 806 parum
2791 737 3111 793 admodum
3128 740 3402 811 ponderis
3419 760 3582 816 posse
3604 748 3903 819 accedere,

2283 821 2569 878 studiosus
2594 825 2774 880 lector
2816 825 3121 900 intelligat,
3158 829 3653 889 subministratam
3702 853 3736 891 a
3766 837 3904 894 Stil-

2284 909 2445 981 tingo
2473 916 2668 969 nostro
2684 916 2827 970 tom.
2845 917 2889 970 ll
2917 916 3291 989 Septembris,
3307 937 3439 993 pag.
3461 926 3586 990 555,
3607 941 3814 981 anum.
3833 932 3902 983 25

2284 999 2357 1054 ad
2405 1000 2678 1058 Martenei
2709 1003 2780 1058 de
2826 1004 2994 1077 Iperii
3027 997 3309 1065 Chronico
3331 1010 3616 1082 judicium
3658 1031 3902 1089 respon-

2284 1087 2508 1145 sionem
2542 1091 2652 1147 huc
2677 1093 3017 1149 transcribo.

2355 1226 2478 1280 334.
2513 1224 2603 1281 Sic
2636 1225 2828 1299 itaque
2858 1227 3075 1284 ibidem
3108 1229 3323 1288 habet:
3360 1235 3642 1293 «Mallem
3677 1256 3806 1313 ego,
3836 1245 3905 1296 ut

2284 1312 2547 1369 laudatus
2576 1314 2764 1371 editor
2799 1316 3138 1389 (Marteneus
3168 1322 3401 1395 nempe)
3455 1312 3784 1387 accuratam
3826 1332 3901 1388 de

2282 1402 2391 1457 hoc
2425 1404 2708 1461 Chronico
2725 1406 2918 1461 crisim
2946 1407 3213 1477 dedisset,
3242 1427 3419 1483 quam
3436 1413 3633 1471 laudes
3657 1435 3904 1493 exagge-

2284 1494 2467 1548 ratas:
2494 1494 2574 1549 ita
2594 1495 2751 1551 enim
2777 1498 2957 1553 lector
2975 1499 3259 1557 studiosus
3275 1503 3481 1559 melius
3505 1504 3898 1578 intellexisset,

2283 1578 2421 1650 quid
2452 1596 2518 1634 ex
2550 1598 2618 1637 eo
2651 1584 2922 1657 amplecti
2970 1588 3093 1642 tuto
3126 1591 3323 1660 possit,
3364 1608 3399 1647 a
3440 1594 3645 1666 quibus
3693 1601 3902 1654 contra

2282 1681 2481 1723 cavere
2512 1670 2737 1727 debeat.
2768 1673 2933 1730 Certe
2955 1677 3317 1735 clironotaxis
3333 1683 3674 1756 plerumque
3695 1686 3902 1744 vitiosa

2283 1761 2369 1813 est
2393 1758 2450 1812 in
2480 1760 2785 1831 prioribus,
2817 1765 2985 1836 hujus
3016 1767 3282 1824 Chronici
3310 1772 3548 1840 saaculis,
3584 1776 3645 1830 ut
3674 1776 3901 1846 patebit

2283 1864 2388 1920 per
2418 1849 2743 1906 decursum.
2780 1855 2900 1910 lmo
2928 1873 3002 1911 ne
3032 1857 3185 1914 facta
3215 1859 3451 1931 quidem
3481 1864 3664 1919 relata
3692 1864 3751 1919 in
3785 1866 3898 1921 hoc

2285 1936 2565 1993 Chronico
2598 1942 2719 1996 tam
2750 1948 2907 2000 certa
2927 1962 3048 2001 esse
3076 1950 3310 2021 tamque
3328 1950 3614 2009 immunia
3633 1955 3705 2010 ab
3732 1972 3897 2012 erro-

2281 2025 2458 2094 ribus,
2511 2032 2574 2083 ut
2619 2032 2974 2088 correctione
3017 2037 3106 2088 sat
3145 2036 3433 2110 frequenti
3464 2057 3584 2096 non
3615 2041 3896 2118 indigeat,

2283 2132 2401 2170 non
2414 2134 2545 2173 raro
2559 2119 2861 2176 ostendere
2875 2138 3068 2194 cogar.
3085 2124 3337 2180 Conatur
3351 2126 3617 2186 Chronici
3644 2133 3895 2190 auctori-

2284 2207 2463 2261 tatem
2475 2208 2723 2277 probare
2736 2210 3200 2285 Martenius,quia
3211 2215 3426 2287 lperius
3440 2223 3667 2275 secutus
3678 2226 3762 2277 est
3774 2225 3900 2279 Fol-

2282 2297 2524 2370 quinum
2569 2299 2899 2370 diaconum,
2933 2302 3239 2360 Simonum
3272 2307 3545 2364 abbatem
3587 2313 3646 2365 et
3689 2328 3897 2370 eorum

2281 2388 2744 2445 continuatorem
2794 2407 3153 2463 anonymum
3185 2395 3377 2450 saeculi
3421 2414 3540 2465 xm,
3590 2415 3765 2470 quem
3816 2402 3903 2457 ait

2278 2478 2565 2550 scripsisse
2579 2497 2731 2536 anno
2752 2484 2906 2537 1229.
2927 2502 2954 2532 ››
2980 2514 3047 2522 -
3065 2506 3093 2534 ‹‹
3116 2484 3192 2538 Ex
3206 2484 3430 2557 quibus,
3460 2509 3488 2537 »
3520 2487 3724 2561 inquit,
3760 2515 3788 2543 «
3816 2492 3901 2547 ita

2279 2589 2307 2617 ››
2338 2569 2661 2626 Chronicon
2675 2589 2842 2627 suum
2854 2572 3167 2630 confecisse
3181 2574 3406 2633 videtur
3415 2578 3665 2634 Joannes
3678 2581 3901 2651 Iperius

2276 2677 2305 2707 »
2337 2661 2398 2713 ut
2410 2676 2613 2716 eorum
2626 2659 2881 2733 integras
2893 2662 3317 2721 lucubrationes
3334 2666 3495 2739 operi
3507 2685 3608 2724 suo
3632 2667 3903 2728 inseruis-

2273 2768 2302 2797 »
2328 2766 2387 2805 se
2403 2751 2611 2805 merito
2626 2752 2945 2807 censendus
2957 2753 3083 2808 sit.»
3101 2754 3416 2812 Ostendere
3442 2756 3502 2812 id
3513 2762 3756 2819 conatur
3766 2778 3896 2818 ver-

2271 2838 2709 2911 bisquibusdam
2722 2841 2981 2912 allegatis
2990 2844 3336 2915 quaslperius
3346 2845 3417 2900 de
3429 2862 3490 2901 se
3499 2848 3760 2918 proferre
3772 2867 3896 2907 non

2271 2931 2519 3000 poterat,
2554 2946 2795 3001 quasque
2826 2930 3039 2987 idcirco
3066 2933 3490 3004 antiquioribus
3521 2937 3897 2995 attribuenda

2273 3022 2405 3074 sunt
2428 3017 2820 3090 scriptoribus,
2844 3036 3093 3091 quorum
3108 3019 3260 3076 dicta
3275 3025 3513 3079 eatenus
3534 3042 3652 3081 non
3666 3030 3896 3084 mutata

2275 3109 2557 3165 Chronico
2588 3124 2688 3162 suo
2728 3107 2943 3181 Ipcrius
2973 3108 3234 3165 inseruit.
3270 3112 3480 3169 Verum
3513 3117 3894 3175 vehementer

2273 3198 2547 3270 suspicor,
2570 3198 2909 3254 Martenium
2930 3216 3226 3270 nunquam
3241 3204 3548 3260 contulisse
3561 3205 3889 3263 Chronicon

2275 3287 2588 3359 lperiicum
2634 3286 2815 3343 tribus
2844 3286 2954 3342 illis
2998 3288 3388 3359 scriptoribus,
3430 3309 3464 3347 a
3496 3293 3703 3366 quibus
3751 3313 3887 3351 eum

2274 3380 2393 3432 tam
2412 3379 2594 3433 multa
2614 3379 2943 3432 mutuatum
2970 3376 3125 3433 dicit.
3151 3378 3317 3434 Certe
3334 3379 3378 3435 si
3392 3381 3701 3454 diligenter
3713 3386 3895 3442 verba

2273 3469 2440 3539 Iperii
2453 3467 2784 3524 contulisset
2803 3484 2934 3521 cum
2949 3467 3134 3522 verbis
3147 3470 3423 3542 anonymi
3449 3473 3890 3541 continuatoris,

2272 3558 2369 3630 qui
2394 3561 2481 3613 est
2501 3555 2995 3629 compilatorVitae
3011 3556 3310 3625 S.Bertini,
3329 3560 3678 3617 aMabilonio
3693 3563 3888 3631 editas,

2272 3646 2502 3701 vidisset
2530 3649 2719 3701 totum
2750 3646 3057 3701 verborum
3085 3662 3319 3701 sensum
3346 3650 3636 3705 mutatum
3667 3651 3740 3706 ab
3766 3654 3897 3723 Ipe-

2271 3734 2354 3790 rio
2388 3734 2445 3790 in
2476 3735 2648 3800 facto,
2677 3734 2831 3806 quod
2857 3732 3141 3789 referetur
3171 3735 3231 3789 in
3255 3736 3588 3808 Appendice
3633 3739 3886 3796 miracuo

2268 3823 2457 3878 lorum
2491 3839 2633 3877 num
2668 3826 2757 3889 25,
2790 3824 2853 3876 ut
2880 3822 3099 3878 ibidem
3130 3823 3468 3879 observabo.

2340 3959 2461 4011 335.
2503 3979 2529 4006 ‹‹
2564 3958 2850 4011 Ρνθξιριορδ.
2878 3954 2923 4009 si
2954 3954 3092 4012 istos
3139 3960 3398 4012 auctores
3428 3961 3544 4013 tres
3573 3958 3888 4033 diligenter

2264 4045 2597 4100 contulisset
2635 4047 2693 4098 et
2722 4043 3124 4112 examinasset,
3172 4044 3403 4101 vidisset
3435 4047 3776 4119 paucissima
3807 4051 3883 4106 ab

2265 4134 2330 4190 iis
2377 4134 2600 4190 narrari
2632 4138 2907 4206 tanquam
2954 4133 3092 4201 visa,
3148 4135 3249 4189 sed
3292 4137 3565 4208 pleraque
3608 4142 3669 4193 ut
3703 4140 3881 4213 longe

2262 4225 2579 4296 praeterita:
2601 4240 2781 4295 eaque
2797 4223 2866 4276 de
2879 4239 3049 4277 causa
3071 4238 3184 4277 non
3212 4222 3472 4280 dixisset:
3508 4249 3535 4277 ‹‹
3550 4226 3880 4286 Chronicon

2180 4341 2237 4409 Β
2263 4334 2290 4361 ››
2326 4314 2474 4368 istud
2498 4312 2888 4368 Bertinianum
2934 4312 3404 4409 tanto-majorem
3442 4314 3595 4409 apud
3622 4317 3880 4409 eruditos

2261 4426 2288 4455 ››
2321 4404 2641 4475 promereri
2660 4403 2857 4470 fidem,
2887 4419 2998 4475 quo
3018 4401 3371 4475 antiquiores
3392 4403 3566 4459 habet
3587 4408 3875 4478 auctores,

2259 4512 2288 4541 »
2323 4493 2419 4565 qui
2449 4491 2533 4546 sui
2559 4490 2836 4562 temporis
2866 4509 2957 4545 res
2987 4493 3175 4561 gestas
3213 4493 3386 4559 prout
3426 4491 3688 4547 viderant
3716 4498 3816 4549 aut
3843 4512 3879 4550 ει

2259 4601 2287 4629 ››
2321 4580 2558 4635 testibus
2589 4580 2827 4634 oculatis
2850 4577 3173 4645 audierant,
3204 4577 3426 4650 scriptis
3460 4581 3873 4636 mandarunt.»

2260 4689 2287 4718 »
2319 4666 2744 4722 Inconsiderate
2759 4670 2816 4721 et
2831 4666 2952 4720 sine
2968 4665 3270 4721 sufﬁcienti
3298 4667 3562 4722 examine
3584 4669 3703 4723 haec
3716 4662 3878 4727 dicta

2257 4761 2425 4814 sunt:
2452 4772 2587 4811 nam
2615 4771 2797 4826 pauca
2819 4770 2885 4809 ex
2914 4752 3303 4825 scriptoribus,
3330 4754 3426 4826 qui
3458 4755 3740 4823 viderant,
3773 4763 3878 4814 aut

2257 4846 2407 4901 facta
2435 4862 2536 4900 suo
2570 4848 2831 4917 tempore
2875 4841 3241 4913 scripserant,
3276 4841 3463 4897 hausit
3494 4842 3729 4914 Iperius,
3759 4848 3875 4901 sal-

2258 4939 2376 4991 tem
2404 4935 2462 4990 in
2496 4932 2694 5006 primis
2723 4931 2940 4987 saeculis
2967 4930 3235 4985 Chronici
3266 4929 3350 4985 sui
3382 4932 3555 5003 longe
3599 4933 3766 5003 plura
3804 4950 3875 4989 ex

2257 5025 2325 5080 iis
2353 5022 2746 5096 scriptoribus,
2779 5020 2874 5093 qui
2902 5019 3094 5092 gestis,
3137 5037 3265 5091 qua:
3300 5020 3651 5086 referebant,
3696 5021 3874 5094 longe

2256 5117 2424 5170 erant
2451 5111 2815 5186 posteriores.
2846 5108 2995 5174 Quin
3027 5110 3085 5164 et
3117 5111 3283 5182 plura
3312 5127 3378 5164 ex
3422 5109 3566 5176 aliis,
3621 5126 3872 5182 quorum

2255 5205 2482 5267 tantum
2535 5218 2652 5257 non
2702 5199 3107 5255 continuarem
3164 5198 3300 5254 facit
3354 5198 3683 5254 Martenius.
3741 5199 3875 5255 Haec

2255 5291 2325 5347 de
2356 5291 2539 5364 lperio
2566 5288 2926 5346 observanda
2970 5288 3184 5358 censui,
3236 5305 3309 5343 ne
3362 5286 3489 5359 quis
3540 5287 3874 5345 immodicis

2249 5380 2522 5437 Martenei
2564 5377 2826 5432 laudibus
2859 5377 3149 5448 deceptus,
3188 5391 3282 5430 me
3323 5373 3517 5430 statim
3549 5376 3869 5447 reprehen-

2252 5467 2504 5524 dendum
2521 5465 2828 5531 existimet,
2849 5464 2941 5519 ubi
2959 5464 3162 5519 viderit
3190 5462 3515 5518 auctoritati
3541 5464 3698 5517 istius
3726 5464 3869 5518 scri-

2251 5555 2430 5629 ptoris
2443 5569 2559 5608 non
2579 5551 3036 5625 acquiescentem
3047 5551 3253 5607 .Nolim
3267 5554 3465 5605 tamen
3482 5550 3675 5606 debita
3691 5551 3865 5607 laude

2276 5642 2520 5703 raudare
2550 5640 2822 5716 Iperium,
2845 5640 3006 5713 cujus
3021 5638 3344 5695 Chronicon
3375 5640 3515 5695 utile
3542 5638 3865 5696 etminime
