4224 6058
346 244 449 295 201

1898 234 2085 293 ACTA

3567 238 3673 295 202

334 362 854 419 contemnendum
882 363 1102 432 Iudico,
1125 362 1227 418 sed
1265 378 1384 417 non
1414 378 1563 417 casce
1580 361 1964 433 sequendum.
1986 361 2283 425 Asilentio
2315 382 2348 419 a
2380 381 2475 419 me
2498 363 2858 436 praeteritum
2904 363 3032 436 quis
3062 366 3358 435 queratur,
3391 380 3462 418 ex
3492 377 3673 435 opere

345 453 516 508 Unde
547 452 644 506 ille
682 469 785 506 sua
825 452 1101 520 hauserit,
1147 454 1479 525 quantaque
1509 450 1625 505 ﬁde
1654 450 1966 522 scripserit,

342 540 709 611 indicetipse
740 539 801 594 in
832 541 1074 614 prologo
1092 539 1345 595 secundo
1374 539 1465 593 his
1492 538 1680 594 verbis
1714 555 1728 594 :
1755 561 1785 590 «
1815 541 1969 595 Pras-

346 651 379 678 η
400 645 537 684 sens
562 628 918 699 Opusculum
936 645 1004 682 ex
1026 626 1619 683 multisvoluminibus
1632 626 1971 699 scriptisque

344 740 379 765 οι
404 716 756 772 anthenticis
784 719 950 786 grato
982 716 1181 771 labore
1209 714 1570 786 collegimus,
1588 714 1873 769 sumendo
1898 714 1970 769 de

348 828 377 853 ››
410 805 695 876 quolibet,
722 804 879 875 quod
901 803 975 858 ad
1000 803 1364 875 propositum
1387 802 1844 875 spectarevisum
1860 805 1968 869 est,

346 914 378 940 υ
407 892 558 946 nihil
587 890 924 956 inserendo,
958 890 1115 962 quod
1128 907 1245 944 non
1260 890 1603 945 authenticis
1623 889 1848 961 scriptis
1874 904 1972 959 ap-

345 1001 382 1032 ι
404 981 709 1052 probatur.
744 1002 773 1028 »
804 979 1023 1034 Deinde
1050 978 1313 1050 explicat,
1343 979 1481 1050 quid
1508 995 1613 1050 per
1640 979 1853 1050 scripta
1876 995 1973 1033 au-

346 1069 614 1123 thentica
632 1066 914 1137 designet,
935 1067 1148 1121 multas
1159 1066 1423 1121 videlicet
1442 1067 1599 1121 Vitas
1615 1071 1967 1132 sanctorum,

346 1157 645 1213 Chronica
678 1157 820 1211 item
861 1172 980 1210 non
1025 1170 1229 1226 pauca,
1278 1155 1670 1227 antiquitates:
1697 1156 1968 1220 Annales,

347 1245 641 1300 Historias
668 1248 727 1298 et
752 1243 984 1297 archiva
1012 1246 1135 1297 tam
1165 1242 1418 1297 ecclesia:
1451 1242 1770 1309 Sithiensis,
1794 1260 1971 1314 quam

343 1334 605 1388 aliorum
655 1331 1146 1386 monasteriorum
1191 1330 1371 1402 Belgii
1402 1335 1461 1385 et
1491 1331 1765 1395 Francius,
1796 1331 1972 1385 libros

342 1422 498 1477 alios
526 1421 851 1486 historicos,
885 1437 950 1475 ac
977 1420 1220 1474 demum
1250 1420 1477 1474 chartas
1516 1419 1967 1490 privilegiorum.

423 1513 557 1565 338.
595 1532 625 1559 ‹‹
658 1510 735 1562 Ex
756 1508 911 1562 hisce
941 1508 1215 1562 omnibus
1234 1508 1702 1563 monumentisse
1733 1506 1970 1563 Chroni-

341 1614 463 1653 con
494 1613 669 1651 suum
696 1597 1068 1658 concinnasse
1101 1595 1333 1651 asserit:
1370 1618 1399 1646 «
1424 1597 1500 1650 Ex
1529 1596 1621 1651 die
1653 1600 1711 1650 et
1741 1595 1973 1651 consule

2068 452 2189 519 illo,
2219 453 2375 523 quod
2399 452 2663 507 omnium
2687 452 2899 524 passim
2925 452 3191 506 manibus
3208 467 3326 505 non
3346 451 3571 519 teritur,
3589 454 3676 509 to-

2069 544 2195 595 tum
2213 541 2322 594 huc
2348 536 2633 610 spectans,
2654 543 2783 596 utut
2806 541 3095 611 prolixum
3118 555 3184 593 ac
3209 554 3414 608 parum
3439 547 3674 611 urgens,

2068 628 2307 684 Massoni
2344 628 2739 683 rattiocinium
2770 627 3112 682 transcribo.
3155 627 3317 681 Hisce
3364 644 3526 681 num.
3563 630 3594 682 8
3619 629 3679 682 et

2071 733 2191 789 seq,
2215 716 2434 771 ibidem
2468 716 2669 787 positis
2699 717 2886 771 verbis
2916 716 3242 786 concipitur
3271 732 3285 770 :
3318 737 3347 766 «
3380 716 3678 771 Falluntur

2070 805 2167 877 qui
2197 808 2405 875 putant
2435 821 2540 876 per
2581 805 2991 859 abstinentiam
3024 822 3057 858 a
3085 804 3372 871 carnibus,
3405 804 3585 858 etiam
3611 804 3675 858 in

2070 894 2307 961 morbis,
2341 897 2400 948 et
2428 894 2568 948 alias
2588 894 2950 948 austeritates
2978 892 3156 947 vitam
3188 892 3683 948 Carthusiensium

2071 983 2413 1051 abbreviari;
2433 1000 2571 1037 nam
2590 983 2987 1053 experimento
3018 983 3299 1049 videmus,
3317 984 3510 1053 plures
3526 982 3681 1054 apud

2072 1088 2180 1126 nos
2210 1090 2389 1144 usque
2444 1073 2518 1127 ad
2576 1072 2932 1143 decrepitam
2986 1074 3344 1127 senectutem
3375 1072 3587 1139 vivere,
3618 1073 3681 1127 et

2072 1162 2530 1233 octogenarium,
2561 1161 2679 1215 imo
2710 1161 3020 1231 aliquando
3062 1160 3184 1215 fere
3217 1160 3680 1232 nonagenarium

2072 1268 2291 1307 annum
2311 1249 2895 1321 attingere.Videmus
2914 1265 3052 1319 ergo
3076 1266 3193 1303 non
3211 1265 3343 1303 raro
3362 1250 3680 1304 monachos

2072 1338 2368 1409 sexaginta
2396 1340 2455 1393 et
2485 1336 2733 1409 amplius
2764 1353 2947 1391 annos
2964 1336 3163 1391 vixisse
3192 1336 3249 1390 in
3269 1336 3680 1404 ordine,etiam

2070 1428 2179 1481 hoc
2205 1426 2433 1492 saeculo,
2453 1425 2683 1496 quando
2701 1424 3126 1495 longitudinem
3150 1424 3277 1478 vitae
3303 1426 3576 1480 humanm
3591 1424 3680 1480 di-

2072 1515 2358 1569 minutam
2372 1530 2495 1567 esse
2508 1528 2713 1567 omnes
2725 1511 2999 1577 fatentur,
3017 1511 3059 1565 si
3074 1528 3206 1565 cum
3224 1512 3682 1582 praecedentibus

2073 1602 2294 1657 saeculis
2337 1604 2727 1670 comparetur.
2759 1599 2869 1653 Pro
2916 1601 3183 1669 exemplo
3212 1600 3382 1654 nobis
3410 1601 3485 1654 sit
3514 1600 3683 1670 huius

348 1712 379 1735 υ
417 1691 699 1757 tempora
726 1686 1088 1757 temporibus
1113 1688 1171 1739 et
1201 1702 1270 1740 ex
1290 1685 1475 1740 causis
1501 1685 1561 1739 in
1593 1701 1661 1740 eo
1689 1684 1975 1740 contentis
1997 1678 2048 1738 Β
2072 1690 2344 1745 ﬁrmioris
2368 1688 2626 1743 sanitatis
2646 1689 2856 1740 sanctas
2890 1687 3189 1741 memorias
3206 1687 3557 1742 reverendus
3582 1688 3683 1742 Pa-

348 1796 382 1822 »
419 1774 664 1845 negotia
678 1773 923 1844 negotiis
938 1772 1369 1828 concordando.
1394 1794 1423 1821 »
1455 1773 1580 1828 Non
1608 1772 1973 1844 dubito,quin

350 1862 414 1917 id
448 1865 513 1915 et
546 1861 859 1932 diligenter
888 1864 948 1915 et
976 1862 1131 1916 bona
1156 1861 1272 1916 ﬁde
1297 1861 1632 1932 praestiterit
1657 1861 1741 1915 vir
1769 1860 1895 1932 pius
1918 1863 1977 1914 et

345 1952 605 2017 doctus;
650 1954 711 2004 at
747 1950 870 2004 sine
912 1949 1204 2005 erroribus
1251 1950 1469 2005 factum
1518 1966 1635 2004 non
1681 1966 1823 2016 esse,
1852 1950 1977 2003 luce

349 2037 570 2092 clarius
600 2040 706 2092 est.
740 2038 809 2092 Et
832 2054 972 2093 sane
1004 2040 1121 2094 tale
1151 2055 1295 2110 opus
1319 2039 1418 2095 illo
1449 2040 1677 2105 saeculo,
1712 2055 1826 2110 quo
1842 2038 1980 2092 vixit

354 2127 605 2197 iperius,
641 2126 946 2181 sinevariis
960 2128 1254 2183 erroribus
1282 2128 1670 2195 conscribere,
1705 2129 1978 2182 humanm

355 2232 481 2269 non
511 2218 643 2269 erat
668 2214 992 2279 industriae,
1029 2219 1158 2269 tum
1181 2216 1337 2286 quod
1360 2219 1744 2271 monumenta
1775 2217 1976 2281 multa,

357 2303 576 2374 quibus
610 2302 894 2356 utendum
938 2307 1086 2370 erat,
1121 2304 1283 2358 omni
1308 2307 1575 2359 carerent
1605 2321 1822 2371 errore,
1854 2306 1981 2358 tum

356 2391 521 2463 quod
587 2391 745 2445 varia
788 2406 894 2461 per
951 2391 1319 2462 conjecturas
1385 2395 1553 2446 erant
1603 2392 1980 2447 concilianda.

357 2478 492 2533 Haec
520 2481 722 2532 autem
753 2477 1055 2533 conciliato
1089 2482 1250 2533 tanto
1285 2482 1410 2533 erat
1428 2479 1735 2547 difﬁcilior,
1768 2482 2005 2551 quanto.

359 2567 561 2620 minus
584 2566 658 2620 ad
674 2566 1089 2636 perfectionem
1107 2566 1453 2621 hodiernam
1473 2568 1786 2622 accedebat
1810 2567 1988 2621 scien-

355 2655 442 2707 tia
468 2652 885 2725 chronologica
934 2656 993 2707 et
1032 2653 1296 2707 critica.»
1348 2654 1635 2709 Hactenus
1688 2654 1990 2726 Stiltingus

359 2744 587 2807 noster,
621 2741 741 2812 qui,
775 2758 903 2813 quae
935 2741 1028 2795 hic
1058 2741 1130 2795 de
1165 2741 1333 2812 [perii
1376 2742 1670 2797 Chronico
1707 2743 1987 2817 affirmat,

357 2831 490 2884 loco
533 2828 748 2883 deinde
795 2845 913 2883 non
954 2844 1069 2882 uno
1108 2827 1168 2881 in
1217 2829 1652 2884 Commentario
1695 2830 1770 2884 ad
1810 2830 1988 2884 vitam

353 2916 416 2972 8.
437 2915 663 2972 Bertini
678 2916 889 2986 praevio
911 2915 1257 2970 validissime
1263 2916 1432 2986 juxta
1446 2933 1511 2971 ac
1534 2916 1985 2971 luculentissime

356 3005 599 3075 probat,
642 3003 723 3056 uti
782 3002 1007 3073 cuique,
1055 3003 1209 3057 hunc
1264 3004 1576 3070 evolventi,
1610 3004 1985 3059 manifestum

350 3092 592 3148 evadet.
621 3093 751 3145 Jam
792 3107 950 3145 vero.
985 3108 1118 3145 cum
1163 3092 1402 3162 Iperius,
1452 3096 1518 3147 ut
1547 3092 1662 3147 alia
1685 3092 1982 3159 omittam,

356 3197 480 3236 non
512 3181 703 3234 solam
735 3196 767 3233 e
796 3179 980 3233 tribus
1011 3179 1402 3249 scriptoribus.
1486 3198 1521 3235 a
1542 3181 1835 3236 Marteneo
1861 3197 1986 3235 me-

359 3267 631 3323 moratis.
692 3267 970 3338 Folquino
1016 3267 1300 3323 nimirum
1347 3267 1629 3324 Sithiensi
1676 3269 1984 3333 monacho,

356 3355 609 3411 Simone
634 3354 864 3422 abbate,
905 3359 964 3409 et
986 3354 1394 3411 continuatore
1428 3372 1754 3427 anonymo,
1786 3371 1987 3410 verum

360 3444 549 3498 etiam
596 3459 627 3496 e
674 3443 871 3496 multis
901 3442 1046 3510 aliis,
1098 3458 1132 3497 a
1174 3443 1450 3515 Stiltingo
1489 3459 1625 3499 mox
1665 3443 1986 3514 assignatis,

365 3534 638 3586 narratas
668 3530 728 3584 in
760 3530 1045 3585 Chronico
1075 3547 1179 3585 suo
1202 3548 1295 3585 res
1320 3530 1601 3596 hauserit,
1639 3547 1757 3585 non
1780 3534 1992 3597 est,cur

368 3618 799 3690 prodigiosam,
850 3634 1029 3689 quam
1073 3622 1294 3684 narrat,
1358 3618 1613 3674 doctoris
1661 3617 1994 3672 Parisiensis

372 3707 702 3762 anastasim
728 3723 759 3761 e
791 3706 1066 3774 Simonis,
1102 3707 1404 3762 Sithiensis
1433 3707 1677 3774 abbatis,
1708 3706 1994 3761 chronicis

372 3797 797 3866 depromptam
842 3795 1236 3862 existimenus,
1282 3796 1513 3867 ruitque
1557 3795 1822 3867 proinde,
1864 3811 1991 3867 qua:

373 3883 648 3954 alioquin
661 3884 899 3938 famosae
928 3884 999 3938 de
1011 3900 1081 3938 ea
1103 3883 1425 3939 narrationi
1451 3884 1749 3940 accederet
1764 3900 1994 3939 summa

372 3972 547 4028 ﬁdes.
586 3973 708 4025 lmo
735 3987 893 4036 vero,
921 3987 1056 4025 cum
1071 3987 1166 4026 res
1190 3971 1273 4026 ita
1299 3972 1533 4039 habeat,
1553 3990 1626 4028 ne
1652 3974 1891 4045 quidem
1925 3990 1992 4028 ex

374 4058 557 4131 lperii
579 4058 861 4114 Chronico
885 4058 1203 4114 Parisiense
1214 4059 1547 4132 prodigium
1564 4062 1886 4117 verosimile
1909 4064 1995 4117 ut-

373 4163 637 4218 cumque
670 4146 933 4215 efﬁcitur,
966 4145 1050 4201 uti
1081 4162 1150 4202 ex
1169 4147 1299 4219 jam
1335 4164 1511 4220 supra
1535 4148 1701 4203 dictis
1738 4165 1992 4221 pronum

373 4239 471 4291 est
486 4250 715 4290 eruere.

381 4362 415 4427 §
445 4358 559 4431 XX.
580 4357 704 4431 _An
736 4358 1069 4431 prodigium,
1100 4376 1231 4431 iquo
1278 4359 1481 4421 doctor,
1509 4378 1615 4414 sese
1654 4361 1992 4425 damnatum,

449 4427 670 4499 publice
702 4427 1035 4499 adstantibus
1073 4427 1428 4493 denuntiarit,
1447 4439 1649 4486 certum
1678 4439 1773 4485 aut
1809 4433 1995 4487 saltem

458 4498 777 4572 verosimile,
794 4506 970 4572 stante
989 4501 1288 4572 aniversali
1326 4505 1647 4572 scriptorum
1680 4510 1806 4556 ante
1833 4503 1997 4559 dicto-

462 4586 588 4624 rum
614 4569 843 4633 silentio,
872 4569 1088 4626 reddere
1115 4574 1278 4627 etiam
1297 4589 1406 4628 non
1419 4569 1589 4645 possit
1615 4574 1853 4629 traditio.

466 4692 835 4747 Innocentius
887 4694 942 4747 le
999 4693 1243 4761 Masson,
1290 4710 1361 4749 ex
1408 4695 1744 4750 recensione
1780 4696 2006 4751 Morotii

386 4781 561 4854 prior
586 4779 812 4850 Majoris
834 4780 1149 4836 Carthusize
1179 4783 1270 4849 49,
1292 4781 1352 4836 in
1366 4797 1565 4853 opere,
1596 4799 1701 4837 ase
1717 4787 2003 4851 contecto,

385 4866 558 4941 quod
609 4868 860 4923 Annales
921 4868 1150 4923 Ordinis
1215 4869 1635 4925 Carthusiensis
1698 4871 2005 4942 inscripsit,

386 4970 672 5026 annoque
734 4956 867 5009 1687
924 4955 1075 5026 typis
1130 4955 1491 5012 Correrianis
1535 4959 1805 5029 vulgavit,
1836 4959 1937 5014 lib.
1965 4977 2006 5029 ι,

392 5061 534 5117 cap.
572 5049 598 5098 ι
630 5043 702 5098 de
745 5044 1100 5116 prodigiosa,
1151 5062 1267 5118 qua
1309 5046 1368 5102 S.
1419 5048 1611 5102 Bruno
1656 5046 1715 5101 in
1744 5063 2009 5103 eremum

390 5133 597 5205 pulsus
620 5130 816 5199 fuerit,
848 5132 1101 5188 doctoris
1122 5134 1371 5189 anastasi
1419 5135 1604 5189 multa
1634 5134 1878 5203 disserit,
1907 5136 2014 5190 sui-

389 5235 515 5292 que
552 5219 752 5287 etiam,
785 5234 900 5290 quo
931 5220 1080 5274 hanc
1110 5236 1247 5276 vere
1287 5220 1601 5293 contigisse
1632 5222 1840 5291 probet
1864 5223 2012 5277 cele-

2074 1781 2163 1833 ter
2198 1779 2449 1831 domnus
2491 1775 2743 1830 Joannes
2771 1776 2966 1843 Pegon
3027 1775 3416 1845 praedecessor
3462 1778 3681 1839 noster,

2080 1866 2177 1938 qui
2210 1866 2361 1919 ultra
2402 1861 2699 1933 sexaginta
2739 1878 2835 1915 sex
2861 1878 3049 1915 annos
3073 1861 3209 1915 vixit
3253 1861 3312 1915 in
3357 1862 3580 1930 ordine,
3614 1863 3683 1917 85

2078 1970 2262 2009 annos
2290 1951 2475 2006 aetatis
2512 1950 2734 2005 habens
2758 1949 2919 2014 obiit,
2965 1952 3025 2002 et
3062 1952 3227 2004 tanto
3272 1948 3453 2004 animi
3488 1950 3686 2021 vigore

2077 2041 2347 2114 pollebat,
2374 2042 2435 2093 ut
2465 2037 2648 2109 pridie
2670 2054 2845 2108 quam
2877 2040 3220 2101 moreretur,
3245 2037 3432 2091 adhuc
3461 2038 3685 2093 calamo

2079 2133 2337 2185 uteretur
2362 2127 2435 2182 ad
2467 2125 2872 2197 dispositiones
2897 2124 3261 2179 faciendasin
3300 2124 3536 2179 Ordine.
3563 2124 3691 2179 Sint

2081 2218 2258 2273 etiam
2289 2231 2393 2287 pro
2424 2216 2691 2285 exemplo
2722 2214 2849 2268 duas
2871 2212 3318 2283 moniales,qua3
3340 2211 3549 2267 nostris
3565 2212 3688 2267 die-

2082 2308 2190 2363 bus
2219 2306 2372 2360 diem
2405 2305 2733 2358 clauserunt
2764 2304 3130 2354 extremum:
3173 2316 3421 2371 quarum
3466 2317 3581 2355 una
3619 2303 3690 2356 70

2085 2410 2270 2449 annos
2297 2393 2512 2446 vixerat
2556 2391 2613 2444 iu
2665 2388 2901 2454 Ordine,
2936 2389 3116 2441 altera
3142 2391 3230 2442 72.
3253 2388 3450 2441 Plures
3475 2386 3691 2442 similes

2084 2483 2145 2537 in
2197 2483 2473 2553 promptu
2520 2480 2668 2533 esset
2705 2476 2793 2531 hic
2836 2476 3079 2543 referae,
3127 2474 3225 2546 qui
3254 2478 3451 2530 nostro
3484 2476 3690 2531 saeculo

2086 2571 2376 2635 obierunt,

2160 2661 2284 2713 338.
2321 2659 2439 2710 «At
2462 2656 2508 2710 si
2533 2654 2607 2709 ad
2628 2652 2920 2725 praeterita
2950 2653 3156 2706 sazcula
3175 2651 3691 2723 retrogrediamur,

2091 2746 2449 2818 reperiemus
2492 2758 2786 2814 personas,
2833 2756 2960 2811 quae
3020 2742 3088 2793 80
3126 2742 3185 2793 et
3224 2740 3472 2809 amplius
3506 2755 3692 2794 annos

2089 2836 2371 2899 vixerunt,
2399 2833 2519 2886 imo
2542 2847 2719 2884 unam
2733 2845 2851 2900 pra:
2879 2826 3119 2892 caeteris,
3135 2843 3263 2897 quae
3286 2827 3435 2880 ultra
3457 2829 3692 2882 centum

2089 2939 2276 2978 annos
2301 2920 2437 2975 vixit
2465 2920 2524 2973 in
2558 2917 2792 2973 Ordine.
2823 2916 3095 2969 Occurret
3121 2913 3288 2968 nobis
3310 2914 3374 2967 R.
3409 2914 3687 2969 PJance-

2087 3012 2255 3077 linus,
2281 3008 2376 3081 qui
2398 3010 2466 3063 58
2487 3006 2654 3061 annis
2673 3003 2902 3075 praefuit
2932 2998 3039 3056 toti
3081 3001 3301 3055 Ordini.
3326 3000 3693 3072 Supputatio-

2087 3117 2161 3154 ne
2182 3102 2377 3154 autem
2407 3096 2558 3150 facta
2582 3097 2641 3148 et
2664 3090 2912 3162 longiori
2932 3092 3102 3143 astate
3114 3089 3352 3143 reducta
3373 3088 3446 3142 ad
3472 3092 3540 3145 70
3566 3093 3694 3143 tan-

2087 3193 2214 3243 tum
2241 3202 2426 3241 annos
2450 3184 2508 3238 in
2536 3181 2737 3237 ordine
2765 3181 3014 3243 exactos,
3043 3193 3220 3247 quam
3250 3179 3482 3231 aetatem
3500 3177 3691 3247 plures

2089 3276 2342 3347 attigisse
2385 3272 2443 3326 in
2474 3270 2710 3340 singulis
2742 3266 2980 3331 sasculis,
3010 3265 3129 3318 imo
3161 3265 3334 3334 longe
3367 3280 3687 3334 superasse,

2089 3369 2312 3422 certum
2334 3364 2440 3421 est,
2474 3358 2850 3429 reperiemus,
2869 3369 3067 3408 senem
3084 3353 3267 3418 illum,
3285 3352 3381 3423 qui
3396 3352 3504 3406 hoc
3524 3369 3697 3407 sascu.

2093 3457 2146 3510 lo
2176 3456 2246 3509 70
2277 3451 2447 3506 annis
2476 3447 2612 3501 vixit
2642 3446 2700 3499 in
2729 3444 2965 3509 Ordine,
2996 3441 3244 3512 potuisse
3272 3439 3465 3495 videre
3492 3441 3550 3494 et
3579 3439 3693 3494 dis-

2094 3558 2223 3597 cere
2253 3540 2325 3594 ab
2343 3538 2454 3593 alio
2471 3534 2732 3607 ejusdem
2765 3531 2952 3585 astatis
2991 3546 3148 3595 sene,
3180 3545 3307 3600 quas
3335 3528 3597 3583 audierat
3628 3528 3700 3583 ab

2095 3628 2205 3683 alio
2235 3643 2391 3692 sene,
2426 3624 2522 3695 qui
2556 3626 2882 3694 postremus
2907 3634 3082 3673 senex
3111 3617 3287 3671 etiam
3313 3617 3384 3669 ab
3414 3616 3526 3669 alio
3557 3614 3701 3669 didi-

2092 3719 2250 3770 cerat
2276 3717 2336 3768 et
2363 3712 2627 3766 audierat
2656 3706 2985 3770 historiam,
3037 3704 3108 3758 de
3147 3720 3261 3774 qua
3289 3703 3499 3771 agitur,
3532 3706 3592 3757 et
3621 3702 3700 3757 sic

2092 3801 2328 3858 traditio
2358 3801 2593 3854 illorum
2634 3799 2881 3867 quatuor
2915 3808 3121 3846 senum
3147 3791 3268 3844 fere
3297 3790 3371 3844 ad
3404 3793 3696 3845 trecentos

2093 3907 2277 3947 annos
2299 3885 2661 3951 extenditur;
2693 3898 2870 3953 quam
2902 3879 3280 3934 traditionem
3309 3894 3344 3931 a
3363 3893 3422 3931 se
3451 3876 3697 3931 invicem

2094 3980 2276 4039 facile-
2291 3976 2550 4047 accipere
2579 3971 2852 4052 potuisse,
2885 3966 3252 4040 perspicuum
3284 3967 3390 4031 est,
3423 3981 3556 4019 cum
3582 3967 3702 4019 tres

2094 4086 2164 4124 ex
2192 4066 2301 4122 illis
2340 4081 2400 4119 se
2447 4062 2641 4117 videre
2677 4063 2736 4113 et
2766 4060 2968 4112 mutuo
2998 4053 3234 4125 alloqui,
3271 4053 3430 4107 nulla
3458 4052 3512 4106 vi
3545 4052 3705 4107 illata

2095 4153 2629 4213 communinaturas
2654 4146 2864 4212 cursui,
2881 4142 3229 4216 potuerint,;
3264 4140 3407 4195 nihil
3422 4140 3583 4196 enim
3597 4139 3701 4196 ob-

2018 4250 2071 4309 D
2098 4247 2229 4309 stat,
2256 4241 2395 4314 quin
2431 4237 2620 4293 ultimi
2639 4233 2959 4306 primordia
2984 4228 3314 4302 cumiprimi
3341 4227 3707 4283 extremitate

2098 4328 2520 4393 concurrerint,
2575 4328 2641 4379 et
2694 4321 3032 4387 monachus,
3082 4317 3427 4389 vigesimum
3481 4332 3704 4370 annum

2100 4437 2298 4493 agens,
2332 4412 2795 4486 nonagenarium
2821 4408 3033 4464 viderit
3053 4411 3112 4461 et
3140 4405 3404 4460 audierit.
3419 4404 3708 4460 Habemus

2103 4510 2177 4565 ad
2202 4522 2445 4563 manum
2484 4504 2678 4557 icones
2720 4500 2779 4554 in
2825 4497 3011 4569 capite
3048 4499 3310 4549 veterum
3359 4494 3708 4547 statutorum

2103 4597 2386 4671 prmﬁxas,
2422 4608 2550 4664 quae
2580 4608 2614 4645 a
2645 4591 2881 4644 centum
2930 4589 2990 4640 et
3022 4582 3318 4654 octoginta
3344 4581 3513 4671 annis
3560 4579 3710 4671 typis

2106 4668 2324 4741 excusa:
2349 4684 2501 4747 sunt,
2520 4680 2580 4734 in
2602 4677 2810 4749 quibus
2831 4674 3053 4729 videtur
3076 4670 3317 4727 historia
3339 4669 3435 4724 illa
3460 4668 3707 4740 depicta,

2107 4773 2305 4830 addita
2334 4768 2668 4825 narratione
2700 4780 2876 4836 quam
2926 4777 3100 4832 supra
3133 4755 3544 4813 retulimus._Si
3570 4770 3710 4826 ergo

2108 4860 2524 4918 constituamus
2556 4855 2722 4910 nobis
2754 4869 2858 4924 pro
2890 4850 3110 4922 epocha
3137 4851 3368 4917 tempus
3397 4842 3538 4898 illud
3598 4858 3713 4912 quo

2110 4952 2305 5006 icones
2329 4946 2438 5001 ille:
2468 4943 2621 5015 typis
2663 4957 2880 4996 excusas
2921 4940 3074 5003 sunt,
3102 4938 3160 4990 et
3177 4932 3504 5005 praecedere
3534 4928 3711 4984 facia-

2112 5056 2242 5095 mus
2265 5038 2513 5107 quatuor
2559 5031 2685 5086 illos
2729 5028 3005 5092 seniores,
3037 5022 3413 5107 reperiemus,
3448 5018 3575 5107 illos
3602 5033 3711 5107 po-

2114 5105 2304 5183 tuisse
2316 5122 2535 5177 discere
2564 5119 2637 5173 ab
2664 5117 2774 5184 his,
2802 5114 2902 5187 qui
2927 5109 3267 5168 immediate
3298 5105 3500 5177 primis
3521 5106 3714 5161 Patrio

2112 5217 2222 5274 bus
2254 5210 2473 5270 ordinis
2513 5205 2928 5269 successerunt,
2988 5196 3292 5254 historiam
3352 5194 3545 5261 illam;
3598 5192 3724 5249 imo

398 5278 646 5363 tierrimi
676 5278 895 5363 ordinis
914 5308 1292 5364 traditionem
1311 5278 1563 5365 adducit.
1596 5278 1676 5364 N-e
1693 5310 2014 5383 quid,quod
2115 5302 2366 5378 potuisse
2391 5302 2530 5354 tunc
2572 5293 2817 5364 reperiri
2847 5292 2907 5344 in
2965 5303 3119 5383 pago
3167 5281 3482 5382 Carthusize
3507 5278 3725 5383 ‘vicinlo

396 5394 829 5452 adhorribilem
844 5396 1001 5452 illam
1015 5394 1692 5466 historiamprobandam
1704 5369 2020 5454 autsaitem
2118 5369 2363 5448 rusticos
2392 5387 2491 5460 qui
2524 5385 2582 5440 8.
2613 5383 2950 5436 Brunonem
2983 5378 3042 5466 et
3069 5375 3194 5446 ejus
3226 5371 3410 5466 socios
3434 5369 3722 5466 viderant.

400 5483 782 5539 verisimilem
799 5484 1164 5541 reddendam
1172 5483 1497 5541 conducere
1507 5487 1822 5559 utcumque
1834 5486 2041 5561 possit,

696 5570 924 5631 Parion.
958 5573 1120 5630 CLII.

2124 5484 2275 5538 Nam
2320 5457 2514 5535 rustici
2571 5472 2633 5527 in
2696 5468 2820 5525 istis
2875 5465 3131 5538 rupibus,
3191 5458 3291 5515 ubi
3342 5475 3484 5514 aura
3532 5457 3747 5529 purior

3316 5552 3351 5605 7
