4026 6042
401 224 506 284 208

1275 215 1333 272 S.
1358 217 1703 274 BRUNONIS
1745 213 2378 275 CARTHU'SiANORUM
2413 215 2882 276 lNSTlTUTORlS

3611 219 3718 278 204

397 349 506 414 est,
544 348 605 400 et
635 343 801 398 valde
849 341 1089 414 frugalis
1135 341 1361 398 vivendi
1394 345 1622 412 modus,
1655 345 1752 400 diu
1788 343 2086 406 vivunt-it.
2107 343 2364 416 scilicet).
2397 346 2544 403 libro
2569 365 2632 416 1.,
2655 364 2783 419 cap.
2811 349 2861 412 1,
2885 340 3132 404 dilucide
3158 341 3594 415 lueulenterque
3619 361 3714 400 os-

470 437 602 490 339.
631 455 661 482 «
679 431 808 486 Vidi
835 432 955 502 ipse
990 434 1048 484 et
1081 447 1200 484 non
1225 433 1406 488 semel
1435 431 1784 504 interrogavi
1809 448 2008 487 senem

401 521 786 580 domesticum
812 520 1020 574 domus
1052 517 1386 586 Carthusi-zc,
1419 524 1687 576 vocatum
1711 521 2007 576 Nicolaum

401 612 630 676 Planes,
661 625 692 662 e
716 624 866 679 pago
903 607 1166 661 Corbello
1199 607 1532 675 oriundum,
1561 608 1658 680 qui
1687 608 1908 663 viderat
1937 609 2003 662 R.

396 699 462 753 Ρ.
502 699 569 753 D.
604 695 962 751 Bernardum
1012 695 1366 760 Carrassum,
1410 695 1528 750 vita
1551 697 1815 751 functum
1857 697 2010 750 circa

398 801 617 842 annum
655 787 795 839 1386
843 786 902 838 et
945 783 1223 838 narrabat
1263 784 1452 854 plura,
1496 801 1625 854 quae
1665 785 1926 839 audierat
1948 784 2008 845 in

391 874 694 946 juventute
736 888 839 927 sua
878 871 974 942 ab}
1005 871 1152 935 aliis,
1195 871 1251 924 in
1299 872 1597 942 decrepita
1646 876 1815 927 aetate
1870 875 2008 926 tunc

396 961 740 1027 constitutis,
767 959 1143 1031 quividerant
1161 960 1224 1012 R.
1259 961 1320 1013 Ρ.
1350 960 1713 1015 Franciscum
1741 978 1775 1015 a
1804 963 2004 1026 Puteo,

394 1048 546 1104 circa
577 1065 798 1103 annum
838 1051 964 1101 1521
997 1046 1356 1101 defunctum.
1395 1048 1638 1103 Centum
1670 1049 1895 1102 circiter
1911 1065 2009 1102 an-

395 1153 608 1191 norum
627 1137 753 1190 erat
785 1135 887 1189 iste
919 1134 1200 1200 Nicolaus,
1237 1136 1377 1189 dum
1409 1136 1566 1190 diem
1599 1137 1801 1190 clausit
1823 1139 2006 1190 extre-

397 1241 562 1280 mum
588 1241 742 1278 anno
779 1226 936 1277 l677.
973 1224 1042 1276 Et
1071 1225 1135 1276 ut
1161 1223 1347 1278 adhuc
1379 1241 1470 1278 res
1514 1224 1754 1278 vicinius
1777 1227 1834 1279 et
1865 1241 2006 1278 enu-

397 1313 632 1367 cleatius
659 1313 980 1381 exponatur
1037 1314 1095 1364 et
1137 1312 1511 1382 exprimatur,
1545 1329 1850 1383 ponamus,
1912 1312 2009 1366 ali-

399 1417 619 1473 queme
660 1399 825 1454 sociis
859 1399 916 1454 S.
959 1399 1242 1453 Brunonis
1273 1399 1471 1455 vixisse
1508 1401 1746 1473 triginta
1779 1404 2008 1455 tantum

397 1489 565 1544 annis
596 1505 631 1542 a
668 1488 758 1542 die
805 1504 1062 1541 accessus
1119 1503 1324 1542 eorum
1363 1489 1435 1542 ad
1467 1505 1638 1560 rupes
1671 1488 2006 1556 Carthusiae,

402 1579 718 1650 quemdam
740 1577 915 1632 etiam
939 1595 1006 1631 ex
1035 1576 1142 1643 his,
1176 1594 1352 1648 quem
1381 1578 1456 1632 ad
1488 1579 1816 1633 institutum
1841 1594 2007 1632 suum

2105 433 2372 501 tendens,
2402 451 2627 503 omnes,
2656 435 2949 508 quotquot
2978 431 3216 486 fuerunt
3243 433 3302 484 et
3331 433 3465 484 sunt
3487 431 3546 486 in
3575 432 3716 490 orbe

2107 519 2451 588 Christiano,
2513 523 2921 578 Cathusienses
2975 519 3194 574 nullam
3244 535 3502 590 unquam
3541 519 3714 577 aliam

2104 607 2471 666 instituenda:
2506 615 2721 667 nostrae
2747 607 3046 681 religionis
3074 623 3308 662 causam
3337 623 3437 661 seu
3467 609 3714 666 occasio-

2106 714 2245 752 nem
2292 699 2595 769 agnovisse
2643 701 2864 771 praater
2900 697 3193 750 funestam
3245 693 3417 764 hujus
3459 695 3718 752 hominis

2108 785 2449 852 anastasim,
2465 802 2643 857 quam
2675 786 2941 841 asserunt
2960 800 3020 837 se
3043 782 3324 854 accepisse
3341 782 3415 836 ab
3433 783 3719 854 antiquio-

2107 873 2286 942 ribus,
2319 875 2417 946 qui
2447 878 2505 928 et
2549 874 2657 946 ipsi
2687 891 2822 929 eam
2861 891 2890 928 a
2923 871 3188 927 Patribus
3231 870 3366 937 suis,
3395 871 3469 924 ad
3512 887 3655 942 quos
3683 888 3717 927 a

2109 959 2167 1015 S.
2203 963 2472 1017 Brunone
2503 967 2561 1016 et
2604 962 2773 1017 sociis
2808 961 2952 1032 ejus,
2984 975 3302 1030 eorumque
3333 957 3623 1028 discipulis
3651 975 3716 1013 ac

2107 1050 2446 1120 sequacibus
2477 1066 2581 1120 per
2610 1051 2848 1121 longam
2874 1048 3192 1102 multorum
3225 1062 3515 1101 annorum
3535 1046 3716 1101 tradi-

2107 1137 2330 1192 tionem
2363 1138 2708 1209 pervenerit,
2743 1137 3086 1192 didicerunt.
3106 1156 3133 1183 ››

2181 1227 2304 1280 341.
2333 1228 2407 1281 At
2462 1243 2620 1293 vero,
2655 1225 2758 1280 etsi
2820 1224 2901 1279 ita
2945 1223 3036 1278 hic
3075 1223 3346 1293 loquatur
3383 1223 3500 1289 ille,
3547 1223 3718 1282 tacite

2108 1317 2307 1369 tamen
2323 1312 2849 1386 agnoscit,Puteani
2865 1310 3197 1375 aetatem,ad
3210 1326 3386 1381 quam
3401 1310 3717 1366 Parisiense

2109 1409 2440 1481 prodigium
2472 1408 2786 1463 traditione
2816 1405 3079 1478 perducit
3107 1405 3413 1470 Massonus,
3438 1421 3558 1459 esse
3587 1423 3623 1459 a
3652 1421 3717 1460 re

2108 1501 2269 1568 gesta
2296 1497 2696 1562 remotiorem,
2732 1511 2908 1566 quam
2921 1497 2985 1548 ut
3002 1492 3134 1547 huic
3157 1492 3475 1563 illa,utpote
3501 1509 3565 1546 ex
3587 1493 3715 1562 jam

2108 1584 2272 1639 dictis
2305 1584 2460 1638 dubii
2498 1585 2797 1638 dumtaxat
2821 1580 3076 1636 nominis
3103 1579 3358 1646 traditio,
3390 1579 3565 1634 fidem
3592 1597 3715 1634 cer-

399 1668 575 1739 primi
601 1670 801 1721 Patres
831 1670 1192 1736 receperant,
1225 1669 1293 1721 70
1317 1667 1484 1721 annis
1514 1667 1564 1721 ei
1609 1668 2004 1738 supervixisse,
2025 1649 2077 1710 Β
2104 1675 2226 1727 tam
2249 1676 2419 1744 atque
2438 1671 3022 1726 indubitatemfacere
3053 1672 3225 1740 queat
3239 1684 3308 1722 eo
3340 1668 3514 1722 modo
3541 1685 3712 1738 quem

399 1758 665 1827 eccejam
685 1757 806 1809 fere
834 1757 1068 1808 centum
1084 1771 1268 1808 annos
1293 1759 1579 1821 tenemus,
1605 1756 1757 1810 etsic
1785 1756 2005 1809 annum
2104 1761 2402 1815 Massonus
2442 1760 2716 1830 assignat.
2740 1757 2937 1812 Verbis
2967 1757 3121 1811 enim
3155 1755 3414 1826 proxime
3443 1756 3717 1824 recitatis,

401 1847 537 1899 1184
560 1843 888 1914 attigimus;
921 1842 1127 1913 quibus
1146 1842 1189 1896 si
1216 1843 1466 1897 addatur
1491 1847 1632 1898 aetas
1660 1847 1910 1914 quatuor
1937 1843 2004 1897 il-

396 1934 590 1990 lorum
604 1931 1055 2001 seniorum,quze
1069 1931 1142 1985 ad
1165 1933 1268 1986 280
1289 1948 1473 1986 annos
1496 1932 2006 2002 pervenit,annum

402 2023 542 2076 1464
567 2020 926 2086 habebimus,
956 2020 1150 2089 sicque
1177 2023 1412 2073 aetatem
1459 2021 1524 2074 R.
1569 2022 1631 2074 Ρ.
1661 2020 1947 2074 Francisci
1975 2037 2009 2074 a

399 2109 577 2163 Puteo
608 2109 982 2178 attingemus,
1008 2107 1113 2161 viri
1143 2107 1197 2160 in
1235 2108 1491 2178 utrisque
1516 2108 1720 2162 litteris
1751 2108 2010 2163 versatis-

400 2195 532 2250 simi
551 2199 608 2249 et
620 2195 679 2248 in
689 2195 862 2266 signis
879 2195 1150 2262 doctoris,
1173 2196 1268 2266 qui
1291 2199 1505 2250 statuta
1523 2197 1630 2250 ista
1646 2199 1841 2251 vetera
1863 2196 2008 2267 typis

399 2282 664 2338 mandari
695 2283 924 2348 turavit,
958 2283 1017 2337 in
1044 2300 1290 2355 quorum
1308 2285 1495 2354 capite
1525 2284 1676 2350 icon,
1707 2284 2008 2339 historiam

396 2372 559 2426 illam
593 2375 1044 2442 repraesentans,
1085 2372 1271 2442 posita
1301 2376 1388 2426 est
1410 2389 1541 2426 cum
1576 2372 1852 2442 praedicta
1874 2390 2007 2427 nar-

398 2460 662 2526 ratione;
697 2477 895 2530 quam,
926 2460 972 2514 si
1017 2459 1402 2530 suspicionem
1451 2461 1659 2515 fabulin
1694 2461 2004 2528 habuisset,

411 2565 712 2618 nunquam
743 2549 888 2601 tanti
913 2548 1126 2618 ingenii
1156 2549 1241 2601 vir
1276 2549 1475 2619 effingi
1508 2549 1882 2619 permisisset.
1916 2550 2010 2604 His

401 2636 615 2703 addite,
640 2636 796 2706 quod
819 2637 1027 2690 domus
1049 2636 1358 2690 Carthusize
1376 2637 1590 2706 pluries
1613 2637 1889 2691 incendiis
1909 2639 2010 2692 ab-

402 2727 601 2794 sorpta
626 2727 849 2778 veteres
873 2723 1181 2793 scripturas
1212 2725 1484 2792 habebat,
1519 2742 1586 2778 ex
1615 2726 1820 2796 quibus
1849 2726 2015 2797 liqui-

403 2812 477 2866 do
511 2813 584 2866 de
610 2813 772 2866 istius
818 2812 1069 2866 historiae
1101 2812 1341 2866 veritate
1397 2814 1697 2868 constabat
1730 2831 1743 2881 ;
1804 2831 1931 2885 quae
1978 2831 2013 2867 a

2107 1852 2170 1903 ut
2183 1851 2418 1919 longam
2453 1850 2612 1902 illam
2628 1845 2950 1902 traditionis
2964 1845 3374 1900 deductionem
3386 1846 3722 1911 contrahat,

2108 1937 2414 2008 sequentia
2432 1937 2553 1989 haac
2573 1935 2769 1990 subdit
2791 1951 2805 1988 :
2826 1934 3084 1987 «Verum
3105 1948 3176 1985 ne
3207 1948 3298 1986 res
3316 1934 3436 1985 tam
3463 1931 3718 1985 insolens

2111 2029 2169 2078 et
2193 2024 2478 2096 stupenda
2494 2027 2730 2093 tamque
2751 2021 2824 2076 ad
2840 2020 3196 2075 credendum
3217 2018 3466 2073 difficilis
3497 2035 3563 2072 ex
3595 2021 3714 2074 tam

2109 2113 2285 2184 longa
2306 2111 2631 2166 traditionis
2661 2111 3005 2165 deductione
3049 2110 3220 2179 plane
3251 2107 3510 2162 videatur
3530 2107 3715 2162 incre-

2113 2201 2322 2264 dibilis,
2338 2200 2660 2271 praesertim
2679 2198 3012 2254 hominibus
3034 2197 3202 2266 hujus
3223 2196 3412 2251 saeculi
3440 2212 3718 2266 nequam,

2110 2289 2208 2361 qui
2241 2288 2380 2342 nihil
2414 2289 2534 2342 fere
2568 2287 2829 2350 credunt,
2864 2302 3040 2357 quam
3055 2285 3312 2356 quod,ut
3339 2285 3560 2354 vulgari
3578 2283 3714 2337 diei-

2108 2381 2203 2431 tur
2236 2376 2561 2448 proverbio,
2608 2375 2668 2428 in
2700 2376 2898 2429 oculos
2936 2373 3289 2427 intuentium
3336 2371 3578 2442 prosilit,
3611 2371 3720 2426 hoc

2111 2468 2551 2536 argumentum,
2578 2481 2647 2516 ex
2677 2462 2993 2516 traditione
3019 2462 3288 2532 petitum,
3319 2461 3572 2532 quinque
3596 2460 3717 2514 fere

2110 2553 2348 2619 szeculis,
2367 2553 2411 2605 si
2435 2554 2516 2606 ita
2529 2551 2686 2623 loqui
2705 2551 2891 2617 liceat,
2908 2550 3358 2616 decurtahimus,
3389 2549 3483 2620 huj
3493 2549 3716 2603 usmodi

2110 2642 2491 2696 traditionem
2527 2657 2644 2694 non
2673 2637 2922 2710 longiori
2961 2655 3136 2709 quam
3179 2637 3495 2708 sexaginta,
3519 2640 3616 2690 aut
3647 2635 3718 2689 ad

2114 2747 2409 2786 summum
2427 2729 2725 2799 octoginta
2753 2744 3041 2781 annorum
3067 2727 3241 2780 ductu
3266 2726 3338 2779 ab
3358 2726 3520 2779 obitu
3538 2724 3719 2779 socio-

2112 2836 2242 2873 rum
2300 2817 2481 2871 sancti
2533 2815 2816 2869 Brunonis
2869 2815 3296 2884 protrahentes,
3354 2816 3416 2866 ut
3465 2812 3726 2883 sequitur

401 2901 662 2970 pluribus
704 2902 864 2954 lectae
897 2903 947 2954 st
973 2899 1103 2954 visa:
1135 2900 1389 2966 fuerunt,
1422 2905 1595 2972 prout
1629 2903 1804 2956 etiam
1849 2919 1954 2956 nos
1979 2918 2013 2957 a
2037 2907 2220 2990 αΟυί
2260 2906 2484 2976 primus
2539 2921 2608 2958 ex
2667 2902 3163 2957 Carthusiensibus
3221 2902 3369 2954 hanc
3421 2900 3720 2954 historiam

367 2977 388 2998 ”
403 2989 726 3044 senioribus
744 2989 1064 3056 monachis,
1096 3006 1239 3060 quos
1267 2989 1325 3043 in
1336 2991 1640 3059 juventute
1657 2994 1854 3045 nostra
1877 2991 2015 3046 vidi-

407 3078 908 3146 mus,didicimus;
945 3078 1043 3149 qui
1078 3079 1150 3131 ab
1181 3079 1424 3133 oculatis
1456 3080 1694 3133 testibus
1726 3080 1786 3133 id
1817 3079 2012 3134 audie-

404 3171 555 3220 rant.
584 3154 919 3220 Etitandem
950 3166 1074 3219 haec
1107 3166 1341 3220 traditio
1367 3183 1598 3238 semper
1620 3170 1677 3221 et
1711 3168 1923 3238 ubique
1953 3167 2012 3221 in

413 3254 638 3321 ordine,
669 3255 904 3308 nemine
937 3270 1195 3324 unquam
1233 3256 1610 3321 reclamante,
1646 3255 1843 3326 viguit.
1879 3255 2015 3319 Quis

409 3358 548 3412 ergo
582 3359 702 3396 non
747 3342 1000 3395 fateatur
1029 3343 1207 3396 talem
1251 3342 1628 3397 traditionem
1678 3360 1803 3397 esse
1832 3343 2017 3397 ﬁrmis

409 3430 805 3485 fundamentis
835 3429 1092 3484 innixam
1110 3430 1136 3484 ‘I
1156 3451 1183 3478 ››

481 3522 607 3575 340.
657 3520 943 3573 Hactenus
968 3519 1282 3582 Massonus,
1340 3521 1561 3590 prolixa
1602 3538 1704 3574 sua
1730 3521 1837 3574 hac
1886 3537 2016 3575 ora-

413 3607 571 3662 tiene
603 3607 770 3661 unice
796 3606 1129 3673 ostendens,
1166 3610 1484 3662 traditione
1523 3609 1817 3674 continua,
1841 3625 2018 3680 quam

403 3701 530 3770 jam
581 3700 716 3755 inde
765 3717 801 3754 a
839 3700 898 3754 S.
931 3702 1215 3756 Brunonis
1254 3703 1492 3773 ejusque
1520 3703 1810 3757 sociorum
1848 3706 2018 3759 aetate

409 3790 724 3860 inceptam,
752 3789 1264 3845 Carthusianorum
1294 3791 1388 3845 alii
1419 3792 1492 3845 ad
1523 3791 1664 3845 alios
1685 3792 2019 3848 transmise-

413 3878 550 3945 rint,
569 3879 692 3932 fieri
729 3877 1001 3949 potuisse,
1035 3881 1098 3932 ut
1140 3879 1336 3934 feralis
1365 3881 1436 3933 de
1469 3880 1704 3933 doctore
1735 3879 2012 3935 damnato

2111 2993 2337 3064 scriptis
2375 2991 2695 3058 mandavit,
2747 2991 2971 3045 vivebat
3001 2990 3154 3044 circa
3185 3005 3407 3043 annum
3447 2990 3602 3053 1220,
3634 2987 3723 3042 vel

2113 3083 2290 3138 etiam
2312 3084 2446 3136 ante
2461 3081 2545 3150 (ut
2563 3079 2800 3133 inferius
2817 3077 3299 3150 probabimus),id
3319 3076 3726 3147 est,octogint—a

2101 3174 2242 3243 post
2272 3170 2438 3224 annis
2477 3172 2534 3222 et
2582 3185 2700 3222 non
2735 3168 2916 3222 multo
2959 3167 3225 3238 amplius,
3275 3181 3452 3236 quam
3503 3164 3727 3218 obierat

2116 3259 2442 3330 Stephanus
2469 3255 2713 3320 Diensis,
2742 3272 2888 3309 unus
2909 3272 2977 3309 ex
3003 3254 3168 3308 sociis
3206 3252 3386 3307 sancti
3417 3251 3723 3306 Brunonis.

2117 3364 2290 3420 quem
2317 3346 2376 3399 in
2412 3344 2622 3398 nostris
2645 3344 2962 3397 Annalibus
2989 3341 3313 3396 videbimus
3341 3341 3528 3394 adhuc
3556 3338 3726 3393 fuisse

2117 3435 2454 3507 supertitem
2484 3434 2634 3487 circa
2673 3449 2893 3486 annum
2931 3433 3085 3485 H36.
3119 3431 3228 3484 Nec
3262 3427 3613 3500 impossibile
3644 3429 3730 3482 est

2119 3526 2400 3598 quosdam
2431 3523 2572 3577 alios
2592 3539 2659 3576 ex
2679 3524 2900 3592 septem
2927 3520 3130 3590 primis
3157 3519 3374 3575 ordinis
3404 3517 3728 3572 fundatori-

2119 3616 2224 3670 hus
2255 3613 2464 3668 diutius
2481 3611 2700 3665 vixisse.
2726 3609 2862 3673 Quis
2882 3609 3039 3663 enim
3066 3609 3288 3662 inficias
3301 3610 3416 3675 eat,
3447 3607 3601 3661 inter
3630 3623 3728 3660 eos

2121 3700 2527 3775 quosdam,qui
2542 3715 2759 3753 annum
2775 3697 2960 3752 aetatis
2972 3696 3314 3768 vigesimum
3327 3696 3597 3767 quintum
3611 3710 3727 3749 non

2121 3792 2453 3861 attigerant,
2499 3787 2732 3858 quando
2758 3786 2818 3840 in
2869 3784 3242 3840 solitudinem
3275 3801 3333 3838 se
3360 3785 3728 3854 receperunt,

2122 3877 2498 3949 postmodum
2541 3875 2615 3930 ad
2666 3873 3178 3945 septuagesimum,
3212 3876 3310 3927 aut
3349 3872 3526 3927 etiam
3571 3873 3730 3926 octo-

412 3967 652 4021 historia
680 3983 860 4036 usque
878 3967 952 4020 ad
980 3967 1271 4021 Francisci
1305 3969 1556 4032 aPuteo,
1584 3967 1680 4037 qui
1703 3967 2018 4039 eam,ligno
2103 3966 2410 4035 .gesimum
2453 3963 2583 4016 vita)
2626 3978 2870 4030 annum,
2925 3961 3133 4016 Christi
3177 3977 3312 4015 vero
3352 3959 3729 4014 millesimum

413 4055 676 4119 incisam,
713 4054 880 4107 editis
911 4071 944 4108 a
976 4071 1034 4110 se
1066 4071 1219 4108 anno
1263 4059 1400 4109 1510
1433 4054 1650 4108 ordinis
1682 4055 1764 4108 sui
1797 4057 2023 4110 statutis
2121 4053 2503 4110 centesimum
2562 4050 3078 4122 quadragesimum
3127 4053 3187 4104 et
3235 4050 3388 4104 ultra
3429 4046 3730 4119 pervenire

411 4141 678 4213 praeﬁxit,
711 4141 1106 4212 cognitionem
1133 4143 1484 4213 pervenerit.
1505 4143 1716 4196 Verum
1749 4143 1809 4197 id
1834 4144 2022 4215 reipsa
2045 4209 2086 4215 _
2120 4141 2380 4215 potuisse
2411 4139 2438 4192 ‘I

415 4209 497 4285 ita
528 4209 964 4296 factuminullo
997 4209 1200 4297 modo,
1234 4234 1297 4284 ut
1342 4231 1734 4285 consideranti
1777 4209 2018 4302 patebit,
2044 4209 2099 4268 D
2123 4209 2139 4215 -
2193 4233 2315 4285 342.
2353 4252 2380 4279 ‹‹
2404 4228 2500 4281 Hic
2530 4226 2750 4297 primus
2793 4226 2964 4297 huius
2990 4225 3245 4280 historiae
3276 4224 3522 4295 scriptor
3539 4223 3733 4292 plures

393 4320 723 4389 probatum
737 4318 855 4385 dat,
877 4319 1032 4389 quod
1061 4322 1257 4374 tamen
1281 4320 1523 4374 omnino
1542 4323 1667 4374 erat
1697 4337 2017 4390 necessum,
2121 4319 2320 4394 procul
2360 4317 2531 4372 dubio
2566 4316 2884 4370 monachos
2923 4314 3166 4381 viderat,
3195 4314 3294 4386 qui
3325 4314 3608 4368 noverant
3632 4314 3732 4364 aut

414 4410 479 4461 ut
501 4407 819 4479 quidquam
868 4422 973 4476 pro
1003 4407 1266 4478 prodigio
1313 4408 1686 4475 adstruendo,
1711 4425 1811 4462 seu
1835 4411 2024 4480 potius
2121 4411 2327 4464 saltem
2378 4405 2600 4460 novisse
2660 4405 2933 4474 poterant
2991 4402 3278 4474 quosdam
3340 4418 3408 4456 ex
3440 4395 3732 4467 discipulis

413 4511 519 4566 pro
535 4511 668 4548 vera
675 4495 916 4565 jamque
930 4512 963 4548 a
985 4495 1066 4549 rei
1089 4498 1264 4566 gestae
1289 4495 1450 4549 initio
1464 4495 1752 4563 inchoata,
1776 4513 1888 4567 qua
1900 4497 2022 4553 hinc

415 4589 672 4642 Puteano
705 4587 1042 4655 innotuerit,
1078 4589 1388 4643 traditione
1427 4589 1748 4643 stabilenda
1774 4591 2020 4645 conﬁce-

414 4682 523 4733 ret.
555 4677 700 4731 Fieri
731 4678 886 4732 enim
917 4677 1083 4733 facile
1115 4683 1327 4750 potest,
1365 4683 1446 4744 ut,
1472 4680 1627 4750 quod
1651 4684 1779 4750 past
1797 4684 2020 4735 trecen-

417 4770 504 4822 tos
534 4765 784 4837 amplius
808 4782 1010 4832 annos,
1035 4784 1069 4820 a
1095 4785 1156 4822 re
1173 4771 1334 4838 gesta
1357 4770 1600 4838 elapsos,
1627 4769 1753 4838 jam
1784 4769 1920 4823 inde
1949 4770 2021 4824 ab

414 4854 580 4924 hujus
609 4854 793 4920 initio,
826 4854 908 4907 uti
941 4871 975 4908 a
1002 4855 1260 4910 Massono
1294 4856 1378 4920 lit,
1412 4855 1563 4908 tradi
1595 4854 1844 4925 potuisse
1875 4872 2022 4911 asse-

412 4943 575 5009 ritur,
610 4943 708 4997 diu
739 4943 1018 4996 duntaxat
1045 4946 1174 5013 post
1194 4943 1342 4997 tradi
1372 4959 1434 4997 re
1467 4943 1589 5012 ipsa
1608 4942 1890 5013 inceperit
1918 4943 2021 4997 sic-

413 5047 523 5104 que
551 5048 669 5087 non
698 5048 731 5085 a
761 5048 893 5086 vera
940 5031 1275 5099 tradi-tione,
1317 5031 1416 5085 sed
1437 5032 1508 5085 ab
1546 5030 1762 5084 incerto
1784 5048 2020 5087 rumore

414 5120 609 5174 trahat
635 5119 947 5190 originem.
971 5120 1112 5174 Hinc
1134 5137 1252 5174 non
1288 5119 1422 5173 satis
1447 5118 1633 5188 capio,
1662 5135 1764 5172 cur
1785 5118 2022 5174 Carthu-

412 5207 605 5273 Sianus
627 5211 824 5262 noster
837 5224 1162 5280 anonymus
1183 5207 1613 5261 Lucubrationis
1639 5223 1752 5260 sua:
1779 5207 2019 5277 ειερὶεεὶ-

373 5305 375 5308 ’
412 5313 508 5351 me
529 5297 774 5351 laudatm
789 5314 952 5351 num.
976 5299 1044 5352 47
1068 5296 1146 5351 sic
1177 5296 1423 5350 scribat:
1461 5317 1488 5343 «
1515 5295 1678 5356 Quod
1710 5298 1930 5364 spectat
1945 5296 2019 5350 ad

417 5383 648 5438 Patrum
696 5385 1092 5450 traditionem,
1143 5384 1292 5438 hanc
1332 5382 1470 5436 satis
1500 5397 1782 5452 superque
1835 5382 2020 5438 solida

410 5470 848 5528 ratiocinatione
865 5471 1134 5527 stabilivit
1146 5472 1282 5525 ΚΡ.
1302 5469 1686 5542 (Innocentius
1711 5470 1765 5523 le
1792 5469 2012 5526 Masson

2121 4498 2501 4572 praefatorum
2560 4497 2784 4563 septem
2815 4490 3036 4546 ordinis
3085 4489 3514 4562 primipilorum
3542 4504 3558 4553 ;
3590 4501 3733 4556 quos

2123 4585 2359 4658 quidem
2393 4581 2700 4650 discipulos
2729 4580 2908 4633 vitam
2951 4577 3162 4633 scimus
3190 4576 3537 4648 protraxisse
3582 4573 3734 4627 ultra

2123 4688 2344 4728 annum
2389 4671 2543 4734 1200,
2595 4671 2661 4722 ut
2694 4671 2829 4722 sunt
2863 4669 3092 4722 sanctus
3129 4665 3419 4730 Artaldus,
3445 4661 3737 4734 professus-

2124 4762 2332 4816 domus
2359 4760 2685 4822 Portarum,
2722 4755 2820 4826 qui
2847 4755 2924 4810 ad
2950 4754 3317 4810 fundandam
3373 4749 3732 4807 Carthusiam

2120 4847 2370 4903 Arveriae
2404 4846 2608 4900 missus
2654 4844 2807 4898 circa
2831 4859 3054 4898 annum
3089 4845 3248 4907 1132,
3283 4843 3485 4913 postea
3513 4837 3732 4893 ibidem

2121 4939 2302 4992 factus
2335 4934 2493 5004 prior
2517 4937 2575 4987 et
2615 4931 2869 4987 ecclesias
2921 4929 3251 4986 Bellicensis
3311 4927 3630 4999 episcopus,
3664 4940 3734 4981 ac

2121 5025 2359 5081 tandem
2390 5022 2567 5076 redux
2605 5021 2758 5092 apud
2795 5019 3097 5075 Arveriam
3152 5017 3297 5073 obiit
3355 5032 3510 5070 anno
3571 5015 3734 5079 1206,

2122 5129 2304 5168 annos
2334 5113 2502 5164 natus
2523 5109 2756 5162 centum
2789 5106 3066 5179 quinque.
3098 5103 3424 5170 Garnerius,
3459 5101 3736 5158 dominus

2122 5202 2193 5257 de
2222 5201 2504 5264 Balmeto,
2537 5195 2927 5253 confundator
2963 5196 3171 5251 domus
3191 5193 3480 5264 Majorevi,
3521 5192 3729 5248 erectam

2121 5306 2274 5345 anno
2304 5290 2461 5354 1116,
2495 5286 2614 5357 qui,
2645 5288 2776 5356 post
2803 5287 3058 5345 mortem
3089 5281 3282 5338 uxoris
3297 5282 3480 5336 factus
3507 5278 3727 5340 ibidem

2119 5394 2444 5443 conversus,
2464 5392 2684 5430 annum
2701 5373 2844 5430 vidit
2863 5372 3238 5431 millesimum
3264 5368 3726 5434 ducentesinmm

2111 5467 2413 5526 decimum
2450 5467 2744 5536 quartum.
2805 5463 3004 5518 Frater
3047 5459 3350 5532 Aynardus
3394 5473 3726 5524 conversus,
