  <div class='ocr_page' id='page_1' title='image "/cluster/home/n/w/nwhite01/storage/ocr_20150623/152/hvd.32044054760103/108.png"; bbox 0 0 4026 6042; ppageno 0'>
   <div class='ocr_carea' id='block_1_1' title="bbox 292 363 406 422">
    <p class='ocr_par' dir='ltr' id='par_1_1' title="bbox 292 363 406 422">
     <span class='ocr_line' id='line_1_1' title="bbox 292 363 406 422; baseline 0 -1"><span class='ocrx_word' id='word_1_1' title='bbox 292 363 406 422; x_wconf 72' lang='lat'>205</span> 
     </span>
    </p>
   </div>
   <div class='ocr_carea' id='block_1_2' title="bbox 1866 358 2055 419">
    <p class='ocr_par' dir='ltr' id='par_1_2' title="bbox 1866 358 2055 419">
     <span class='ocr_line' id='line_1_2' title="bbox 1866 358 2055 419; baseline -0.005 0"><span class='ocrx_word' id='word_1_2' title='bbox 1866 358 2055 419; x_wconf 78' lang='lat' dir='ltr'>ACTA</span> 
     </span>
    </p>
   </div>
   <div class='ocr_carea' id='block_1_3' title="bbox 3503 370 3613 431">
    <p class='ocr_par' dir='ltr' id='par_1_3' title="bbox 3503 370 3613 431">
     <span class='ocr_line' id='line_1_3' title="bbox 3503 370 3613 431; baseline 0 -1"><span class='ocrx_word' id='word_1_3' title='bbox 3503 370 3613 431; x_wconf 81' lang='lat'>206</span> 
     </span>
    </p>
   </div>
   <div class='ocr_carea' id='block_1_4' title="bbox 280 487 3614 566">
    <p class='ocr_par' dir='ltr' id='par_1_4' title="bbox 280 487 3614 566">
     <span class='ocr_line' id='line_1_4' title="bbox 280 487 3614 566; baseline 0.003 -21"><span class='ocrx_word' id='word_1_4' title='bbox 280 487 575 562; x_wconf 88' lang='lat' dir='ltr'>professus</span> <span class='ocrx_word' id='word_1_5' title='bbox 619 488 844 563; x_wconf 82' lang='lat' dir='ltr'>Majoris</span> <span class='ocrx_word' id='word_1_6' title='bbox 889 491 1221 562; x_wconf 80' lang='lat' dir='ltr'>Carthusiae,</span> <span class='ocrx_word' id='word_1_7' title='bbox 1255 492 1353 566; x_wconf 88' lang='lat' dir='ltr'>qui</span> <span class='ocrx_word' id='word_1_8' title='bbox 1389 491 1585 549; x_wconf 84' lang='lat' dir='ltr'><strong>forsan</strong></span> <span class='ocrx_word' id='word_1_9' title='bbox 1634 492 1900 547; x_wconf 89' lang='lat' dir='ltr'>sanctum</span> <span class='ocrx_word' id='word_1_10' title='bbox 1927 494 2212 560; x_wconf 75' lang='lat' dir='ltr'>Anymus</span> <span class='ocrx_word' id='word_1_11' title='bbox 2236 488 2441 546; x_wconf 85' lang='lat' dir='ltr'>itidem</span> <span class='ocrx_word' id='word_1_12' title='bbox 2468 492 2743 548; x_wconf 88' lang='lat' dir='ltr'>tractatus</span> <span class='ocrx_word' id='word_1_13' title='bbox 2756 492 2827 548; x_wconf 92' lang='lat' dir='ltr'>de</span> <span class='ocrx_word' id='word_1_14' title='bbox 2842 491 2900 549; x_wconf 91' lang='lat' dir='ltr'>S.</span> <span class='ocrx_word' id='word_1_15' title='bbox 2931 492 3217 563; x_wconf 88' lang='lat' dir='ltr'>Brunone,</span> <span class='ocrx_word' id='word_1_16' title='bbox 3236 494 3614 554; x_wconf 87' lang='lat' dir='ltr'>aCarthusia-</span> 
     </span>
    </p>
   </div>
   <div class='ocr_carea' id='block_1_5' title="bbox 285 579 1901 644">
    <p class='ocr_par' dir='ltr' id='par_1_5' title="bbox 285 579 1901 644">
     <span class='ocr_line' id='line_1_5' title="bbox 285 579 1901 644; baseline 0.001 -12"><span class='ocrx_word' id='word_1_17' title='bbox 285 579 622 636; x_wconf 86' lang='lat' dir='ltr'>Brunoncm</span> <span class='ocrx_word' id='word_1_18' title='bbox 649 581 889 644; x_wconf 86' lang='lat' dir='ltr'>viderat.</span> <span class='ocrx_word' id='word_1_19' title='bbox 920 599 1052 638; x_wconf 90' lang='lat' dir='ltr'>cum</span> <span class='ocrx_word' id='word_1_20' title='bbox 1084 585 1308 638; x_wconf 90' lang='lat' dir='ltr'>constet</span> <span class='ocrx_word' id='word_1_21' title='bbox 1336 599 1403 637; x_wconf 82' lang='lat' dir='ltr'>ex</span> <span class='ocrx_word' id='word_1_22' title='bbox 1427 583 1553 636; x_wconf 85' lang='lat' dir='ltr'>Vita</span> <span class='ocrx_word' id='word_1_23' title='bbox 1576 581 1757 637; x_wconf 83' lang='lat' dir='ltr'>sancti</span> <span class='ocrx_word' id='word_1_24' title='bbox 1790 580 1901 634; x_wconf 84' lang='lat' dir='ltr'>Hu-</span> 
     </span>
    </p>
   </div>
   <div class='ocr_carea' id='block_1_6' title="bbox 284 668 1904 739">
    <p class='ocr_par' dir='ltr' id='par_1_6' title="bbox 284 668 1904 739">
     <span class='ocr_line' id='line_1_6' title="bbox 284 668 1904 739; baseline 0.002 -18"><span class='ocrx_word' id='word_1_25' title='bbox 284 668 455 739; x_wconf 88' lang='lat' dir='ltr'>gonis</span> <span class='ocrx_word' id='word_1_26' title='bbox 472 668 904 739; x_wconf 85' lang='lat' dir='ltr'>Lincolniensis,</span> <span class='ocrx_word' id='word_1_27' title='bbox 925 688 1059 725; x_wconf 92' lang='lat' dir='ltr'>eum</span> <span class='ocrx_word' id='word_1_28' title='bbox 1073 674 1304 726; x_wconf 87' lang='lat' dir='ltr'>tantum</span> <span class='ocrx_word' id='word_1_29' title='bbox 1331 671 1534 727; x_wconf 90' lang='lat' dir='ltr'>obiisse</span> <span class='ocrx_word' id='word_1_30' title='bbox 1547 687 1702 726; x_wconf 89' lang='lat' dir='ltr'>anno</span> <span class='ocrx_word' id='word_1_31' title='bbox 1720 668 1904 725; x_wconf 67' lang='lat' dir='ltr'>aetatis</span> 
     </span>
    </p>
   </div>
   <div class='ocr_carea' id='block_1_7' title="bbox 286 758 1906 831">
    <p class='ocr_par' dir='ltr' id='par_1_7' title="bbox 286 758 1906 831">
     <span class='ocr_line' id='line_1_7' title="bbox 286 758 1906 831; baseline 0.001 -21"><span class='ocrx_word' id='word_1_32' title='bbox 286 773 405 811; x_wconf 63' lang='lat' dir='ltr'>suae</span> <span class='ocrx_word' id='word_1_33' title='bbox 467 758 784 813; x_wconf 89' lang='lat' dir='ltr'>centesimo</span> <span class='ocrx_word' id='word_1_34' title='bbox 838 759 1115 831; x_wconf 89' lang='lat' dir='ltr'>vigesimo</span> <span class='ocrx_word' id='word_1_35' title='bbox 1169 763 1348 828; x_wconf 87' lang='lat' dir='ltr'>sexto,</span> <span class='ocrx_word' id='word_1_36' title='bbox 1405 760 1504 831; x_wconf 88' lang='lat' dir='ltr'>qui</span> <span class='ocrx_word' id='word_1_37' title='bbox 1559 759 1668 814; x_wconf 89' lang='lat' dir='ltr'>fuit</span> <span class='ocrx_word' id='word_1_38' title='bbox 1721 775 1906 813; x_wconf 90' lang='lat' dir='ltr'>annus</span> 
     </span>
    </p>
   </div>
   <div class='ocr_carea' id='block_1_8' title="bbox 284 844 1905 920">
    <p class='ocr_par' dir='ltr' id='par_1_8' title="bbox 284 844 1905 920">
     <span class='ocr_line' id='line_1_8' title="bbox 284 844 1905 920; baseline 0.001 -19"><span class='ocrx_word' id='word_1_39' title='bbox 284 844 496 901; x_wconf 83' lang='lat' dir='ltr'>Christi</span> <span class='ocrx_word' id='word_1_40' title='bbox 524 846 863 902; x_wconf 85' lang='lat' dir='ltr'>millesimus</span> <span class='ocrx_word' id='word_1_41' title='bbox 889 849 1312 903; x_wconf 86' lang='lat' dir='ltr'>ducentesimus</span> <span class='ocrx_word' id='word_1_42' title='bbox 1350 852 1585 920; x_wconf 87' lang='lat' dir='ltr'>quartus</span> <span class='ocrx_word' id='word_1_43' title='bbox 1618 849 1706 903; x_wconf 87' lang='lat' dir='ltr'>vel</span> <span class='ocrx_word' id='word_1_44' title='bbox 1734 847 1905 920; x_wconf 91' lang='lat' dir='ltr'>paulo</span> 
     </span>
    </p>
   </div>
   <div class='ocr_carea' id='block_1_9' title="bbox 282 934 1905 1007">
    <p class='ocr_par' dir='ltr' id='par_1_9' title="bbox 282 934 1905 1007">
     <span class='ocr_line' id='line_1_9' title="bbox 282 934 1905 1007; baseline 0.002 -18"><span class='ocrx_word' id='word_1_45' title='bbox 282 934 557 1007; x_wconf 87' lang='lat' dir='ltr'>amplius.</span> <span class='ocrx_word' id='word_1_46' title='bbox 611 940 675 991; x_wconf 95' lang='lat' dir='ltr'>ut</span> <span class='ocrx_word' id='word_1_47' title='bbox 722 954 790 993; x_wconf 83' lang='lat' dir='ltr'>ex</span> <span class='ocrx_word' id='word_1_48' title='bbox 840 939 1046 994; x_wconf 90' lang='lat' dir='ltr'>eadem</span> <span class='ocrx_word' id='word_1_49' title='bbox 1104 938 1250 1005; x_wconf 82' lang='lat' dir='ltr'>Vita,</span> <span class='ocrx_word' id='word_1_50' title='bbox 1306 939 1378 993; x_wconf 90' lang='lat' dir='ltr'>ab</span> <span class='ocrx_word' id='word_1_51' title='bbox 1422 941 1654 994; x_wconf 90' lang='lat' dir='ltr'>auctore</span> <span class='ocrx_word' id='word_1_52' title='bbox 1715 954 1905 993; x_wconf 74' lang='lat' dir='ltr'>cozevo</span> 
     </span>
    </p>
   </div>
   <div class='ocr_carea' id='block_1_10' title="bbox 282 1025 1903 1097">
    <p class='ocr_par' dir='ltr' id='par_1_10' title="bbox 282 1025 1903 1097">
     <span class='ocr_line' id='line_1_10' title="bbox 282 1025 1903 1097; baseline 0.002 -18"><span class='ocrx_word' id='word_1_53' title='bbox 282 1025 632 1097; x_wconf 88' lang='lat' dir='ltr'>conscripta,</span> <span class='ocrx_word' id='word_1_54' title='bbox 657 1026 926 1082; x_wconf 86' lang='lat' dir='ltr'>discimus</span> <span class='ocrx_word' id='word_1_55' title='bbox 939 1032 996 1083; x_wconf 91' lang='lat' dir='ltr'>et</span> <span class='ocrx_word' id='word_1_56' title='bbox 1017 1027 1129 1085; x_wconf 89' lang='lat' dir='ltr'>suis</span> <span class='ocrx_word' id='word_1_57' title='bbox 1154 1028 1290 1083; x_wconf 91' lang='lat' dir='ltr'>locis</span> <span class='ocrx_word' id='word_1_58' title='bbox 1314 1028 1491 1083; x_wconf 86' lang='lat' dir='ltr'>fusius</span> <span class='ocrx_word' id='word_1_59' title='bbox 1521 1027 1903 1083; x_wconf 83' lang='lat' dir='ltr'>narrabimus.</span> 
     </span>
    </p>
   </div>
   <div class='ocr_carea' id='block_1_11' title="bbox 288 1112 1905 1189">
    <p class='ocr_par' dir='ltr' id='par_1_11' title="bbox 288 1112 1905 1189">
     <span class='ocr_line' id='line_1_11' title="bbox 288 1112 1905 1189; baseline 0.001 -21"><span class='ocrx_word' id='word_1_60' title='bbox 288 1112 567 1169; x_wconf 90' lang='lat' dir='ltr'>Constare</span> <span class='ocrx_word' id='word_1_61' title='bbox 594 1115 768 1187; x_wconf 82' lang='lat' dir='ltr'>igitur</span> <span class='ocrx_word' id='word_1_62' title='bbox 801 1116 990 1182; x_wconf 85' lang='lat' dir='ltr'>debet,</span> <span class='ocrx_word' id='word_1_63' title='bbox 1036 1117 1345 1187; x_wconf 60' lang='lat' dir='ltr'>praefatum</span> <span class='ocrx_word' id='word_1_64' title='bbox 1384 1119 1727 1189; x_wconf 89' lang='lat' dir='ltr'>scriptorem</span> <span class='ocrx_word' id='word_1_65' title='bbox 1756 1117 1905 1171; x_wconf 90' lang='lat' dir='ltr'>hanc</span> 
     </span>
    </p>
   </div>
   <div class='ocr_carea' id='block_1_12' title="bbox 284 1203 1904 1280">
    <p class='ocr_par' dir='ltr' id='par_1_12' title="bbox 284 1203 1904 1280">
     <span class='ocr_line' id='line_1_12' title="bbox 284 1203 1904 1280; baseline 0.001 -22"><span class='ocrx_word' id='word_1_66' title='bbox 284 1203 481 1275; x_wconf 82' lang='lat' dir='ltr'>potius</span> <span class='ocrx_word' id='word_1_67' title='bbox 506 1205 787 1276; x_wconf 83' lang='lat' dir='ltr'>accepisse</span> <span class='ocrx_word' id='word_1_68' title='bbox 803 1205 1103 1261; x_wconf 83' lang='lat' dir='ltr'>historiam</span> <span class='ocrx_word' id='word_1_69' title='bbox 1135 1225 1169 1261; x_wconf 92' lang='lat' dir='ltr'>a</span> <span class='ocrx_word' id='word_1_70' title='bbox 1191 1208 1506 1274; x_wconf 83' lang='lat' dir='ltr'>monachis,</span> <span class='ocrx_word' id='word_1_71' title='bbox 1539 1207 1637 1280; x_wconf 92' lang='lat' dir='ltr'>qui</span> <span class='ocrx_word' id='word_1_72' title='bbox 1663 1224 1794 1261; x_wconf 85' lang='lat' dir='ltr'>cum</span> <span class='ocrx_word' id='word_1_73' title='bbox 1818 1206 1904 1261; x_wconf 88' lang='lat' dir='ltr'>his</span> 
     </span>
    </p>
   </div>
   <div class='ocr_carea' id='block_1_13' title="bbox 286 1293 1903 1368">
    <p class='ocr_par' dir='ltr' id='par_1_13' title="bbox 286 1293 1903 1368">
     <span class='ocr_line' id='line_1_13' title="bbox 286 1293 1903 1368; baseline 0.002 -21"><span class='ocrx_word' id='word_1_74' title='bbox 286 1296 349 1348; x_wconf 89' lang='lat' dir='ltr'>et</span> <span class='ocrx_word' id='word_1_75' title='bbox 378 1293 502 1349; x_wconf 91' lang='lat' dir='ltr'>aliis</span> <span class='ocrx_word' id='word_1_76' title='bbox 546 1294 835 1351; x_wconf 87' lang='lat' dir='ltr'>sociorum</span> <span class='ocrx_word' id='word_1_77' title='bbox 879 1296 1061 1351; x_wconf 87' lang='lat' dir='ltr'>sancti</span> <span class='ocrx_word' id='word_1_78' title='bbox 1110 1297 1391 1352; x_wconf 89' lang='lat' dir='ltr'>Brunonis</span> <span class='ocrx_word' id='word_1_79' title='bbox 1438 1297 1725 1368; x_wconf 88' lang='lat' dir='ltr'>discipulis</span> <span class='ocrx_word' id='word_1_80' title='bbox 1764 1314 1903 1351; x_wconf 91' lang='lat' dir='ltr'>con-</span> 
     </span>
    </p>
   </div>
   <div class='ocr_carea' id='block_1_14' title="bbox 286 1382 1901 1460">
    <p class='ocr_par' dir='ltr' id='par_1_14' title="bbox 286 1382 1901 1460">
     <span class='ocr_line' id='line_1_14' title="bbox 286 1382 1901 1460; baseline 0.003 -25"><span class='ocrx_word' id='word_1_81' title='bbox 286 1382 570 1449; x_wconf 81' lang='lat' dir='ltr'>vixerant,</span> <span class='ocrx_word' id='word_1_82' title='bbox 606 1384 776 1454; x_wconf 77' lang='lat' dir='ltr'>(inter</span> <span class='ocrx_word' id='word_1_83' title='bbox 806 1402 949 1457; x_wconf 91' lang='lat' dir='ltr'>quos</span> <span class='ocrx_word' id='word_1_84' title='bbox 998 1389 1058 1440; x_wconf 92' lang='lat' dir='ltr'>et</span> <span class='ocrx_word' id='word_1_85' title='bbox 1100 1387 1476 1441; x_wconf 84' lang='lat' dir='ltr'>annumerari</span> <span class='ocrx_word' id='word_1_86' title='bbox 1522 1390 1710 1460; x_wconf 88' lang='lat' dir='ltr'>potest</span> <span class='ocrx_word' id='word_1_87' title='bbox 1738 1388 1804 1442; x_wconf 85' lang='lat' dir='ltr'>R.</span> <span class='ocrx_word' id='word_1_88' title='bbox 1838 1388 1901 1440; x_wconf 90' lang='grc' dir='ltr'>Ρ.</span> 
     </span>
    </p>
   </div>
   <div class='ocr_carea' id='block_1_15' title="bbox 286 1470 1910 1548">
    <p class='ocr_par' dir='ltr' id='par_1_15' title="bbox 286 1470 1910 1548">
     <span class='ocr_line' id='line_1_15' title="bbox 286 1470 1910 1548; baseline 0.006 -24"><span class='ocrx_word' id='word_1_89' title='bbox 286 1470 617 1528; x_wconf 84' lang='lat' dir='ltr'>Jaucelinus</span> <span class='ocrx_word' id='word_1_90' title='bbox 645 1473 956 1530; x_wconf 69' lang='lat' dir='ltr'>Carthusiaa</span> <span class='ocrx_word' id='word_1_91' title='bbox 977 1474 1155 1546; x_wconf 91' lang='lat' dir='ltr'>prior,</span> <span class='ocrx_word' id='word_1_92' title='bbox 1176 1474 1274 1548; x_wconf 88' lang='lat' dir='ltr'>qui</span> <span class='ocrx_word' id='word_1_93' title='bbox 1293 1479 1423 1548; x_wconf 89' lang='lat' dir='ltr'>post</span> <span class='ocrx_word' id='word_1_94' title='bbox 1439 1477 1703 1548; x_wconf 89' lang='lat' dir='ltr'>regimen</span> <span class='ocrx_word' id='word_1_95' title='bbox 1728 1493 1910 1533; x_wconf 90' lang='lat' dir='ltr'>anno-</span> 
     </span>
    </p>
   </div>
   <div class='ocr_carea' id='block_1_16' title="bbox 289 1560 1910 1639">
    <p class='ocr_par' dir='ltr' id='par_1_16' title="bbox 289 1560 1910 1639">
     <span class='ocr_line' id='line_1_16' title="bbox 289 1560 1910 1639; baseline 0.004 -26"><span class='ocrx_word' id='word_1_96' title='bbox 289 1575 427 1614; x_wconf 89' lang='lat' dir='ltr'>rum</span> <span class='ocrx_word' id='word_1_97' title='bbox 457 1560 578 1615; x_wconf 87' lang='lat' dir='ltr'>fere</span> <span class='ocrx_word' id='word_1_98' title='bbox 605 1563 903 1635; x_wconf 87' lang='lat' dir='ltr'>sexaginta</span> <span class='ocrx_word' id='word_1_99' title='bbox 943 1564 1086 1620; x_wconf 89' lang='lat' dir='ltr'>obiit</span> <span class='ocrx_word' id='word_1_100' title='bbox 1115 1582 1270 1620; x_wconf 91' lang='lat' dir='ltr'>anno</span> <span class='ocrx_word' id='word_1_101' title='bbox 1306 1568 1463 1633; x_wconf 83' lang='grc'><strong>1233,</strong></span> <span class='ocrx_word' id='word_1_102' title='bbox 1495 1582 1671 1639; x_wconf 88' lang='lat' dir='ltr'>quem</span> <span class='ocrx_word' id='word_1_103' title='bbox 1703 1568 1760 1620; x_wconf 90' lang='lat' dir='ltr'>et</span> <span class='ocrx_word' id='word_1_104' title='bbox 1788 1565 1910 1637; x_wconf 89' lang='lat' dir='ltr'>ipse</span> 
     </span>
    </p>
   </div>
   <div class='ocr_carea' id='block_1_17' title="bbox 290 1651 1913 1727">
    <p class='ocr_par' dir='ltr' id='par_1_17' title="bbox 290 1651 1913 1727">
     <span class='ocr_line' id='line_1_17' title="bbox 290 1651 1913 1727; baseline 0.003 -26"><span class='ocrx_word' id='word_1_105' title='bbox 290 1651 496 1703; x_wconf 86' lang='lat' dir='ltr'>noster</span> <span class='ocrx_word' id='word_1_106' title='bbox 522 1654 722 1706; x_wconf 89' lang='lat' dir='ltr'>auctor</span> <span class='ocrx_word' id='word_1_107' title='bbox 766 1654 964 1724; x_wconf 87' lang='lat' dir='ltr'>procul</span> <span class='ocrx_word' id='word_1_108' title='bbox 998 1653 1172 1709; x_wconf 91' lang='lat' dir='ltr'>dubio</span> <span class='ocrx_word' id='word_1_109' title='bbox 1220 1655 1552 1726; x_wconf 84' lang='lat' dir='ltr'>agnoverat)</span> <span class='ocrx_word' id='word_1_110' title='bbox 1584 1670 1761 1727; x_wconf 89' lang='lat' dir='ltr'>quam</span> <span class='ocrx_word' id='word_1_111' title='bbox 1794 1668 1913 1708; x_wconf 86' lang='lat' dir='ltr'>«ex</span> 
     </span>
    </p>
   </div>
   <div class='ocr_carea' id='block_1_18' title="bbox 292 1736 1913 1816">
    <p class='ocr_par' dir='ltr' id='par_1_18' title="bbox 292 1736 1913 1816">
     <span class='ocr_line' id='line_1_18' title="bbox 292 1736 1913 1816; baseline 0.004 -26"><span class='ocrx_word' id='word_1_112' title='bbox 292 1756 323 1785; x_wconf 83' lang='grc'><strong>››</strong></span> <span class='ocrx_word' id='word_1_113' title='bbox 357 1737 583 1793; x_wconf 90' lang='lat' dir='ltr'>incerto</span> <span class='ocrx_word' id='word_1_114' title='bbox 611 1736 858 1796; x_wconf 68' lang='lat' dir='ltr'>credulae</span> <span class='ocrx_word' id='word_1_115' title='bbox 888 1742 1071 1815; x_wconf 85' lang='lat' dir='ltr'>plebis</span> <span class='ocrx_word' id='word_1_116' title='bbox 1114 1759 1376 1812; x_wconf 89' lang='lat' dir='ltr'>rumore,</span> <span class='ocrx_word' id='word_1_117' title='bbox 1418 1747 1475 1798; x_wconf 92' lang='lat' dir='ltr'>et</span> <span class='ocrx_word' id='word_1_118' title='bbox 1520 1742 1913 1816; x_wconf 89' lang='lat' dir='ltr'>quorumdam</span> 
     </span>
    </p>
   </div>
   <div class='ocr_carea' id='block_1_19' title="bbox 2002 575 3614 651">
    <p class='ocr_par' dir='ltr' id='par_1_19' title="bbox 2002 575 3614 651">
     <span class='ocr_line' id='line_1_19' title="bbox 2002 575 3614 651; baseline 0.008 -21"><span class='ocrx_word' id='word_1_119' title='bbox 2002 575 2092 631; x_wconf 89' lang='lat' dir='ltr'>nis</span> <span class='ocrx_word' id='word_1_120' title='bbox 2117 577 2405 648; x_wconf 88' lang='lat' dir='ltr'>hujatibus</span> <span class='ocrx_word' id='word_1_121' title='bbox 2433 597 2661 635; x_wconf 87' lang='lat' dir='ltr'>mecum</span> <span class='ocrx_word' id='word_1_122' title='bbox 2694 581 3341 651; x_wconf 88' lang='lat' dir='ltr'>communic‘ati,auctor</span> <span class='ocrx_word' id='word_1_123' title='bbox 3370 586 3614 642; x_wconf 87' lang='lat' dir='ltr'>additio-</span> 
     </span>
    </p>
   </div>
   <div class='ocr_carea' id='block_1_20' title="bbox 2004 666 3619 748">
    <p class='ocr_par' dir='ltr' id='par_1_20' title="bbox 2004 666 3619 748">
     <span class='ocr_line' id='line_1_20' title="bbox 2004 666 3619 748; baseline 0.007 -28"><span class='ocrx_word' id='word_1_124' title='bbox 2004 666 2175 721; x_wconf 90' lang='lat' dir='ltr'>nibus</span> <span class='ocrx_word' id='word_1_125' title='bbox 2204 670 2496 723; x_wconf 88' lang='lat' dir='ltr'>nonnullis</span> <span class='ocrx_word' id='word_1_126' title='bbox 2545 671 2960 743; x_wconf 87' lang='lat' dir='ltr'>amplificatum</span> <span class='ocrx_word' id='word_1_127' title='bbox 3000 673 3250 728; x_wconf 86' lang='lat' dir='ltr'>exhibet.</span> <span class='ocrx_word' id='word_1_128' title='bbox 3295 676 3481 748; x_wconf 83' lang='lat' dir='ltr'>Atque</span> <span class='ocrx_word' id='word_1_129' title='bbox 3525 676 3619 731; x_wconf 92' lang='lat' dir='ltr'>hic</span> 
     </span>
    </p>
   </div>
   <div class='ocr_carea' id='block_1_21' title="bbox 2007 753 3619 834">
    <p class='ocr_par' dir='ltr' id='par_1_21' title="bbox 2007 753 3619 834">
     <span class='ocr_line' id='line_1_21' title="bbox 2007 753 3619 834; baseline 0.006 -26"><span class='ocrx_word' id='word_1_130' title='bbox 2007 753 2263 827; x_wconf 91' lang='lat' dir='ltr'>quidem,</span> <span class='ocrx_word' id='word_1_131' title='bbox 2280 756 2418 811; x_wconf 88' lang='lat' dir='ltr'>dum</span> <span class='ocrx_word' id='word_1_132' title='bbox 2439 757 2496 813; x_wconf 91' lang='lat' dir='ltr'>id</span> <span class='ocrx_word' id='word_1_133' title='bbox 2513 758 2666 826; x_wconf 83' lang='lat' dir='ltr'>facit,</span> <span class='ocrx_word' id='word_1_134' title='bbox 2688 775 2817 813; x_wconf 89' lang='lat' dir='ltr'>rem</span> <span class='ocrx_word' id='word_1_135' title='bbox 2839 760 3174 831; x_wconf 88' lang='lat' dir='ltr'>quampiam</span> <span class='ocrx_word' id='word_1_136' title='bbox 3192 765 3390 832; x_wconf 91' lang='lat' dir='ltr'>postea</span> <span class='ocrx_word' id='word_1_137' title='bbox 3408 763 3619 834; x_wconf 89' lang='lat' dir='ltr'>proba-</span> 
     </span>
    </p>
   </div>
   <div class='ocr_carea' id='block_1_22' title="bbox 2007 846 3619 917">
    <p class='ocr_par' dir='ltr' id='par_1_22' title="bbox 2007 846 3619 917">
     <span class='ocr_line' id='line_1_22' title="bbox 2007 846 3619 917; baseline 0.006 -19"><span class='ocrx_word' id='word_1_138' title='bbox 2007 861 2071 899; x_wconf 90' lang='lat' dir='ltr'>re</span> <span class='ocrx_word' id='word_1_139' title='bbox 2099 862 2450 917; x_wconf 89' lang='lat' dir='ltr'>proponens,</span> <span class='ocrx_word' id='word_1_140' title='bbox 2484 846 2593 902; x_wconf 85' lang='lat' dir='ltr'>ait:</span> <span class='ocrx_word' id='word_1_141' title='bbox 2622 871 2649 898; x_wconf 83' lang='lat'><strong>«</strong></span> <span class='ocrx_word' id='word_1_142' title='bbox 2680 849 2753 902; x_wconf 92' lang='lat' dir='ltr'>Ut</span> <span class='ocrx_word' id='word_1_143' title='bbox 2781 865 2882 903; x_wconf 91' lang='lat' dir='ltr'>suo</span> <span class='ocrx_word' id='word_1_144' title='bbox 2905 850 3027 904; x_wconf 93' lang='lat' dir='ltr'>loco</span> <span class='ocrx_word' id='word_1_145' title='bbox 3050 849 3109 904; x_wconf 92' lang='lat' dir='ltr'>in</span> <span class='ocrx_word' id='word_1_146' title='bbox 3134 852 3448 906; x_wconf 77' lang='lat' dir='ltr'>Annalibus</span> <span class='ocrx_word' id='word_1_147' title='bbox 3466 852 3619 907; x_wconf 90' lang='lat' dir='ltr'>dice-</span> 
     </span>
    </p>
   </div>
   <div class='ocr_carea' id='block_1_23' title="bbox 2007 936 3617 1010">
    <p class='ocr_par' dir='ltr' id='par_1_23' title="bbox 2007 936 3617 1010">
     <span class='ocr_line' id='line_1_23' title="bbox 2007 936 3617 1010; baseline 0.004 -23"><span class='ocrx_word' id='word_1_148' title='bbox 2007 950 2156 1000; x_wconf 89' lang='lat' dir='ltr'>mus,</span> <span class='ocrx_word' id='word_1_149' title='bbox 2186 956 2213 985; x_wconf 81' lang='lat'><strong>»</strong></span> <span class='ocrx_word' id='word_1_150' title='bbox 2249 936 2498 1010; x_wconf 89' lang='lat' dir='ltr'>alibique</span> <span class='ocrx_word' id='word_1_151' title='bbox 2529 937 2706 992; x_wconf 90' lang='lat' dir='ltr'>etiam</span> <span class='ocrx_word' id='word_1_152' title='bbox 2740 940 2931 1006; x_wconf 89' lang='lat' dir='ltr'>hosce,</span> <span class='ocrx_word' id='word_1_153' title='bbox 2973 940 3145 995; x_wconf 90' lang='lat' dir='ltr'>veluti</span> <span class='ocrx_word' id='word_1_154' title='bbox 3179 958 3211 995; x_wconf 91' lang='lat' dir='ltr'>a</span> <span class='ocrx_word' id='word_1_155' title='bbox 3241 959 3300 995; x_wconf 89' lang='lat' dir='ltr'>se</span> <span class='ocrx_word' id='word_1_156' title='bbox 3342 940 3617 1003; x_wconf 89' lang='lat' dir='ltr'>edendos,</span> 
     </span>
    </p>
   </div>
   <div class='ocr_carea' id='block_1_24' title="bbox 2005 1022 3623 1098">
    <p class='ocr_par' dir='ltr' id='par_1_24' title="bbox 2005 1022 3623 1098">
     <span class='ocr_line' id='line_1_24' title="bbox 2005 1022 3623 1098; baseline 0.004 -22"><span class='ocrx_word' id='word_1_157' title='bbox 2005 1022 2220 1078; x_wconf 88' lang='lat' dir='ltr'>laudat.</span> <span class='ocrx_word' id='word_1_158' title='bbox 2255 1025 2397 1079; x_wconf 86' lang='lat' dir='ltr'>Hinc</span> <span class='ocrx_word' id='word_1_159' title='bbox 2427 1029 2642 1094; x_wconf 91' lang='lat' dir='ltr'>autem,</span> <span class='ocrx_word' id='word_1_160' title='bbox 2667 1027 2823 1098; x_wconf 88' lang='lat' dir='ltr'>quod</span> <span class='ocrx_word' id='word_1_161' title='bbox 2852 1028 2959 1081; x_wconf 91' lang='lat' dir='ltr'>hac</span> <span class='ocrx_word' id='word_1_162' title='bbox 2993 1029 3288 1084; x_wconf 87' lang='lat' dir='ltr'>occasione</span> <span class='ocrx_word' id='word_1_163' title='bbox 3316 1031 3623 1085; x_wconf 90' lang='lat' dir='ltr'>observan-</span> 
     </span>
    </p>
   </div>
   <div class='ocr_carea' id='block_1_25' title="bbox 2007 1110 3619 1188">
    <p class='ocr_par' dir='ltr' id='par_1_25' title="bbox 2007 1110 3619 1188">
     <span class='ocr_line' id='line_1_25' title="bbox 2007 1110 3619 1188; baseline 0.004 -23"><span class='ocrx_word' id='word_1_164' title='bbox 2007 1110 2145 1166; x_wconf 91' lang='lat' dir='ltr'>dum</span> <span class='ocrx_word' id='word_1_165' title='bbox 2179 1112 2332 1175; x_wconf 84' lang='lat' dir='ltr'>duxi,</span> <span class='ocrx_word' id='word_1_166' title='bbox 2365 1130 2482 1168; x_wconf 89' lang='lat' dir='ltr'>non</span> <span class='ocrx_word' id='word_1_167' title='bbox 2512 1113 2805 1169; x_wconf 91' lang='lat' dir='ltr'>immerito</span> <span class='ocrx_word' id='word_1_168' title='bbox 2835 1114 3084 1170; x_wconf 90' lang='lat' dir='ltr'>dubitari</span> <span class='ocrx_word' id='word_1_169' title='bbox 3105 1120 3294 1188; x_wconf 86' lang='lat' dir='ltr'>potest</span> <span class='ocrx_word' id='word_1_170' title='bbox 3309 1135 3382 1173; x_wconf 90' lang='lat' dir='ltr'>an</span> <span class='ocrx_word' id='word_1_171' title='bbox 3412 1118 3619 1172; x_wconf 88' lang='lat' dir='ltr'>Masso-</span> 
     </span>
    </p>
   </div>
   <div class='ocr_carea' id='block_1_26' title="bbox 2007 1202 3617 1278">
    <p class='ocr_par' dir='ltr' id='par_1_26' title="bbox 2007 1202 3617 1278">
     <span class='ocr_line' id='line_1_26' title="bbox 2007 1202 3617 1278; baseline 0.003 -24"><span class='ocrx_word' id='word_1_172' title='bbox 2007 1218 2115 1255; x_wconf 90' lang='lat' dir='ltr'>nus</span> <span class='ocrx_word' id='word_1_173' title='bbox 2143 1218 2315 1273; x_wconf 91' lang='lat' dir='ltr'>supra</span> <span class='ocrx_word' id='word_1_174' title='bbox 2334 1202 2615 1262; x_wconf 90' lang='lat' dir='ltr'>laudatus.</span> <span class='ocrx_word' id='word_1_175' title='bbox 2646 1203 2873 1259; x_wconf 84' lang='lat' dir='ltr'>Ordinis</span> <span class='ocrx_word' id='word_1_176' title='bbox 2901 1205 2985 1259; x_wconf 89' lang='lat' dir='ltr'>sui</span> <span class='ocrx_word' id='word_1_177' title='bbox 3006 1206 3258 1261; x_wconf 84' lang='lat' dir='ltr'>Annales</span> <span class='ocrx_word' id='word_1_178' title='bbox 3285 1206 3617 1278; x_wconf 89' lang='lat' dir='ltr'>scripturus,</span> 
     </span>
    </p>
   </div>
   <div class='ocr_carea' id='block_1_27' title="bbox 2000 1290 3622 1364">
    <p class='ocr_par' dir='ltr' id='par_1_27' title="bbox 2000 1290 3622 1364">
     <span class='ocr_line' id='line_1_27' title="bbox 2000 1290 3622 1364; baseline 0.003 -20"><span class='ocrx_word' id='word_1_179' title='bbox 2000 1290 2329 1346; x_wconf 87' lang='lat' dir='ltr'>Tractatum</span> <span class='ocrx_word' id='word_1_180' title='bbox 2349 1291 2530 1359; x_wconf 89' lang='lat' dir='ltr'>illum,</span> <span class='ocrx_word' id='word_1_181' title='bbox 2562 1308 2593 1346; x_wconf 88' lang='lat' dir='ltr'>e</span> <span class='ocrx_word' id='word_1_182' title='bbox 2618 1309 2731 1364; x_wconf 88' lang='lat' dir='ltr'>quo</span> <span class='ocrx_word' id='word_1_183' title='bbox 2749 1292 2956 1348; x_wconf 91' lang='lat' dir='ltr'>deinde</span> <span class='ocrx_word' id='word_1_184' title='bbox 2979 1310 3013 1348; x_wconf 90' lang='lat' dir='ltr'>a</span> <span class='ocrx_word' id='word_1_185' title='bbox 3030 1292 3402 1350; x_wconf 89' lang='lat' dir='ltr'>Carthusiauo</span> <span class='ocrx_word' id='word_1_186' title='bbox 3426 1298 3622 1350; x_wconf 91' lang='lat' dir='ltr'>nostro</span> 
     </span>
    </p>
   </div>
   <div class='ocr_carea' id='block_1_28' title="bbox 2006 1379 3619 1451">
    <p class='ocr_par' dir='ltr' id='par_1_28' title="bbox 2006 1379 3619 1451">
     <span class='ocr_line' id='line_1_28' title="bbox 2006 1379 3619 1451; baseline 0.002 -18"><span class='ocrx_word' id='word_1_187' title='bbox 2006 1394 2299 1451; x_wconf 83' lang='lat' dir='ltr'>anonymo</span> <span class='ocrx_word' id='word_1_188' title='bbox 2350 1379 2410 1434; x_wconf 91' lang='lat' dir='ltr'>in</span> <span class='ocrx_word' id='word_1_189' title='bbox 2452 1382 2765 1436; x_wconf 86' lang='lat' dir='ltr'>Annalium</span> <span class='ocrx_word' id='word_1_190' title='bbox 2801 1381 3289 1438; x_wconf 87' lang='lat' dir='ltr'>Carthusiensium</span> <span class='ocrx_word' id='word_1_191' title='bbox 3319 1384 3531 1439; x_wconf 90' lang='lat' dir='ltr'>librum</span> <span class='ocrx_word' id='word_1_192' title='bbox 3563 1400 3619 1438; x_wconf 85' lang='lat' dir='ltr'>1v</span> 
     </span>
    </p>
   </div>
   <div class='ocr_carea' id='block_1_29' title="bbox 2009 1468 3623 1541">
    <p class='ocr_par' dir='ltr' id='par_1_29' title="bbox 2009 1468 3623 1541">
     <span class='ocr_line' id='line_1_29' title="bbox 2009 1468 3623 1541; baseline 0.003 -19"><span class='ocrx_word' id='word_1_193' title='bbox 2009 1468 2286 1523; x_wconf 86' lang='lat' dir='ltr'>hactenus</span> <span class='ocrx_word' id='word_1_194' title='bbox 2316 1485 2433 1523; x_wconf 90' lang='lat' dir='ltr'>non</span> <span class='ocrx_word' id='word_1_195' title='bbox 2453 1470 2747 1541; x_wconf 90' lang='lat' dir='ltr'>vulgatum</span> <span class='ocrx_word' id='word_1_196' title='bbox 2769 1471 3049 1525; x_wconf 91' lang='lat' dir='ltr'>nonnulla</span> <span class='ocrx_word' id='word_1_197' title='bbox 3063 1471 3279 1526; x_wconf 83' lang='lat' dir='ltr'>fuerint</span> <span class='ocrx_word' id='word_1_198' title='bbox 3302 1471 3623 1540; x_wconf 88' lang='lat' dir='ltr'>illata,&#39;non</span> 
     </span>
    </p>
   </div>
   <div class='ocr_carea' id='block_1_30' title="bbox 2010 1556 3624 1632">
    <p class='ocr_par' dir='ltr' id='par_1_30' title="bbox 2010 1556 3624 1632">
     <span class='ocr_line' id='line_1_30' title="bbox 2010 1556 3624 1632; baseline 0.003 -21"><span class='ocrx_word' id='word_1_199' title='bbox 2010 1556 2389 1612; x_wconf 89' lang='lat' dir='ltr'>concinnarit.</span> <span class='ocrx_word' id='word_1_200' title='bbox 2423 1559 2495 1613; x_wconf 93' lang='lat' dir='ltr'>Ut</span> <span class='ocrx_word' id='word_1_201' title='bbox 2523 1561 2587 1614; x_wconf 95' lang='lat' dir='ltr'>ut</span> <span class='ocrx_word' id='word_1_202' title='bbox 2614 1558 2706 1625; x_wconf 91' lang='lat' dir='ltr'>sit,</span> <span class='ocrx_word' id='word_1_203' title='bbox 2730 1561 2790 1615; x_wconf 88' lang='lat' dir='ltr'>et</span> <span class='ocrx_word' id='word_1_204' title='bbox 2819 1560 2941 1630; x_wconf 89' lang='lat' dir='ltr'>ejus</span> <span class='ocrx_word' id='word_1_205' title='bbox 2966 1560 3162 1627; x_wconf 89' lang='lat' dir='ltr'>verba,</span> <span class='ocrx_word' id='word_1_206' title='bbox 3191 1576 3265 1615; x_wconf 90' lang='lat' dir='ltr'>ne</span> <span class='ocrx_word' id='word_1_207' title='bbox 3286 1561 3444 1632; x_wconf 91' lang='lat' dir='ltr'>quid,</span> <span class='ocrx_word' id='word_1_208' title='bbox 3468 1561 3624 1632; x_wconf 89' lang='lat' dir='ltr'>quod</span> 
     </span>
    </p>
   </div>
   <div class='ocr_carea' id='block_1_31' title="bbox 2014 1647 3626 1722">
    <p class='ocr_par' dir='ltr' id='par_1_31' title="bbox 2014 1647 3626 1722">
     <span class='ocr_line' id='line_1_31' title="bbox 2014 1647 3626 1722; baseline 0.002 -19"><span class='ocrx_word' id='word_1_209' title='bbox 2014 1648 2337 1704; x_wconf 65' lang='lat' dir='ltr'>asserenda:</span> <span class='ocrx_word' id='word_1_210' title='bbox 2367 1647 2636 1720; x_wconf 74' lang='lat' dir='ltr'>genuinas</span> <span class='ocrx_word' id='word_1_211' title='bbox 2651 1649 2722 1704; x_wconf 92' lang='lat' dir='ltr'>de</span> <span class='ocrx_word' id='word_1_212' title='bbox 2733 1649 2998 1722; x_wconf 90' lang='lat' dir='ltr'>prodigio</span> <span class='ocrx_word' id='word_1_213' title='bbox 3012 1650 3315 1707; x_wconf 89' lang='lat' dir='ltr'>Parisiensi</span> <span class='ocrx_word' id='word_1_214' title='bbox 3329 1652 3626 1708; x_wconf 84' lang='lat' dir='ltr'>traditioni</span> 
     </span>
    </p>
   </div>
   <div class='ocr_carea' id='block_1_32' title="bbox 2013 1737 3627 1810">
    <p class='ocr_par' dir='ltr' id='par_1_32' title="bbox 2013 1737 3627 1810">
     <span class='ocr_line' id='line_1_32' title="bbox 2013 1737 3627 1810; baseline 0.002 -17"><span class='ocrx_word' id='word_1_215' title='bbox 2013 1737 2314 1808; x_wconf 78' lang='lat' dir='ltr'>suffragari</span> <span class='ocrx_word' id='word_1_216' title='bbox 2344 1740 2655 1809; x_wconf 88' lang='lat' dir='ltr'>utcumque</span> <span class='ocrx_word' id='word_1_217' title='bbox 2705 1740 2899 1810; x_wconf 90' lang='lat' dir='ltr'>queat,</span> <span class='ocrx_word' id='word_1_218' title='bbox 2951 1737 3205 1795; x_wconf 91' lang='lat' dir='ltr'>omisisse</span> <span class='ocrx_word' id='word_1_219' title='bbox 3250 1740 3467 1807; x_wconf 89' lang='lat' dir='ltr'>videar,</span> <span class='ocrx_word' id='word_1_220' title='bbox 3514 1742 3627 1796; x_wconf 91' lang='lat' dir='ltr'>huc</span> 
     </span>
    </p>
   </div>
   <div class='ocr_carea' id='block_1_33' title="bbox 292 1809 3626 1905">
    <p class='ocr_par' dir='ltr' id='par_1_33' title="bbox 292 1809 3626 1905">
     <span class='ocr_line' id='line_1_33' title="bbox 292 1809 3626 1905; baseline 0.003 -32"><span class='ocrx_word' id='word_1_221' title='bbox 292 1845 323 1873; x_wconf 72' lang='grc' dir='ltr'>ι»</span> <span class='ocrx_word' id='word_1_222' title='bbox 360 1826 756 1883; x_wconf 77' lang='lat' dir='ltr'>recentiorum</span> <span class='ocrx_word' id='word_1_223' title='bbox 782 1809 1009 1897; x_wconf 46' lang='lat' dir='ltr'>fabius,</span> <span class='ocrx_word' id='word_1_224' title='bbox 1032 1852 1060 1880; x_wconf 70' lang='grc' dir='ltr'><strong>υ</strong></span> <span class='ocrx_word' id='word_1_225' title='bbox 1098 1834 1161 1887; x_wconf 76' lang='grc' dir='ltr'>ιιι</span> <span class='ocrx_word' id='word_1_226' title='bbox 1188 1809 1376 1899; x_wconf 43' lang='lat' dir='ltr'>nobis;</span> <span class='ocrx_word' id='word_1_227' title='bbox 1407 1809 1689 1905; x_wconf 46' lang='lat' dir='ltr'>tanq&#39;uam</span> <span class='ocrx_word' id='word_1_228' title='bbox 1720 1830 1915 1888; x_wconf 70' lang='lat' dir='ltr'>otiosis</span> <span class='ocrx_word' id='word_1_229' title='bbox 1943 1809 1994 1869; x_wconf 86' lang='grc' dir='ltr'>Β</span> <span class='ocrx_word' id='word_1_230' title='bbox 2014 1825 2352 1882; x_wconf 87' lang='lat' dir='ltr'>transcribo.</span> <span class='ocrx_word' id='word_1_231' title='bbox 2386 1824 2478 1880; x_wconf 90' lang='lat' dir='ltr'>Sic</span> <span class='ocrx_word' id='word_1_232' title='bbox 2506 1809 2759 1880; x_wconf 19' lang='lat' dir='ltr'>habenti:</span> <span class='ocrx_word' id='word_1_233' title='bbox 2795 1846 2823 1875; x_wconf 86' lang='grc'>‹‹</span> <span class='ocrx_word' id='word_1_234' title='bbox 2851 1826 2899 1878; x_wconf 87' lang='grc' dir='ltr'>Α</span> <span class='ocrx_word' id='word_1_235' title='bbox 2920 1824 3258 1882; x_wconf 88' lang='lat' dir='ltr'>fundatione</span> <span class='ocrx_word' id='word_1_236' title='bbox 3293 1827 3524 1883; x_wconf 90' lang='lat' dir='ltr'>Ordinis</span> <span class='ocrx_word' id='word_1_237' title='bbox 3552 1829 3626 1884; x_wconf 89' lang='lat' dir='ltr'>ad</span> 
     </span>
    </p>
   </div>
   <div class='ocr_carea' id='block_1_34' title="bbox 290 1914 1226 1988">
    <p class='ocr_par' dir='ltr' id='par_1_34' title="bbox 290 1914 1226 1988">
     <span class='ocr_line' id='line_1_34' title="bbox 290 1914 1226 1988; baseline 0.007 -20"><span class='ocrx_word' id='word_1_238' title='bbox 290 1914 651 1983; x_wconf 87' lang='lat' dir='ltr'>hominibus,</span> <span class='ocrx_word' id='word_1_239' title='bbox 681 1917 892 1988; x_wconf 89' lang='lat' dir='ltr'>objecit</span> <span class='ocrx_word' id='word_1_240' title='bbox 922 1919 1226 1975; x_wconf 89' lang='lat' dir='ltr'>Launoius.</span> 
     </span>
    </p>
   </div>
   <div class='ocr_carea' id='block_1_35' title="bbox 367 2004 1915 2081">
    <p class='ocr_par' dir='ltr' id='par_1_35' title="bbox 367 2004 1915 2081">
     <span class='ocr_line' id='line_1_35' title="bbox 367 2004 1915 2081; baseline 0.003 -22"><span class='ocrx_word' id='word_1_241' title='bbox 367 2004 494 2059; x_wconf 76' lang='grc'><strong>343.</strong></span> <span class='ocrx_word' id='word_1_242' title='bbox 528 2026 555 2054; x_wconf 83' lang='grc'><em>‹‹</em></span> <span class='ocrx_word' id='word_1_243' title='bbox 587 2005 769 2073; x_wconf 91' lang='lat' dir='ltr'>Unde,</span> <span class='ocrx_word' id='word_1_244' title='bbox 797 2023 1010 2078; x_wconf 60' lang='lat' dir='ltr'>quaeso,</span> <span class='ocrx_word' id='word_1_245' title='bbox 1036 2012 1173 2064; x_wconf 91' lang='lat' dir='ltr'>tunc</span> <span class='ocrx_word' id='word_1_246' title='bbox 1192 2008 1471 2081; x_wconf 87' lang='lat' dir='ltr'>temporis</span> <span class='ocrx_word' id='word_1_247' title='bbox 1486 2008 1581 2065; x_wconf 90' lang='lat' dir='ltr'>ille</span> <span class='ocrx_word' id='word_1_248' title='bbox 1610 2031 1639 2060; x_wconf 85' lang='grc'>‹‹</span> <span class='ocrx_word' id='word_1_249' title='bbox 1663 2007 1915 2063; x_wconf 89' lang='lat' dir='ltr'>incertus</span> 
     </span>
    </p>
   </div>
   <div class='ocr_carea' id='block_1_36' title="bbox 286 2095 1913 2171">
    <p class='ocr_par' dir='ltr' id='par_1_36' title="bbox 286 2095 1913 2171">
     <span class='ocr_line' id='line_1_36' title="bbox 286 2095 1913 2171; baseline 0.003 -25"><span class='ocrx_word' id='word_1_250' title='bbox 286 2114 316 2141; x_wconf 83' lang='lat'><strong>»</strong></span> <span class='ocrx_word' id='word_1_251' title='bbox 347 2109 555 2148; x_wconf 88' lang='lat' dir='ltr'>rumor</span> <span class='ocrx_word' id='word_1_252' title='bbox 585 2114 612 2142; x_wconf 84' lang='grc'>››</span> <span class='ocrx_word' id='word_1_253' title='bbox 644 2095 852 2150; x_wconf 89' lang='lat' dir='ltr'>nostris</span> <span class='ocrx_word' id='word_1_254' title='bbox 881 2096 1139 2153; x_wconf 90' lang='lat' dir='ltr'>claustris</span> <span class='ocrx_word' id='word_1_255' title='bbox 1169 2098 1419 2171; x_wconf 87' lang='lat' dir='ltr'>dispergi</span> <span class='ocrx_word' id='word_1_256' title='bbox 1452 2097 1679 2170; x_wconf 89' lang='lat' dir='ltr'>potuit?</span> <span class='ocrx_word' id='word_1_257' title='bbox 1712 2098 1913 2152; x_wconf 90' lang='lat' dir='ltr'>Nonne</span> 
     </span>
    </p>
   </div>
   <div class='ocr_carea' id='block_1_37' title="bbox 284 2182 1914 2259">
    <p class='ocr_par' dir='ltr' id='par_1_37' title="bbox 284 2182 1914 2259">
     <span class='ocr_line' id='line_1_37' title="bbox 284 2182 1914 2259; baseline 0.002 -23"><span class='ocrx_word' id='word_1_258' title='bbox 284 2182 482 2252; x_wconf 87' lang='lat' dir='ltr'>potius</span> <span class='ocrx_word' id='word_1_259' title='bbox 509 2199 577 2237; x_wconf 84' lang='lat' dir='ltr'>ex</span> <span class='ocrx_word' id='word_1_260' title='bbox 602 2183 807 2238; x_wconf 91' lang='lat' dir='ltr'>iisdem</span> <span class='ocrx_word' id='word_1_261' title='bbox 857 2185 1116 2241; x_wconf 86' lang='lat' dir='ltr'>claustris</span> <span class='ocrx_word' id='word_1_262' title='bbox 1144 2188 1317 2259; x_wconf 88' lang='lat' dir='ltr'>longe</span> <span class='ocrx_word' id='word_1_263' title='bbox 1356 2188 1586 2259; x_wconf 89' lang='lat' dir='ltr'>lateque</span> <span class='ocrx_word' id='word_1_264' title='bbox 1632 2185 1914 2258; x_wconf 89' lang='lat' dir='ltr'>paulatim</span> 
     </span>
    </p>
   </div>
   <div class='ocr_carea' id='block_1_38' title="bbox 285 2269 1915 2348">
    <p class='ocr_par' dir='ltr' id='par_1_38' title="bbox 285 2269 1915 2348">
     <span class='ocr_line' id='line_1_38' title="bbox 285 2269 1915 2348; baseline 0.004 -25"><span class='ocrx_word' id='word_1_265' title='bbox 285 2269 526 2325; x_wconf 65' lang='lat' dir='ltr'>diffusus</span> <span class='ocrx_word' id='word_1_266' title='bbox 555 2271 725 2327; x_wconf 89' lang='lat' dir='ltr'>fuisse</span> <span class='ocrx_word' id='word_1_267' title='bbox 749 2273 1025 2329; x_wconf 91' lang='lat' dir='ltr'>dicendus</span> <span class='ocrx_word' id='word_1_268' title='bbox 1044 2276 1174 2331; x_wconf 84' lang='lat' dir='ltr'>est?</span> <span class='ocrx_word' id='word_1_269' title='bbox 1198 2277 1265 2331; x_wconf 91' lang='lat' dir='ltr'>Et</span> <span class='ocrx_word' id='word_1_270' title='bbox 1296 2276 1529 2348; x_wconf 90' lang='lat' dir='ltr'>quidem</span> <span class='ocrx_word' id='word_1_271' title='bbox 1555 2277 1626 2331; x_wconf 89' lang='lat' dir='ltr'>ab</span> <span class='ocrx_word' id='word_1_272' title='bbox 1654 2274 1915 2348; x_wconf 89' lang='lat' dir='ltr'>ipsorum</span> 
     </span>
    </p>
   </div>
   <div class='ocr_carea' id='block_1_39' title="bbox 283 2359 1917 2437">
    <p class='ocr_par' dir='ltr' id='par_1_39' title="bbox 283 2359 1917 2437">
     <span class='ocr_line' id='line_1_39' title="bbox 283 2359 1917 2437; baseline 0.004 -24"><span class='ocrx_word' id='word_1_273' title='bbox 283 2359 524 2414; x_wconf 86' lang='lat' dir='ltr'>Patrum</span> <span class='ocrx_word' id='word_1_274' title='bbox 555 2361 825 2429; x_wconf 87' lang='lat' dir='ltr'>alumnis,</span> <span class='ocrx_word' id='word_1_275' title='bbox 873 2362 1006 2418; x_wconf 89' lang='lat' dir='ltr'>viris</span> <span class='ocrx_word' id='word_1_276' title='bbox 1036 2364 1232 2437; x_wconf 89' lang='lat' dir='ltr'>utique</span> <span class='ocrx_word' id='word_1_277' title='bbox 1290 2364 1638 2435; x_wconf 85' lang='lat' dir='ltr'>gravissimis</span> <span class='ocrx_word' id='word_1_278' title='bbox 1679 2367 1740 2419; x_wconf 88' lang='lat' dir='ltr'>et</span> <span class='ocrx_word' id='word_1_279' title='bbox 1788 2380 1917 2419; x_wconf 88' lang='lat' dir='ltr'>san-</span> 
     </span>
    </p>
   </div>
   <div class='ocr_carea' id='block_1_40' title="bbox 283 2447 1915 2525">
    <p class='ocr_par' dir='ltr' id='par_1_40' title="bbox 283 2447 1915 2525">
     <span class='ocr_line' id='line_1_40' title="bbox 283 2447 1915 2525; baseline 0.003 -24"><span class='ocrx_word' id='word_1_280' title='bbox 283 2447 525 2502; x_wconf 88' lang='lat' dir='ltr'>ctissimi</span> <span class='ocrx_word' id='word_1_281' title='bbox 545 2465 560 2517; x_wconf 89' lang='lat'><strong>;</strong></span> <span class='ocrx_word' id='word_1_282' title='bbox 586 2466 836 2521; x_wconf 91' lang='lat' dir='ltr'>quorum</span> <span class='ocrx_word' id='word_1_283' title='bbox 856 2455 913 2507; x_wconf 91' lang='lat' dir='ltr'>et</span> <span class='ocrx_word' id='word_1_284' title='bbox 928 2469 1321 2525; x_wconf 89' lang='lat' dir='ltr'>successorum</span> <span class='ocrx_word' id='word_1_285' title='bbox 1343 2469 1547 2509; x_wconf 90' lang='lat' dir='ltr'>eorum</span> <span class='ocrx_word' id='word_1_286' title='bbox 1569 2454 1748 2509; x_wconf 82' lang='lat' dir='ltr'>fidem</span> <span class='ocrx_word' id='word_1_287' title='bbox 1768 2452 1915 2507; x_wconf 89' lang='lat' dir='ltr'>tanti</span> 
     </span>
    </p>
   </div>
   <div class='ocr_carea' id='block_1_41' title="bbox 285 2536 1912 2614">
    <p class='ocr_par' dir='ltr' id='par_1_41' title="bbox 285 2536 1912 2614">
     <span class='ocr_line' id='line_1_41' title="bbox 285 2536 1912 2614; baseline 0.004 -24"><span class='ocrx_word' id='word_1_288' title='bbox 285 2536 540 2592; x_wconf 82' lang='lat' dir='ltr'>faciebat</span> <span class='ocrx_word' id='word_1_289' title='bbox 563 2537 918 2595; x_wconf 89' lang='lat' dir='ltr'>Guillielmus</span> <span class='ocrx_word' id='word_1_290' title='bbox 967 2543 1290 2612; x_wconf 88' lang='lat' dir='ltr'>Durandus,</span> <span class='ocrx_word' id='word_1_291' title='bbox 1325 2542 1523 2614; x_wconf 87' lang='lat' dir='ltr'>magni</span> <span class='ocrx_word' id='word_1_292' title='bbox 1570 2542 1823 2598; x_wconf 91' lang='lat' dir='ltr'>nominis</span> <span class='ocrx_word' id='word_1_293' title='bbox 1853 2544 1912 2597; x_wconf 90' lang='lat' dir='ltr'>et</span> 
     </span>
    </p>
   </div>
   <div class='ocr_carea' id='block_1_42' title="bbox 285 2625 1907 2704">
    <p class='ocr_par' dir='ltr' id='par_1_42' title="bbox 285 2625 1907 2704">
     <span class='ocr_line' id='line_1_42' title="bbox 285 2625 1907 2704; baseline 0.004 -25"><span class='ocrx_word' id='word_1_294' title='bbox 285 2625 630 2681; x_wconf 89' lang='lat' dir='ltr'>eruditionis</span> <span class='ocrx_word' id='word_1_295' title='bbox 661 2632 879 2697; x_wconf 90' lang='lat' dir='ltr'>auctor,</span> <span class='ocrx_word' id='word_1_296' title='bbox 906 2632 967 2685; x_wconf 91' lang='lat' dir='ltr'>ut</span> <span class='ocrx_word' id='word_1_297' title='bbox 987 2630 1047 2685; x_wconf 91' lang='lat' dir='ltr'>in</span> <span class='ocrx_word' id='word_1_298' title='bbox 1074 2630 1316 2703; x_wconf 85' lang='lat' dir='ltr'>Speculo</span> <span class='ocrx_word' id='word_1_299' title='bbox 1331 2632 1499 2702; x_wconf 88' lang='lat' dir='ltr'>juris,</span> <span class='ocrx_word' id='word_1_300' title='bbox 1531 2631 1688 2704; x_wconf 89' lang='lat' dir='ltr'>quod</span> <span class='ocrx_word' id='word_1_301' title='bbox 1704 2630 1907 2685; x_wconf 85' lang='lat' dir='ltr'>Adria-</span> 
     </span>
    </p>
   </div>
   <div class='ocr_carea' id='block_1_43' title="bbox 286 2714 1911 2792">
    <p class='ocr_par' dir='ltr' id='par_1_43' title="bbox 286 2714 1911 2792">
     <span class='ocr_line' id='line_1_43' title="bbox 286 2714 1911 2792; baseline 0.004 -24"><span class='ocrx_word' id='word_1_302' title='bbox 286 2731 363 2769; x_wconf 91' lang='lat' dir='ltr'>no</span> <span class='ocrx_word' id='word_1_303' title='bbox 391 2714 436 2767; x_wconf 84' lang='lat' dir='ltr'><strong>V</strong></span> <span class='ocrx_word' id='word_1_304' title='bbox 466 2715 665 2770; x_wconf 83' lang='lat' dir='ltr'>dicavi‘</span> <span class='ocrx_word' id='word_1_305' title='bbox 704 2733 773 2772; x_wconf 88' lang='lat' dir='ltr'>eo</span> <span class='ocrx_word' id='word_1_306' title='bbox 806 2721 1093 2790; x_wconf 90' lang='lat' dir='ltr'>tempore,</span> <span class='ocrx_word' id='word_1_307' title='bbox 1138 2737 1251 2792; x_wconf 90' lang='lat' dir='ltr'>quo</span> <span class='ocrx_word' id='word_1_308' title='bbox 1282 2722 1406 2776; x_wconf 70' lang='lat' dir='ltr'>haec</span> <span class='ocrx_word' id='word_1_309' title='bbox 1455 2720 1693 2776; x_wconf 90' lang='lat' dir='ltr'>historia</span> <span class='ocrx_word' id='word_1_310' title='bbox 1717 2721 1844 2791; x_wconf 90' lang='lat' dir='ltr'>jam</span> <span class='ocrx_word' id='word_1_311' title='bbox 1877 2736 1911 2774; x_wconf 90' lang='lat' dir='ltr'>a</span> 
     </span>
    </p>
   </div>
   <div class='ocr_carea' id='block_1_44' title="bbox 287 2802 1908 2880">
    <p class='ocr_par' dir='ltr' id='par_1_44' title="bbox 287 2802 1908 2880">
     <span class='ocr_line' id='line_1_44' title="bbox 287 2802 1908 2880; baseline 0.003 -22"><span class='ocrx_word' id='word_1_312' title='bbox 287 2802 503 2859; x_wconf 87' lang='lat' dir='ltr'>nostris</span> <span class='ocrx_word' id='word_1_313' title='bbox 534 2807 799 2877; x_wconf 88' lang='lat' dir='ltr'>evulgata</span> <span class='ocrx_word' id='word_1_314' title='bbox 816 2806 1024 2875; x_wconf 83' lang='lat' dir='ltr'>fuerat,</span> <span class='ocrx_word' id='word_1_315' title='bbox 1058 2809 1346 2864; x_wconf 87' lang='lat' dir='ltr'>censuerit</span> <span class='ocrx_word' id='word_1_316' title='bbox 1377 2831 1406 2861; x_wconf 87' lang='lat'><strong>«</strong></span> <span class='ocrx_word' id='word_1_317' title='bbox 1433 2810 1714 2880; x_wconf 83' lang='lat' dir='ltr'>Regulam</span> <span class='ocrx_word' id='word_1_318' title='bbox 1739 2808 1908 2876; x_wconf 87' lang='lat' dir='ltr'>Juris,</span> 
     </span>
    </p>
   </div>
   <div class='ocr_carea' id='block_1_45' title="bbox 287 2893 1908 2965">
    <p class='ocr_par' dir='ltr' id='par_1_45' title="bbox 287 2893 1908 2965">
     <span class='ocr_line' id='line_1_45' title="bbox 287 2893 1908 2965; baseline 0.004 -18"><span class='ocrx_word' id='word_1_319' title='bbox 287 2912 316 2942; x_wconf 81' lang='lat'>»</span> <span class='ocrx_word' id='word_1_320' title='bbox 353 2910 471 2964; x_wconf 87' lang='lat' dir='ltr'>qua</span> <span class='ocrx_word' id='word_1_321' title='bbox 491 2893 712 2949; x_wconf 88' lang='lat' dir='ltr'>nemini</span> <span class='ocrx_word' id='word_1_322' title='bbox 725 2895 857 2951; x_wconf 88' lang='lat' dir='ltr'>licet</span> <span class='ocrx_word' id='word_1_323' title='bbox 874 2895 932 2951; x_wconf 93' lang='lat' dir='ltr'>in</span> <span class='ocrx_word' id='word_1_324' title='bbox 962 2914 1065 2952; x_wconf 90' lang='lat' dir='ltr'>sua</span> <span class='ocrx_word' id='word_1_325' title='bbox 1088 2914 1258 2952; x_wconf 89' lang='lat' dir='ltr'>causa</span> <span class='ocrx_word' id='word_1_326' title='bbox 1282 2897 1680 2953; x_wconf 90' lang='lat' dir='ltr'>testimonium</span> <span class='ocrx_word' id='word_1_327' title='bbox 1698 2897 1908 2965; x_wconf 89' lang='lat' dir='ltr'>dicere,</span> 
     </span>
    </p>
   </div>
   <div class='ocr_carea' id='block_1_46' title="bbox 288 2982 1909 3043">
    <p class='ocr_par' dir='ltr' id='par_1_46' title="bbox 288 2982 1909 3043">
     <span class='ocr_line' id='line_1_46' title="bbox 288 2982 1909 3043; baseline 0.004 -9"><span class='ocrx_word' id='word_1_328' title='bbox 288 3001 318 3031; x_wconf 75' lang='grc' dir='ltr'>ι»</span> <span class='ocrx_word' id='word_1_329' title='bbox 354 2997 475 3036; x_wconf 92' lang='lat' dir='ltr'>non</span> <span class='ocrx_word' id='word_1_330' title='bbox 530 2982 748 3038; x_wconf 89' lang='lat' dir='ltr'>habere</span> <span class='ocrx_word' id='word_1_331' title='bbox 788 2985 981 3040; x_wconf 89' lang='lat' dir='ltr'>locum</span> <span class='ocrx_word' id='word_1_332' title='bbox 1035 2986 1095 3041; x_wconf 90' lang='lat' dir='ltr'>in</span> <span class='ocrx_word' id='word_1_333' title='bbox 1141 2986 1534 3043; x_wconf 88' lang='lat' dir='ltr'>Carthusianis</span> <span class='ocrx_word' id='word_1_334' title='bbox 1591 2989 1649 3041; x_wconf 90' lang='lat' dir='ltr'>et</span> <span class='ocrx_word' id='word_1_335' title='bbox 1702 2986 1909 3041; x_wconf 90' lang='lat' dir='ltr'>Cister-</span> 
     </span>
    </p>
   </div>
   <div class='ocr_carea' id='block_1_47' title="bbox 2013 1913 3628 1988">
    <p class='ocr_par' dir='ltr' id='par_1_47' title="bbox 2013 1913 3628 1988">
     <span class='ocr_line' id='line_1_47' title="bbox 2013 1913 3628 1988; baseline 0.002 -19"><span class='ocrx_word' id='word_1_336' title='bbox 2013 1914 2252 1970; x_wconf 89' lang='lat' dir='ltr'>Bosonis</span> <span class='ocrx_word' id='word_1_337' title='bbox 2280 1916 2534 1980; x_wconf 59' lang='lat' dir='ltr'>aetatem,</span> <span class='ocrx_word' id='word_1_338' title='bbox 2566 1914 2664 1985; x_wconf 93' lang='lat' dir='ltr'>qui</span> <span class='ocrx_word' id='word_1_339' title='bbox 2694 1914 2899 1970; x_wconf 90' lang='lat' dir='ltr'>domos</span> <span class='ocrx_word' id='word_1_340' title='bbox 2937 1913 2994 1968; x_wconf 93' lang='lat' dir='ltr'>S.</span> <span class='ocrx_word' id='word_1_341' title='bbox 3028 1914 3283 1986; x_wconf 84' lang='lat' dir='ltr'>Hugonis</span> <span class='ocrx_word' id='word_1_342' title='bbox 3316 1919 3374 1971; x_wconf 89' lang='lat' dir='ltr'>et</span> <span class='ocrx_word' id='word_1_343' title='bbox 3400 1917 3628 1988; x_wconf 80' lang='lat' dir='ltr'>Majoris</span> 
     </span>
    </p>
   </div>
   <div class='ocr_carea' id='block_1_48' title="bbox 2014 2001 3627 2060">
    <p class='ocr_par' dir='ltr' id='par_1_48' title="bbox 2014 2001 3627 2060">
     <span class='ocr_line' id='line_1_48' title="bbox 2014 2001 3627 2060; baseline 0.002 -3"><span class='ocrx_word' id='word_1_344' title='bbox 2014 2002 2327 2059; x_wconf 72' lang='lat' dir='ltr'>Carthusiaa</span> <span class='ocrx_word' id='word_1_345' title='bbox 2357 2019 2488 2057; x_wconf 90' lang='lat' dir='ltr'>cum</span> <span class='ocrx_word' id='word_1_346' title='bbox 2518 2004 2641 2058; x_wconf 88' lang='lat' dir='ltr'>toto</span> <span class='ocrx_word' id='word_1_347' title='bbox 2674 2002 2887 2057; x_wconf 91' lang='lat' dir='ltr'>Ordine</span> <span class='ocrx_word' id='word_1_348' title='bbox 2917 2001 3064 2056; x_wconf 87' lang='lat' dir='ltr'>rexit</span> <span class='ocrx_word' id='word_1_349' title='bbox 3093 2002 3166 2057; x_wconf 92' lang='lat' dir='ltr'>ab</span> <span class='ocrx_word' id='word_1_350' title='bbox 3198 2019 3350 2059; x_wconf 90' lang='lat' dir='ltr'>anno</span> <span class='ocrx_word' id='word_1_351' title='bbox 3386 2007 3522 2060; x_wconf 80' lang='grc'><strong>1372</strong></span> <span class='ocrx_word' id='word_1_352' title='bbox 3553 2004 3627 2060; x_wconf 89' lang='lat' dir='ltr'>ad</span> 
     </span>
    </p>
   </div>
   <div class='ocr_carea' id='block_1_49' title="bbox 2018 2090 3625 2164">
    <p class='ocr_par' dir='ltr' id='par_1_49' title="bbox 2018 2090 3625 2164">
     <span class='ocr_line' id='line_1_49' title="bbox 2018 2090 3625 2164; baseline -0.001 -16"><span class='ocrx_word' id='word_1_353' title='bbox 2018 2096 2173 2160; x_wconf 87' lang='grc'><strong>1313,</strong></span> <span class='ocrx_word' id='word_1_354' title='bbox 2199 2109 2312 2164; x_wconf 90' lang='lat' dir='ltr'>quo</span> <span class='ocrx_word' id='word_1_355' title='bbox 2345 2090 2669 2164; x_wconf 87' lang='lat' dir='ltr'>decrepitus</span> <span class='ocrx_word' id='word_1_356' title='bbox 2714 2090 2971 2159; x_wconf 86' lang='lat' dir='ltr'>decessit,</span> <span class='ocrx_word' id='word_1_357' title='bbox 3007 2092 3189 2146; x_wconf 89' lang='lat' dir='ltr'>altum</span> <span class='ocrx_word' id='word_1_358' title='bbox 3237 2090 3296 2146; x_wconf 90' lang='lat' dir='ltr'>in</span> <span class='ocrx_word' id='word_1_359' title='bbox 3328 2091 3443 2148; x_wconf 89' lang='lat' dir='ltr'>suis</span> <span class='ocrx_word' id='word_1_360' title='bbox 3470 2094 3625 2149; x_wconf 90' lang='lat' dir='ltr'>clau-</span> 
     </span>
    </p>
   </div>
   <div class='ocr_carea' id='block_1_50' title="bbox 2012 2178 3626 2253">
    <p class='ocr_par' dir='ltr' id='par_1_50' title="bbox 2012 2178 3626 2253">
     <span class='ocr_line' id='line_1_50' title="bbox 2012 2178 3626 2253; baseline -0.001 -16"><span class='ocrx_word' id='word_1_361' title='bbox 2012 2181 2144 2237; x_wconf 86' lang='lat' dir='ltr'>stris</span> <span class='ocrx_word' id='word_1_362' title='bbox 2173 2179 2465 2235; x_wconf 90' lang='lat' dir='ltr'>silentium</span> <span class='ocrx_word' id='word_1_363' title='bbox 2497 2178 2925 2235; x_wconf 89' lang='lat' dir='ltr'>Carthusienses</span> <span class='ocrx_word' id='word_1_364' title='bbox 2955 2180 3289 2247; x_wconf 82' lang='lat' dir='ltr'>tenuerunt,</span> <span class='ocrx_word' id='word_1_365' title='bbox 3323 2197 3427 2235; x_wconf 89' lang='lat' dir='ltr'>nec</span> <span class='ocrx_word' id='word_1_366' title='bbox 3459 2180 3626 2253; x_wconf 88' lang='lat' dir='ltr'>quid-</span> 
     </span>
    </p>
   </div>
   <div class='ocr_carea' id='block_1_51' title="bbox 2014 2268 3624 2345">
    <p class='ocr_par' dir='ltr' id='par_1_51' title="bbox 2014 2268 3624 2345">
     <span class='ocr_line' id='line_1_51' title="bbox 2014 2268 3624 2345; baseline -0.001 -18"><span class='ocrx_word' id='word_1_367' title='bbox 2014 2288 2190 2345; x_wconf 87' lang='lat' dir='ltr'>quam</span> <span class='ocrx_word' id='word_1_368' title='bbox 2217 2274 2316 2325; x_wconf 91' lang='lat' dir='ltr'>aut</span> <span class='ocrx_word' id='word_1_369' title='bbox 2341 2270 2412 2325; x_wconf 90' lang='lat' dir='ltr'>de</span> <span class='ocrx_word' id='word_1_370' title='bbox 2437 2270 2523 2324; x_wconf 91' lang='lat' dir='ltr'>sui</span> <span class='ocrx_word' id='word_1_371' title='bbox 2555 2268 2781 2325; x_wconf 89' lang='lat' dir='ltr'>Ordinis</span> <span class='ocrx_word' id='word_1_372' title='bbox 2813 2271 2964 2336; x_wconf 91' lang='lat' dir='ltr'>ortu,</span> <span class='ocrx_word' id='word_1_373' title='bbox 2999 2271 3099 2323; x_wconf 89' lang='lat' dir='ltr'>aut</span> <span class='ocrx_word' id='word_1_374' title='bbox 3129 2269 3201 2324; x_wconf 91' lang='lat' dir='ltr'>de</span> <span class='ocrx_word' id='word_1_375' title='bbox 3246 2270 3624 2338; x_wconf 87' lang='lat' dir='ltr'>mirabilibus,</span> 
     </span>
    </p>
   </div>
   <div class='ocr_carea' id='block_1_52' title="bbox 2015 2357 3623 2432">
    <p class='ocr_par' dir='ltr' id='par_1_52' title="bbox 2015 2357 3623 2432">
     <span class='ocr_line' id='line_1_52' title="bbox 2015 2357 3623 2432; baseline -0.002 -16"><span class='ocrx_word' id='word_1_376' title='bbox 2015 2377 2142 2432; x_wconf 66' lang='lat' dir='ltr'>quae</span> <span class='ocrx_word' id='word_1_377' title='bbox 2172 2358 2385 2432; x_wconf 90' lang='lat' dir='ltr'>passim</span> <span class='ocrx_word' id='word_1_378' title='bbox 2414 2358 2569 2413; x_wconf 89' lang='lat' dir='ltr'>inter</span> <span class='ocrx_word' id='word_1_379' title='bbox 2607 2375 2705 2412; x_wconf 92' lang='lat' dir='ltr'>eos</span> <span class='ocrx_word' id='word_1_380' title='bbox 2736 2358 2972 2425; x_wconf 85' lang='lat' dir='ltr'>ﬁebant,</span> <span class='ocrx_word' id='word_1_381' title='bbox 3014 2357 3282 2413; x_wconf 89' lang='lat' dir='ltr'>sinebant</span> <span class='ocrx_word' id='word_1_382' title='bbox 3310 2359 3623 2432; x_wconf 90' lang='lat' dir='ltr'>propalari.</span> 
     </span>
    </p>
   </div>
   <div class='ocr_carea' id='block_1_53' title="bbox 2014 2445 3631 2518">
    <p class='ocr_par' dir='ltr' id='par_1_53' title="bbox 2014 2445 3631 2518">
     <span class='ocr_line' id='line_1_53' title="bbox 2014 2445 3631 2518; baseline -0.001 -14"><span class='ocrx_word' id='word_1_383' title='bbox 2014 2450 2131 2504; x_wconf 84' lang='lat' dir='ltr'>Hoc</span> <span class='ocrx_word' id='word_1_384' title='bbox 2151 2449 2223 2503; x_wconf 92' lang='lat' dir='ltr'>de</span> <span class='ocrx_word' id='word_1_385' title='bbox 2252 2447 2340 2502; x_wconf 91' lang='lat' dir='ltr'>his</span> <span class='ocrx_word' id='word_1_386' title='bbox 2366 2448 2608 2502; x_wconf 89' lang='lat' dir='ltr'>testatur</span> <span class='ocrx_word' id='word_1_387' title='bbox 2628 2450 2686 2500; x_wconf 90' lang='lat' dir='ltr'>et</span> <span class='ocrx_word' id='word_1_388' title='bbox 2705 2445 2891 2502; x_wconf 89' lang='lat' dir='ltr'>amice</span> <span class='ocrx_word' id='word_1_389' title='bbox 2918 2446 3294 2518; x_wconf 89' lang='lat' dir='ltr'>conqueritur</span> <span class='ocrx_word' id='word_1_390' title='bbox 3313 2449 3513 2502; x_wconf 89' lang='lat' dir='ltr'>Petrus</span> <span class='ocrx_word' id='word_1_391' title='bbox 3527 2449 3631 2503; x_wconf 88' lang='lat' dir='ltr'>Ve-</span> 
     </span>
    </p>
   </div>
   <div class='ocr_carea' id='block_1_54' title="bbox 2017 2536 3628 2610">
    <p class='ocr_par' dir='ltr' id='par_1_54' title="bbox 2017 2536 3628 2610">
     <span class='ocr_line' id='line_1_54' title="bbox 2017 2536 3628 2610; baseline -0.001 -15"><span class='ocrx_word' id='word_1_392' title='bbox 2017 2537 2329 2606; x_wconf 86' lang='lat' dir='ltr'>nerabillis,</span> <span class='ocrx_word' id='word_1_393' title='bbox 2366 2536 2756 2593; x_wconf 86' lang='lat' dir='ltr'>Cluniacensis</span> <span class='ocrx_word' id='word_1_394' title='bbox 2787 2536 3004 2592; x_wconf 88' lang='lat' dir='ltr'>abbas:</span> <span class='ocrx_word' id='word_1_395' title='bbox 3042 2558 3069 2586; x_wconf 84' lang='lat'><strong>«</strong></span> <span class='ocrx_word' id='word_1_396' title='bbox 3100 2537 3290 2605; x_wconf 86' lang='lat' dir='ltr'>Multa,</span> <span class='ocrx_word' id='word_1_397' title='bbox 3334 2536 3543 2610; x_wconf 89' lang='lat' dir='ltr'>inquit,</span> <span class='ocrx_word' id='word_1_398' title='bbox 3568 2538 3628 2594; x_wconf 91' lang='lat' dir='ltr'>in</span> 
     </span>
    </p>
   </div>
   <div class='ocr_carea' id='block_1_55' title="bbox 2017 2625 3631 2699">
    <p class='ocr_par' dir='ltr' id='par_1_55' title="bbox 2017 2625 3631 2699">
     <span class='ocr_line' id='line_1_55' title="bbox 2017 2625 3631 2699; baseline 0.001 -19"><span class='ocrx_word' id='word_1_399' title='bbox 2017 2650 2045 2680; x_wconf 83' lang='grc'>‹‹</span> <span class='ocrx_word' id='word_1_400' title='bbox 2076 2628 2174 2683; x_wconf 91' lang='lat' dir='ltr'>illo</span> <span class='ocrx_word' id='word_1_401' title='bbox 2200 2642 2360 2682; x_wconf 91' lang='lat' dir='ltr'>sacro</span> <span class='ocrx_word' id='word_1_402' title='bbox 2396 2626 2609 2681; x_wconf 91' lang='lat' dir='ltr'>Ordine</span> <span class='ocrx_word' id='word_1_403' title='bbox 2657 2626 2937 2681; x_wconf 91' lang='lat' dir='ltr'>miracula</span> <span class='ocrx_word' id='word_1_404' title='bbox 2974 2625 3277 2698; x_wconf 86' lang='lat' dir='ltr'>contigisse</span> <span class='ocrx_word' id='word_1_405' title='bbox 3309 2643 3344 2681; x_wconf 88' lang='lat' dir='ltr'>a</span> <span class='ocrx_word' id='word_1_406' title='bbox 3373 2627 3631 2699; x_wconf 90' lang='lat' dir='ltr'>pluribus</span> 
     </span>
    </p>
   </div>
   <div class='ocr_carea' id='block_1_56' title="bbox 2015 2714 3633 2789">
    <p class='ocr_par' dir='ltr' id='par_1_56' title="bbox 2015 2714 3633 2789">
     <span class='ocr_line' id='line_1_56' title="bbox 2015 2714 3633 2789; baseline 0.002 -21"><span class='ocrx_word' id='word_1_407' title='bbox 2015 2739 2044 2768; x_wconf 83' lang='lat'><strong><em>»</em></strong></span> <span class='ocrx_word' id='word_1_408' title='bbox 2079 2717 2270 2789; x_wconf 88' lang='lat' dir='ltr'>accepi</span> <span class='ocrx_word' id='word_1_409' title='bbox 2301 2734 2316 2785; x_wconf 89' lang='lat'><strong>;</strong></span> <span class='ocrx_word' id='word_1_410' title='bbox 2348 2715 2448 2770; x_wconf 90' lang='lat' dir='ltr'>sed</span> <span class='ocrx_word' id='word_1_411' title='bbox 2492 2714 2598 2787; x_wconf 90' lang='lat' dir='ltr'>ipsi</span> <span class='ocrx_word' id='word_1_412' title='bbox 2630 2714 2970 2771; x_wconf 89' lang='lat' dir='ltr'>humilitatis</span> <span class='ocrx_word' id='word_1_413' title='bbox 2997 2715 3225 2783; x_wconf 90' lang='lat' dir='ltr'>virtute,</span> <span class='ocrx_word' id='word_1_414' title='bbox 3259 2733 3374 2788; x_wconf 89' lang='lat' dir='ltr'>qua</span> <span class='ocrx_word' id='word_1_415' title='bbox 3403 2734 3633 2788; x_wconf 89' lang='lat' dir='ltr'>semper</span> 
     </span>
    </p>
   </div>
   <div class='ocr_carea' id='block_1_57' title="bbox 2015 2805 3627 2878">
    <p class='ocr_par' dir='ltr' id='par_1_57' title="bbox 2015 2805 3627 2878">
     <span class='ocr_line' id='line_1_57' title="bbox 2015 2805 3627 2878; baseline 0 -21"><span class='ocrx_word' id='word_1_416' title='bbox 2015 2828 2044 2858; x_wconf 83' lang='lat'><strong><em>»</em></strong></span> <span class='ocrx_word' id='word_1_417' title='bbox 2077 2807 2223 2862; x_wconf 85' lang='lat' dir='ltr'>servi</span> <span class='ocrx_word' id='word_1_418' title='bbox 2237 2805 2336 2861; x_wconf 90' lang='lat' dir='ltr'>Dei</span> <span class='ocrx_word' id='word_1_419' title='bbox 2355 2805 2625 2860; x_wconf 91' lang='lat' dir='ltr'>miranda</span> <span class='ocrx_word' id='word_1_420' title='bbox 2646 2822 2823 2878; x_wconf 90' lang='lat' dir='ltr'>opera</span> <span class='ocrx_word' id='word_1_421' title='bbox 2841 2821 2963 2871; x_wconf 90' lang='lat' dir='ltr'>sua,</span> <span class='ocrx_word' id='word_1_422' title='bbox 2983 2807 3199 2877; x_wconf 88' lang='lat' dir='ltr'>quanto</span> <span class='ocrx_word' id='word_1_423' title='bbox 3217 2808 3457 2877; x_wconf 86' lang='lat' dir='ltr'>possunt</span> <span class='ocrx_word' id='word_1_424' title='bbox 3477 2805 3627 2875; x_wconf 80' lang='lat' dir='ltr'>nisu,</span> 
     </span>
    </p>
   </div>
   <div class='ocr_carea' id='block_1_58' title="bbox 2014 2892 3624 2966">
    <p class='ocr_par' dir='ltr' id='par_1_58' title="bbox 2014 2892 3624 2966">
     <span class='ocr_line' id='line_1_58' title="bbox 2014 2892 3624 2966; baseline 0 -17"><span class='ocrx_word' id='word_1_425' title='bbox 2014 2915 2042 2944; x_wconf 84' lang='grc'><strong>››</strong></span> <span class='ocrx_word' id='word_1_426' title='bbox 2077 2895 2385 2957; x_wconf 86' lang='lat' dir='ltr'>occultant,</span> <span class='ocrx_word' id='word_1_427' title='bbox 2420 2893 2511 2947; x_wconf 87' lang='lat' dir='ltr'>vix</span> <span class='ocrx_word' id='word_1_428' title='bbox 2540 2892 2753 2966; x_wconf 88' lang='lat' dir='ltr'>aliquid</span> <span class='ocrx_word' id='word_1_429' title='bbox 2780 2909 2847 2947; x_wconf 84' lang='lat' dir='ltr'>ex</span> <span class='ocrx_word' id='word_1_430' title='bbox 2874 2892 2964 2946; x_wconf 89' lang='lat' dir='ltr'>his</span> <span class='ocrx_word' id='word_1_431' title='bbox 2979 2892 3225 2963; x_wconf 88' lang='lat' dir='ltr'>prodere</span> <span class='ocrx_word' id='word_1_432' title='bbox 3255 2895 3580 2949; x_wconf 86' lang='lat' dir='ltr'>voluerunt.</span> <span class='ocrx_word' id='word_1_433' title='bbox 3598 2916 3624 2942; x_wconf 83' lang='lat'><strong>»</strong></span> 
     </span>
    </p>
   </div>
   <div class='ocr_carea' id='block_1_59' title="bbox 2010 2980 3620 3055">
    <p class='ocr_par' dir='ltr' id='par_1_59' title="bbox 2010 2980 3620 3055">
     <span class='ocr_line' id='line_1_59' title="bbox 2010 2980 3620 3055; baseline 0.001 -18"><span class='ocrx_word' id='word_1_434' title='bbox 2010 2983 2204 3055; x_wconf 88' lang='lat' dir='ltr'>Neque</span> <span class='ocrx_word' id='word_1_435' title='bbox 2235 3000 2270 3036; x_wconf 87' lang='lat' dir='ltr'>a</span> <span class='ocrx_word' id='word_1_436' title='bbox 2299 2984 2535 3037; x_wconf 87' lang='lat' dir='ltr'>Patrum</span> <span class='ocrx_word' id='word_1_437' title='bbox 2565 2981 2801 3036; x_wconf 89' lang='lat' dir='ltr'>tramite</span> <span class='ocrx_word' id='word_1_438' title='bbox 2850 2980 3172 3036; x_wconf 83' lang='lat' dir='ltr'>deﬂexisset</span> <span class='ocrx_word' id='word_1_439' title='bbox 3198 2982 3362 3050; x_wconf 91' lang='lat' dir='ltr'>Boso,</span> <span class='ocrx_word' id='word_1_440' title='bbox 3409 2982 3519 3037; x_wconf 84' lang='lat' dir='ltr'>nisi</span> <span class='ocrx_word' id='word_1_441' title='bbox 3549 2981 3620 3038; x_wconf 83' lang='lat' dir='ltr'>ad</span> 
     </span>
    </p>
   </div>
   <div class='ocr_carea' id='block_1_60' title="bbox 287 3069 3616 3152">
    <p class='ocr_par' dir='ltr' id='par_1_60' title="bbox 287 3069 3616 3152">
     <span class='ocr_line' id='line_1_60' title="bbox 287 3069 3616 3152; baseline 0 -28"><span class='ocrx_word' id='word_1_442' title='bbox 287 3091 317 3119; x_wconf 85' lang='lat'><strong>»</strong></span> <span class='ocrx_word' id='word_1_443' title='bbox 353 3070 642 3125; x_wconf 89' lang='lat' dir='ltr'>ciensibus</span> <span class='ocrx_word' id='word_1_444' title='bbox 668 3076 908 3144; x_wconf 89' lang='lat' dir='ltr'>propter</span> <span class='ocrx_word' id='word_1_445' title='bbox 930 3090 1134 3129; x_wconf 90' lang='lat' dir='ltr'>eorum</span> <span class='ocrx_word' id='word_1_446' title='bbox 1172 3074 1643 3130; x_wconf 89' lang='lat' dir='ltr'>sanctimoniam.</span> <span class='ocrx_word' id='word_1_447' title='bbox 1677 3095 1705 3123; x_wconf 86' lang='lat'><strong>»</strong></span> <span class='ocrx_word' id='word_1_448' title='bbox 1759 3077 1908 3130; x_wconf 89' lang='lat' dir='ltr'>Dum</span> <span class='ocrx_word' id='word_1_449' title='bbox 1937 3093 1984 3152; x_wconf 69' lang='grc' dir='ltr'>ο</span> <span class='ocrx_word' id='word_1_450' title='bbox 2011 3089 2178 3127; x_wconf 91' lang='lat' dir='ltr'>suum</span> <span class='ocrx_word' id='word_1_451' title='bbox 2228 3071 2555 3126; x_wconf 89' lang='lat' dir='ltr'>institutum</span> <span class='ocrx_word' id='word_1_452' title='bbox 2605 3088 2639 3125; x_wconf 89' lang='lat' dir='ltr'>a</span> <span class='ocrx_word' id='word_1_453' title='bbox 2681 3069 3069 3141; x_wconf 87' lang='lat' dir='ltr'>quorumdam</span> <span class='ocrx_word' id='word_1_454' title='bbox 3118 3069 3352 3124; x_wconf 89' lang='lat' dir='ltr'>alterius</span> <span class='ocrx_word' id='word_1_455' title='bbox 3394 3070 3616 3126; x_wconf 73' lang='lat' dir='ltr'>Ordir.i~</span> 
     </span>
    </p>
   </div>
   <div class='ocr_carea' id='block_1_61' title="bbox 283 3158 1904 3229">
    <p class='ocr_par' dir='ltr' id='par_1_61' title="bbox 283 3158 1904 3229">
     <span class='ocr_line' id='line_1_61' title="bbox 283 3158 1904 3229; baseline 0.003 -17"><span class='ocrx_word' id='word_1_456' title='bbox 283 3158 414 3213; x_wconf 62' lang='lat' dir='ltr'>haec</span> <span class='ocrx_word' id='word_1_457' title='bbox 434 3159 719 3214; x_wconf 90' lang='lat' dir='ltr'>scribebat</span> <span class='ocrx_word' id='word_1_458' title='bbox 740 3162 1063 3229; x_wconf 89' lang='lat' dir='ltr'>Durandus,</span> <span class='ocrx_word' id='word_1_459' title='bbox 1098 3165 1388 3218; x_wconf 81' lang='lat' dir='ltr'>florebant</span> <span class='ocrx_word' id='word_1_460' title='bbox 1418 3164 1476 3217; x_wconf 92' lang='lat' dir='ltr'>in</span> <span class='ocrx_word' id='word_1_461' title='bbox 1508 3162 1711 3219; x_wconf 88' lang='lat' dir='ltr'>ordine</span> <span class='ocrx_word' id='word_1_462' title='bbox 1742 3163 1904 3229; x_wconf 90' lang='lat' dir='ltr'>Boso,</span> 
     </span>
    </p>
   </div>
   <div class='ocr_carea' id='block_1_62' title="bbox 284 3246 1909 3324">
    <p class='ocr_par' dir='ltr' id='par_1_62' title="bbox 284 3246 1909 3324">
     <span class='ocr_line' id='line_1_62' title="bbox 284 3246 1909 3324; baseline 0.002 -23"><span class='ocrx_word' id='word_1_463' title='bbox 284 3246 448 3319; x_wconf 90' lang='lat' dir='ltr'>prior</span> <span class='ocrx_word' id='word_1_464' title='bbox 482 3248 815 3317; x_wconf 67' lang='lat' dir='ltr'>Carthusiaa,</span> <span class='ocrx_word' id='word_1_465' title='bbox 849 3253 906 3305; x_wconf 92' lang='lat' dir='ltr'>et</span> <span class='ocrx_word' id='word_1_466' title='bbox 952 3251 1286 3307; x_wconf 88' lang='lat' dir='ltr'>Guillelmus</span> <span class='ocrx_word' id='word_1_467' title='bbox 1317 3253 1388 3307; x_wconf 92' lang='lat' dir='ltr'>de</span> <span class='ocrx_word' id='word_1_468' title='bbox 1419 3251 1745 3324; x_wconf 88' lang='lat' dir='ltr'>Hyporegia</span> <span class='ocrx_word' id='word_1_469' title='bbox 1788 3267 1909 3305; x_wconf 92' lang='lat' dir='ltr'>mo-</span> 
     </span>
    </p>
   </div>
   <div class='ocr_carea' id='block_1_63' title="bbox 282 3337 1907 3410">
    <p class='ocr_par' dir='ltr' id='par_1_63' title="bbox 282 3337 1907 3410">
     <span class='ocr_line' id='line_1_63' title="bbox 282 3337 1907 3410; baseline 0.002 -20"><span class='ocrx_word' id='word_1_470' title='bbox 282 3337 506 3391; x_wconf 88' lang='lat' dir='ltr'>nachus</span> <span class='ocrx_word' id='word_1_471' title='bbox 530 3338 810 3409; x_wconf 82' lang='lat' dir='ltr'>ejusdem,</span> <span class='ocrx_word' id='word_1_472' title='bbox 840 3339 937 3410; x_wconf 91' lang='lat' dir='ltr'>qui</span> <span class='ocrx_word' id='word_1_473' title='bbox 968 3339 1140 3395; x_wconf 90' lang='lat' dir='ltr'>ambo</span> <span class='ocrx_word' id='word_1_474' title='bbox 1172 3341 1258 3395; x_wconf 89' lang='lat' dir='ltr'>vel</span> <span class='ocrx_word' id='word_1_475' title='bbox 1288 3342 1493 3395; x_wconf 87' lang='lat' dir='ltr'>saltem</span> <span class='ocrx_word' id='word_1_476' title='bbox 1526 3357 1730 3395; x_wconf 89' lang='lat' dir='ltr'>eorum</span> <span class='ocrx_word' id='word_1_477' title='bbox 1762 3341 1907 3395; x_wconf 91' lang='lat' dir='ltr'>alter</span> 
     </span>
    </p>
   </div>
   <div class='ocr_carea' id='block_1_64' title="bbox 281 3424 1907 3499">
    <p class='ocr_par' dir='ltr' id='par_1_64' title="bbox 281 3424 1907 3499">
     <span class='ocr_line' id='line_1_64' title="bbox 281 3424 1907 3499; baseline 0.001 -19"><span class='ocrx_word' id='word_1_478' title='bbox 281 3425 456 3496; x_wconf 88' lang='lat' dir='ltr'>hujus</span> <span class='ocrx_word' id='word_1_479' title='bbox 483 3424 543 3479; x_wconf 90' lang='lat' dir='ltr'>in</span> <span class='ocrx_word' id='word_1_480' title='bbox 569 3426 682 3480; x_wconf 91' lang='lat' dir='ltr'>suis</span> <span class='ocrx_word' id='word_1_481' title='bbox 710 3426 935 3499; x_wconf 90' lang='lat' dir='ltr'>scriptis</span> <span class='ocrx_word' id='word_1_482' title='bbox 962 3428 1212 3483; x_wconf 76' lang='lat' dir='ltr'>historiae</span> <span class='ocrx_word' id='word_1_483' title='bbox 1236 3428 1651 3496; x_wconf 90' lang='lat' dir='ltr'>meminerunt,</span> <span class='ocrx_word' id='word_1_484' title='bbox 1677 3431 1742 3484; x_wconf 91' lang='lat' dir='ltr'>ut</span> <span class='ocrx_word' id='word_1_485' title='bbox 1772 3445 1907 3483; x_wconf 85' lang='lat' dir='ltr'>mox</span> 
     </span>
    </p>
   </div>
   <div class='ocr_carea' id='block_1_65' title="bbox 280 3513 1909 3588">
    <p class='ocr_par' dir='ltr' id='par_1_65' title="bbox 280 3513 1909 3588">
     <span class='ocr_line' id='line_1_65' title="bbox 280 3513 1909 3588; baseline 0.003 -21"><span class='ocrx_word' id='word_1_486' title='bbox 280 3513 562 3568; x_wconf 87' lang='lat' dir='ltr'>dicemus.</span> <span class='ocrx_word' id='word_1_487' title='bbox 588 3515 699 3570; x_wconf 91' lang='lat' dir='ltr'>Hos</span> <span class='ocrx_word' id='word_1_488' title='bbox 730 3519 903 3583; x_wconf 90' lang='lat' dir='ltr'>certe,</span> <span class='ocrx_word' id='word_1_489' title='bbox 929 3533 1073 3588; x_wconf 91' lang='lat' dir='ltr'>quos</span> <span class='ocrx_word' id='word_1_490' title='bbox 1094 3520 1218 3571; x_wconf 89' lang='lat' dir='ltr'>tam</span> <span class='ocrx_word' id='word_1_491' title='bbox 1250 3516 1456 3587; x_wconf 90' lang='lat' dir='ltr'>dignos</span> <span class='ocrx_word' id='word_1_492' title='bbox 1477 3518 1591 3571; x_wconf 82' lang='lat' dir='ltr'>fide</span> <span class='ocrx_word' id='word_1_493' title='bbox 1621 3516 1909 3573; x_wconf 85' lang='lat' dir='ltr'>existima-</span> 
     </span>
    </p>
   </div>
   <div class='ocr_carea' id='block_1_66' title="bbox 276 3601 1905 3676">
    <p class='ocr_par' dir='ltr' id='par_1_66' title="bbox 276 3601 1905 3676">
     <span class='ocr_line' id='line_1_66' title="bbox 276 3601 1905 3676; baseline 0.001 -18"><span class='ocrx_word' id='word_1_494' title='bbox 276 3601 384 3658; x_wconf 87' lang='lat' dir='ltr'>bat</span> <span class='ocrx_word' id='word_1_495' title='bbox 414 3603 737 3671; x_wconf 88' lang='lat' dir='ltr'>Durandus,</span> <span class='ocrx_word' id='word_1_496' title='bbox 773 3621 892 3659; x_wconf 91' lang='lat' dir='ltr'>non</span> <span class='ocrx_word' id='word_1_497' title='bbox 934 3605 1041 3659; x_wconf 90' lang='lat' dir='ltr'>sibi</span> <span class='ocrx_word' id='word_1_498' title='bbox 1072 3604 1444 3676; x_wconf 90' lang='lat' dir='ltr'>persuasisset</span> <span class='ocrx_word' id='word_1_499' title='bbox 1491 3606 1624 3660; x_wconf 93' lang='lat' dir='ltr'>huic</span> <span class='ocrx_word' id='word_1_500' title='bbox 1656 3605 1905 3660; x_wconf 88' lang='lat' dir='ltr'>anastasi</span> 
     </span>
    </p>
   </div>
   <div class='ocr_carea' id='block_1_67' title="bbox 280 3690 1902 3761">
    <p class='ocr_par' dir='ltr' id='par_1_67' title="bbox 280 3690 1902 3761">
     <span class='ocr_line' id='line_1_67' title="bbox 280 3690 1902 3761; baseline 0.002 -16"><span class='ocrx_word' id='word_1_501' title='bbox 280 3690 401 3745; x_wconf 86' lang='lat' dir='ltr'>sive</span> <span class='ocrx_word' id='word_1_502' title='bbox 419 3695 775 3760; x_wconf 90' lang='lat' dir='ltr'>commento,</span> <span class='ocrx_word' id='word_1_503' title='bbox 790 3696 854 3747; x_wconf 90' lang='lat' dir='ltr'>ut</span> <span class='ocrx_word' id='word_1_504' title='bbox 865 3694 1064 3748; x_wconf 92' lang='lat' dir='ltr'>volunt</span> <span class='ocrx_word' id='word_1_505' title='bbox 1076 3693 1634 3761; x_wconf 88' lang='lat' dir='ltr'>adversarii,dedisse</span> <span class='ocrx_word' id='word_1_506' title='bbox 1647 3693 1902 3761; x_wconf 90' lang='lat' dir='ltr'>initium,</span> 
     </span>
    </p>
   </div>
   <div class='ocr_carea' id='block_1_68' title="bbox 281 3766 1908 3856">
    <p class='ocr_par' dir='ltr' id='par_1_68' title="bbox 281 3766 1908 3856">
     <span class='ocr_line' id='line_1_68' title="bbox 281 3766 1908 3856; baseline 0.003 -23"><span class='ocrx_word' id='word_1_507' title='bbox 281 3783 349 3833; x_wconf 89' lang='lat' dir='ltr'>ut</span> <span class='ocrx_word' id='word_1_508' title='bbox 382 3766 614 3834; x_wconf 50' lang='lat' dir='ltr'>Or-dinis</span> <span class='ocrx_word' id='word_1_509' title='bbox 638 3781 721 3835; x_wconf 92' lang='lat' dir='ltr'>sui</span> <span class='ocrx_word' id='word_1_510' title='bbox 756 3782 1041 3837; x_wconf 88' lang='lat' dir='ltr'>cunabula</span> <span class='ocrx_word' id='word_1_511' title='bbox 1066 3782 1429 3854; x_wconf 91' lang='lat' dir='ltr'>turgentibus</span> <span class='ocrx_word' id='word_1_512' title='bbox 1449 3781 1639 3837; x_wconf 90' lang='lat' dir='ltr'>buccis</span> <span class='ocrx_word' id='word_1_513' title='bbox 1655 3782 1714 3837; x_wconf 92' lang='lat' dir='ltr'>in</span> <span class='ocrx_word' id='word_1_514' title='bbox 1728 3799 1908 3856; x_wconf 91' lang='lat' dir='ltr'>popu-</span> 
     </span>
    </p>
   </div>
   <div class='ocr_carea' id='block_1_69' title="bbox 279 3870 1904 3943">
    <p class='ocr_par' dir='ltr' id='par_1_69' title="bbox 279 3870 1904 3943">
     <span class='ocr_line' id='line_1_69' title="bbox 279 3870 1904 3943; baseline 0.001 -18"><span class='ocrx_word' id='word_1_515' title='bbox 279 3870 369 3925; x_wconf 91' lang='lat' dir='ltr'>los</span> <span class='ocrx_word' id='word_1_516' title='bbox 390 3874 883 3940; x_wconf 85' lang='lat' dir='ltr'>concreparantex</span> <span class='ocrx_word' id='word_1_517' title='bbox 906 3872 1027 3926; x_wconf 87' lang='lat' dir='ltr'>tam</span> <span class='ocrx_word' id='word_1_518' title='bbox 1044 3870 1273 3927; x_wconf 90' lang='lat' dir='ltr'>insolito</span> <span class='ocrx_word' id='word_1_519' title='bbox 1294 3870 1578 3943; x_wconf 88' lang='lat' dir='ltr'>prodigio.</span> <span class='ocrx_word' id='word_1_520' title='bbox 1600 3870 1711 3926; x_wconf 92' lang='lat' dir='ltr'>Sed</span> <span class='ocrx_word' id='word_1_521' title='bbox 1728 3888 1904 3943; x_wconf 88' lang='lat' dir='ltr'>quam</span> 
     </span>
    </p>
   </div>
   <div class='ocr_carea' id='block_1_70' title="bbox 278 3957 1899 4035">
    <p class='ocr_par' dir='ltr' id='par_1_70' title="bbox 278 3957 1899 4035">
     <span class='ocr_line' id='line_1_70' title="bbox 278 3957 1899 4035; baseline 0.002 -23"><span class='ocrx_word' id='word_1_522' title='bbox 278 3957 424 4012; x_wconf 86' lang='lat' dir='ltr'>levis</span> <span class='ocrx_word' id='word_1_523' title='bbox 454 3961 513 4035; x_wconf 80' lang='lat' dir='ltr'>et</span> <span class='ocrx_word' id='word_1_524' title='bbox 542 3958 776 4029; x_wconf 89' lang='lat' dir='ltr'>puerilis</span> <span class='ocrx_word' id='word_1_525' title='bbox 797 3959 869 4014; x_wconf 92' lang='lat' dir='ltr'>sit</span> <span class='ocrx_word' id='word_1_526' title='bbox 894 3960 988 4031; x_wconf 91' lang='lat' dir='ltr'>huj</span> <span class='ocrx_word' id='word_1_527' title='bbox 1000 3960 1223 4015; x_wconf 90' lang='lat' dir='ltr'>usmodi</span> <span class='ocrx_word' id='word_1_528' title='bbox 1244 3960 1485 4027; x_wconf 84' lang='lat' dir='ltr'>vanitas,</span> <span class='ocrx_word' id='word_1_529' title='bbox 1510 3977 1613 4032; x_wconf 90' lang='lat' dir='ltr'>per</span> <span class='ocrx_word' id='word_1_530' title='bbox 1642 3977 1700 4015; x_wconf 88' lang='lat' dir='ltr'>se</span> <span class='ocrx_word' id='word_1_531' title='bbox 1721 3963 1899 4032; x_wconf 90' lang='lat' dir='ltr'>patet,</span> 
     </span>
    </p>
   </div>
   <div class='ocr_carea' id='block_1_71' title="bbox 278 4048 1903 4119">
    <p class='ocr_par' dir='ltr' id='par_1_71' title="bbox 278 4048 1903 4119">
     <span class='ocr_line' id='line_1_71' title="bbox 278 4048 1903 4119; baseline 0.003 -19"><span class='ocrx_word' id='word_1_532' title='bbox 278 4063 412 4119; x_wconf 65' lang='lat' dir='ltr'>quae</span> <span class='ocrx_word' id='word_1_533' title='bbox 438 4048 697 4117; x_wconf 85' lang='lat' dir='ltr'>profecto</span> <span class='ocrx_word' id='word_1_534' title='bbox 725 4048 881 4119; x_wconf 86' lang='lat' dir='ltr'>prius</span> <span class='ocrx_word' id='word_1_535' title='bbox 909 4048 969 4103; x_wconf 92' lang='lat' dir='ltr'>in</span> <span class='ocrx_word' id='word_1_536' title='bbox 1001 4065 1101 4104; x_wconf 90' lang='lat' dir='ltr'>ore</span> <span class='ocrx_word' id='word_1_537' title='bbox 1130 4048 1615 4104; x_wconf 88' lang='lat' dir='ltr'>calumniantium</span> <span class='ocrx_word' id='word_1_538' title='bbox 1645 4066 1750 4105; x_wconf 91' lang='lat' dir='ltr'>nos</span> <span class='ocrx_word' id='word_1_539' title='bbox 1766 4053 1903 4106; x_wconf 89' lang='lat' dir='ltr'>nata</span> 
     </span>
    </p>
   </div>
   <div class='ocr_carea' id='block_1_72' title="bbox 272 4135 1900 4210">
    <p class='ocr_par' dir='ltr' id='par_1_72' title="bbox 272 4135 1900 4210">
     <span class='ocr_line' id='line_1_72' title="bbox 272 4135 1900 4210; baseline 0.001 -18"><span class='ocrx_word' id='word_1_540' title='bbox 272 4136 409 4202; x_wconf 80' lang='lat' dir='ltr'>fuit,</span> <span class='ocrx_word' id='word_1_541' title='bbox 457 4151 633 4207; x_wconf 91' lang='lat' dir='ltr'>quam</span> <span class='ocrx_word' id='word_1_542' title='bbox 683 4135 742 4191; x_wconf 91' lang='lat' dir='ltr'>in</span> <span class='ocrx_word' id='word_1_543' title='bbox 786 4137 960 4192; x_wconf 89' lang='lat' dir='ltr'>corde</span> <span class='ocrx_word' id='word_1_544' title='bbox 1009 4141 1341 4192; x_wconf 87' lang='lat' dir='ltr'>nostrorum</span> <span class='ocrx_word' id='word_1_545' title='bbox 1393 4141 1690 4210; x_wconf 91' lang='lat' dir='ltr'>concepta.</span> <span class='ocrx_word' id='word_1_546' title='bbox 1744 4138 1900 4194; x_wconf 90' lang='lat' dir='ltr'>Licet</span> 
     </span>
    </p>
   </div>
   <div class='ocr_carea' id='block_1_73' title="bbox 271 4224 1892 4295">
    <p class='ocr_par' dir='ltr' id='par_1_73' title="bbox 271 4224 1892 4295">
     <span class='ocr_line' id='line_1_73' title="bbox 271 4224 1892 4295; baseline 0.001 -15"><span class='ocrx_word' id='word_1_547' title='bbox 271 4224 439 4280; x_wconf 87' lang='lat' dir='ltr'>enim</span> <span class='ocrx_word' id='word_1_548' title='bbox 459 4224 610 4280; x_wconf 90' lang='lat' dir='ltr'>istud</span> <span class='ocrx_word' id='word_1_549' title='bbox 629 4224 825 4280; x_wconf 86' lang='lat' dir='ltr'>fabula</span> <span class='ocrx_word' id='word_1_550' title='bbox 845 4225 1015 4294; x_wconf 90' lang='lat' dir='ltr'>foret,</span> <span class='ocrx_word' id='word_1_551' title='bbox 1044 4228 1146 4281; x_wconf 92' lang='lat' dir='ltr'>aut</span> <span class='ocrx_word' id='word_1_552' title='bbox 1172 4226 1245 4281; x_wconf 92' lang='lat' dir='ltr'>ad</span> <span class='ocrx_word' id='word_1_553' title='bbox 1274 4226 1532 4281; x_wconf 89' lang='lat' dir='ltr'>fabulam</span> <span class='ocrx_word' id='word_1_554' title='bbox 1573 4228 1892 4295; x_wconf 88' lang='lat' dir='ltr'>accederet,</span> 
     </span>
    </p>
   </div>
   <div class='ocr_carea' id='block_1_74' title="bbox 274 4314 1892 4371">
    <p class='ocr_par' dir='ltr' id='par_1_74' title="bbox 274 4314 1892 4371">
     <span class='ocr_line' id='line_1_74' title="bbox 274 4314 1892 4371; baseline 0.002 -3"><span class='ocrx_word' id='word_1_555' title='bbox 274 4329 398 4368; x_wconf 90' lang='lat' dir='ltr'>non</span> <span class='ocrx_word' id='word_1_556' title='bbox 422 4316 621 4368; x_wconf 89' lang='lat' dir='ltr'>tamen</span> <span class='ocrx_word' id='word_1_557' title='bbox 636 4314 825 4369; x_wconf 91' lang='lat' dir='ltr'>minus</span> <span class='ocrx_word' id='word_1_558' title='bbox 840 4314 899 4369; x_wconf 94' lang='lat' dir='ltr'>in</span> <span class='ocrx_word' id='word_1_559' title='bbox 916 4315 1163 4371; x_wconf 86' lang='lat' dir='ltr'>Ecclesia</span> <span class='ocrx_word' id='word_1_560' title='bbox 1178 4314 1279 4370; x_wconf 89' lang='lat' dir='ltr'>Dei</span> <span class='ocrx_word' id='word_1_561' title='bbox 1298 4315 1789 4371; x_wconf 88' lang='lat' dir='ltr'>Carthusiensium</span> <span class='ocrx_word' id='word_1_562' title='bbox 1801 4333 1892 4371; x_wconf 91' lang='lat' dir='ltr'>re-</span> 
     </span>
    </p>
   </div>
   <div class='ocr_carea' id='block_1_75' title="bbox 2014 3156 3629 3232">
    <p class='ocr_par' dir='ltr' id='par_1_75' title="bbox 2014 3156 3629 3232">
     <span class='ocr_line' id='line_1_75' title="bbox 2014 3156 3629 3232; baseline -0.001 -17"><span class='ocrx_word' id='word_1_563' title='bbox 2014 3160 2419 3232; x_wconf 83' lang='lat' dir='ltr'>religiosorum</span> <span class='ocrx_word' id='word_1_564' title='bbox 2433 3157 2733 3213; x_wconf 83' lang='lat' dir='ltr'>calumniis</span> <span class='ocrx_word' id='word_1_565' title='bbox 2760 3156 3171 3212; x_wconf 88' lang='lat' dir='ltr'>vindicandum</span> <span class='ocrx_word' id='word_1_566' title='bbox 3199 3158 3370 3228; x_wconf 86' lang='lat' dir='ltr'>hujus</span> <span class='ocrx_word' id='word_1_567' title='bbox 3396 3158 3629 3213; x_wconf 88' lang='lat' dir='ltr'>humilis</span> 
     </span>
    </p>
   </div>
   <div class='ocr_carea' id='block_1_76' title="bbox 2008 3244 3628 3318">
    <p class='ocr_par' dir='ltr' id='par_1_76' title="bbox 2008 3244 3628 3318">
     <span class='ocr_line' id='line_1_76' title="bbox 2008 3244 3628 3318; baseline -0.002 -15"><span class='ocrx_word' id='word_1_568' title='bbox 2008 3265 2073 3303; x_wconf 90' lang='lat' dir='ltr'>ac</span> <span class='ocrx_word' id='word_1_569' title='bbox 2089 3248 2269 3305; x_wconf 90' lang='lat' dir='ltr'>sancti</span> <span class='ocrx_word' id='word_1_570' title='bbox 2286 3247 2497 3303; x_wconf 89' lang='lat' dir='ltr'>silentii</span> <span class='ocrx_word' id='word_1_571' title='bbox 2517 3248 2675 3318; x_wconf 89' lang='lat' dir='ltr'>leges</span> <span class='ocrx_word' id='word_1_572' title='bbox 2691 3244 2892 3300; x_wconf 89' lang='lat' dir='ltr'>tandiu</span> <span class='ocrx_word' id='word_1_573' title='bbox 2913 3248 3160 3299; x_wconf 89' lang='lat' dir='ltr'>servatas</span> <span class='ocrx_word' id='word_1_574' title='bbox 3174 3245 3387 3300; x_wconf 89' lang='lat' dir='ltr'>violare</span> <span class='ocrx_word' id='word_1_575' title='bbox 3401 3250 3628 3301; x_wconf 91' lang='lat' dir='ltr'>coactus</span> 
     </span>
    </p>
   </div>
   <div class='ocr_carea' id='block_1_77' title="bbox 2006 3332 3627 3404">
    <p class='ocr_par' dir='ltr' id='par_1_77' title="bbox 2006 3332 3627 3404">
     <span class='ocr_line' id='line_1_77' title="bbox 2006 3332 3627 3404; baseline -0.003 -11"><span class='ocrx_word' id='word_1_576' title='bbox 2006 3338 2224 3404; x_wconf 87' lang='lat' dir='ltr'>fuisset,</span> <span class='ocrx_word' id='word_1_577' title='bbox 2260 3337 2416 3392; x_wconf 90' lang='lat' dir='ltr'>edito</span> <span class='ocrx_word' id='word_1_578' title='bbox 2437 3333 2685 3390; x_wconf 82' lang='lat' dir='ltr'>tractatu</span> <span class='ocrx_word' id='word_1_579' title='bbox 2716 3332 3000 3389; x_wconf 80' lang='lat' dir='ltr'>fusissimo</span> <span class='ocrx_word' id='word_1_580' title='bbox 3033 3332 3147 3388; x_wconf 89' lang='lat' dir='ltr'>sive</span> <span class='ocrx_word' id='word_1_581' title='bbox 3177 3349 3278 3388; x_wconf 92' lang='lat' dir='ltr'>suo</span> <span class='ocrx_word' id='word_1_582' title='bbox 3321 3337 3528 3401; x_wconf 90' lang='lat' dir='ltr'>marte,</span> <span class='ocrx_word' id='word_1_583' title='bbox 3566 3339 3627 3388; x_wconf 90' lang='lat' dir='ltr'>ut</span> 
     </span>
    </p>
   </div>
   <div class='ocr_carea' id='block_1_78' title="bbox 2007 3422 3621 3499">
    <p class='ocr_par' dir='ltr' id='par_1_78' title="bbox 2007 3422 3621 3499">
     <span class='ocr_line' id='line_1_78' title="bbox 2007 3422 3621 3499; baseline -0.003 -17"><span class='ocrx_word' id='word_1_584' title='bbox 2007 3427 2244 3499; x_wconf 88' lang='lat' dir='ltr'>quidam</span> <span class='ocrx_word' id='word_1_585' title='bbox 2297 3426 2517 3491; x_wconf 92' lang='lat' dir='ltr'>volunt,</span> <span class='ocrx_word' id='word_1_586' title='bbox 2570 3423 2687 3479; x_wconf 87' lang='lat' dir='ltr'>sive</span> <span class='ocrx_word' id='word_1_587' title='bbox 2721 3440 2822 3479; x_wconf 93' lang='lat' dir='ltr'>suo</span> <span class='ocrx_word' id='word_1_588' title='bbox 2865 3422 3048 3494; x_wconf 89' lang='lat' dir='ltr'>jussu,</span> <span class='ocrx_word' id='word_1_589' title='bbox 3097 3440 3229 3476; x_wconf 89' lang='lat' dir='ltr'>usus</span> <span class='ocrx_word' id='word_1_590' title='bbox 3267 3438 3480 3495; x_wconf 91' lang='lat' dir='ltr'>nempe</span> <span class='ocrx_word' id='word_1_591' title='bbox 3529 3439 3621 3477; x_wconf 87' lang='lat' dir='ltr'>ca-</span> 
     </span>
    </p>
   </div>
   <div class='ocr_carea' id='block_1_79' title="bbox 2006 3511 3624 3586">
    <p class='ocr_par' dir='ltr' id='par_1_79' title="bbox 2006 3511 3624 3586">
     <span class='ocr_line' id='line_1_79' title="bbox 2006 3511 3624 3586; baseline -0.004 -15"><span class='ocrx_word' id='word_1_592' title='bbox 2006 3518 2162 3571; x_wconf 90' lang='lat' dir='ltr'>lamo</span> <span class='ocrx_word' id='word_1_593' title='bbox 2192 3514 2478 3570; x_wconf 91' lang='lat' dir='ltr'>Guillelmi</span> <span class='ocrx_word' id='word_1_594' title='bbox 2510 3514 2582 3568; x_wconf 90' lang='lat' dir='ltr'>de</span> <span class='ocrx_word' id='word_1_595' title='bbox 2635 3511 2962 3586; x_wconf 82' lang='lat' dir='ltr'>Hyporegia</span> <span class='ocrx_word' id='word_1_596' title='bbox 3010 3511 3426 3567; x_wconf 88' lang='lat' dir='ltr'>Carthusiensis</span> <span class='ocrx_word' id='word_1_597' title='bbox 3469 3511 3624 3566; x_wconf 87' lang='lat' dir='ltr'>Itali-</span> 
     </span>
    </p>
   </div>
   <div class='ocr_carea' id='block_1_80' title="bbox 2004 3598 3621 3675">
    <p class='ocr_par' dir='ltr' id='par_1_80' title="bbox 2004 3598 3621 3675">
     <span class='ocr_line' id='line_1_80' title="bbox 2004 3598 3621 3675; baseline -0.004 -16"><span class='ocrx_word' id='word_1_598' title='bbox 2004 3604 2111 3659; x_wconf 90' lang='lat' dir='ltr'>viri</span> <span class='ocrx_word' id='word_1_599' title='bbox 2132 3602 2307 3669; x_wconf 93' lang='lat' dir='ltr'>docti,</span> <span class='ocrx_word' id='word_1_600' title='bbox 2342 3618 2517 3675; x_wconf 91' lang='lat' dir='ltr'>quem</span> <span class='ocrx_word' id='word_1_601' title='bbox 2553 3600 2737 3656; x_wconf 89' lang='lat' dir='ltr'>tribus</span> <span class='ocrx_word' id='word_1_602' title='bbox 2766 3599 2993 3655; x_wconf 90' lang='lat' dir='ltr'>circiter</span> <span class='ocrx_word' id='word_1_603' title='bbox 3020 3601 3153 3653; x_wconf 89' lang='lat' dir='ltr'>ante</span> <span class='ocrx_word' id='word_1_604' title='bbox 3198 3614 3367 3653; x_wconf 90' lang='lat' dir='ltr'>suum</span> <span class='ocrx_word' id='word_1_605' title='bbox 3398 3598 3621 3654; x_wconf 89' lang='lat' dir='ltr'>obitum</span> 
     </span>
    </p>
   </div>
   <div class='ocr_carea' id='block_1_81' title="bbox 2006 3689 3368 3763">
    <p class='ocr_par' dir='ltr' id='par_1_81' title="bbox 2006 3689 3368 3763">
     <span class='ocr_line' id='line_1_81' title="bbox 2006 3689 3368 3763; baseline -0.006 -14"><span class='ocrx_word' id='word_1_606' title='bbox 2006 3693 2174 3750; x_wconf 91' lang='lat' dir='ltr'>annis</span> <span class='ocrx_word' id='word_1_607' title='bbox 2203 3692 2277 3747; x_wconf 89' lang='lat' dir='ltr'>ad</span> <span class='ocrx_word' id='word_1_608' title='bbox 2303 3691 2587 3763; x_wconf 89' lang='lat' dir='ltr'>majorem</span> <span class='ocrx_word' id='word_1_609' title='bbox 2619 3689 2979 3745; x_wconf 87' lang='lat' dir='ltr'>Carthusiam</span> <span class='ocrx_word' id='word_1_610' title='bbox 3015 3689 3368 3743; x_wconf 88' lang='lat' dir='ltr'>evocaverat.</span> 
     </span>
    </p>
   </div>
   <div class='ocr_carea' id='block_1_82' title="bbox 2077 3774 3619 3847">
    <p class='ocr_par' dir='ltr' id='par_1_82' title="bbox 2077 3774 3619 3847">
     <span class='ocr_line' id='line_1_82' title="bbox 2077 3774 3619 3847; baseline -0.004 -10"><span class='ocrx_word' id='word_1_611' title='bbox 2077 3783 2200 3837; x_wconf 76' lang='grc'>345.</span> <span class='ocrx_word' id='word_1_612' title='bbox 2235 3803 2264 3831; x_wconf 86' lang='grc'>‹‹</span> <span class='ocrx_word' id='word_1_613' title='bbox 2296 3780 2456 3834; x_wconf 87' lang='lat' dir='ltr'>Hunc</span> <span class='ocrx_word' id='word_1_614' title='bbox 2483 3780 2794 3833; x_wconf 89' lang='lat' dir='ltr'>tractatum</span> <span class='ocrx_word' id='word_1_615' title='bbox 2846 3775 3135 3847; x_wconf 88' lang='lat' dir='ltr'>inscripsit</span> <span class='ocrx_word' id='word_1_616' title='bbox 3177 3777 3256 3830; x_wconf 93' lang='lat' dir='ltr'>De</span> <span class='ocrx_word' id='word_1_617' title='bbox 3303 3774 3528 3846; x_wconf 89' lang='lat' dir='ltr'>origine</span> <span class='ocrx_word' id='word_1_618' title='bbox 3562 3780 3619 3831; x_wconf 89' lang='lat' dir='ltr'>ct</span> 
     </span>
    </p>
   </div>
   <div class='ocr_carea' id='block_1_83' title="bbox 2004 3862 3617 3942">
    <p class='ocr_par' dir='ltr' id='par_1_83' title="bbox 2004 3862 3617 3942">
     <span class='ocr_line' id='line_1_83' title="bbox 2004 3862 3617 3942; baseline -0.005 -16"><span class='ocrx_word' id='word_1_619' title='bbox 2004 3870 2244 3926; x_wconf 87' lang='lat' dir='ltr'>veritate</span> <span class='ocrx_word' id='word_1_620' title='bbox 2274 3868 2544 3942; x_wconf 72' lang='lat' dir='ltr'>perfectze</span> <span class='ocrx_word' id='word_1_621' title='bbox 2592 3865 2890 3938; x_wconf 88' lang='lat' dir='ltr'>religionis</span> <span class='ocrx_word' id='word_1_622' title='bbox 2935 3863 3009 3918; x_wconf 92' lang='lat' dir='ltr'>ad</span> <span class='ocrx_word' id='word_1_623' title='bbox 3053 3862 3484 3918; x_wconf 86' lang='lat' dir='ltr'>defendendum</span> <span class='ocrx_word' id='word_1_624' title='bbox 3529 3882 3617 3919; x_wconf 88' lang='lat' dir='ltr'>or-</span> 
     </span>
    </p>
   </div>
   <div class='ocr_carea' id='block_1_84' title="bbox 2004 3950 3616 4022">
    <p class='ocr_par' dir='ltr' id='par_1_84' title="bbox 2004 3950 3616 4022">
     <span class='ocr_line' id='line_1_84' title="bbox 2004 3950 3616 4022; baseline -0.004 -7"><span class='ocrx_word' id='word_1_625' title='bbox 2004 3959 2202 4015; x_wconf 90' lang='lat' dir='ltr'>dinem</span> <span class='ocrx_word' id='word_1_626' title='bbox 2217 3956 2701 4013; x_wconf 88' lang='lat' dir='ltr'>Carthusiensem.</span> <span class='ocrx_word' id='word_1_627' title='bbox 2717 3952 2867 4008; x_wconf 85' lang='lat' dir='ltr'>Nihil</span> <span class='ocrx_word' id='word_1_628' title='bbox 2879 3952 2939 4006; x_wconf 89' lang='lat' dir='ltr'>in</span> <span class='ocrx_word' id='word_1_629' title='bbox 2956 3966 3023 4005; x_wconf 90' lang='lat' dir='ltr'>eo</span> <span class='ocrx_word' id='word_1_630' title='bbox 3042 3950 3112 4005; x_wconf 89' lang='lat' dir='ltr'>de</span> <span class='ocrx_word' id='word_1_631' title='bbox 3130 3951 3348 4022; x_wconf 88' lang='lat' dir='ltr'>tragico</span> <span class='ocrx_word' id='word_1_632' title='bbox 3361 3952 3616 4008; x_wconf 83' lang='lat' dir='ltr'>hominis</span> 
     </span>
    </p>
   </div>
   <div class='ocr_carea' id='block_1_85' title="bbox 2003 4040 3614 4116">
    <p class='ocr_par' dir='ltr' id='par_1_85' title="bbox 2003 4040 3614 4116">
     <span class='ocr_line' id='line_1_85' title="bbox 2003 4040 3614 4116; baseline -0.005 -11"><span class='ocrx_word' id='word_1_633' title='bbox 2003 4047 2264 4105; x_wconf 87' lang='lat' dir='ltr'>damnati</span> <span class='ocrx_word' id='word_1_634' title='bbox 2293 4047 2409 4101; x_wconf 82' lang='lat' dir='ltr'>fine</span> <span class='ocrx_word' id='word_1_635' title='bbox 2441 4044 2561 4116; x_wconf 89' lang='lat' dir='ltr'>egit</span> <span class='ocrx_word' id='word_1_636' title='bbox 2592 4043 2801 4115; x_wconf 88' lang='lat' dir='ltr'>(neque</span> <span class='ocrx_word' id='word_1_637' title='bbox 2831 4040 2989 4096; x_wconf 89' lang='lat' dir='ltr'>enim</span> <span class='ocrx_word' id='word_1_638' title='bbox 3015 4044 3153 4095; x_wconf 91' lang='lat' dir='ltr'>tunc</span> <span class='ocrx_word' id='word_1_639' title='bbox 3181 4041 3462 4111; x_wconf 90' lang='lat' dir='ltr'>temporis</span> <span class='ocrx_word' id='word_1_640' title='bbox 3490 4043 3614 4097; x_wconf 67' lang='lat' dir='ltr'>hazc</span> 
     </span>
    </p>
   </div>
   <div class='ocr_carea' id='block_1_86' title="bbox 2002 4130 3614 4209">
    <p class='ocr_par' dir='ltr' id='par_1_86' title="bbox 2002 4130 3614 4209">
     <span class='ocr_line' id='line_1_86' title="bbox 2002 4130 3614 4209; baseline -0.004 -17"><span class='ocrx_word' id='word_1_641' title='bbox 2002 4136 2240 4209; x_wconf 63' lang='lat' dir='ltr'>quaestio</span> <span class='ocrx_word' id='word_1_642' title='bbox 2257 4138 2417 4190; x_wconf 89' lang='lat' dir='ltr'>mota</span> <span class='ocrx_word' id='word_1_643' title='bbox 2436 4133 2667 4203; x_wconf 81' lang='lat' dir='ltr'>fuerat),</span> <span class='ocrx_word' id='word_1_644' title='bbox 2682 4132 2784 4187; x_wconf 84' lang='lat' dir='ltr'>sed</span> <span class='ocrx_word' id='word_1_645' title='bbox 2795 4131 2869 4186; x_wconf 91' lang='lat' dir='ltr'>ad</span> <span class='ocrx_word' id='word_1_646' title='bbox 2881 4131 3030 4185; x_wconf 90' lang='lat' dir='ltr'>illius</span> <span class='ocrx_word' id='word_1_647' title='bbox 3040 4132 3258 4185; x_wconf 90' lang='lat' dir='ltr'>calcem</span> <span class='ocrx_word' id='word_1_648' title='bbox 3274 4130 3455 4185; x_wconf 90' lang='lat' dir='ltr'>voluit</span> <span class='ocrx_word' id='word_1_649' title='bbox 3473 4131 3561 4201; x_wconf 83' lang='lat' dir='ltr'>adi</span> <span class='ocrx_word' id='word_1_650' title='bbox 3574 4133 3614 4186; x_wconf 90' lang='lat' dir='ltr'>i-</span> 
     </span>
    </p>
   </div>
   <div class='ocr_carea' id='block_1_87' title="bbox 1998 4218 3615 4285">
    <p class='ocr_par' dir='ltr' id='par_1_87' title="bbox 1998 4218 3615 4285">
     <span class='ocr_line' id='line_1_87' title="bbox 1998 4218 3615 4285; baseline -0.004 -5"><span class='ocrx_word' id='word_1_651' title='bbox 1998 4227 2049 4280; x_wconf 92' lang='lat' dir='ltr'>ci</span> <span class='ocrx_word' id='word_1_652' title='bbox 2062 4223 2343 4281; x_wconf 90' lang='lat' dir='ltr'>Chronica</span> <span class='ocrx_word' id='word_1_653' title='bbox 2355 4223 2426 4278; x_wconf 91' lang='lat' dir='ltr'>de</span> <span class='ocrx_word' id='word_1_654' title='bbox 2441 4221 2673 4277; x_wconf 82' lang='lat' dir='ltr'>exordio</span> <span class='ocrx_word' id='word_1_655' title='bbox 2688 4220 2907 4276; x_wconf 90' lang='lat' dir='ltr'>ordinis</span> <span class='ocrx_word' id='word_1_656' title='bbox 2920 4218 3352 4285; x_wconf 87' lang='lat' dir='ltr'>Carthusiensis,</span> <span class='ocrx_word' id='word_1_657' title='bbox 3368 4218 3518 4273; x_wconf 91' lang='lat' dir='ltr'>hanc</span> <span class='ocrx_word' id='word_1_658' title='bbox 3531 4220 3615 4274; x_wconf 87' lang='lat' dir='ltr'>hi-</span> 
     </span>
    </p>
   </div>
   <div class='ocr_carea' id='block_1_88' title="bbox 1995 4306 3606 4378">
    <p class='ocr_par' dir='ltr' id='par_1_88' title="bbox 1995 4306 3606 4378">
     <span class='ocr_line' id='line_1_88' title="bbox 1995 4306 3606 4378; baseline -0.005 -7"><span class='ocrx_word' id='word_1_659' title='bbox 1995 4315 2233 4372; x_wconf 88' lang='lat' dir='ltr'>storiam</span> <span class='ocrx_word' id='word_1_660' title='bbox 2281 4310 2633 4378; x_wconf 88' lang='lat' dir='ltr'>enarrantia,</span> <span class='ocrx_word' id='word_1_661' title='bbox 2668 4308 2740 4366; x_wconf 87' lang='lat' dir='ltr'>ab</span> <span class='ocrx_word' id='word_1_662' title='bbox 2791 4312 3025 4365; x_wconf 90' lang='lat' dir='ltr'>auctore</span> <span class='ocrx_word' id='word_1_663' title='bbox 3074 4306 3278 4362; x_wconf 88' lang='lat' dir='ltr'>incerti</span> <span class='ocrx_word' id='word_1_664' title='bbox 3333 4309 3606 4377; x_wconf 85' lang='lat' dir='ltr'>nominis,</span> 
     </span>
    </p>
   </div>
   <div class='ocr_carea' id='block_1_89' title="bbox 268 4381 3605 4476">
    <p class='ocr_par' dir='ltr' id='par_1_89' title="bbox 268 4381 3605 4476">
     <span class='ocr_line' id='line_1_89' title="bbox 268 4381 3605 4476; baseline -0.002 -18"><span class='ocrx_word' id='word_1_665' title='bbox 268 4402 414 4474; x_wconf 90' lang='lat' dir='ltr'>ligio</span> <span class='ocrx_word' id='word_1_666' title='bbox 446 4402 776 4470; x_wconf 89' lang='lat' dir='ltr'>haberetur,</span> <span class='ocrx_word' id='word_1_667' title='bbox 806 4421 980 4476; x_wconf 89' lang='lat' dir='ltr'>quam</span> <span class='ocrx_word' id='word_1_668' title='bbox 1015 4415 1219 4459; x_wconf 78' lang='lat' dir='ltr'>omn‘es</span> <span class='ocrx_word' id='word_1_669' title='bbox 1256 4407 1471 4459; x_wconf 90' lang='lat' dir='ltr'>norunt</span> <span class='ocrx_word' id='word_1_670' title='bbox 1499 4405 1633 4459; x_wconf 90' lang='lat' dir='ltr'>satis</span> <span class='ocrx_word' id='word_1_671' title='bbox 1662 4404 1893 4460; x_wconf 90' lang='lat' dir='ltr'>aliunde</span> <span class='ocrx_word' id='word_1_672' title='bbox 1919 4381 1973 4439; x_wconf 83' lang='lat' dir='ltr'><strong>D</strong></span> <span class='ocrx_word' id='word_1_673' title='bbox 1994 4404 2254 4475; x_wconf 88' lang='lat' dir='ltr'>ejusdem</span> <span class='ocrx_word' id='word_1_674' title='bbox 2285 4406 2483 4457; x_wconf 88' lang='lat' dir='ltr'>tamen</span> <span class='ocrx_word' id='word_1_675' title='bbox 2504 4398 2732 4456; x_wconf 89' lang='lat' dir='ltr'>Ordinis</span> <span class='ocrx_word' id='word_1_676' title='bbox 2762 4398 3041 4471; x_wconf 86' lang='lat' dir='ltr'>professo,</span> <span class='ocrx_word' id='word_1_677' title='bbox 3089 4397 3229 4452; x_wconf 94' lang='lat' dir='ltr'>olim</span> <span class='ocrx_word' id='word_1_678' title='bbox 3260 4396 3605 4470; x_wconf 89' lang='lat' dir='ltr'>conscripta,</span> 
     </span>
    </p>
   </div>
   <div class='ocr_carea' id='block_1_90' title="bbox 272 4490 1898 4563">
    <p class='ocr_par' dir='ltr' id='par_1_90' title="bbox 272 4490 1898 4563">
     <span class='ocr_line' id='line_1_90' title="bbox 272 4490 1898 4563; baseline 0.002 -17"><span class='ocrx_word' id='word_1_679' title='bbox 272 4490 599 4563; x_wconf 89' lang='lat' dir='ltr'>insignibus</span> <span class='ocrx_word' id='word_1_680' title='bbox 618 4492 766 4563; x_wconf 68' lang='lat' dir='ltr'>praef</span> <span class='ocrx_word' id='word_1_681' title='bbox 767 4493 818 4545; x_wconf 89' lang='lat' dir='ltr'>ul</span> <span class='ocrx_word' id='word_1_682' title='bbox 825 4508 963 4563; x_wconf 88' lang='lat' dir='ltr'>gere</span> <span class='ocrx_word' id='word_1_683' title='bbox 984 4493 1397 4563; x_wconf 74' lang='lat' dir='ltr'>prserogatiyis.</span> <span class='ocrx_word' id='word_1_684' title='bbox 1421 4514 1448 4542; x_wconf 85' lang='lat'>»</span> <span class='ocrx_word' id='word_1_685' title='bbox 1469 4494 1754 4548; x_wconf 85' lang='lat' dir='ltr'>Hactenus</span> <span class='ocrx_word' id='word_1_686' title='bbox 1766 4494 1898 4549; x_wconf 92' lang='lat' dir='ltr'>Car-</span> 
     </span>
    </p>
   </div>
   <div class='ocr_carea' id='block_1_91' title="bbox 273 4581 1893 4656">
    <p class='ocr_par' dir='ltr' id='par_1_91' title="bbox 273 4581 1893 4656">
     <span class='ocr_line' id='line_1_91' title="bbox 273 4581 1893 4656; baseline 0.003 -22"><span class='ocrx_word' id='word_1_687' title='bbox 273 4581 579 4636; x_wconf 88' lang='lat' dir='ltr'>thusianus</span> <span class='ocrx_word' id='word_1_688' title='bbox 626 4584 824 4637; x_wconf 89' lang='lat' dir='ltr'>noster</span> <span class='ocrx_word' id='word_1_689' title='bbox 870 4599 1215 4655; x_wconf 83' lang='lat' dir='ltr'>anunymus,</span> <span class='ocrx_word' id='word_1_690' title='bbox 1265 4584 1462 4639; x_wconf 91' lang='lat' dir='ltr'>volens</span> <span class='ocrx_word' id='word_1_691' title='bbox 1506 4583 1893 4656; x_wconf 90' lang='lat' dir='ltr'>potissimum,</span> 
     </span>
    </p>
   </div>
   <div class='ocr_carea' id='block_1_92' title="bbox 274 4669 1899 4742">
    <p class='ocr_par' dir='ltr' id='par_1_92' title="bbox 274 4669 1899 4742">
     <span class='ocr_line' id='line_1_92' title="bbox 274 4669 1899 4742; baseline 0.002 -19"><span class='ocrx_word' id='word_1_692' title='bbox 274 4669 621 4740; x_wconf 84' lang='lat' dir='ltr'>scriptorem</span> <span class='ocrx_word' id='word_1_693' title='bbox 639 4686 1018 4741; x_wconf 84' lang='lat' dir='ltr'>anonymum,</span> <span class='ocrx_word' id='word_1_694' title='bbox 1043 4672 1139 4742; x_wconf 87' lang='lat' dir='ltr'>qui</span> <span class='ocrx_word' id='word_1_695' title='bbox 1160 4672 1381 4742; x_wconf 88' lang='lat' dir='ltr'>primus</span> <span class='ocrx_word' id='word_1_696' title='bbox 1396 4690 1463 4727; x_wconf 85' lang='lat' dir='ltr'>ex</span> <span class='ocrx_word' id='word_1_697' title='bbox 1488 4672 1899 4728; x_wconf 90' lang='lat' dir='ltr'>Carthusiensi-</span> 
     </span>
    </p>
   </div>
   <div class='ocr_carea' id='block_1_93' title="bbox 278 4756 1897 4828">
    <p class='ocr_par' dir='ltr' id='par_1_93' title="bbox 278 4756 1897 4828">
     <span class='ocr_line' id='line_1_93' title="bbox 278 4756 1897 4828; baseline 0.002 -16"><span class='ocrx_word' id='word_1_698' title='bbox 278 4758 386 4812; x_wconf 89' lang='lat' dir='ltr'>bus</span> <span class='ocrx_word' id='word_1_699' title='bbox 420 4756 811 4828; x_wconf 87' lang='lat' dir='ltr'>prodigiosam</span> <span class='ocrx_word' id='word_1_700' title='bbox 840 4757 1092 4814; x_wconf 91' lang='lat' dir='ltr'>doctoris</span> <span class='ocrx_word' id='word_1_701' title='bbox 1122 4760 1453 4815; x_wconf 87' lang='lat' dir='ltr'>Parisiensis</span> <span class='ocrx_word' id='word_1_702' title='bbox 1474 4760 1784 4816; x_wconf 88' lang='lat' dir='ltr'>anastasim</span> <span class='ocrx_word' id='word_1_703' title='bbox 1803 4761 1897 4816; x_wconf 91' lang='lat' dir='ltr'>lit-</span> 
     </span>
    </p>
   </div>
   <div class='ocr_carea' id='block_1_94' title="bbox 278 4845 1898 4921">
    <p class='ocr_par' dir='ltr' id='par_1_94' title="bbox 278 4845 1898 4921">
     <span class='ocr_line' id='line_1_94' title="bbox 278 4845 1898 4921; baseline 0.002 -21"><span class='ocrx_word' id='word_1_704' title='bbox 278 4845 422 4900; x_wconf 84' lang='lat' dir='ltr'>teris</span> <span class='ocrx_word' id='word_1_705' title='bbox 438 4845 750 4912; x_wconf 89' lang='lat' dir='ltr'>mandavit,</span> <span class='ocrx_word' id='word_1_706' title='bbox 768 4849 1151 4919; x_wconf 82' lang='lat' dir='ltr'>contextoque</span> <span class='ocrx_word' id='word_1_707' title='bbox 1173 4864 1206 4902; x_wconf 90' lang='lat' dir='ltr'>a</span> <span class='ocrx_word' id='word_1_708' title='bbox 1222 4865 1280 4902; x_wconf 90' lang='lat' dir='ltr'>se</span> <span class='ocrx_word' id='word_1_709' title='bbox 1294 4847 1617 4919; x_wconf 90' lang='lat' dir='ltr'>primorum</span> <span class='ocrx_word' id='word_1_710' title='bbox 1642 4848 1898 4921; x_wconf 89' lang='lat' dir='ltr'>quinque</span> 
     </span>
    </p>
   </div>
   <div class='ocr_carea' id='block_1_95' title="bbox 281 4934 1900 5010">
    <p class='ocr_par' dir='ltr' id='par_1_95' title="bbox 281 4934 1900 5010">
     <span class='ocr_line' id='line_1_95' title="bbox 281 4934 1900 5010; baseline 0.001 -20"><span class='ocrx_word' id='word_1_711' title='bbox 281 4934 599 4990; x_wconf 73' lang='lat' dir='ltr'>Carthusia:</span> <span class='ocrx_word' id='word_1_712' title='bbox 622 4934 882 5007; x_wconf 90' lang='lat' dir='ltr'>priorum</span> <span class='ocrx_word' id='word_1_713' title='bbox 910 4935 1191 4992; x_wconf 90' lang='lat' dir='ltr'>Chronico</span> <span class='ocrx_word' id='word_1_714' title='bbox 1208 4937 1467 5005; x_wconf 84' lang='lat' dir='ltr'>inseruit,</span> <span class='ocrx_word' id='word_1_715' title='bbox 1488 4938 1785 5010; x_wconf 86' lang='lat' dir='ltr'>sexaginta</span> <span class='ocrx_word' id='word_1_716' title='bbox 1801 4941 1900 4993; x_wconf 89' lang='lat' dir='ltr'>aut</span> 
     </span>
    </p>
   </div>
   <div class='ocr_carea' id='block_1_96' title="bbox 281 5022 1899 5095">
    <p class='ocr_par' dir='ltr' id='par_1_96' title="bbox 281 5022 1899 5095">
     <span class='ocr_line' id='line_1_96' title="bbox 281 5022 1899 5095; baseline 0.003 -18"><span class='ocrx_word' id='word_1_717' title='bbox 281 5022 358 5078; x_wconf 89' lang='lat' dir='ltr'>ad</span> <span class='ocrx_word' id='word_1_718' title='bbox 388 5039 685 5078; x_wconf 89' lang='lat' dir='ltr'>summum</span> <span class='ocrx_word' id='word_1_719' title='bbox 718 5024 1015 5095; x_wconf 87' lang='lat' dir='ltr'>octoginta</span> <span class='ocrx_word' id='word_1_720' title='bbox 1043 5024 1342 5080; x_wconf 88' lang='lat' dir='ltr'>dumtaxat</span> <span class='ocrx_word' id='word_1_721' title='bbox 1361 5027 1529 5081; x_wconf 86' lang='lat' dir='ltr'>annis</span> <span class='ocrx_word' id='word_1_722' title='bbox 1553 5045 1587 5081; x_wconf 92' lang='lat' dir='ltr'>a</span> <span class='ocrx_word' id='word_1_723' title='bbox 1610 5026 1899 5082; x_wconf 89' lang='lat' dir='ltr'>sociorum</span> 
     </span>
    </p>
   </div>
   <div class='ocr_carea' id='block_1_97' title="bbox 280 5110 1899 5182">
    <p class='ocr_par' dir='ltr' id='par_1_97' title="bbox 280 5110 1899 5182">
     <span class='ocr_line' id='line_1_97' title="bbox 280 5110 1899 5182; baseline 0.002 -16"><span class='ocrx_word' id='word_1_724' title='bbox 280 5111 342 5167; x_wconf 91' lang='lat' dir='ltr'>S.</span> <span class='ocrx_word' id='word_1_725' title='bbox 364 5110 649 5166; x_wconf 89' lang='lat' dir='ltr'>Brunonis</span> <span class='ocrx_word' id='word_1_726' title='bbox 659 5110 821 5166; x_wconf 91' lang='lat' dir='ltr'>obitu</span> <span class='ocrx_word' id='word_1_727' title='bbox 832 5128 931 5166; x_wconf 91' lang='lat' dir='ltr'>seu</span> <span class='ocrx_word' id='word_1_728' title='bbox 944 5111 1069 5182; x_wconf 89' lang='lat' dir='ltr'>jam</span> <span class='ocrx_word' id='word_1_729' title='bbox 1090 5110 1226 5168; x_wconf 89' lang='lat' dir='ltr'>inde</span> <span class='ocrx_word' id='word_1_730' title='bbox 1250 5114 1321 5169; x_wconf 89' lang='lat' dir='ltr'>ab</span> <span class='ocrx_word' id='word_1_731' title='bbox 1344 5130 1497 5169; x_wconf 89' lang='lat' dir='ltr'>anno</span> <span class='ocrx_word' id='word_1_732' title='bbox 1518 5114 1743 5169; x_wconf 90' lang='lat' dir='ltr'>circiter</span> <span class='ocrx_word' id='word_1_733' title='bbox 1763 5117 1899 5170; x_wconf 79' lang='grc'><strong>1220</strong></span> 
     </span>
    </p>
   </div>
   <div class='ocr_carea' id='block_1_98' title="bbox 281 5198 1897 5276">
    <p class='ocr_par' dir='ltr' id='par_1_98' title="bbox 281 5198 1897 5276">
     <span class='ocr_line' id='line_1_98' title="bbox 281 5198 1897 5276; baseline 0.002 -21"><span class='ocrx_word' id='word_1_734' title='bbox 281 5198 566 5265; x_wconf 83' lang='lat' dir='ltr'>ﬂoruisse,</span> <span class='ocrx_word' id='word_1_735' title='bbox 580 5215 823 5271; x_wconf 89' lang='lat' dir='ltr'>remque</span> <span class='ocrx_word' id='word_1_736' title='bbox 839 5200 909 5254; x_wconf 92' lang='lat' dir='ltr'>ab</span> <span class='ocrx_word' id='word_1_737' title='bbox 932 5199 1066 5271; x_wconf 90' lang='lat' dir='ltr'>ipsis</span> <span class='ocrx_word' id='word_1_738' title='bbox 1079 5201 1289 5256; x_wconf 90' lang='lat' dir='ltr'>horum</span> <span class='ocrx_word' id='word_1_739' title='bbox 1317 5202 1625 5276; x_wconf 89' lang='lat' dir='ltr'>discipulis,</span> <span class='ocrx_word' id='word_1_740' title='bbox 1646 5220 1713 5259; x_wconf 92' lang='lat' dir='ltr'>ac</span> <span class='ocrx_word' id='word_1_741' title='bbox 1729 5202 1897 5275; x_wconf 91' lang='lat' dir='ltr'>proin</span> 
     </span>
    </p>
   </div>
   <div class='ocr_carea' id='block_1_99' title="bbox 278 5277 1899 5366">
    <p class='ocr_par' dir='ltr' id='par_1_99' title="bbox 278 5277 1899 5366">
     <span class='ocr_line' id='line_1_99' title="bbox 278 5277 1899 5366; baseline 0.003 -23"><span class='ocrx_word' id='word_1_742' title='bbox 278 5305 351 5343; x_wconf 82' lang='lat' dir='ltr'>ex</span> <span class='ocrx_word' id='word_1_743' title='bbox 376 5303 512 5342; x_wconf 87' lang='lat' dir='ltr'>vera</span> <span class='ocrx_word' id='word_1_744' title='bbox 542 5277 879 5357; x_wconf 74' lang='lat' dir='ltr'>traditione,</span> <span class='ocrx_word' id='word_1_745' title='bbox 907 5305 1069 5343; x_wconf 82' lang='lat' dir='ltr'>«non</span> <span class='ocrx_word' id='word_1_746' title='bbox 1099 5306 1165 5344; x_wconf 86' lang='lat' dir='ltr'>ex</span> <span class='ocrx_word' id='word_1_747' title='bbox 1191 5290 1411 5346; x_wconf 89' lang='lat' dir='ltr'>incerto</span> <span class='ocrx_word' id='word_1_748' title='bbox 1439 5292 1688 5348; x_wconf 66' lang='lat' dir='ltr'>credula:</span> <span class='ocrx_word' id='word_1_749' title='bbox 1715 5292 1899 5366; x_wconf 91' lang='lat' dir='ltr'>plebis</span> 
     </span>
    </p>
   </div>
   <div class='ocr_carea' id='block_1_100' title="bbox 280 5378 931 5449">
    <p class='ocr_par' dir='ltr' id='par_1_100' title="bbox 280 5378 931 5449">
     <span class='ocr_line' id='line_1_100' title="bbox 280 5378 931 5449; baseline 0.003 -19"><span class='ocrx_word' id='word_1_750' title='bbox 280 5393 542 5442; x_wconf 88' lang='lat' dir='ltr'>rumore,</span> <span class='ocrx_word' id='word_1_751' title='bbox 564 5397 590 5424; x_wconf 83' lang='grc'><strong>››</strong></span> <span class='ocrx_word' id='word_1_752' title='bbox 627 5378 931 5449; x_wconf 87' lang='lat' dir='ltr'>accepisse.</span> 
     </span>
    </p>
   </div>
   <div class='ocr_carea' id='block_1_101' title="bbox 362 5465 1899 5542">
    <p class='ocr_par' dir='ltr' id='par_1_101' title="bbox 362 5465 1899 5542">
     <span class='ocr_line' id='line_1_101' title="bbox 362 5465 1899 5542; baseline 0.005 -24"><span class='ocrx_word' id='word_1_753' title='bbox 362 5466 487 5519; x_wconf 66' lang='grc'><strong>344.</strong></span> <span class='ocrx_word' id='word_1_754' title='bbox 523 5465 889 5519; x_wconf 82' lang='lat' dir='ltr'>Ratiocinum</span> <span class='ocrx_word' id='word_1_755' title='bbox 909 5466 1020 5520; x_wconf 90' lang='lat' dir='ltr'>huc</span> <span class='ocrx_word' id='word_1_756' title='bbox 1039 5466 1164 5538; x_wconf 88' lang='lat' dir='ltr'>jam</span> <span class='ocrx_word' id='word_1_757' title='bbox 1185 5468 1616 5541; x_wconf 88' lang='lat' dir='ltr'>transcriptum,</span> <span class='ocrx_word' id='word_1_758' title='bbox 1640 5486 1754 5542; x_wconf 91' lang='lat' dir='ltr'>quo</span> <span class='ocrx_word' id='word_1_759' title='bbox 1776 5470 1899 5524; x_wconf 62' lang='lat' dir='ltr'>hanc</span> 
     </span>
    </p>
   </div>
   <div class='ocr_carea' id='block_1_102' title="bbox 288 5552 1906 5631">
    <p class='ocr_par' dir='ltr' id='par_1_102' title="bbox 288 5552 1906 5631">
     <span class='ocr_line' id='line_1_102' title="bbox 288 5552 1906 5631; baseline 0.009 -25"><span class='ocrx_word' id='word_1_760' title='bbox 288 5553 545 5628; x_wconf 85' lang='lat' dir='ltr'>probare</span> <span class='ocrx_word' id='word_1_761' title='bbox 567 5552 975 5611; x_wconf 86' lang='lat' dir='ltr'>Carthusianus</span> <span class='ocrx_word' id='word_1_762' title='bbox 989 5558 1184 5613; x_wconf 80' lang='lat' dir='ltr'>noster</span> <span class='ocrx_word' id='word_1_763' title='bbox 1194 5572 1516 5631; x_wconf 82' lang='lat' dir='ltr'>anonymus</span> <span class='ocrx_word' id='word_1_764' title='bbox 1534 5558 1757 5630; x_wconf 88' lang='lat' dir='ltr'>nititur,</span> <span class='ocrx_word' id='word_1_765' title='bbox 1770 5576 1906 5620; x_wconf 80' lang='lat' dir='ltr'>ano-</span> 
     </span>
    </p>
   </div>
   <div class='ocr_carea' id='block_1_103' title="bbox 1995 4485 3611 4566">
    <p class='ocr_par' dir='ltr' id='par_1_103' title="bbox 1995 4485 3611 4566">
     <span class='ocr_line' id='line_1_103' title="bbox 1995 4485 3611 4566; baseline -0.005 -17"><span class='ocrx_word' id='word_1_766' title='bbox 1995 4509 2172 4566; x_wconf 89' lang='lat' dir='ltr'>quem</span> <span class='ocrx_word' id='word_1_767' title='bbox 2205 4495 2513 4565; x_wconf 88' lang='lat' dir='ltr'>propterea</span> <span class='ocrx_word' id='word_1_768' title='bbox 2551 4488 2829 4560; x_wconf 87' lang='lat' dir='ltr'>anonymi</span> <span class='ocrx_word' id='word_1_769' title='bbox 2875 4485 3304 4558; x_wconf 89' lang='lat' dir='ltr'>nuncupatione</span> <span class='ocrx_word' id='word_1_770' title='bbox 3338 4486 3611 4558; x_wconf 89' lang='lat' dir='ltr'>deinceps</span> 
     </span>
    </p>
   </div>
   <div class='ocr_carea' id='block_1_104' title="bbox 1996 4575 3609 4653">
    <p class='ocr_par' dir='ltr' id='par_1_104' title="bbox 1996 4575 3609 4653">
     <span class='ocr_line' id='line_1_104' title="bbox 1996 4575 3609 4653; baseline -0.005 -17"><span class='ocrx_word' id='word_1_771' title='bbox 1996 4579 2446 4653; x_wconf 90' lang='lat' dir='ltr'>designabimus.</span> <span class='ocrx_word' id='word_1_772' title='bbox 2462 4579 2653 4633; x_wconf 91' lang='lat' dir='ltr'>Unum</span> <span class='ocrx_word' id='word_1_773' title='bbox 2666 4577 2925 4633; x_wconf 91' lang='lat' dir='ltr'>codicem</span> <span class='ocrx_word' id='word_1_774' title='bbox 2942 4578 3062 4630; x_wconf 90' lang='lat' dir='ltr'>tam</span> <span class='ocrx_word' id='word_1_775' title='bbox 3076 4575 3313 4631; x_wconf 89' lang='lat' dir='ltr'>Bosonis</span> <span class='ocrx_word' id='word_1_776' title='bbox 3330 4576 3445 4630; x_wconf 90' lang='lat' dir='ltr'>sive</span> <span class='ocrx_word' id='word_1_777' title='bbox 3461 4576 3609 4631; x_wconf 90' lang='lat' dir='ltr'>Guil-</span> 
     </span>
    </p>
   </div>
   <div class='ocr_carea' id='block_1_105' title="bbox 1996 4665 3612 4741">
    <p class='ocr_par' dir='ltr' id='par_1_105' title="bbox 1996 4665 3612 4741">
     <span class='ocr_line' id='line_1_105' title="bbox 1996 4665 3612 4741; baseline -0.004 -15"><span class='ocrx_word' id='word_1_778' title='bbox 1996 4669 2155 4726; x_wconf 91' lang='lat' dir='ltr'>lelmi</span> <span class='ocrx_word' id='word_1_779' title='bbox 2177 4670 2247 4725; x_wconf 91' lang='lat' dir='ltr'>de</span> <span class='ocrx_word' id='word_1_780' title='bbox 2277 4669 2601 4741; x_wconf 81' lang='lat' dir='ltr'>Hyporegia</span> <span class='ocrx_word' id='word_1_781' title='bbox 2619 4668 2947 4734; x_wconf 90' lang='lat' dir='ltr'>tractatum,</span> <span class='ocrx_word' id='word_1_782' title='bbox 2968 4682 3166 4739; x_wconf 90' lang='lat' dir='ltr'>quem,</span> <span class='ocrx_word' id='word_1_783' title='bbox 3194 4665 3452 4737; x_wconf 66' lang='lat' dir='ltr'>praefacti</span> <span class='ocrx_word' id='word_1_784' title='bbox 3475 4681 3612 4720; x_wconf 86' lang='lat' dir='ltr'>ano-</span> 
     </span>
    </p>
   </div>
   <div class='ocr_carea' id='block_1_106' title="bbox 1998 4753 3613 4832">
    <p class='ocr_par' dir='ltr' id='par_1_106' title="bbox 1998 4753 3613 4832">
     <span class='ocr_line' id='line_1_106' title="bbox 1998 4753 3613 4832; baseline -0.004 -18"><span class='ocrx_word' id='word_1_785' title='bbox 1998 4758 2158 4832; x_wconf 80' lang='lat' dir='ltr'>nymi</span> <span class='ocrx_word' id='word_1_786' title='bbox 2189 4756 2512 4813; x_wconf 90' lang='lat' dir='ltr'>Chronicon</span> <span class='ocrx_word' id='word_1_787' title='bbox 2542 4756 3092 4828; x_wconf 87' lang='lat' dir='ltr'>complectentem,e</span> <span class='ocrx_word' id='word_1_788' title='bbox 3120 4753 3456 4811; x_wconf 84' lang='lat' dir='ltr'>Montis-Dei</span> <span class='ocrx_word' id='word_1_789' title='bbox 3481 4753 3613 4808; x_wconf 86' lang='lat' dir='ltr'>Car-</span> 
     </span>
    </p>
   </div>
   <div class='ocr_carea' id='block_1_107' title="bbox 1997 4842 3609 4916">
    <p class='ocr_par' dir='ltr' id='par_1_107' title="bbox 1997 4842 3609 4916">
     <span class='ocr_line' id='line_1_107' title="bbox 1997 4842 3609 4916; baseline -0.005 -12"><span class='ocrx_word' id='word_1_790' title='bbox 1997 4848 2188 4905; x_wconf 87' lang='lat' dir='ltr'>thusia</span> <span class='ocrx_word' id='word_1_791' title='bbox 2214 4847 2541 4913; x_wconf 89' lang='lat' dir='ltr'>habuimus,</span> <span class='ocrx_word' id='word_1_792' title='bbox 2572 4845 2677 4900; x_wconf 90' lang='lat' dir='ltr'>sub</span> <span class='ocrx_word' id='word_1_793' title='bbox 2706 4845 2936 4900; x_wconf 84' lang='lat' dir='ltr'>initium</span> <span class='ocrx_word' id='word_1_794' title='bbox 2963 4846 3153 4901; x_wconf 67' lang='lat' dir='ltr'>saeculi</span> <span class='ocrx_word' id='word_1_795' title='bbox 3183 4844 3370 4916; x_wconf 91' lang='lat' dir='ltr'>quarti</span> <span class='ocrx_word' id='word_1_796' title='bbox 3398 4842 3609 4897; x_wconf 90' lang='lat' dir='ltr'>decimi</span> 
     </span>
    </p>
   </div>
   <div class='ocr_carea' id='block_1_108' title="bbox 2000 4933 3609 5006">
    <p class='ocr_par' dir='ltr' id='par_1_108' title="bbox 2000 4933 3609 5006">
     <span class='ocr_line' id='line_1_108' title="bbox 2000 4933 3609 5006; baseline -0.005 -13"><span class='ocrx_word' id='word_1_797' title='bbox 2000 4938 2059 4993; x_wconf 91' lang='lat' dir='ltr'>id</span> <span class='ocrx_word' id='word_1_798' title='bbox 2083 4939 2169 4992; x_wconf 89' lang='lat' dir='ltr'>est</span> <span class='ocrx_word' id='word_1_799' title='bbox 2198 4937 2350 4991; x_wconf 90' lang='lat' dir='ltr'>circa</span> <span class='ocrx_word' id='word_1_800' title='bbox 2378 4935 2555 4990; x_wconf 79' lang='lat' dir='ltr'>finem</span> <span class='ocrx_word' id='word_1_801' title='bbox 2584 4933 2888 5006; x_wconf 87' lang='lat' dir='ltr'>regiminis</span> <span class='ocrx_word' id='word_1_802' title='bbox 2931 4935 3168 4991; x_wconf 88' lang='lat' dir='ltr'>Bosonis</span> <span class='ocrx_word' id='word_1_803' title='bbox 3197 4936 3514 4999; x_wconf 86' lang='lat' dir='ltr'>exaratum,</span> <span class='ocrx_word' id='word_1_804' title='bbox 3543 4933 3609 4985; x_wconf 90' lang='lat' dir='ltr'>ut</span> 
     </span>
    </p>
   </div>
   <div class='ocr_carea' id='block_1_109' title="bbox 1999 5020 3604 5096">
    <p class='ocr_par' dir='ltr' id='par_1_109' title="bbox 1999 5020 3604 5096">
     <span class='ocr_line' id='line_1_109' title="bbox 1999 5020 3604 5096; baseline -0.006 -15"><span class='ocrx_word' id='word_1_805' title='bbox 1999 5026 2406 5081; x_wconf 83' lang='lat' dir='ltr'>excharactere</span> <span class='ocrx_word' id='word_1_806' title='bbox 2422 5022 2767 5094; x_wconf 88' lang='lat' dir='ltr'>colligimus;</span> <span class='ocrx_word' id='word_1_807' title='bbox 2781 5022 2937 5096; x_wconf 90' lang='lat' dir='ltr'>quod</span> <span class='ocrx_word' id='word_1_808' title='bbox 2956 5022 3132 5078; x_wconf 91' lang='lat' dir='ltr'>etiam</span> <span class='ocrx_word' id='word_1_809' title='bbox 3152 5020 3451 5077; x_wconf 91' lang='lat' dir='ltr'>nobiscum</span> <span class='ocrx_word' id='word_1_810' title='bbox 3473 5035 3604 5073; x_wconf 86' lang='lat' dir='ltr'>sen-</span> 
     </span>
    </p>
   </div>
   <div class='ocr_carea' id='block_1_110' title="bbox 1997 5107 3607 5187">
    <p class='ocr_par' dir='ltr' id='par_1_110' title="bbox 1997 5107 3607 5187">
     <span class='ocr_line' id='line_1_110' title="bbox 1997 5107 3607 5187; baseline -0.005 -17"><span class='ocrx_word' id='word_1_811' title='bbox 1997 5114 2163 5170; x_wconf 90' lang='lat' dir='ltr'>sitvir</span> <span class='ocrx_word' id='word_1_812' title='bbox 2173 5111 2773 5187; x_wconf 89' lang='lat' dir='ltr'>quidemdoctissimus</span> <span class='ocrx_word' id='word_1_813' title='bbox 2784 5111 2910 5167; x_wconf 91' lang='lat' dir='ltr'>etin</span> <span class='ocrx_word' id='word_1_814' title='bbox 2923 5111 3019 5182; x_wconf 75' lang='lat' dir='ltr'>huj</span> <span class='ocrx_word' id='word_1_815' title='bbox 3029 5111 3255 5167; x_wconf 88' lang='lat' dir='ltr'>usmodi</span> <span class='ocrx_word' id='word_1_816' title='bbox 3268 5111 3549 5164; x_wconf 76' lang='lat' dir='ltr'>charactex</span> <span class='ocrx_word' id='word_1_817' title='bbox 3563 5107 3607 5162; x_wconf 88' lang='lat' dir='ltr'>i-</span> 
     </span>
    </p>
   </div>
   <div class='ocr_carea' id='block_1_111' title="bbox 1996 5196 3603 5272">
    <p class='ocr_par' dir='ltr' id='par_1_111' title="bbox 1996 5196 3603 5272">
     <span class='ocr_line' id='line_1_111' title="bbox 1996 5196 3603 5272; baseline -0.006 -13"><span class='ocrx_word' id='word_1_818' title='bbox 1996 5204 2103 5260; x_wconf 90' lang='lat' dir='ltr'>bus</span> <span class='ocrx_word' id='word_1_819' title='bbox 2126 5201 2561 5269; x_wconf 85' lang='lat' dir='ltr'>versatissimus,</span> <span class='ocrx_word' id='word_1_820' title='bbox 2607 5217 2781 5272; x_wconf 89' lang='lat' dir='ltr'>quem</span> <span class='ocrx_word' id='word_1_821' title='bbox 2832 5199 3059 5255; x_wconf 89' lang='lat' dir='ltr'>Parisiis</span> <span class='ocrx_word' id='word_1_822' title='bbox 3087 5198 3388 5270; x_wconf 87' lang='lat' dir='ltr'>cujusdam</span> <span class='ocrx_word' id='word_1_823' title='bbox 3433 5196 3603 5251; x_wconf 73' lang='lat' dir='ltr'>amici</span> 
     </span>
    </p>
   </div>
   <div class='ocr_carea' id='block_1_112' title="bbox 1998 5285 3602 5360">
    <p class='ocr_par' dir='ltr' id='par_1_112' title="bbox 1998 5285 3602 5360">
     <span class='ocr_line' id='line_1_112' title="bbox 1998 5285 3602 5360; baseline -0.007 -12"><span class='ocrx_word' id='word_1_824' title='bbox 1998 5292 2325 5349; x_wconf 89' lang='lat' dir='ltr'>interventu</span> <span class='ocrx_word' id='word_1_825' title='bbox 2335 5290 2745 5347; x_wconf 88' lang='lat' dir='ltr'>consuluimus.</span> <span class='ocrx_word' id='word_1_826' title='bbox 2762 5288 2904 5345; x_wconf 91' lang='lat' dir='ltr'>Cum</span> <span class='ocrx_word' id='word_1_827' title='bbox 2923 5287 3100 5360; x_wconf 89' lang='lat' dir='ltr'>igitur</span> <span class='ocrx_word' id='word_1_828' title='bbox 3120 5289 3263 5342; x_wconf 87' lang='lat' dir='ltr'>Boso</span> <span class='ocrx_word' id='word_1_829' title='bbox 3293 5285 3484 5341; x_wconf 91' lang='lat' dir='ltr'>medio</span> <span class='ocrx_word' id='word_1_830' title='bbox 3498 5302 3602 5338; x_wconf 79' lang='lat' dir='ltr'>sar-</span> 
     </span>
    </p>
   </div>
   <div class='ocr_carea' id='block_1_113' title="bbox 1999 5365 3598 5449">
    <p class='ocr_par' dir='ltr' id='par_1_113' title="bbox 1999 5365 3598 5449">
     <span class='ocr_line' id='line_1_113' title="bbox 1999 5365 3598 5449; baseline -0.008 -9"><span class='ocrx_word' id='word_1_831' title='bbox 1999 5385 2126 5439; x_wconf 90' lang='lat' dir='ltr'>culo</span> <span class='ocrx_word' id='word_1_832' title='bbox 2149 5383 2375 5438; x_wconf 87' lang='lat' dir='ltr'>decimo</span> <span class='ocrx_word' id='word_1_833' title='bbox 2392 5381 2562 5437; x_wconf 88' lang='lat' dir='ltr'>tertio</span> <span class='ocrx_word' id='word_1_834' title='bbox 2585 5365 2849 5435; x_wconf 66' lang='lat' dir='ltr'>nostrum</span> <span class='ocrx_word' id='word_1_835' title='bbox 2863 5378 3149 5449; x_wconf 89' lang='lat' dir='ltr'>professus</span> <span class='ocrx_word' id='word_1_836' title='bbox 3160 5377 3231 5432; x_wconf 91' lang='lat' dir='ltr'>sit</span> <span class='ocrx_word' id='word_1_837' title='bbox 3250 5376 3598 5437; x_wconf 87' lang='lat' dir='ltr'>institutum,</span> 
     </span>
    </p>
   </div>
   <div class='ocr_carea' id='block_1_114' title="bbox 2001 5464 3603 5541">
    <p class='ocr_par' dir='ltr' id='par_1_114' title="bbox 2001 5464 3603 5541">
     <span class='ocr_line' id='line_1_114' title="bbox 2001 5464 3603 5541; baseline -0.009 -14"><span class='ocrx_word' id='word_1_838' title='bbox 2001 5489 2120 5527; x_wconf 90' lang='lat' dir='ltr'>non</span> <span class='ocrx_word' id='word_1_839' title='bbox 2132 5471 2369 5526; x_wconf 90' lang='lat' dir='ltr'>dubium</span> <span class='ocrx_word' id='word_1_840' title='bbox 2391 5474 2477 5526; x_wconf 90' lang='lat' dir='ltr'>est</span> <span class='ocrx_word' id='word_1_841' title='bbox 2493 5469 2630 5541; x_wconf 91' lang='lat' dir='ltr'>quin</span> <span class='ocrx_word' id='word_1_842' title='bbox 2648 5471 2845 5523; x_wconf 88' lang='lat' dir='ltr'>auctor</span> <span class='ocrx_word' id='word_1_843' title='bbox 2860 5467 3127 5523; x_wconf 84' lang='lat' dir='ltr'>Chronici</span> <span class='ocrx_word' id='word_1_844' title='bbox 3148 5482 3398 5537; x_wconf 83' lang='lat' dir='ltr'>anonym</span> <span class='ocrx_word' id='word_1_845' title='bbox 3409 5481 3470 5518; x_wconf 87' lang='lat' dir='ltr'>us</span> <span class='ocrx_word' id='word_1_846' title='bbox 3482 5464 3603 5534; x_wconf 75' lang='lat' dir='ltr'>ipso</span> 
     </span>
    </p>
   </div>
   <div class='ocr_carea' id='block_1_115' title="bbox 2005 5556 3609 5640">
    <p class='ocr_par' dir='ltr' id='par_1_115' title="bbox 2005 5556 3609 5640">
     <span class='ocr_line' id='line_1_115' title="bbox 2005 5556 3609 5640; baseline -0.008 -20"><span class='ocrx_word' id='word_1_847' title='bbox 2005 5562 2079 5620; x_wconf 88' lang='lat' dir='ltr'>sit</span> <span class='ocrx_word' id='word_1_848' title='bbox 2105 5563 2275 5640; x_wconf 89' lang='lat' dir='ltr'>paulo</span> <span class='ocrx_word' id='word_1_849' title='bbox 2305 5560 2631 5635; x_wconf 88' lang='lat' dir='ltr'>antiquior;</span> <span class='ocrx_word' id='word_1_850' title='bbox 2663 5557 2819 5634; x_wconf 89' lang='lat' dir='ltr'>quod</span> <span class='ocrx_word' id='word_1_851' title='bbox 2848 5556 3025 5615; x_wconf 86' lang='lat' dir='ltr'>etiam</span> <span class='ocrx_word' id='word_1_852' title='bbox 3062 5556 3294 5632; x_wconf 87' lang='lat' dir='ltr'>probari</span> <span class='ocrx_word' id='word_1_853' title='bbox 3326 5558 3513 5632; x_wconf 90' lang='lat' dir='ltr'>potest</span> <span class='ocrx_word' id='word_1_854' title='bbox 3542 5569 3609 5607; x_wconf 83' lang='lat' dir='ltr'>cx</span> 
     </span>
    </p>
   </div>
  </div>
