4026 6042
1159 310 1218 371 s.
1278 306 1624 368 BRUNONIS
1683 301 2318 381 mruusmuonuu
2359 298 2827 360 lNSTlTUTORlS
3540 302 3645 359 208

338 327 445 388 207

341 444 705 505 bibliotheca
723 431 1067 494 Colbertina
1079 428 1295 496 codice,
1310 427 1370 483 in
1384 443 1498 499 quo
1511 424 1770 496 ejusdem
1785 421 1958 478 Chro-
1975 423 2028 503 Α
2055 420 2285 488 sanctis,
2303 434 2555 493 quorum
2576 421 2633 473 et
2660 431 3050 474 successorum
3066 412 3244 505 ﬁdem
3261 412 3407 471 tanti
3421 414 3671 474 faciebat

342 504 454 595 nici
486 530 817 602 exemplum
838 521 1125 596 reperitur
1154 517 1501 589 exscriptum
1531 517 1665 569 ante
1696 510 1956 567 medium
2054 511 2366 565 Guilelmus
2396 506 2716 574 Durandus,
2752 506 2952 579 magni
2982 504 3238 561 nominis
3269 510 3487 576 auctor,
3518 511 3582 562 ut
3610 506 3669 563 in

343 626 479 685 dicti
496 598 685 679 sacul—i
706 613 860 673 tertii
882 609 1111 676 decimi,
1126 610 1189 663 ut
1215 624 1318 662 nos
1334 605 1658 676 Stephanus
1680 598 1952 655 Baluzius.

342 717 427 773 vir
453 710 715 770 doctrina
742 700 1088 760 clarissimus
1113 700 1173 752 et
1196 696 1266 751 de
1298 693 1495 767 quovis
1524 692 1673 747 bene
1694 686 1957 744 merendi

344 797 810 861 studiosissimus,
842 806 947 863 per
976 788 1195 843 litteras
1224 783 1311 838 his
1346 781 1533 838 verbis
1562 775 1953 835 commonuit:

348 918 377 947 «
410 874 471 948 In
490 888 684 946 codice
698 883 835 941 3806
858 882 942 934 est
959 875 1228 949 quadam
1241 872 1437 927 tabula
1448 868 1751 925 continens
1770 864 1959 936 capita

344 1005 373 1035 ››
406 999 457 1037 ιι
476 980 546 1035 de
569 970 923 1049 perfectione
942 970 1000 1022 et
1016 960 1324 1036 privilegiis
1341 956 1570 1049 Ordinis
1591 953 1960 1049 Carthusien-

345 1094 374 1124 »
409 1070 503 1125 sis.
533 1042 629 1121 Est
657 1059 999 1133 imperfecta
1025 1056 1085 1109 et
1113 1050 1313 1123 incipit
1341 1048 1400 1103 in
1431 1045 1617 1118 capite
1633 1060 1744 1099 xvr.
1769 1042 1959 1133 codex

347 1182 376 1212 »
392 1160 485 1214 ille
503 1159 586 1211 est
597 1169 695 1209 ειη.
708 1131 995 1205 annorum
1005 1141 1117 1211 ,»id
1131 1142 1217 1195 est
1226 1138 1376 1193 circa
1390 1138 1637 1191 annuml
1650 1134 1772 1187 240.
1782 1131 1961 1185 «Con-

346 1271 374 1300 »
408 1248 555 1302 tinet
574 1238 888 1297 chronicon
912 1234 982 1289 de
1004 1228 1238 1286 exordio
1258 1224 1486 1282 Ordinis
1505 1217 1954 1278 Carthusiensis»

348 1336 459 1412 (Sic
489 1333 663 1389 etiam
694 1328 754 1383 in
784 1326 981 1381 nostro
1021 1318 1215 1374 codice
1245 1311 1592 1382 inscribitur)
1618 1333 1647 1361 ‹‹
1679 1324 1859 1406 usque
1885 1306 1954 1362 ad

348 1395 376 1479 ξ)
411 1437 631 1480 annum
668 1419 823 1481 H37,
857 1428 970 1484 quo
1022 1406 1163 1463 obiit
1191 1404 1394 1475 Guigo.
1446 1399 1663 1457 Deinde
1704 1395 1961 1484 sequitur

350 1537 379 1566 ››
414 1507 736 1568 Bernardus
766 1503 837 1559 de
869 1481 1379 1567 contemplatione.
1408 1488 1612 1562 Incipit
1644 1503 1658 1542 :
1692 1485 1836 1541 Cum
1867 1481 1959 1537 die

352 1626 381 1655 »
417 1599 672 1675 quodam
685 1615 712 1643 ››
736 1586 1157 1646 Verosimilime
1175 1585 1279 1650 est,
1304 1578 1707 1653 apographum
1728 1572 1877 1665 istud
1893 1588 1960 1626 ex

352 1716 381 1745 »
415 1666 536 1763 ipso
552 1679 972 1754 authographo,
992 1673 1180 1746 «quod
1197 1666 1614 1763 modo‘per-iitgf
1632 1676 1962 1763 expressum

2057 599 2298 673 Speculo
2315 598 2481 670 juris,
2515 597 2670 671 quod
2692 595 2946 651 Adriano
2977 595 3022 649 γ
3051 611 3119 651 eo
3147 597 3412 669 tempore
3442 595 3669 665 dicavit,

2057 705 2170 761 quo
2202 688 2376 760 primi
2399 687 2685 744 ﬂorebant
2708 686 2878 757 hujus
2892 683 3146 740 historia
3178 685 3502 756 scriptores,
3536 702 3670 741 cen-

2057 776 2233 834 suerit
2262 778 2525 848 regulam
2545 775 2711 848 juris,
2748 791 2862 847 qua
2890 773 3113 829 nemini
3129 773 3261 829 licet
3286 773 3345 829 in
3372 792 3476 830 sua
3503 791 3675 832 causa

2057 866 2453 923 testimonium
2486 866 2699 933 dicere,
2731 880 2851 919 nou
2875 862 3091 919 habere
3122 863 3313 919 locum
3344 863 3404 919 in
3437 863 3674 939 Carthu-

2057 955 2337 1011 siensibus
2366 959 2425 1010 et
2452 952 2921 1011 Cisterciensibus
2956 955 3194 1025 propter
3227 969 3429 1008 eorum
3459 951 3670 1009 sancti-

2057 1043 2340 1100 moniam.
2363 1044 2475 1099 Hos
2486 1046 2640 1099 certe
2666 1044 2941 1115 quostam
2963 1040 3170 1113 dignos
3184 1040 3297 1096 fide
3312 1040 3673 1098 existimabat

2058 1132 2380 1200 Durandus,
2422 1148 2540 1187 non
2572 1130 2678 1187 sibi
2730 1129 3129 1203 persuassisset
3178 1129 3347 1201 hujus
3397 1129 3674 1186 anastasis

2057 1220 2398 1287 narrationi,
2430 1219 2475 1276 si
2504 1221 2905 1275 commentum
2924 1217 3141 1286 fuisset,
3165 1220 3228 1273 ut
3256 1220 3454 1275 volunt
3476 1219 3674 1274 adver-

2057 1309 2211 1376 sarii,
2236 1308 2460 1364 dedisse
2475 1308 2723 1375 initium,
2748 1310 2811 1362 ut
2833 1306 3060 1363 Ordinis
3080 1307 3165 1362 sui
3187 1307 3537 1363 incunabula
3556 1309 3674 1362 tur-

2059 1397 2326 1468 gentibus
2355 1396 2546 1452 buccis
2576 1396 2635 1451 in
2681 1396 2926 1468 populos
2965 1395 3411 1452 disseminarent
3439 1413 3504 1451 ex
3547 1399 3670 1451 tam

2059 1484 2288 1541 insolito
2321 1484 2609 1558 prodigio,
2642 1502 2710 1541 ex
2739 1500 2875 1557 quo,
2920 1482 3035 1539 sive
3066 1501 3285 1553 verum,
3316 1485 3430 1540 sive
3461 1484 3672 1539 falsum

2062 1576 2229 1642 esset,
2262 1573 2403 1629 nihil
2429 1577 2629 1629 tamen
2662 1574 2859 1646 gloria
2892 1575 2990 1628 aut
3010 1573 3327 1642 dedecoris,
3356 1573 3497 1629 nihil
3526 1572 3674 1628 utili-

2063 1663 2196 1718 tatis
2225 1665 2324 1718 aut
2348 1662 2548 1718 damni
2575 1679 2689 1717 sua
2712 1660 2999 1735 religioni,
3031 1660 3167 1717 satis
3192 1661 3419 1718 abunde
3438 1659 3676 1734 insigni-

412 1741 638 1844 i‘iiisse,)r
657 1741 1112 1841 etaquodamex
1125 1758 1328 1834 primis
1355 1754 1667 1813 Carthusia
1691 1750 1968 1844 Parisien-
1988 1741 2038 1800 Β
2065 1752 2171 1807 bus
2197 1751 2562 1824 prafulgenti
2586 1749 3253 1844 pie-tatisprarogativis,
3281 1751 3543 1844 conferre
3568 1765 3673 1844 po-

355 1892 383 1923 »
413 1870 488 1924 sis
517 1883 548 1921 e
579 1841 787 1933 majori
817 1851 1115 1911 Carthusia
1142 1850 1273 1904 illuc
1304 1847 1563 1909 allatum,
1583 1842 1740 1915 quod
1772 1841 1969 1933 postea

355 1981 384 2011 »
416 1926 778 2013 bibliotheca
804 1946 1079 2008 Thuana,
1102 1933 1701 1994 tandemColbertina
1715 1926 1969 1998 adscrip-

357 2070 386 2099 )›
420 2050 545 2101 tum
572 2039 699 2098 fuit.
729 2058 757 2087 ))

429 2134 552 2189 346.
588 2150 617 2179 ‹‹
648 2126 793 2182 Cum
812 2117 1096 2193 igiturhic
1119 2128 1444 2184 anonymus
1457 2125 1623 2164 suum
1644 2104 1969 2162 Chronicon

354 2216 646 2293 scripserit
663 2214 813 2269 circa
826 2210 914 2264 vel
940 2207 1076 2261 ante
1108 2204 1260 2269 124-0,
1290 2199 1477 2272 potuit
1496 2199 1732 2293 ineunte
1760 2193 1970 2291 eodem

356 2280 562 2367 saculo
592 2301 719 2360 fieri
752 2295 1092 2359 monachus,
1127 2293 1185 2345 et
1214 2287 1424 2343 idcirco
1470 2287 1619 2341 hanc
1666 2280 1970 2338 historiam

355 2398 614 2470 accipere
641 2391 713 2448 ab
735 2381 1153 2458 antiquioribus
1176 2376 1457 2470 Patribus,
1483 2373 1581 2470 qui
1597 2372 1805 2470 eodem
1819 2373 1972 2424 tem-

354 2459 496 2563 pore
510 2477 839 2554 superstites
858 2474 1045 2539 erant,
1067 2486 1134 2525 ex
1153 2463 1669 2563 quibusquosdam
1682 2459 1969 2563 spciqrum

353 2546 537 2632 sancti
566 2546 868 2630 Orunonis,
891 2564 948 2617 et
967 2575 1101 2615 cum
1120 2573 1188 2613 eo
1202 2552 1382 2611 nostri
1397 2548 1673 2626 propositi
1697 2546 1969 2603 fundato-

354 2680 486 2722 rum
517 2655 822 2729 discipulos
843 2649 1013 2706 fuisse
1042 2647 1285 2712 constat,
1319 2644 1385 2734 ut
1409 2638 1735 2734 fuerunt-8.
1781 2634 1973 2734 Attal-

356 2753 481 2819 dus,
511 2746 629 2822 qui,
661 2727 905 2815 regente
936 2735 1202 2793 ordinem
1234 2732 1431 2822 sancto
1452 2727 1785 2822 Anthel—mo,
1813 2727 1973 2821 prior

355 2814 562 2897 domus
592 2814 840 2890 Arveria
871 2827 1104 2884 effectus
1153 2823 1259 2889 est,
1288 2822 1347 2876 et
1389 2817 1598 2873 deinde
1648 2814 1972 2871 Bellicensis

354 2928 671 3002 episcopus,
703 2917 1079 2988 tandemque,
1104 2908 1381 3002 abdicatis
1398 2906 1610 3002 infulis,
1632 2903 1809 3002 vitam
1836 2916 1970 3002 pro-

354 2990 527 3073 traxit
543 2990 617 3069 ad
635 3023 857 3065 annum
876 3005 1031 3070 1206,
1061 3017 1174 3073 quo
1195 2994 1527 3092 centenario
1550 2994 1739 3092 major
1830 2990 1974 3089 cella
1997 3031 2045 3092 Ο

354 3101 638 3167 occubuit,
662 3100 720 3154 et
746 3092 1047 3169 Aynardus
1077 3103 1401 3153 conversus,
1418 3083 1643 3157 Majoris
1659 3078 1973 3169 Carthusia

357 3192 663 3267 professus,
698 3186 769 3241 de
792 3166 906 3257 quo
936 3197 1029 3235 res
1055 3176 1353 3234 mirabiles
1372 3174 1686 3229 narrantur
1710 3170 1769 3225 in
1792 3166 1976 3224 sancti

358 3258 613 3353 ilugonis
670 3266 1082 3329 Lincolniensis
1129 3264 1276 3332 Vita,
1302 3262 1402 3318 ubi
1444 3264 1503 3353 et
1554 3258 1761 3353 dicitur
1806 3272 1973 3353 sana-

358 3344 556 3425 mente
586 3362 791 3421 obiisse
821 3356 1006 3414 atatis
1032 3370 1148 3409 sua
1178 3369 1332 3409 anno
1360 3349 1674 3405 centesimo
1695 3344 1975 3418 vigesimo

360 3463 539 3527 sexto,
571 3456 818 3528 quatuor
843 3446 1068 3503 circiter
1089 3446 1218 3517 post
1240 3441 1297 3498 8.
1326 3441 1633 3513 Hugonem
1655 3437 1843 3528 annis,
1861 3434 1976 3528 sci-

363 3544 495 3606 licet
522 3524 673 3601 circa
705 3540 861 3595 1204.
897 3534 1063 3601 Quod
1093 3531 1183 3587 vix
1212 3530 1368 3586 credi
1398 3530 1609 3603 posset,
1640 3526 1747 3582 nisi
1778 3524 1874 3598 qui
1906 3524 1980 3579 il-

365 3643 485 3695 lum
511 3628 800 3706 cognovit,
828 3625 889 3682 id
915 3621 1141 3695 scriptis
1166 3619 1514 3686 asseruisset,
1549 3619 1612 3672 ut
1638 3632 1740 3672 suo
1768 3615 1892 3670 loco
1919 3612 1980 3668 in

364 3701 681 3784 Annalibus
728 3716 1006 3772 dicemus.
1048 3711 1162 3766 Hos
1190 3708 1341 3764 inter
1368 3703 1740 3762 annumerari
1771 3701 1980 3758 merito

365 3814 604 3890 possunt
624 3801 939 3865 venerandi
952 3801 1123 3875 plane
1136 3812 1300 3853 senes
1316 3798 1488 3863 Bovo,
1504 3792 1563 3849 S.
1583 3791 1838 3865 Hugonis
1855 3788 1984 3845 Lin-

363 3878 689 3966 colniensis,
710 3895 771 3950 in
790 3886 1188 3947 Withamiensi
1210 3885 1469 3959 prioratu
1511 3897 1817 3947 successor,
1853 3878 1986 3934 licet

368 3990 535 4049 annis
548 3988 606 4043 in
633 3982 847 4041 Ordine
868 3977 1171 4034 transactis
1204 3975 1389 4029 multo
1421 3971 1611 4042 major
1633 3967 1983 4033 Jancelinus,

367 4080 465 4153 qui
477 4079 727 4133 matrem
740 4065 1100 4125 Carthusiam
1115 4065 1173 4118 et
1185 4065 1373 4116 totum
1390 4058 1653 4114 ordinem
1672 4057 1841 4153 paulo
1857 4058 1989 4153 post

370 4144 664 4228 ﬁasilium,
691 4159 749 4215 8.
778 4152 1073 4211 Anthelmi
1102 4162 1509 4214 successorem,
1528 4145 1825 4216 sexaginta
1866 4144 1988 4198 fere

373 4254 542 4312 annis
565 4246 896 4307 moderatus
928 4245 1032 4310 est;
1065 4237 1371 4304 Guifridus,
1415 4234 1725 4289 Carthusia
1758 4248 1991 4288 conver-

2066 1843 2296 1908 terant;
2326 1856 2432 1894 nec
2471 1838 2864 1906 credidissent,
2916 1841 2980 1894 ut
3017 1840 3325 1910 exprobrat
3367 1838 3673 1905 Launoius,

2069 1945 2189 1983 non
2200 1928 2336 1983 satis
2347 1928 2627 1983 illustrem
2643 1926 2927 1983 Brunonis
2939 1926 3235 1983 historiam
3246 1970 3259 1995 ,
3275 1944 3403 2001 qua
3427 1927 3552 1999 jam
3579 1926 3676 1981 illo

2071 2020 2278 2073 eventu
2302 2020 2544 2072 careret.
2577 2015 2636 2072 Si
2657 2017 2814 2072 enim
2844 2020 2965 2072 tam
2984 2014 3111 2089 ipsi,
3141 2033 3316 2089 quam
3343 2032 3547 2072 eorum
3574 2031 3676 2089 po-

2069 2107 2227 2175 steri,
2259 2106 2557 2173 amabant,
2591 2109 2653 2161 ut
2693 2105 2930 2178 quidam
2975 2105 3331 2176 (Columbius
3357 2105 3569 2161 scilicet
3619 2103 3679 2160 in

2070 2213 2172 2251 sua
2184 2195 2254 2250 de
2273 2194 2972 2250 Carthusianoruminitiis
2989 2194 3393 2251 Dissertatione
3409 2210 3571 2249 num.
3590 2191 3679 2265 20)

2070 2300 2175 2358 pro
2198 2284 2370 2340 nobis
2399 2283 2734 2351 observarit,
2781 2284 3278 2357 quaritabantque
3325 2281 3584 2351 illustria,
3626 2284 3685 2338 et

2071 2374 2145 2428 ad
2169 2371 2365 2446 p0puli
2397 2372 2845 2428 admirationem
2867 2373 3078 2428 idonea
3098 2373 3286 2428 dicere
3305 2372 3374 2428 de
3393 2373 3681 2440 Brunone,

2070 2461 2328 2533 profecto
2356 2461 2532 2534 longe
2563 2461 2932 2517 illustriorem
2962 2460 3229 2516 fecissent
3258 2460 3447 2516 Vitam
3476 2460 3598 2532 ejus
3627 2463 3686 2515 et

2070 2550 2323 2605 maxime
2372 2549 2447 2605 ad
2487 2550 2688 2621 vulgus
2728 2549 3177 2605 admirationem
3216 2548 3680 2622 suspendendum

2071 2642 2293 2712 aptam,
2306 2638 2350 2693 si
2377 2655 2505 2710 qua
2519 2638 2589 2693 de
2612 2639 2809 2705 Paulo,
2825 2638 3077 2694 Antonio
3100 2638 3357 2711 aliisque,
3371 2655 3469 2694 seu
3487 2654 3686 2694 mona-

2071 2727 2189 2783 chis
2208 2744 2307 2782 seu
2334 2725 2714 2793 anachoretis,
2730 2726 3166 2799 antiquioribus,
3185 2726 3430 2798 legimus
3441 2725 3689 2781 afﬁnxis-

2071 2819 2199 2872 sent
2222 2814 2478 2870 Brunoni
2504 2818 2562 2870 et
2594 2814 2758 2870 sociis
2778 2814 2921 2886 ejus.
2953 2817 3027 2870 At
3055 2815 3183 2883 viri,
3213 2815 3466 2870 veritatis
3481 2831 3683 2870 aman-

2071 2909 2158 2961 tes
2185 2920 2249 2960 ac
2267 2902 2459 2960 omnis
2477 2902 2724 2959 ﬁctionis
2749 2919 2963 2971 osores,
2984 2902 3255 2977 ingenue,
3278 2903 3433 2977 quod
3453 2921 3487 2959 a
3511 2902 3689 2959 Patri-

2073 2995 2177 3050 bus
2209 2992 2531 3060 audierant,
2561 2992 2632 3047 de
2658 2993 2927 3048 Brunone
2957 2995 3339 3048 narraverunt
3359 2992 3523 3065 juxta
3548 2991 3688 3048 illud

2072 3082 2309 3156 Moysis:
2350 3104 2377 3134 «
2408 3083 2710 3153 Interroga
2754 3084 2981 3155 patrem
3013 3085 3180 3138 tuum
3228 3084 3288 3138 et
3325 3079 3691 3138 annuntiabit

2079 3195 2108 3225 ‹‹
2136 3171 2263 3241 tibi,
2291 3171 2543 3243 majores
2572 3174 2703 3226 tuos
2728 3173 2786 3226 et
2816 3170 3011 3226 dicent
3040 3170 3163 3228 tibi.
3196 3191 3225 3222 »

2148 3263 2272 3318 348.
2308 3282 2337 3312 ‹‹
2370 3261 2567 3333 Itaque
2597 3277 2732 3315 cum
2764 3263 2962 3317 noster
2986 3277 3309 3334 anonymus
3336 3259 3488 3316 hanc
3512 3259 3690 3317 histo-

2076 3350 2226 3409 riam
2257 3348 2622 3423 exscripserit
2654 3366 2719 3405 ex
2741 3365 2841 3405 ore
2869 3350 3254 3418 narrantium,
3288 3350 3386 3423 qui
3411 3347 3697 3406 Brunonis

2078 3440 2261 3498 socios
2280 3441 2581 3505 noverant,
2594 3438 2683 3493 vel
2703 3439 2906 3494 saltem
2934 3438 3261 3495 institutum
3288 3442 3551 3496 nostrum
3569 3455 3699 3513 pro-

2079 3529 2212 3587 fessi
2239 3528 2473 3584 fuerant
2497 3530 2632 3583 ante
2649 3528 2922 3582 saculum
2944 3528 3181 3584 tertium
3199 3527 3511 3596 decimum,
3534 3527 3593 3583 id
3614 3529 3702 3583 est

2082 3620 2326 3675 durante
2347 3616 2543 3690 primo
2572 3616 2802 3672 Ordinis
2822 3616 3002 3672 nostri
3021 3619 3249 3685 saculo,
3265 3616 3400 3673 hinc
3421 3617 3698 3689 sequitur,

2082 3707 2457 3764 traditionem
2488 3704 2659 3761 istam
2691 3707 2841 3761 ultra
2869 3706 3169 3778 sexaginta
3201 3709 3301 3763 aut
3340 3706 3704 3780 septuaginta

2080 3798 2212 3870 post
2235 3793 2603 3868 quorundam
2634 3810 2703 3848 ex
2732 3793 2913 3849 nostri
2944 3793 3174 3850 Ordinis
3192 3795 3523 3851 auctoribus
3544 3810 3703 3850 mor-

2082 3888 2204 3940 tem
2225 3898 2410 3939 annos
2426 3881 2767 3937 auctoritate
2787 3881 3083 3955 scriptura
3102 3899 3220 3939 nou
3243 3883 3521 3951 caruisse;
3550 3882 3706 3955 quod

2085 3972 2176 4029 vix
2202 3970 2457 4045 reperire
2492 3969 2658 4025 estin
2689 3970 2888 4025 multis
2916 3974 3127 4027 sancta
3158 3971 3419 4028 Ecclesia
3450 3970 3708 4028 traditio-

2087 4061 2273 4117 nibus.
2298 4059 2449 4124 Quot
2470 4056 2630 4112 enim
2648 4056 2828 4129 (extra
2850 4075 3089 4115 omnem
3107 4058 3604 4133 comparationem
3622 4059 3706 4116 lo-

2088 4149 2253 4223 quor)
2301 4150 2617 4220 {uautaque
2635 4147 2891 4215 fuerunt,
2920 4164 3037 4203 non
3063 4149 3249 4204 solum
3269 4165 3373 4221 per
3389 4146 3709 4216 unum,sed

2089 4254 2193 4310 per
2222 4237 2356 4303 duo,
2387 4235 2499 4290 tria
2523 4237 2581 4291 et
2601 4235 2787 4290 adhuc
2811 4237 2975 4309 plura
2996 4238 3205 4292 sacula
3228 4238 3299 4292 ab
3322 4237 3569 4293 Ecclesia
3584 4253 3707 4292 cre-

377 4354 663 4412 sus,anno
694 4337 831 4392 1212
856 4327 1260 4402 sexagenarius
1291 4325 1350 4379 in
1379 4322 1612 4412 Ordine,
1645 4325 1881 4412 testatus
1906 4322 1993 4375 est
2016 4319 2069 4378 D
2091 4326 2230 4392 dita,
2260 4325 2432 4392 culta,
2464 4327 2706 4392 servata,
2727 4325 3047 4393 observata,
3081 4342 3209 4398 qua
3238 4327 3361 4381 sola
3375 4325 3707 4392 traditione,

376 4410 721 4506 quibusdam
752 4423 809 4476 in
838 4417 1063 4484 litteris,
1084 4432 1144 4469 se
1173 4413 1377 4468 vidisse
1399 4411 1641 4506 fratrem
1667 4410 1987 4506 Olmarum,

377 4497 563 4591 lilagni
596 4509 869 4583 Guigonis
898 4510 1163 4579 tempore
1194 4515 1554 4591 conversum,
1588 4502 1647 4591 et
1672 4498 1768 4591 qui
1796 4497 1992 4569 procul

383 4586 556 4663 dubio
589 4600 870 4675 quosdam
897 4614 963 4651 ex
985 4597 1205 4667 septem
1230 4587 1458 4646 Ordinis
1472 4586 1873 4675 fundatoribus
1889 4600 1993 4675 no-

384 4697 562 4753 verat.
590 4671 675 4746 ᾸῘ)
706 4688 791 4743 his
821 4686 995 4757 igitur
1024 4686 1082 4737 et
1117 4677 1460 4753 quibusdam
1491 4674 1615 4730 aliis
1644 4674 1902 4745 ejusdem
1931 4671 1996 4725 ll-

389 4783 562 4842 deiet
590 4773 942 4833 auctoritatis
972 4768 1271 4827 monachis
1300 4768 1449 4821 hanc
1478 4764 1778 4819 historiam
1807 4766 2003 4820 noster

392 4882 737 4941 anonymus,
761 4866 859 4918 aut
875 4864 1051 4927 certe,
1067 4858 1163 4930 qui
1187 4872 1318 4911 eam
1337 4854 1441 4926 ipsi
1464 4853 1783 4925 Bosonique
1804 4856 1862 4907 et
1881 4852 1931 4923 ej
1942 4869 2004 4906 us

393 4956 699 5019 coataneis
724 4952 1066 5015 retulerunt,
1099 4947 1287 5021 potius
1319 4946 1679 5017 acceperant,
1722 4959 1898 5015 quam
1939 4959 2007 4997 ex

398 5052 616 5106 incerto
649 5042 894 5099 credula
927 5037 1106 5113 plebis
1136 5051 1391 5101 rumore,
1422 5036 1480 5087 et
1503 5031 1890 5103 quorumdam
1914 5048 2009 5087 re-

399 5136 723 5196 centiorum
754 5128 980 5194 fabulis,
1013 5130 1077 5181 ut
1102 5123 1314 5196 objecit
1344 5120 1647 5176 Launoius.

471 5227 600 5281 347.
627 5220 789 5276 Unde
810 5219 989 5283 enim,
1017 5229 1230 5287 quaso,
1257 5214 1395 5265 tunc
1418 5206 1696 5279 temporis
1712 5206 1804 5260 ille
1825 5206 2013 5261 incer-

404 5320 496 5373 tus
523 5325 727 5368 rumor
748 5305 955 5361 nostris
985 5301 1243 5358 claustris
1272 5296 1521 5370 dispergi
1553 5294 1788 5368 potuit?
1811 5295 2013 5350 Nonne

410 5401 599 5477 potius
627 5413 695 5451 ex
724 5393 929 5449 iisdem
959 5388 1216 5445 claustris
1268 5388 1440 5455 longe
1473 5384 1700 5477 lateque
1737 5383 2014 5477 ρειξιαιίφ

414 5471 646 5549 diffusus
668 5484 837 5539 fuisse
866 5478 1139 5535 dicendus
1167 5478 1270 5543 cst,
1303 5478 1361 5529 et
1392 5471 1623 5545 quidem
1646 5471 1717 5526 ab
1735 5471 1869 5542 ipsis
1897 5473 2014 5545 pri-

2091 4413 2314 4485 scriptis
2344 4412 2606 4467 nondum
2638 4412 2890 4479 ﬁrmata,
2940 4414 3274 4470 nitebantur
3302 4415 3330 4469 ‘I
3377 4413 3538 4469 Unde
3568 4412 3710 4468 nihil

2092 4503 2284 4558 hostes
2312 4501 2434 4572 ejus
2459 4501 2803 4569 habuerunt,
2834 4517 2939 4557 nec
2952 4501 3127 4559 hodie
3151 4502 3370 4557 habent
3400 4502 3709 4575 antiquius,

2097 4606 2271 4662 quam
2308 4589 2480 4662 ipsius
2505 4589 2850 4661 impugnare
2877 4590 3237 4645 traditiones.
3286 4590 3502 4654 Quibus
3536 4590 3711 4645 etiam

2100 4678 2276 4735 armis
2302 4682 2505 4733 contra
2553 4694 2660 4733 nos
2698 4677 2994 4750 potissime
3038 4696 3171 4735 usus
3201 4682 3286 4735 est
3315 4679 3618 4745 Launoius,
3652 4681 3715 4734 ut

2100 4771 2301 4842 postea
2319 4766 2658 4822 videbimus.
2684 4788 2712 4816 »
2737 4768 3020 4823 Hactenus
3040 4771 3238 4824 auctor
3258 4785 3583 4840 anonymus
3600 4768 3717 4823 lau-

2106 4857 2290 4923 datus,
2322 4858 2445 4911 toto
2472 4873 2572 4911 suo
2588 4856 2890 4911 ratiocinio
2908 4857 3019 4911 huc
3035 4857 3161 4928 jam
3183 4856 3525 4929 transcripta
3546 4856 3719 4929 potis-

2105 4945 2317 5000 simum
2350 4949 2633 5017 spectans,
2654 4947 2716 4998 ut
2735 4942 3367 5018 suadeat,'anonymum
3394 4945 3716 5017 primorum

2108 5035 2362 5107 quinque
2389 5032 2701 5088 Carthusia
2718 5033 2976 5105 priorum
2997 5034 3262 5090 Chronici
3285 5037 3606 5093 auctorem.
3620 5032 3719 5106 qui

2110 5122 2331 5193 primus
2357 5120 2673 5176 Parisiense
2705 5122 2956 5177 doctoris
2983 5122 3262 5195 tantisper
3285 5120 3519 5176 redivivi
3546 5136 3720 5192 seque

2112 5210 2454 5265 damnatum
2485 5210 2709 5279 publico
2735 5210 3024 5266 vociferati
3059 5210 3387 5284 prodigium
3417 5208 3476 5265 in
3502 5208 3723 5264 litteras

2113 5296 2289 5363 misit,
2323 5296 2575 5353 hausisse
2630 5297 2688 5353 id
2746 5316 2845 5353 seu
2875 5298 3215 5354 iutellevisse
3247 5315 3313 5353 ex
3344 5296 3477 5370 ipsis
3502 5296 3722 5369 primo-

2113 5401 2247 5440 rum
2278 5383 2336 5439 S.
2368 5385 2648 5441 Brunonis
2677 5386 2963 5443 sociorum
2997 5386 3305 5457 discipulis,
3347 5389 3445 5441 aut
3473 5388 3628 5440 certe
3654 5402 3722 5441 ex

2116 5473 2375 5546 ejusdem
2408 5472 2647 5529 instituti
2670 5475 2987 5542 monachis,
3015 5475 3111 5548 qui
3132 5475 3274 5530 illud
3299 5491 3365 5530 ex
3392 5474 3543 5529 hisce
3565 5474 3723 5529 audi-

412 5591 644 5641 morum
675 5575 909 5631 Patrum
930 5563 1198 5632 alumnis,
1226 5562 1356 5619 viris
1377 5560 1574 5635 utique
1598 5559 1943 5633 gravissimis
1958 5565 2018 5621 et
2116 5565 2318 5622 verant
2338 5579 2351 5633 ;
2375 5563 2530 5636 quod
2562 5567 2919 5639 postremum
2936 5563 3212 5623 duntaxat
3232 5564 3374 5621 velle
3395 5562 3617 5621 videtur
3637 5581 3726 5621 ra-

2366 5782 2397 5793 κ
