4224 6058
250 320 358 384 209

1819 313 1998 383 ACTA

3465 310 3570 382 210

242 450 482 506 tiocinio
509 465 611 505 suo
637 450 857 521 pariter
875 449 986 504 huc
1010 450 1135 520 jam
1163 449 1511 522 transcripto
1542 448 1857 504 Annalium
1879 457 1934 516 Α
1962 455 2161 506 ctenus
2174 469 2289 506 non
2304 450 2519 525 vulgati
2546 453 3115 524 auctoranonymum
3131 450 3366 524 quidem
3382 450 3569 519 illum,

245 538 736 593 Carthusiensium
764 537 890 592 libri
920 538 1109 609 quarti
1154 539 1432 592 hactenus
1484 554 1602 593 non
1645 538 1861 608 vulgati

243 630 461 682 auctor.
499 627 687 681 Ambo
713 643 871 694 sane,
909 630 969 680 ut
1019 628 1361 681 alterutrum
1408 627 1709 692 suadeant,
1741 641 1859 679 non

1961 541 2115 612 quod
2150 542 2492 596 Chartularii
2523 541 2581 595 in
2633 541 2934 596 Cartliusia
2978 540 3270 606 exstantis,
3301 562 3329 590 «
3361 540 3511 594 circa
3540 561 3568 587 υ

1957 630 2116 700 cujus
2149 652 2175 678 ‹‹
2202 630 2766 702 principiumlitteree
2796 631 3028 700 papales
3056 628 3289 699 (Urbani
3319 629 3382 698 ll)
3404 631 3461 682 et
3492 626 3576 682 Si-

243 715 540 771 immerito
564 715 850 769 laborant.
877 714 1042 779 Quod
1054 717 1099 770 si
1123 715 1281 769 enim
1296 715 1538 770 feralem
1559 714 1860 769 historiam
1961 718 2118 790 guini
2141 718 2594 772 instrumentum
2619 720 2763 790 (tum
2780 720 2910 785 hoc,
2935 721 3060 772 tum
3079 717 3189 771 illa:
3213 716 3364 771 infra
3379 716 3578 770 recita-

241 807 340 859 aut
371 819 700 875 anonymus
727 804 1052 874 primorum
1081 804 1335 875 quinque
1362 803 1675 858 Carthusias
1704 802 1858 872 prio-

240 909 376 948 rum
409 896 630 960 auctor,
655 896 752 946 aut
777 892 875 964 qui
904 892 1034 946 huic
1067 892 1226 946 illam
1258 895 1590 959 narrarunt,
1625 908 1655 945 e
1685 892 1863 945 socio-

237 998 371 1036 rum
409 980 467 1036 S.
515 981 796 1035 Brunonis
829 981 1116 1052 discipulis
1143 980 1452 1048 audierint,
1492 980 1618 1052 quis
1654 981 1861 1033 falsam

240 1087 372 1125 eam
399 1069 780 1141 pronuntiare
809 1069 974 1123 facile
1002 1069 1249 1124 audeat?
1278 1069 1491 1123 Verum
1519 1067 1616 1139 qui
1650 1083 1866 1139 anony-

246 1174 415 1213 mum
440 1157 766 1229 primorum
797 1157 1050 1229 quinque
1068 1158 1377 1213 Carthusiaa
1395 1157 1655 1228 priorum
1688 1158 1864 1211 Chro-

245 1247 358 1301 nici
392 1251 690 1301 auctorem
720 1263 752 1300 e
792 1247 1035 1318 probato
1080 1247 1224 1301 adeo
1257 1247 1419 1301 fonte
1468 1245 1865 1300 narrationem

243 1351 412 1389 suam
444 1333 719 1402 hausisse,
772 1334 1065 1404 probant?

316 1425 444 1479 349.
477 1444 504 1472 α
538 1423 680 1476 Cum
706 1423 900 1493 igitur,
933 1444 960 1471 »
994 1422 1466 1494 inquittractatus
1480 1423 1550 1477 de
1566 1422 1624 1477 S.
1647 1423 1866 1475 Bruno-

243 1526 318 1565 ne
349 1526 384 1564 a
416 1511 678 1565 Patribus
700 1510 1087 1565 Carthusianis
1120 1511 1410 1581 hujatibus
1443 1527 1671 1564 mecum
1705 1526 1864 1564 com-

247 1599 530 1653 municati
562 1601 780 1666 auctor,
805 1618 833 1662 η
866 1599 959 1652 hic
991 1615 1317 1670 anonymus
1352 1600 1696 1670 (primorum
1719 1598 1864 1651 scili-

244 1690 337 1740 cet
363 1686 622 1757 quinque
656 1686 967 1740 Carthusiaa
1011 1685 1272 1757 priorum
1305 1686 1568 1741 Chronici
1602 1684 1863 1757 scriptor)

1961 808 2195 878 buntur)
2223 807 2661 875 inveniuntur,»
2690 806 3051 861 mentionem
3078 805 3270 873 faciat,
3296 819 3448 859 anno
3467 803 3576 858 cir-

1961 897 2102 950 citer
2128 899 2253 950 1151
2289 895 2610 949 Chronicon
2625 911 2790 949 suum
2810 911 2926 949 non
2943 894 3250 966 scripsisse,
3279 892 3579 947 nobiscum
3625 927 3659 953 ν

1965 985 2077 1056 (adi
2110 1001 2273 1038 num.
2299 985 2382 1055 12)
2404 985 2642 1038 omnino
2666 983 2870 1051 sentit;
2892 1000 3091 1038 verum
3109 1000 3221 1054 quo
3244 983 3406 1036 illum
3426 980 3581 1053 equi-

1965 1073 2096 1128 dem
2107 1073 2231 1143 jam
2259 1072 2393 1125 inde
2408 1073 2478 1126 ab
2512 1088 2664 1127 anno
2697 1072 2923 1126 circiter
2948 1075 3083 1127 1220
3108 1071 3305 1125 vixisse
3349 1069 3578 1141 probet,

1965 1165 2302 1233 sequentem
2337 1161 2560 1214 disserit
2589 1161 2648 1214 in
2680 1162 2998 1216 modum:«
3020 1161 3176 1214 Hunc
3196 1163 3395 1213 tamen
3417 1158 3578 1228 (ano-

1965 1267 2206 1322 nymum
2244 1267 2453 1320 nempe
2467 1250 2790 1320 primorum
2812 1251 3065 1322 quinque
3085 1247 3396 1304 Carthusiaa
3431 1245 3582 1317 prio-

1966 1355 2094 1393 rum
2131 1339 2396 1394 Chronici
2454 1338 2776 1410 auctorum)
2819 1338 3156 1408 conjicimus
3198 1336 3397 1390 vixisse
3447 1337 3580 1388 ante

1965 1432 2232 1498 tempora
2262 1427 2565 1482 reverendi
2585 1428 2768 1481 Patris
2782 1427 3035 1492 Bosonis,
3053 1425 3170 1497 qui,
3195 1425 3579 1479 circaannum

1973 1519 2106 1570 1260
2138 1517 2404 1570 ordinem
2448 1519 2712 1571 nostrum
2752 1515 3060 1585 ingressus,
3095 1512 3407 1568 Carthusiaa
3436 1508 3584 1580 regi-

1965 1621 2102 1658 men
2134 1604 2262 1658 iniit
2283 1621 2438 1658 anno
2457 1609 2610 1660 1277.
2629 1604 2812 1669 Quam
2837 1605 3230 1674 conjecturam
3257 1601 3333 1655 sic
3365 1597 3580 1653 stabili-

1967 1710 2094 1747 mus
2105 1710 2169 1746 ex
2184 1693 2533 1760 Cartulariis,
2550 1710 2677 1765 qua}
2693 1710 2844 1746 nunc
2860 1693 3140 1747 habemus
3158 1691 3214 1745 in
3261 1686 3578 1744 Carthusia.

243 1773 750 1829 suumChronicon
780 1775 1067 1846 scripserit
1104 1774 1253 1828 circa
1290 1775 1374 1827 vel
1407 1778 1540 1827 ante
1573 1776 1726 1839 1240,
1761 1787 1864 1842 po-

1966 1783 2046 1836 Ibi
2075 1781 2230 1835 enim
2265 1781 2377 1835 duo
2405 1783 2791 1851 reperiuntur,
2825 1798 3002 1834 unum
3023 1781 3126 1835 sub
3159 1775 3579 1850 regimineR.P.

243 1863 607 1917 tuitineunte
629 1863 836 1917 eodem
862 1863 1070 1917 saeculo
1087 1862 1210 1916 fieri
1239 1863 1556 1916 monachus
1569 1866 1627 1915 et
1655 1861 1865 1915 idcirco

242 1951 396 2005 hanc
420 1950 722 2005 historiam
754 1952 1012 2022 accipere
1039 1951 1110 2004 ab
1134 1950 1552 2021 antiquioribus
1584 1950 1864 2016 Patribus,

247 2040 346 2112 qui
390 2039 602 2094 eodem
645 2044 910 2110 tempore
949 2040 1281 2110 superstites
1315 2042 1501 2106 erant,
1545 2055 1613 2092 ex
1665 2039 1868 2110 quibus

245 2128 533 2199 quosdam
550 2128 836 2182 sociorum
852 2128 1034 2181 sancti
1065 2127 1346 2182 Brunonis
1358 2130 1416 2180 et
1434 2144 1567 2181 cum
1601 2143 1668 2181 eo
1692 2127 1870 2181 nostri

250 2216 534 2288 propositi
555 2215 932 2269 fundatorum
951 2215 1257 2286 discipulos
1287 2215 1458 2269 fuisse
1471 2219 1751 2269 constat.»
1788 2217 1871 2268 lta

246 2306 365 2371 ille;
403 2321 438 2358 a
463 2320 580 2375 quo
596 2319 924 2375 anonymus
948 2304 1260 2359 Annalium
1285 2305 1775 2359 Carthusiensium
1810 2303 1872 2356 li-

246 2393 335 2448 bri
362 2393 552 2465 quarti
584 2394 862 2447 hactenus
877 2410 996 2448 non
1013 2393 1226 2464 vulgati
1247 2396 1449 2448 auctor
1469 2409 1588 2447 non
1622 2393 1870 2446 multum

249 2481 498 2535 abludit.
536 2503 564 2530 ‹‹
593 2480 1068 2553 Quiprimus,ait,
1097 2498 1165 2536 ex
1197 2480 1692 2536 Carthusiensibus
1721 2479 1896 2559 hanc

255 2569 565 2624 historiam
596 2570 820 2640 scriptis
837 2569 1152 2637 mandavit,
1184 2571 1406 2624 vivebat
1455 2569 1607 2623 circa
1649 2583 1868 2622 annum

254 2662 469 2725 1220;»
505 2674 569 2712 ac
602 2659 1144 2726 deinde,nonnullis
1171 2657 1554 2729 interpositis:
1610 2657 1707 2711 Hic
1750 2655 1866 2726 pri-

245 2763 378 2801 mus
403 2748 574 2818 hujus
589 2747 841 2802 historias
858 2747 1102 2818 scriptor
1119 2747 1313 2818 plures
1335 2747 1533 2818 procul
1551 2744 1722 2799 dubio
1741 2760 1868 2798 mo-

243 2836 470 2890 nachos
498 2835 738 2901 viderat,
763 2835 860 2907 qui
889 2839 1172 2890 noverant
1192 2837 1291 2889 aut
1310 2835 1511 2888 saltem
1532 2833 1752 2887 novisse
1764 2847 1868 2902 po-

246 2928 447 2978 terant
493 2923 775 2995 quosdam
806 2940 872 2978 ex
908 2923 1197 2995 discipulis
1238 2924 1614 2993 praefatorum
1645 2925 1868 2991 septem

247 3011 484 3067 Ordinis
521 3013 952 3083 primipilorum
984 3028 1163 3083 ;quos
1188 3010 1423 3082 quidem
1456 3008 1761 3078 discipulos
1788 3008 1868 3062 vi-

246 3105 376 3155 tam
391 3101 964 3171 scimusprotraxisse
984 3102 1134 3154 ultra
1165 3115 1385 3152 annum
1412 3100 1663 3152 1200.....
1700 3097 1869 3151 Cons-

247 3193 374 3244 tare
399 3189 576 3261 igitur
591 3189 763 3243 debet
779 3188 1088 3259 przefatum
1103 3188 1444 3259 scriptorem
1460 3187 1650 3239 hanc..
1662 3225 1675 3238 .
1706 3201 1868 3239 acce-

243 3279 396 3349 pisse
419 3277 717 3332 historiam
737 3294 770 3330 a
802 3277 1122 3343 monachis,
1145 3277 1241 3348 qui
1263 3291 1394 3329 cum
1408 3275 1494 3328 his
1524 3278 1581 3328 et
1601 3275 1746 3328 alliis
1773 3290 1866 3328 so-

241 3367 472 3421 ciorum
490 3366 670 3420 sancti
690 3365 972 3420 Brunonis
989 3365 1277 3435 discipulis
1289 3363 1869 3418 convixerant.»Ano-

243 3471 494 3526 nymum
518 3454 712 3525 itaque
738 3454 1065 3525 primorum
1088 3453 1343 3524 quinque
1373 3451 1684 3507 Carthusite
1716 3451 1866 3521 prio-

240 3560 379 3598 rum
395 3542 660 3598 Chronici
674 3545 972 3597 auctorem
986 3557 1053 3596 eo
1072 3542 1192 3612 ipso
1209 3544 1328 3594 tem
1335 3556 1495 3611 pore,
1519 3555 1630 3611 quo
1646 3539 1867 3610 aliquot

242 3649 274 3686 e
306 3631 370 3687 S.
405 3631 691 3685 Brunonis
718 3631 1124 3700 sociorumque
1163 3629 1286 3700 ejus
1317 3628 1605 3700 discipulis
1632 3627 1692 3681 in
1727 3627 1866 3682 vivis

239 3720 581 3792 superstites
591 3720 778 3775 adhuc
793 3719 1162 3787 erant,vitam
1171 3720 1296 3789 jam
1316 3718 1537 3772 duxisse
1567 3721 1666 3772 aut
1686 3717 1864 3772 etiam

242 3809 692 3865 Carthusianum
726 3809 854 3880 jam
893 3809 1067 3863 fuisse
1127 3809 1473 3880 professum,
1536 3808 1862 3874 autumant,

238 3900 494 3971 hincque
509 3915 578 3952 ex
595 3899 682 3953 his
701 3900 1020 3952 luctuosam
1040 3897 1340 3952 historiam
1356 3900 1455 3951 aut
1473 3898 1639 3951 iltum
1652 3896 1863 3968 ipsum,

242 3995 344 4044 aut
376 3992 535 4043 certe
565 4004 684 4053 eos,
716 3986 815 4059 qui
847 3987 995 4040 hanc
1028 3986 1081 4040 ei
1113 3989 1445 4053 narrarunt,
1480 3985 1863 4051 hausisse,Ve-

241 4093 376 4133 rum
396 4092 472 4131 an
481 4077 609 4147 jam
626 4077 752 4129 tum
771 4090 1153 4146 anonymum,
1173 4074 1270 4146 qui
1292 4074 1512 4145 primus
1531 4073 1863 4144 prodigium

241 4166 569 4222 Parisiense
624 4163 828 4218 litteris
885 4163 1203 4231 mandavit,
1235 4163 1295 4216 in
1345 4162 1482 4216 vivis
1510 4161 1704 4229 fuisse,
1768 4164 1867 4216 aut

241 4257 425 4311 etiam
456 4253 903 4308 Carthusianum
937 4251 1235 4319 exstitisse,
1281 4250 1546 4306 alicunde
1582 4254 1807 4306 constat
1836 4251 1865 4305 ?

1967 1870 2248 1924 Francisci
2281 1870 2542 1937 a'Puteo,
2562 1870 2781 1924 etillius
2794 1885 2929 1922 cura
2954 1885 3061 1922 con
3083 1867 3414 1921 confectum
3427 1877 3580 1917 anno

1971 1963 2126 2026 1507,
2157 1959 2530 2030 continetque
2561 1959 2673 2013 duo
2701 1957 3016 2023 volumina,
3044 1956 3103 2009 in
3135 1969 3382 2026 quorum
3405 1948 3584 2021 priori

1969 2051 2071 2104 sub
2106 2051 2307 2116 finem,
2339 2067 2456 2104 non
2472 2049 2620 2103 circa
2634 2045 3302 2119 principium,utdicitur
3330 2043 3388 2096 in
3410 2040 3581 2094 citato

1970 2139 2272 2205 Chronico,
2309 2141 2440 2192 sunt
2471 2137 2675 2191 litterae.
2689 2135 2912 2206 pa=fataa
2928 2133 3581 2187 UrbanilI.Instrumen-

1969 2231 2089 2281 tum
2107 2243 2242 2280 vero
2267 2226 2489 2296 Signini
2513 2229 2647 2279 ante
2671 2223 3032 2288 describitur,
3050 2219 3427 2290 sedfmultum
3453 2219 3583 2288 post

1969 2314 2643 2385 medium.Undeliquet,
2663 2315 2959 2367 auctorem
2993 2313 3270 2365 tractatus
3306 2323 3422 2361 non
3458 2321 3581 2359 me-

1969 2403 2201 2457 minisse
2235 2404 2406 2473 hujus
2466 2401 2818 2456 cliartularii.
2847 2403 2912 2455 Et
2958 2415 3157 2453 revera
3189 2397 3366 2451 codex
3393 2395 3581 2448 Thua-

1969 2508 2130 2557 neus,
2167 2509 2318 2563 qucn
2364 2509 2568 2546 omnes
2605 2490 2902 2545 consulere
2934 2492 3196 2559 possunt,
3228 2486 3360 2540 licet
3388 2486 3584 2537 nostro

1968 2579 2162 2633 codice
2178 2579 2586 2646 recentior,lon
2595 2596 2662 2650 ge
2688 2582 2820 2632 ante
2834 2578 2942 2631 hoc
2964 2575 3376 2630 chartularium
3392 2586 3584 2625 exara-

1967 2671 2057 2722 tus
2087 2671 2186 2722 est.
2215 2670 2474 2742 Alterum
2499 2666 2808 2722 Carthusia}
2842 2664 3255 2719 chartularium
3308 2661 3489 2715 tribus
3515 2674 3582 2712 ex

1966 2756 2352 2812 voluminibus
2365 2756 2677 2810 conﬂatum
2695 2757 3090 2825 erat,quorum
3107 2752 3363 2823 primum
3377 2747 3579 2802 ultimo

1969 2845 2234 2900 incendio
2267 2843 2458 2915 periit,
2477 2846 2539 2896 ut
2563 2842 2728 2896 nobis
2758 2857 2889 2895 cum
2919 2841 3118 2895 dolore
3139 2838 3438 2894 affirmant
3460 2835 3582 2888 ofﬁ-

1968 2932 2138 2986 cialcs
2163 2931 2494 2997 Carthusiaz;
2529 2929 2640 2983 alia
2661 2927 2773 2982 duo
2805 2927 2990 2982 adhuc
3019 2927 3383 2982 asservantur
3403 2923 3580 2977 illazsa

1969 3023 2024 3072 et
2056 3019 2434 3090 integerrima
2462 3016 2695 3072 diversis
2717 3015 3143 3070 characteribus
3156 3016 3390 3068 exarata
3408 3054 3420 3079 ,
3441 3025 3578 3081 quo-

1965 3124 2096 3161 rum
2125 3107 2302 3178 prius,
2322 3106 2477 3178 quod
2523 3105 2630 3159 fuit
2649 3104 2988 3170 secundum,
3023 3105 3201 3158 talem
3238 3101 3472 3174 prasfert
3502 3098 3573 3152 ti-

1966 3197 2154 3250 tulum
2169 3196 2239 3249 ad
2267 3193 3075 3248 frontemindicischartarum
3092 3191 3149 3245 in
3179 3207 3248 3246 eo
3269 3189 3568 3243 contenta-

1967 3301 2132 3339 rum:
2165 3306 2193 3332 «
2241 3286 2299 3336 In
2352 3283 2461 3336 hoc
2502 3281 2796 3336 volumine
2838 3281 3212 3336 continentur
3260 3279 3475 3332 charta:
3516 3276 3574 3327 et

1967 3395 1994 3422 »
2025 3373 2228 3428 litterae
2262 3362 2790 3426 domuscarthusiae
2804 3371 2878 3425 ad
2901 3369 3240 3424 comitatum
3272 3363 3574 3421 Sabaudize

1965 3483 1993 3511 ι)
2027 3461 2403 3532 pertinentes.
2429 3483 2458 3510 »

2037 3554 2158 3605 351.
2196 3549 2414 3604 Deinde
2429 3549 2501 3603 ad
2522 3549 2796 3603 verticem
2812 3547 2984 3619 primi
3002 3545 3305 3617 folii,quod
3319 3542 3576 3598 continet

1963 3639 2218 3710 primum
2237 3639 2709 3703 instrumentum,
2745 3638 2946 3691 datum
2973 3651 3128 3689 anno
3159 3637 3385 3688 tantum
3411 3634 3572 3696 1303,

1963 3727 2041 3781 sic
2069 3726 2308 3797 legitur:
2363 3747 2390 3775 ‹‹
2417 3725 2514 3777 Hic
2547 3724 2749 3795 incipit
2772 3722 3178 3778 chartalarium
3235 3736 3450 3775 novum
3505 3720 3575 3773 de

1965 3837 1992 3864 »
2034 3814 2331 3869 comitatu.
2361 3832 2392 3864 »
2415 3813 2492 3866 Ex
2519 3813 2605 3866 his
2625 3811 2810 3865 verbis
2832 3833 2860 3862 ‹‹
2883 3809 3303 3865 Chartularium
3323 3823 3569 3861 novum»

1965 3903 2341 3974 intelligimus
2355 3901 2646 3973 quoddam
2677 3899 2830 3953 aliud
2860 3899 3029 3952 fuisse
3062 3895 3369 3967 antiquius,
3417 3894 3572 3966 quod

1965 3993 2139 4046 etiam
2155 3991 2293 4045 olim
2316 3989 2504 4062 periit.
2526 3989 2853 4043 Secundum
2867 3987 3038 4057 hujus
3052 3983 3575 4039 voluminisinstru-

1964 4084 2232 4137 mentum
2273 4081 2473 4134 datum
2507 4083 2591 4133 est
2614 4094 2768 4132 anno
2805 4078 2960 4130 1306.
2999 4074 3215 4129 Deinde
3255 4076 3574 4144 sequuntur

1965 4171 2148 4225 multa
2179 4168 2291 4222 alia
2313 4167 2544 4223 diversis
2577 4165 2936 4237 temporibus
2979 4163 3274 4218 transacta
3306 4159 3376 4213 ab
3417 4173 3571 4212 anno

1968 4260 2101 4312 1207
2117 4256 2188 4310 ad
2221 4257 2612 4319 annum1326,
2647 4269 2764 4307 uno
2797 4253 3030 4322 excepto
3062 4249 3196 4304 dato
3224 4263 3379 4301 anno
3414 4248 3570 4312 1331,

242 4344 610 4416 scriptorem
645 4342 808 4396 illum
837 4343 970 4395 ante
998 4356 1220 4394 annum
1253 4343 1388 4394 1250
1417 4339 1717 4410 scriptioni
1745 4355 1865 4394 ωει-
1885 4345 1936 4403 D
1963 4346 2064 4402 sed
2095 4344 2252 4416 quod
2276 4343 2333 4397 in
2357 4343 2496 4398 folio
2530 4345 2794 4412 separato
2829 4338 3184 4394 describitur.
3225 4336 3369 4390 Cum
3399 4334 3573 4406 igitur

239 4451 391 4490 num
409 4432 816 4488 verosimiliter
847 4447 962 4486 non
981 4430 1349 4497 admovissse,
1364 4445 1526 4484 num.
1550 4433 1614 4484 12
1629 4433 1687 4483 et
1701 4447 1861 4502 seqq.

239 4523 497 4589 ostendi,
530 4538 636 4595 nec
667 4522 832 4594 plura
861 4521 932 4585 die
962 4521 1084 4592 ejus
1115 4521 1304 4587 (etate,
1337 4535 1437 4573 seu
1464 4522 1728 4590 tempore
1749 4535 1863 4591 quo

239 4615 436 4669 vivere
457 4611 878 4667 monachumve
906 4625 1078 4681 agere
1097 4608 1415 4682 incteperit,
1443 4607 1733 4678 disputare
1764 4609 1862 4663 de-

237 4717 580 4768 creveram;
604 4715 803 4754 verum
836 4713 970 4753 cum
1002 4698 1215 4766 duo,de
1247 4697 1454 4769 quibus
1483 4697 1596 4763 hic,
1631 4697 1866 4768 scripto-

239 4809 336 4848 res
362 4793 493 4863 jam
519 4789 674 4856 inde,
697 4791 758 4843 ut
782 4787 958 4843 modo
977 4787 1258 4854 dictum,a
1283 4786 1472 4841 saeculi
1489 4786 1642 4840 tertii
1657 4785 1865 4840 decimi

242 4880 412 4936 initio
431 4894 820 4949 anonymum,
837 4874 932 4948 qui
958 4875 1182 4947 primus
1205 4875 1521 4931 Parisiense
1534 4874 1863 4946 prodigium

242 4969 456 5026 litteris
483 4965 859 5039 consignavit,
917 4964 975 5018 in
997 4963 1137 5018 vivis
1163 4963 1336 5019 fuisse
1367 4963 1563 5031 velint,
1615 4962 1864 5035 hincque

244 5058 541 5132 praecipue
565 5053 726 5110 illum
744 5056 854 5110 hoc
884 5057 985 5108 aut
1013 5069 1079 5107 ex
1111 5052 1168 5108 S.
1202 5053 1487 5108 Brunonis
1513 5053 1749 5124 ejusque
1780 5067 1867 5106 so-

245 5149 476 5203 ciorum
525 5143 833 5215 discipulis,
886 5145 985 5196 aut
1007 5145 1163 5196 certe
1189 5158 1254 5196 ex
1285 5142 1371 5209 iis,
1424 5141 1522 5213 qui
1565 5142 1718 5195 hisce
1772 5141 1870 5196 ali-

249 5235 489 5309 quando
539 5231 934 5299 'convixerant,
1000 5230 1208 5286 didisse
1253 5232 1631 5298 contendant,
1712 5231 1873 5286 lubet

249 5326 432 5382 modo
468 5323 673 5390 adhuc,
695 5337 768 5376 an
786 5320 1064 5393 anonymi
1087 5319 1221 5375 dicti
1248 5323 1479 5375 natatem
1492 5336 1610 5374 non
1625 5318 1871 5374 nimium

253 5417 577 5479 maturent,
607 5415 706 5468 aut
716 5411 890 5468 etiam
905 5428 979 5466 an
994 5411 1149 5466 hunc
1155 5410 1281 5481 jam
1295 5410 1428 5466 inde
1452 5427 1486 5464 a
1507 5409 1696 5464 saaculi
1721 5411 1874 5466 tertii

255 5506 469 5565 decimi
487 5505 650 5562 initio
662 5505 878 5576 vixisse,
901 5507 1220 5574 utcumque
1235 5503 1502 5572 probent,
1520 5500 1872 5557 examinare.

329 5604 459 5659 330.
505 5598 809 5658 Annalium
842 5593 1337 5658 Carthusicnsium
1367 5592 1502 5649 libri
1561 5594 1749 5663 quarti
1779 5596 1880 5650 ha-

1963 4436 2184 4501 charta,
2218 4450 2345 4505 quae
2393 4433 2502 4486 hoc
2551 4432 2822 4485 volumen
2859 4428 3111 4493 inchoat,
3140 4427 3274 4481 data
3302 4423 3374 4478 sit
3416 4440 3572 4478 anno

1967 4527 2102 4579 1303
2126 4540 2138 4590 ;
2171 4523 2370 4576 charta
2398 4537 2531 4575 vero
2560 4518 2851 4573 recentior
2873 4516 2944 4571 sit
2965 4532 3117 4570 anno
3153 4517 3310 4576 1336,
3333 4513 3465 4567 hinc
3490 4529 3578 4566 re-

1965 4616 2054 4667 cte
2067 4610 2391 4683 colligimus
2407 4608 2562 4663 idem
2578 4609 2867 4662 volumcm
2884 4605 3054 4660 fuisse
3068 4602 3456 4675 compositum
3471 4601 3574 4655 sub

1965 4699 2250 4772 regimine
2296 4702 2352 4752 et
2393 4714 2528 4752 cura
2552 4695 2829 4769 Aymonis
2859 4694 3064 4766 prioris
3110 4691 3442 4758 Carthusim,
3479 4689 3576 4761 qui

1965 4789 2197 4862 praefuit
2213 4788 2284 4842 ab
2311 4803 2465 4841 anno
2503 4787 2635 4841 1313
2667 4785 2740 4839 ad
2774 4799 2995 4839 annum
3029 4783 3202 4850 1330;
3258 4783 3315 4834 et
3340 4778 3576 4852 quidem

1965 4881 2096 4953 post
2145 4873 2730 4949 deplorandumillud
2760 4873 3115 4939 incendium,
3161 4868 3316 4942 quod
3375 4865 3580 4921 accidit

1966 4983 2119 5022 anno
2139 4969 2291 5033 1320;
2307 4966 2466 5036 cujus
2479 4963 2734 5019 flammis
2747 4979 2879 5017 cum
2899 4962 3094 5017 forsan
3117 4957 3406 5029 antiquius
3419 4955 3582 5008 char-

1965 5048 2238 5112 tularium
2253 5056 2452 5110 fuisset
2476 5055 2907 5125 consumptum,
2928 5066 3140 5105 novum
3159 5043 3578 5100 describicura-

1968 5147 2049 5202 vit
2078 5148 2144 5200 ll.
2169 5149 2231 5203 P.
2265 5147 2472 5217 Aymo.
2497 5145 2758 5198 Alterum
2798 5142 3089 5205 volumen,
3128 5135 3284 5208 quod
3315 5136 3438 5189 erat
3463 5136 3580 5186 ter-

1970 5237 2142 5302 tium,
2173 5235 2428 5307 pluribus
2450 5234 2625 5289 etiam
2641 5232 2915 5302 scriptum
2938 5231 3023 5282 est
3042 5223 3587 5294 manibus,quarum

1973 5329 2174 5381 tamen
2203 5325 2360 5378 nulla
2371 5323 2594 5377 videtur
2613 5318 2900 5374 recentior
2914 5317 3244 5371 charactere
3268 5309 3476 5384 prioris
3487 5323 3588 5360 vo-

1976 5414 2243 5482 luminis;
2271 5413 2424 5469 unde
2443 5414 2500 5468 et
2525 5409 2869 5480 colligimus,
2888 5405 3032 5460 illud
3047 5406 3221 5461 fuisse
3253 5399 3593 5456 inchoatum

1975 5507 2084 5561 sub
2117 5503 2323 5559 eodem
2337 5506 2596 5575 Aymone
2620 5499 2679 5552 et
2697 5496 3096 5553 continuatum
3123 5493 3226 5548 sub
3241 5492 3363 5562 ejus
3379 5499 3608 5540 succes-

1976 5595 2206 5651 soribus
2217 5574 2398 5668 usque
2413 5590 2482 5648 ad
2500 5601 2728 5642 annum
2747 5586 2903 5654 1346,
2921 5597 3035 5657 quo
3061 5585 3262 5640 datum
3286 5581 3370 5636 est
3395 5574 3630 5629 instru—
