4026 6042
399 310 490 364 211

1251 305 1308 361 8.
1341 302 1686 362 BRUNONIS
1715 299 2350 361 CARTHHSIANORUM
2387 299 2853 361 INSTITUTORIS

3608 306 3711 360 212

396 433 663 487 mentum
686 429 978 488 recentius
1024 431 1192 503 hujus
1243 431 1584 499 voluminis;
1619 430 1774 502 quod
1820 429 1995 484 etiam
2026 466 2079 524 Α
2105 445 2226 485 esse
2249 429 2411 496 illud,
2445 431 2621 501 quod,
2648 431 2885 484 curante
2905 427 3168 499 Aymone
3185 427 3496 483 Carthusia:
3520 427 3711 499 priore

394 520 733 591 conjicimus
765 537 831 575 ex
853 519 939 574 his
960 520 1146 575 verbis
1183 521 1256 575 ad
1281 523 1453 592 caput
1483 519 1686 574 Indicis
1725 517 2000 590 oppositis

394 607 450 662 in
485 610 638 662 hunc
669 609 908 664 modum
937 624 949 662 :
989 631 1015 657 ‹‹
1044 608 1277 680 Ligetur
1307 609 1458 662 istud
1489 607 1832 662 chartulariu
1846 623 1901 659 n1
1935 623 2000 659 ex

391 719 419 746 »
457 697 684 768 integro
705 714 833 752 cum
856 697 1134 768 postibus,
1164 698 1395 768 quando
1411 696 1695 751 videbitur
1721 712 1840 749 esse
1867 694 2001 749 satis

391 806 420 835 »
446 803 710 855 grossum
729 791 785 840 et
801 788 1120 857 perfectum
1143 805 1157 855 ;
1177 785 1762 857 etposteaincipiatur
1773 784 1947 838 aliud.
1969 804 1997 832 »

391 875 608 928 Deinde
631 879 948 946 sequuntur
980 875 1147 928 bulla:
1181 891 1542 928 summorum
1559 873 1898 945 pontificum
1929 872 2000 926 ab

279 950 302 963 '
389 964 714 1018 Alexandro
739 964 805 1016 IV
830 964 902 1017 ad
926 965 1210 1018 Joannem
1241 965 1369 1018 ΧΧΙΙ
1400 962 1830 1017 inclusive.Post
1859 979 2001 1033 quas

389 1051 500 1106 alio
523 1052 852 1105 charactere
876 1052 1278 1106 describuntur
1307 1053 1714 1118 instrumenta,
1750 1067 1998 1122 quorum

388 1141 641 1212 primum
671 1141 870 1195 datum
903 1144 988 1196 est
1018 1159 1172 1196 anno
1210 1145 1368 1208 1300,
1413 1142 1499 1196 cui
1527 1141 1655 1196 talis
1682 1140 2000 1211 przrfigitur

385 1229 678 1300 inscriptio
710 1246 722 1284 :
761 1252 788 1280 ‹‹
821 1230 959 1284 Hinc
992 1230 1191 1302 incipit
1244 1230 1614 1285 cartularium
1661 1246 1874 1285 novum
1927 1229 1998 1283 de

391 1341 419 1369 ‹‹
448 1317 813 1389 Delphinatn.
850 1340 876 1367 ››

457 1409 579 1462 352.
617 1407 921 1479 «Denique
944 1407 1470 1476 indiscriminatim,
1490 1412 1552 1462 ut
1573 1407 1629 1462 in
1645 1407 1819 1481 priori
1847 1407 2002 1462 volu-

386 1495 568 1562 mine,
602 1495 935 1549 insernntur
961 1497 1172 1551 charta}
1197 1500 1254 1550 et
1276 1497 1478 1551 litterae
1504 1498 1574 1551 ab
1593 1513 1746 1551 anno
1777 1496 1912 1551 12l35
1931 1496 2002 1550 ad

384 1601 606 1638 annum
636 1587 788 1639 1346.
809 1585 875 1637 Et
905 1584 962 1638 in
976 1585 1318 1656 quibusdam
1334 1585 1713 1656 transumptis
1733 1584 2000 1656 qumdam

388 1673 568 1727 etiam
601 1673 974 1743 antiquiores,
1020 1678 1080 1728 nt
1117 1678 1250 1728 sunt
1298 1675 1501 1728 litterae
1538 1674 1718 1728 sancti
1752 1673 2005 1743 Hugonis

2100 523 2231 593 post
2254 537 2472 574 annum
2509 519 2648 574 1320
2669 519 2775 573 fuit
2801 518 3212 589 conscriptum,
3247 517 3346 572 sed
3379 517 3531 572 aliud
3563 515 3711 570 anti-

2101 609 2246 680 quis,
2277 609 2430 680 quod
2448 608 2510 661 V.
2539 609 2600 660 G.
2628 609 2751 677 jam
2785 607 2916 660 inde
2949 607 3020 660 ab
3053 623 3206 660 anno
3240 605 3485 661 ll20aut
3513 605 3709 671 etiam,

2102 698 2144 751 si
2178 697 2334 760 velis,
2361 697 2524 752 citius
2558 696 3098 761 fneritconfectnm,
3128 695 3336 749 liincne
3355 712 3714 766 consequens

2101 786 2229 852 erit,
2253 790 2315 840 nt
2345 785 2820 856 chronographns
2835 800 3163 854 anonymus
3181 785 3275 856 qui
3289 784 3427 838 illud
3441 783 3711 848 laudavit,

2092 875 2217 946 jam
2244 874 2377 928 inde
2400 875 2470 928 ab
2495 875 2699 928 eodem
2731 873 2907 927 etiam
2950 891 3104 928 anno
3130 877 3228 927 aut
3266 873 3324 927 in
3355 872 3490 926 vivis
3520 871 3711 938 fuerit,

2101 967 2199 1018 aut
2230 963 2442 1018 dictam
2476 963 2939 1017 lucubrationem
2997 979 3159 1016 suam
3191 961 3490 1016 adornarit
3521 961 3533 1014 1
3571 961 3713 1016 Cum

2101 1053 2522 1108 Chartularium
2551 1051 2863 1124 antiquius,
2893 1051 3047 1122 quod
3081 1051 3401 1123 pontiﬁcias
3441 1049 3650 1106 Urbani
3670 1050 3714 1103 II

2100 1143 2322 1196 tittcras
2335 1145 2391 1195 et
2421 1140 2642 1211 Signini
2660 1141 2884 1196 abbatis
2904 1141 3355 1194 instrumentum
3373 1140 3717 1209 complecte-

2098 1231 2288 1296 batur,
2309 1246 2462 1284 anno
2486 1230 2721 1284 demum
2739 1227 2897 1294 1320,
2920 1245 3032 1300 quo
3051 1228 3359 1283 Carthusia:
3381 1227 3712 1282 incendium

2101 1319 2322 1385 accidit,
2359 1318 2610 1373 ﬂammis
2641 1318 2812 1372 fuerit
2846 1318 3100 1373 fortassis
3149 1319 3580 1388 consumptum,
3616 1318 3717 1370 aut

2101 1412 2253 1463 certe
2285 1408 2450 1462 citius
2494 1408 2728 1480 periisse
2752 1425 2868 1462 non
2892 1411 3134 1474 constet,
3169 1409 3232 1460 ut
3261 1407 3358 1478 qui
3391 1406 3448 1460 id
3463 1406 3712 1459 chrono-

2102 1498 2354 1570 graphus
2381 1514 2724 1567 anonymus,
2755 1497 2979 1551 etiamsi
2995 1513 3148 1550 anno
3183 1496 3419 1550 demum
3457 1494 3594 1549 1290
3616 1497 3714 1549 aut

2104 1587 2279 1640 etiam
2301 1586 2751 1640 nonnihilserius
2771 1585 3067 1655 scriptioni
3087 1601 3322 1638 manum
3343 1583 3711 1649 admovisset,

2105 1675 2338 1730 laudare
2372 1692 2487 1729 non
2521 1675 2809 1745 potuerit?
2833 1674 2942 1728 Nec
2975 1673 3288 1744 quidquam
3315 1672 3386 1726 ad
3413 1689 3538 1726 rem
3556 1671 3712 1738 facit,

389 1761 980 1834 GratianOpolitaniet
995 1763 1142 1817 aliae.
1169 1762 1352 1817 Sedin
1375 1767 1580 1817 neutro
1593 1762 1902 1816 amborum
1917 1778 2009 1816 vo-
2035 1786 2084 1843 B
2109 1765 2263 1835 quod
2287 1764 2901 1819 Carthusianusnoster
2929 1761 3376 1834 anonymusladi
3407 1761 3528 1831 ejus
3542 1761 3716 1814 verba

383 1851 672 1906 luminum
688 1851 1237 1922 reperiunturbnllze
1268 1851 1481 1905 Urbani
1503 1853 1549 1904 II
1569 1853 1626 1905 et
1661 1850 2010 1904 instrumen-

389 1942 515 1993 tum
545 1939 764 2010 Siguini
797 1939 1171 1994 abbatis.i\'on
1201 1939 1472 2009 estigitur
1503 1939 1766 2005 dubium,
1799 1938 1938 2008 quin
1953 1941 2009 1993 et

389 2027 646 2098 primum
680 2028 937 2097 ejusdem
975 2028 1317 2082 Chartnlarii
1343 2029 1637 2093 volumen,
1665 2027 1820 2098 quod
1852 2044 2005 2081 nunc

385 2116 765 2182 desideratur,
793 2119 1139 2186 procurante
1157 2117 1364 2171 eodem
1395 2118 1458 2170 R.
1493 2119 1554 2171 Ρ.
1581 2119 1864 2188 Aymone,
1903 2117 2002 2170 de-

387 2203 665 2276 scriptum
698 2204 891 2271 fuerit,
930 2205 988 2258 in
1017 2221 1156 2276 quo,
1190 2203 1233 2258 si
1266 2204 1453 2258 adhuc
1506 2208 1773 2270 exstaret,
1807 2205 2001 2259 forsan

385 2293 641 2363 praefatae
659 2294 826 2347 bullae
841 2297 898 2348 et
931 2293 1150 2364 Signini
1183 2293 1632 2348 instrumentum
1676 2294 2002 2364 reperiren-

380 2383 495 2450 tur,
531 2382 686 2453 quod
715 2385 913 2436 tamen
948 2399 1064 2436 non
1079 2385 1321 2436 constat.
1341 2381 1598 2436 Sedlicet
1628 2382 1684 2436 id
1707 2383 1998 2448 daremus,

383 2486 499 2524 non
520 2473 879 2542 sequeretur,
899 2471 1054 2526 idem
1087 2488 1228 2538 esse,
1263 2471 1332 2526 de
1364 2488 1478 2543 quo
1507 2471 1760 2542 loquitur
1803 2474 2001 2525 auctor

384 2563 581 2614 noster
601 2562 1075 2631 anonymusto
1103 2577 1169 2614 ex
1197 2561 1419 2616 duobus
1451 2561 1824 2631 sequentibus
1841 2560 1998 2613 volu-

384 2647 794 2720 minibus,qua3
817 2649 969 2703 dicta
995 2649 1165 2703 fuisse
1189 2648 1626 2716 nova,vidimus,
1645 2664 2001 2720 consequens

382 2740 487 2803 est,
521 2737 628 2792 hoc
653 2754 880 2809 quoque
907 2737 1162 2808 primum
1187 2739 1455 2793 volumen
1470 2737 1851 2792 recensfuisse
1867 2740 2000 2791 tunc

387 2825 771 2897 temporis.Ac
795 2827 1037 2897 proinde
1051 2827 1205 2882 aliud
1237 2826 1409 2881 fuisse
1441 2827 1512 2881 ab
1546 2844 1613 2881 eo
1645 2827 1800 2899 quod
1830 2827 1998 2880 ﬂam-

387 2932 547 2970 mam
572 2915 817 2970 incendii
844 2917 980 2971 anni
1018 2919 1152 2972 I320
1186 2917 1486 2972 devorasse
1537 2916 1843 2971 credimus.
1887 2914 1999 2970 Sed

384 3003 506 3058 hzec
535 3004 724 3058 omnis
755 3004 1033 3060 dubitatio
1053 3005 1406 3060 adimiturex
1430 3007 1678 3060 tractatu
1708 3006 1772 3058 Β.
1803 3006 1865 3058 Ρ.
1893 3004 1996 3058 Βο-

2111 1853 2370 1926 proxime
2398 1851 2658 1923 recitata)
2681 1851 2944 1922 adjnngit
2968 1851 3037 1904 de
3065 1851 3304 1917 Bosone,
3334 1849 3429 1922 qui
3464 1850 3537 1904 ab
3560 1866 3712 1903 anno

2109 1941 2248 1997 1272
2281 1959 2458 2013 usque
2489 1941 2562 1996 ad
2594 1958 2815 1995 annum
2848 1939 2984 1994 l3l3
3015 1940 3284 1994 domibus
3314 1939 3484 1993 Vallis
3512 1937 3712 1992 Sancti

2108 2031 2361 2102 Hngonis
2374 2034 2430 2086 et
2459 2030 2994 2102 MajorisCarthnsias
3023 2027 3533 2100 praefueritj‘uerit
3555 2026 3712 2081 enim

2104 2120 2315 2190 reipsa,
2340 2120 2493 2190 quod
2522 2119 2580 2172 in
2639 2137 2739 2173 suo
2767 2119 3020 2190 quinque
3053 2118 3371 2188 primorum
3418 2115 3713 2171 Carthusia

2105 2208 2366 2280 priorum
2382 2207 2662 2262 Chronico
2687 2210 2886 2261 auctor
2901 2223 3227 2277 anonymus
3241 2205 3454 2272 laudat,
3479 2204 3714 2258 Chartu-

2104 2297 2312 2352 larium
2342 2300 2475 2351 ante
2501 2295 2736 2350 Bosonis
2763 2299 2991 2349 aetatem
3028 2294 3410 2365 concriptum,
3451 2293 3585 2347 hinc
3625 2297 3710 2348 ta-

2105 2402 2239 2440 men
2257 2384 2670 2439 conseetarinm
2688 2384 2948 2438 nondum
2962 2383 3160 2448 erit,ut
3172 2385 3305 2437 ante
3320 2383 3468 2436 hanc
3500 2381 3712 2454 pariter

2102 2491 2200 2528 seu
2225 2478 2359 2528 ante
2377 2473 2740 2528 annum1272
2767 2490 3089 2544 anonymus
3107 2472 3151 2526 is
3164 2472 3406 2542 scriptor
3430 2469 3708 2536 ﬂoruerit,

2102 2579 2382 2634 suamque
2425 2563 2882 2616 lucubrationem
2931 2561 3247 2616 adornarit.
3287 2559 3495 2624 Quidni
3529 2558 3708 2626 enim,

2102 2655 2165 2705 ut
2193 2651 2364 2705 utdiu
2382 2650 2558 2706 etiam
2581 2654 2708 2721 post
2724 2651 2873 2704 hunc
2891 2667 3108 2704 annum
3128 2649 3459 2720 scripsisset,
3478 2648 3712 2702 Chartu-

2100 2740 2308 2794 larium
2350 2740 2534 2794 multo
2572 2742 2705 2792 ante
2751 2738 3077 2792 confectum
3111 2737 3400 2809 nequierit
3428 2735 3711 2791 laudare?

2099 2829 2312 2883 AC1th
2335 2847 2401 2883 ex
2450 2828 2731 2893 eoetiam,
2781 2827 2935 2898 quod
2968 2828 3108 2880 Boso
3150 2827 3497 2881 concinnato
3550 2828 3648 2878 aut
3677 2841 3710 2877 a

2099 2935 2158 2972 se
2188 2919 2453 2987 autjnssn
2479 2934 2602 2980 suo,
2631 2916 2723 2988 qui
2759 2918 2835 2970 De
2865 2915 3065 2985 orgine
3084 2917 3142 2969 et
3171 2915 3410 2969 veritate
3440 2913 3707 2984 perfectae

2099 3006 2767 3078 religionis‘inscrihitur,
2811 3004 3075 3058 tractatui
3111 3003 3432 3075 primorum
3455 3003 3706 3074 quinque

390 3093 545 3148 sonis
574 3095 653 3148 De
686 3093 887 3163 orgine
919 3097 976 3147 ct
1009 3095 1249 3149 veritate
1287 3094 1558 3166 perfectae
1590 3094 1906 3166 religionis,
1940 3094 1997 3149 in
2023 3072 2070 3130 C
2101 3096 2411 3152 Carlhusize
2428 3096 2684 3167 priorum
2704 3092 3028 3148 Chronicon
3060 3093 3352 3163 integrum
3381 3090 3703 3156 inseruerit,

389 3197 501 3252 quo
537 3182 861 3237 Chronicon
897 3183 1078 3238 nostri
1111 3183 1389 3254 anonymi
1421 3183 1491 3238 de
1523 3184 1757 3238 exordio
1783 3182 2001 3237 ordinis

390 3269 805 3324 Carthusiensis
831 3273 1019 3325 totum
1055 3271 1340 3341 reperitur
1365 3271 1665 3326 insertum.
1688 3271 1828 3325 Cum
1844 3271 2000 3325 enim

390 3357 532 3411 Boso
551 3357 847 3427 praefuerit
900 3357 1166 3413 domibus
1226 3359 1383 3413 vallis
1428 3359 1621 3413 Sancti
1654 3359 1907 3430 Hugonis
1946 3363 2004 3413 et

390 3447 616 3517 Majoris
648 3447 959 3502 Carthusia:
1006 3448 1078 3501 ab
1115 3464 1269 3502 anno
1297 3447 1434 3503 1272
1485 3448 1558 3502 ad
1595 3436 1815 3503 annum
1842 3447 2000 3515 1313,

393 3551 504 3606 quo
533 3535 791 3603 decessit;
823 3535 958 3590 inde
984 3535 1165 3607 liquet
1208 3536 1643 3603 chartularium,
1671 3536 1729 3591 in
1761 3538 2002 3608 praefato

391 3623 673 3678 Chronico
705 3624 964 3691 citatum,
1000 3628 1132 3679 ante
1151 3625 1666 3697 Bosonistempora
1691 3625 2006 3681 fuissccon-

390 3713 688 3783 scriptum,
710 3729 774 3767 ac
799 3716 1108 3784 propterea
1125 3713 1313 3785 ipsum
1345 3717 1642 3770 auctorem
1659 3715 1834 3769 etiam
1869 3719 2002 3770 ante

391 3817 610 3856 annum
628 3801 765 3856 1272
778 3802 1056 3870 ﬂoruisse,
1078 3803 1237 3873 cujus
1263 3803 1392 3857 vitae
1405 3806 1636 3875 tempus
1649 3805 2004 3876 assignantes

389 3890 539 3945 circa
568 3908 790 3946 annum
820 3890 976 3958 1220,
1013 3894 1235 3947 nullum
1268 3892 1402 3946 inde
1433 3910 1538 3948 nos
1563 3893 1752 3948 subire
1784 3894 2002 3963 vitupe-

387 3978 982 4050 riumputamus,cnm
1016 3981 1193 4034 etiam
1229 3981 1479 4051 potuerit
1494 3981 1713 4051 aliquot
1743 3984 1875 4034 ante
1907 3999 2006 4035 an-

388 4084 492 4122 nos
519 4067 737 4133 vixisse,
770 4084 836 4120 ac
865 4067 1038 4121 etiam
1087 4067 1290 4121 vidisse
1323 4069 1559 4123 beatum
1595 4069 1758 4122 illum
1803 4086 2001 4124 senem

385 4155 768 4222 Jancelinum,
789 4154 1045 4225 priorem
1062 4155 1398 4222 Carthusim,
1428 4161 1485 4211 et
1502 4157 1643 4212 alios
1663 4158 1853 4229 plures
1875 4175 2001 4213 mo-

391 4244 624 4311 nachos,
646 4243 950 4317 discipulos
978 4243 1389 4316 discipulorum
1404 4245 1584 4300 sancti
1600 4246 1882 4301 Brunonis
1907 4251 2006 4302 aut

2100 3182 2812 3256 consequensneutiquam
2835 3184 2940 3249 est,
2963 3185 3025 3235 ut
3052 3180 3222 3250 hujus
3253 3184 3454 3234 auctor
3484 3196 3706 3251 anony-

2103 3290 2233 3328 mns
2265 3276 2398 3326 ante
2429 3288 2648 3325 annum
2688 3273 2822 3325 1272
2849 3269 2906 3323 id
2928 3269 3195 3326 exararit.

2173 3363 2292 3415 354.
2327 3361 2468 3414 Boso
2513 3359 2692 3424 enim,
2754 3361 2814 3412 ut
2855 3361 3130 3412 tractatus
3179 3357 3249 3411 de
3287 3355 3345 3414 S.
3377 3357 3646 3411 Brunone
3679 3373 3714 3411 a

2106 3448 2494 3505 Carthusianis
2523 3447 2812 3518 hujatibus
2839 3463 3069 3501 mecum
3090 3445 3502 3500 communicati
3517 3448 3714 3501 auctor

2105 3538 2280 3593 modo
2308 3539 2415 3592 huc
2438 3540 2522 3591 tra
2535 3535 2994 3606 nscriptisverbis
3009 3535 3196 3601 docet,
3232 3534 3410 3588 tribus
3438 3533 3715 3588 duntaxat

2105 3629 2272 3683 annis
2300 3631 2432 3682 ante
2455 3627 2678 3681 obitum
2714 3624 3014 3696 suum,qui
3044 3623 3340 3681 annol3t3
3367 3623 3575 3690 evenit,
3596 3627 3712 3678 tra-

2104 3722 2318 3772 ctatum
2355 3717 2613 3787 proxime
2636 3715 2933 3769 laudatum
2952 3718 3050 3769 aut
3071 3713 3316 3785 ipsemet
3348 3713 3594 3785 scripsit,
3617 3716 3715 3766 aut

2104 3797 2380 3853 conscribi
2415 3797 2565 3862 fecit;
2608 3795 2746 3849 nihil
2783 3798 2978 3848 autem
3013 3793 3255 3863 impedit
3298 3809 3411 3864 quo
3442 3792 3632 3846 minus
3655 3791 3712 3845 in

2103 3887 2255 3941 hunc
2279 3886 2530 3958 quinque
2558 3884 2882 3956 primorum
2917 3882 3230 3938 Carthusia}
3251 3881 3510 3952 priorum
3544 3881 3716 3936 Chro-

2105 3977 2299 4043 nicon,
2329 3979 2470 4030 utut
2501 3975 2558 4029 id
2585 3977 2788 4028 auctor
2807 3991 2841 4027 a
2872 3973 3073 4027 decem
3106 3971 3385 4026 duntaxat
3415 3974 3514 4024 aut
3534 3969 3714 4024 etiam

2105 4064 2468 4137 paucioribus
2523 4061 2689 4118 annis
2727 4061 3148 4127 concinnasset,
3193 4059 3447 4130 potuerit
3490 4057 3710 4113 inferri.

2106 4153 2293 4208 Fuisse
2315 4152 2509 4224 itaque
2528 4151 2677 4206 hanc
2691 4149 3153 4206 lucubrationem
3167 4164 3320 4202 anno
3335 4146 3562 4202 circiter
3580 4147 3714 4201 1220

2106 4246 2204 4299 aut
2217 4242 2392 4297 etiam
2405 4240 2570 4296 citius
2582 4240 2944 4295 etaboratam
2955 4280 2970 4304 ,
2992 4237 3138 4292 nihil
3157 4238 3328 4309 plane
3339 4253 3407 4290 ex
3423 4235 3710 4302 omnibus,

386 4333 562 4388 etiam
605 4333 890 4387 sociorum
920 4333 1061 4404 ejus.
1108 4335 1191 4388 lta
1234 4333 1639 4389 Carthusianus
1671 4339 1866 4390 noster
1909 4353 2006 4391 an-
2029 4363 2082 4422 D
2106 4349 2232 4404 qure
2265 4330 2450 4386 verbis
2473 4329 2735 4403 proxime
2759 4327 3012 4382 recitatis
3039 4327 3110 4381 ab
3141 4325 3449 4380 Annalium
3473 4325 3713 4380 Carthu-

389 4423 595 4476 nalista
615 4438 958 4493 anonymus,
995 4422 1196 4493 Operis
1227 4422 1313 4477 sui
1344 4424 1470 4478 loco
1511 4440 1630 4479 non
1680 4441 1795 4479 uno
1828 4425 2004 4481 etiam

388 4509 668 4576 indicans,
705 4509 1215 4581 chronographum
1254 4526 1638 4582 anonymum,
1669 4529 1844 4584 quem
1875 4513 2002 4584 jam

386 4598 520 4653 inde
535 4599 605 4652 ab
635 4615 790 4653 anno
824 4597 958 4653 1220
991 4601 1088 4653 aut
1111 4599 1288 4654 etiam
1335 4600 1498 4656 citius
1535 4601 1594 4655 in
1631 4601 1767 4656 vivis
1807 4601 1999 4670 fuisse,

387 4686 477 4740 hic
509 4686 727 4753 statuit,
761 4687 831 4740 ab
862 4687 1104 4757 hocipso
1135 4687 1310 4742 etiam
1334 4706 1486 4744 anno
1521 4693 1620 4744 aut
1649 4690 1816 4744 citius
1839 4706 2000 4745 suam

386 4776 457 4830 de
489 4776 689 4847 primis
705 4775 958 4847 quinque
985 4777 1296 4832 Carthusia}
1332 4779 1618 4849 prioribus
1649 4780 1999 4835 lucubratio-

386 4881 522 4919 nem
551 4865 894 4919 elaborasse.
922 4865 1133 4919 Verum
1156 4867 1213 4919 in
1242 4869 1364 4921 toto
1399 4868 1642 4938 ejushuc
1664 4869 1790 4939 jam
1820 4871 2001 4923 trans-

383 4954 564 5026 cripto
586 4952 888 5008 ratiocinio
925 4953 1065 5008 nihil
1099 4955 1340 5010 omnino
1373 4957 1642 5024 occurrit,
1663 4957 1817 5029 quod
1835 4957 1996 5013 evin-

381 5048 493 5110 cat,
529 5044 1038 5116 chronographum
1079 5043 1241 5098 illum
1259 5061 1620 5115 anonymum
1661 5063 1758 5099 seu
1776 5047 1996 5118 primo-

376 5148 508 5186 rum
537 5131 790 5204 quinque
822 5131 1136 5187 Carthusia;
1186 5133 1446 5203 priorum
1500 5133 1765 5188 Chronici
1797 5139 1993 5190 aucto-

373 5236 499 5274 rem
528 5237 681 5275 anno
713 5221 807 5275 illo
840 5220 993 5277 inter
1019 5221 1172 5276 vivos
1184 5222 1312 5292 jam
1362 5221 1566 5292 egisse,
1597 5225 1716 5290 aut,
1742 5223 1787 5277 si
1811 5223 1869 5278 id
1913 5224 1992 5278 ita

372 5309 989 5376 habnerit,Chronicon
1009 5327 1173 5365 suum
1197 5309 1588 5365 concinnasse.

440 5401 563 5452 353.
591 5399 700 5452 Fac
732 5398 888 5452 enim
918 5398 1460 5470 Chartularium,cni
1473 5416 1534 5453 us
1569 5398 1627 5453 in
1647 5399 1776 5466 hoc,
1809 5401 1982 5456 veluti

366 5486 690 5557 pontiﬁcias
709 5486 924 5541 Urbani
972 5488 1017 5540 ll
1043 5487 1263 5543 litteras
1304 5492 1360 5543 et
1385 5488 1603 5560 Signini
1636 5489 1858 5544 abbatis
1886 5490 1979 5544 in-

365 5576 755 5632 strumentum
788 5575 848 5632 in
900 5574 1085 5649 capite
1114 5577 1495 5650 praeferentis,
1533 5577 1824 5648 meminit,
1855 5596 1974 5638 non

2105 4420 2377 4475 siensium
2401 4418 2532 4474 libri
2564 4417 2751 4490 quarti
2777 4420 3008 4471 auctore
3025 4431 3316 4488 anonymo
3350 4414 3716 4469 adducuntur

2104 4513 2162 4566 in
2187 4509 2468 4576 medium,
2502 4507 2728 4563 evincit.
2769 4507 2890 4561 Imo
2921 4521 3054 4560 vero
3090 4521 3162 4558 ne
3195 4503 3428 4576 quidem
3463 4520 3531 4558 ex
3560 4501 3715 4558 hisce

2105 4603 2218 4656 nllo
2245 4597 2418 4654 modo
2441 4597 2616 4652 etiam
2649 4594 3038 4666 consequitur,
3053 4591 3536 4648 utlucubrationis
3565 4592 3713 4663 ejus-

2105 4691 2239 4745 dem
2257 4691 2454 4744 auctor
2471 4702 2796 4757 anonymus
2800 4685 2925 4755 jam
2940 4682 3074 4738 inde
3087 4682 3158 4737 ab
3177 4682 3384 4737 eodem
3397 4681 3546 4736 dicto
3561 4697 3713 4736 anno

2109 4781 2243 4834 1220
2269 4781 2368 4833 aut
2393 4776 2570 4832 etiam
2607 4774 2770 4829 citius
2791 4773 2943 4828 inter
2960 4772 3116 4827 vivos
3136 4787 3306 4842 agere
3321 4771 3444 4842 jam
3457 4767 3711 4839 cmperit.

2101 4869 2172 4921 At
2192 4883 2326 4920 vero
2357 4880 2688 4935 anonymus
2710 4865 2988 4916 tractatus
3015 4860 3084 4914 de
3121 4857 3177 4912 S.
3211 4860 3480 4913 Brunone
3511 4874 3546 4911 a
3579 4857 3713 4912 Car-

2101 4954 2378 5009 thusianis
2413 4953 2708 5014 huiatibus
2752 4965 2982 5004 mecum
3035 4945 3449 5002 communicati
3494 4949 3714 5012 auctor,

2099 5043 2249 5097 viam
2273 5042 2447 5096 aliam
2466 5037 2972 5111 ingreditur,quod
2991 5036 3300 5107 probatum
3316 5034 3714 5102 det,cumdem

2096 5130 2421 5200 primorum
2437 5125 3009 5199 quinqueCarthusiae
3024 5125 3283 5196 priorum
3303 5123 3566 5179 Chronici
3581 5139 3714 5178 auc-

2093 5223 2283 5274 torem
2303 5232 2664 5288 anonymum
2685 5215 2756 5269 ab
2775 5231 2930 5269 anno
2948 5214 3179 5269 circiter
3202 5214 3334 5270 i220
3362 5212 3711 5280 vixisse,imo

2081 5308 2209 5378 jam
2239 5310 2363 5360 tum
2384 5303 2827 5359 Carthusiannm
2858 5302 3027 5358 fuisse
3053 5303 3400 5374 professum,
3430 5317 3493 5356 ac
3514 5300 3711 5371 proin,

2090 5413 2218 5469 quae
2237 5395 2308 5450 de
2331 5393 2668 5466 prodigiosa
2705 5392 2955 5448 doctoris
2976 5392 3308 5448 Parisiensis
3339 5389 3714 5446 anastasime-

2082 5486 2294 5542 moriae
2321 5483 2535 5558 prodit,
2571 5499 2600 5536 e
2642 5482 2699 5537 S.
2735 5483 3017 5537 Brunonis
3062 5481 3355 5538 sociorum
3389 5480 3711 5552 discipulis,

2081 5575 2274 5634 aliisve
2304 5574 2512 5630 saltem
2543 5570 2641 5646 qui
2675 5589 2804 5628 rem
2835 5588 2903 5627 ex
2919 5571 3074 5628 hisce
3113 5571 3446 5640 audiissent,
3486 5568 3708 5628 intelli-
