  <div class='ocr_page' id='page_1' title='image "/cluster/home/n/w/nwhite01/storage/ocr_20150623/152/hvd.32044054760103/112.png"; bbox 0 0 4026 6042; ppageno 0'>
   <div class='ocr_carea' id='block_1_1' title="bbox 322 278 429 333">
    <p class='ocr_par' dir='ltr' id='par_1_1' title="bbox 322 278 429 333">
     <span class='ocr_line' id='line_1_1' title="bbox 322 278 429 333; baseline 0 0"><span class='ocrx_word' id='word_1_1' title='bbox 322 278 429 333; x_wconf 85' lang='grc'>213</span> 
     </span>
    </p>
   </div>
   <div class='ocr_carea' id='block_1_2' title="bbox 1897 268 2077 338">
    <p class='ocr_par' dir='ltr' id='par_1_2' title="bbox 1897 268 2077 338">
     <span class='ocr_line' id='line_1_2' title="bbox 1897 268 2077 338; baseline 0 -2"><span class='ocrx_word' id='word_1_2' title='bbox 1897 268 2077 338; x_wconf 64' lang='lat' dir='ltr'><strong>ACTA</strong></span> 
     </span>
    </p>
   </div>
   <div class='ocr_carea' id='block_1_3' title="bbox 3539 277 3644 330">
    <p class='ocr_par' dir='ltr' id='par_1_3' title="bbox 3539 277 3644 330">
     <span class='ocr_line' id='line_1_3' title="bbox 3539 277 3644 330; baseline -0.019 0"><span class='ocrx_word' id='word_1_3' title='bbox 3539 277 3644 330; x_wconf 62' lang='grc'>214</span> 
     </span>
    </p>
   </div>
   <div class='ocr_carea' id='block_1_4' title="bbox 318 400 3647 480">
    <p class='ocr_par' dir='ltr' id='par_1_4' title="bbox 318 400 3647 480">
     <span class='ocr_line' id='line_1_4' title="bbox 318 400 3647 480; baseline 0 -25"><span class='ocrx_word' id='word_1_4' title='bbox 318 416 464 471; x_wconf 87' lang='lat' dir='ltr'><strong>gere</strong></span> <span class='ocrx_word' id='word_1_5' title='bbox 493 401 745 473; x_wconf 87' lang='lat' dir='ltr'><strong>potuisse</strong></span> <span class='ocrx_word' id='word_1_6' title='bbox 758 405 858 458; x_wconf 89' lang='lat' dir='ltr'><strong>aut</strong></span> <span class='ocrx_word' id='word_1_7' title='bbox 881 404 1056 459; x_wconf 89' lang='lat' dir='ltr'><strong>etiam</strong></span> <span class='ocrx_word' id='word_1_8' title='bbox 1072 404 1262 479; x_wconf 88' lang='lat' dir='ltr'><strong>reipsa</strong></span> <span class='ocrx_word' id='word_1_9' title='bbox 1276 405 1641 476; x_wconf 77' lang='lat' dir='ltr'><strong>intellexisse,</strong></span> <span class='ocrx_word' id='word_1_10' title='bbox 1666 407 1760 463; x_wconf 85' lang='lat' dir='ltr'><strong>Ait</strong></span> <span class='ocrx_word' id='word_1_11' title='bbox 1770 423 1932 480; x_wconf 89' lang='lat' dir='ltr'><strong>ergo,</strong></span> <span class='ocrx_word' id='word_1_12' title='bbox 1957 411 2012 469; x_wconf 87' lang='grc' dir='ltr'>Α</span> <span class='ocrx_word' id='word_1_13' title='bbox 2031 404 2284 461; x_wconf 84' lang='lat' dir='ltr'><strong>maxime</strong></span> <span class='ocrx_word' id='word_1_14' title='bbox 2298 405 2372 461; x_wconf 93' lang='lat' dir='ltr'><strong>ob</strong></span> <span class='ocrx_word' id='word_1_15' title='bbox 2389 404 2709 460; x_wconf 84' lang='lat' dir='ltr'><strong>universale</strong></span> <span class='ocrx_word' id='word_1_16' title='bbox 2727 402 3074 477; x_wconf 89' lang='lat' dir='ltr'><strong>scriptorum</strong></span> <span class='ocrx_word' id='word_1_17' title='bbox 3098 400 3359 458; x_wconf 89' lang='lat' dir='ltr'><strong>omnium</strong></span> <span class='ocrx_word' id='word_1_18' title='bbox 3381 406 3647 472; x_wconf 81' lang='lat' dir='ltr'><strong>antiquo-</strong></span> 
     </span>
    </p>
   </div>
   <div class='ocr_carea' id='block_1_5' title="bbox 315 489 1930 565">
    <p class='ocr_par' dir='ltr' id='par_1_5' title="bbox 315 489 1930 565">
     <span class='ocr_line' id='line_1_5' title="bbox 315 489 1930 565; baseline 0.005 -23"><span class='ocrx_word' id='word_1_19' title='bbox 315 489 648 558; x_wconf 87' lang='lat' dir='ltr'><strong>primorum</strong></span> <span class='ocrx_word' id='word_1_20' title='bbox 677 492 930 563; x_wconf 90' lang='lat' dir='ltr'><strong>quinque</strong></span> <span class='ocrx_word' id='word_1_21' title='bbox 953 492 1264 549; x_wconf 67' lang='lat' dir='ltr'><strong>Carthusiaa</strong></span> <span class='ocrx_word' id='word_1_22' title='bbox 1297 494 1556 565; x_wconf 87' lang='lat' dir='ltr'><strong>priorum</strong></span> <span class='ocrx_word' id='word_1_23' title='bbox 1580 495 1930 561; x_wconf 90' lang='lat' dir='ltr'><strong>Chronicon,</strong></span> 
     </span>
    </p>
   </div>
   <div class='ocr_carea' id='block_1_6' title="bbox 318 581 1931 652">
    <p class='ocr_par' dir='ltr' id='par_1_6' title="bbox 318 581 1931 652">
     <span class='ocr_line' id='line_1_6' title="bbox 318 581 1931 652; baseline 0.004 -18"><span class='ocrx_word' id='word_1_24' title='bbox 318 595 442 634; x_wconf 91' lang='lat' dir='ltr'><strong>non</strong></span> <span class='ocrx_word' id='word_1_25' title='bbox 474 581 710 652; x_wconf 90' lang='lat' dir='ltr'><strong>quidem</strong></span> <span class='ocrx_word' id='word_1_26' title='bbox 718 582 847 652; x_wconf 88' lang='lat' dir='ltr'><strong>jam</strong></span> <span class='ocrx_word' id='word_1_27' title='bbox 878 583 1011 638; x_wconf 89' lang='lat' dir='ltr'><strong>inde</strong></span> <span class='ocrx_word' id='word_1_28' title='bbox 1031 585 1102 639; x_wconf 89' lang='lat' dir='ltr'><strong>ab</strong></span> <span class='ocrx_word' id='word_1_29' title='bbox 1124 601 1279 640; x_wconf 91' lang='lat' dir='ltr'><strong>anno</strong></span> <span class='ocrx_word' id='word_1_30' title='bbox 1322 586 1593 652; x_wconf 75' lang='lat' dir='ltr'><strong>l2&#39;20,sed</strong></span> <span class='ocrx_word' id='word_1_31' title='bbox 1626 587 1831 641; x_wconf 78' lang='lat' dir='ltr'><strong>saltem</strong></span> <span class='ocrx_word' id='word_1_32' title='bbox 1859 586 1931 641; x_wconf 90' lang='lat' dir='ltr'><strong>ab</strong></span> 
     </span>
    </p>
   </div>
   <div class='ocr_carea' id='block_1_7' title="bbox 316 669 1931 744">
    <p class='ocr_par' dir='ltr' id='par_1_7' title="bbox 316 669 1931 744">
     <span class='ocr_line' id='line_1_7' title="bbox 316 669 1931 744; baseline 0.004 -24"><span class='ocrx_word' id='word_1_33' title='bbox 316 683 476 722; x_wconf 88' lang='lat' dir='ltr'><strong>anno</strong></span> <span class='ocrx_word' id='word_1_34' title='bbox 509 669 734 723; x_wconf 89' lang='lat' dir='ltr'><strong>circiter</strong></span> <span class='ocrx_word' id='word_1_35' title='bbox 766 673 904 725; x_wconf 72' lang='grc'>1240</span> <span class='ocrx_word' id='word_1_36' title='bbox 934 671 1104 726; x_wconf 83' lang='lat' dir='ltr'><strong>fuisse</strong></span> <span class='ocrx_word' id='word_1_37' title='bbox 1135 676 1455 739; x_wconf 87' lang='lat' dir='ltr'><strong>exaratum,</strong></span> <span class='ocrx_word' id='word_1_38' title='bbox 1478 689 1541 726; x_wconf 90' lang='lat' dir='ltr'><strong>ac</strong></span> <span class='ocrx_word' id='word_1_39' title='bbox 1570 674 1735 744; x_wconf 87' lang='lat' dir='ltr'><strong>proin</strong></span> <span class='ocrx_word' id='word_1_40' title='bbox 1762 674 1931 744; x_wconf 86' lang='lat' dir='ltr'><strong>hujus</strong></span> 
     </span>
    </p>
   </div>
   <div class='ocr_carea' id='block_1_8' title="bbox 313 758 1930 828">
    <p class='ocr_par' dir='ltr' id='par_1_8' title="bbox 313 758 1930 828">
     <span class='ocr_line' id='line_1_8' title="bbox 313 758 1930 828; baseline 0.004 -19"><span class='ocrx_word' id='word_1_41' title='bbox 313 760 617 812; x_wconf 78' lang='lat' dir='ltr'><strong>auctorem</strong></span> <span class='ocrx_word' id='word_1_42' title='bbox 643 758 768 828; x_wconf 83' lang='lat' dir='ltr'><strong>jam</strong></span> <span class='ocrx_word' id='word_1_43' title='bbox 795 759 930 813; x_wconf 68' lang='lat' dir='ltr'><strong>inde</strong></span> <span class='ocrx_word' id='word_1_44' title='bbox 962 761 1033 815; x_wconf 91' lang='lat' dir='ltr'><strong>ab</strong></span> <span class='ocrx_word' id='word_1_45' title='bbox 1072 777 1226 815; x_wconf 90' lang='lat' dir='ltr'><strong>anno</strong></span> <span class='ocrx_word' id='word_1_46' title='bbox 1263 763 1397 816; x_wconf 85' lang='grc'>1220</span> <span class='ocrx_word' id='word_1_47' title='bbox 1427 778 1543 815; x_wconf 92' lang='lat' dir='ltr'><strong>non</strong></span> <span class='ocrx_word' id='word_1_48' title='bbox 1590 765 1818 816; x_wconf 89' lang='lat' dir='ltr'><strong>tantum</strong></span> <span class='ocrx_word' id='word_1_49' title='bbox 1848 762 1930 816; x_wconf 88' lang='lat' dir='ltr'><strong>vi-</strong></span> 
     </span>
    </p>
   </div>
   <div class='ocr_carea' id='block_1_9' title="bbox 313 844 1928 921">
    <p class='ocr_par' dir='ltr' id='par_1_9' title="bbox 313 844 1928 921">
     <span class='ocr_line' id='line_1_9' title="bbox 313 844 1928 921; baseline 0.005 -24"><span class='ocrx_word' id='word_1_50' title='bbox 313 844 592 912; x_wconf 84' lang='lat' dir='ltr'><strong>xisse,sed</strong></span> <span class='ocrx_word' id='word_1_51' title='bbox 612 852 669 900; x_wconf 92' lang='lat' dir='ltr'><strong>et</strong></span> <span class='ocrx_word' id='word_1_52' title='bbox 693 846 1134 903; x_wconf 87' lang='lat' dir='ltr'><strong>Carthusianum</strong></span> <span class='ocrx_word' id='word_1_53' title='bbox 1153 850 1326 904; x_wconf 76' lang='lat' dir='ltr'><strong>fuisse</strong></span> <span class='ocrx_word' id='word_1_54' title='bbox 1344 851 1689 921; x_wconf 87' lang='lat' dir='ltr'><strong>professum.</strong></span> <span class='ocrx_word' id='word_1_55' title='bbox 1717 851 1928 905; x_wconf 83' lang='lat' dir='ltr'><strong>Verum</strong></span> 
     </span>
    </p>
   </div>
   <div class='ocr_carea' id='block_1_10' title="bbox 314 936 1932 1008">
    <p class='ocr_par' dir='ltr' id='par_1_10' title="bbox 314 936 1932 1008">
     <span class='ocr_line' id='line_1_10' title="bbox 314 936 1932 1008; baseline 0.005 -22"><span class='ocrx_word' id='word_1_56' title='bbox 314 948 473 987; x_wconf 84' lang='lat' dir='ltr'><strong>anne</strong></span> <span class='ocrx_word' id='word_1_57' title='bbox 496 951 625 988; x_wconf 89' lang='lat' dir='ltr'><strong>rem</strong></span> <span class='ocrx_word' id='word_1_58' title='bbox 648 938 960 1008; x_wconf 84' lang='lat' dir='ltr'><strong>utcumque</strong></span> <span class='ocrx_word' id='word_1_59' title='bbox 992 936 1238 993; x_wconf 82' lang='lat' dir='ltr'><strong>evincit?</strong></span> <span class='ocrx_word' id='word_1_60' title='bbox 1266 938 1530 993; x_wconf 84' lang='lat' dir='ltr'><strong>Chronici</strong></span> <span class='ocrx_word' id='word_1_61' title='bbox 1561 939 1709 993; x_wconf 90' lang='lat' dir='ltr'><strong>illius</strong></span> <span class='ocrx_word' id='word_1_62' title='bbox 1734 955 1932 994; x_wconf 83' lang='lat' dir='ltr'><strong>exem-</strong></span> 
     </span>
    </p>
   </div>
   <div class='ocr_carea' id='block_1_11' title="bbox 313 1013 1928 1096">
    <p class='ocr_par' dir='ltr' id='par_1_11' title="bbox 313 1013 1928 1096">
     <span class='ocr_line' id='line_1_11' title="bbox 313 1013 1928 1096; baseline 0.004 -21"><span class='ocrx_word' id='word_1_63' title='bbox 313 1021 465 1092; x_wconf 88' lang='lat' dir='ltr'><strong>plar,</strong></span> <span class='ocrx_word' id='word_1_64' title='bbox 517 1013 672 1094; x_wconf 89' lang='lat' dir='ltr'><strong>quod</strong></span> <span class='ocrx_word' id='word_1_65' title='bbox 712 1023 771 1078; x_wconf 94' lang='lat' dir='ltr'><strong>in</strong></span> <span class='ocrx_word' id='word_1_66' title='bbox 802 1024 1150 1080; x_wconf 79' lang='lat' dir='ltr'><strong>bibliotheca</strong></span> <span class='ocrx_word' id='word_1_67' title='bbox 1208 1026 1539 1081; x_wconf 90' lang='lat' dir='ltr'><strong>Colbertina</strong></span> <span class='ocrx_word' id='word_1_68' title='bbox 1590 1031 1928 1096; x_wconf 83' lang='lat' dir='ltr'><strong>asservatur,</strong></span> 
     </span>
    </p>
   </div>
   <div class='ocr_carea' id='block_1_12' title="bbox 313 1107 1932 1185">
    <p class='ocr_par' dir='ltr' id='par_1_12' title="bbox 313 1107 1932 1185">
     <span class='ocr_line' id='line_1_12' title="bbox 313 1107 1932 1185; baseline 0.005 -22"><span class='ocrx_word' id='word_1_69' title='bbox 313 1107 647 1181; x_wconf 84' lang='lat' dir='ltr'><strong>Stephanus</strong></span> <span class='ocrx_word' id='word_1_70' title='bbox 677 1112 931 1167; x_wconf 88' lang='lat' dir='ltr'><strong>Baluzius</strong></span> <span class='ocrx_word' id='word_1_71' title='bbox 958 1115 1203 1185; x_wconf 88' lang='lat' dir='ltr'><strong>epistola</strong></span> <span class='ocrx_word' id='word_1_72' title='bbox 1249 1115 1323 1170; x_wconf 91' lang='lat' dir='ltr'><strong>ad</strong></span> <span class='ocrx_word' id='word_1_73' title='bbox 1355 1114 1763 1171; x_wconf 89' lang='lat' dir='ltr'><strong>Carthusianos</strong></span> <span class='ocrx_word' id='word_1_74' title='bbox 1797 1117 1932 1171; x_wconf 84' lang='lat' dir='ltr'><strong>data</strong></span> 
     </span>
    </p>
   </div>
   <div class='ocr_carea' id='block_1_13' title="bbox 314 1198 1928 1277">
    <p class='ocr_par' dir='ltr' id='par_1_13' title="bbox 314 1198 1928 1277">
     <span class='ocr_line' id='line_1_13' title="bbox 314 1198 1928 1277; baseline 0.005 -26"><span class='ocrx_word' id='word_1_75' title='bbox 314 1199 390 1252; x_wconf 92' lang='lat' dir='ltr'><strong>ab</strong></span> <span class='ocrx_word' id='word_1_76' title='bbox 454 1198 623 1252; x_wconf 91' lang='lat' dir='ltr'><strong>annis</strong></span> <span class='ocrx_word' id='word_1_77' title='bbox 678 1202 1115 1272; x_wconf 79' lang='lat' dir='ltr'><strong>quadringentis</strong></span> <span class='ocrx_word' id='word_1_78' title='bbox 1153 1203 1596 1275; x_wconf 81' lang='lat' dir='ltr'><strong>quinquaginta,</strong></span> <span class='ocrx_word' id='word_1_79' title='bbox 1644 1221 1708 1258; x_wconf 89' lang='lat' dir='ltr'><strong>ac</strong></span> <span class='ocrx_word' id='word_1_80' title='bbox 1738 1204 1928 1277; x_wconf 85' lang='lat' dir='ltr'><strong>proin,</strong></span> 
     </span>
    </p>
   </div>
   <div class='ocr_carea' id='block_1_14' title="bbox 312 1287 1930 1362">
    <p class='ocr_par' dir='ltr' id='par_1_14' title="bbox 312 1287 1930 1362">
     <span class='ocr_line' id='line_1_14' title="bbox 312 1287 1930 1362; baseline 0.005 -23"><span class='ocrx_word' id='word_1_81' title='bbox 312 1301 454 1339; x_wconf 89' lang='lat' dir='ltr'><strong>cum</strong></span> <span class='ocrx_word' id='word_1_82' title='bbox 481 1287 604 1340; x_wconf 68' lang='lat' dir='ltr'><strong>haec</strong></span> <span class='ocrx_word' id='word_1_83' title='bbox 625 1290 830 1343; x_wconf 69' lang='lat' dir='ltr'><strong>sazculo</strong></span> <span class='ocrx_word' id='word_1_84' title='bbox 858 1290 1173 1360; x_wconf 67' lang='lat' dir='ltr'><strong>praeterito,</strong></span> <span class='ocrx_word' id='word_1_85' title='bbox 1199 1290 1272 1344; x_wconf 94' lang='lat' dir='ltr'><strong>ad</strong></span> <span class='ocrx_word' id='word_1_86' title='bbox 1302 1291 1478 1345; x_wconf 82' lang='lat' dir='ltr'><strong>finem</strong></span> <span class='ocrx_word' id='word_1_87' title='bbox 1510 1291 1628 1345; x_wconf 86' lang='lat' dir='ltr'><strong>fere</strong></span> <span class='ocrx_word' id='word_1_88' title='bbox 1648 1291 1774 1361; x_wconf 90' lang='lat' dir='ltr'><strong>jam</strong></span> <span class='ocrx_word' id='word_1_89' title='bbox 1798 1308 1930 1362; x_wconf 86' lang='lat' dir='ltr'><strong>pro-</strong></span> 
     </span>
    </p>
   </div>
   <div class='ocr_carea' id='block_1_15' title="bbox 315 1376 1931 1450">
    <p class='ocr_par' dir='ltr' id='par_1_15' title="bbox 315 1376 1931 1450">
     <span class='ocr_line' id='line_1_15' title="bbox 315 1376 1931 1450; baseline 0.005 -23"><span class='ocrx_word' id='word_1_90' title='bbox 315 1377 505 1441; x_wconf 85' lang='lat' dir='ltr'><strong>vecto,</strong></span> <span class='ocrx_word' id='word_1_91' title='bbox 540 1376 750 1446; x_wconf 90' lang='lat' dir='ltr'><strong>scripta</strong></span> <span class='ocrx_word' id='word_1_92' title='bbox 774 1377 865 1441; x_wconf 89' lang='lat' dir='ltr'><strong>sit,</strong></span> <span class='ocrx_word' id='word_1_93' title='bbox 891 1393 1045 1431; x_wconf 87' lang='lat' dir='ltr'><strong>anno</strong></span> <span class='ocrx_word' id='word_1_94' title='bbox 1078 1378 1305 1432; x_wconf 87' lang='lat' dir='ltr'><strong>circiter</strong></span> <span class='ocrx_word' id='word_1_95' title='bbox 1338 1381 1473 1433; x_wconf 64' lang='grc'>1240</span> <span class='ocrx_word' id='word_1_96' title='bbox 1488 1380 1765 1450; x_wconf 88' lang='lat' dir='ltr'><strong>scriptum</strong></span> <span class='ocrx_word' id='word_1_97' title='bbox 1794 1381 1931 1435; x_wconf 90' lang='lat' dir='ltr'><strong>edo-</strong></span> 
     </span>
    </p>
   </div>
   <div class='ocr_carea' id='block_1_16' title="bbox 313 1462 1931 1540">
    <p class='ocr_par' dir='ltr' id='par_1_16' title="bbox 313 1462 1931 1540">
     <span class='ocr_line' id='line_1_16' title="bbox 313 1462 1931 1540; baseline 0.005 -25"><span class='ocrx_word' id='word_1_98' title='bbox 313 1462 453 1517; x_wconf 88' lang='lat' dir='ltr'><strong>cuit.</strong></span> <span class='ocrx_word' id='word_1_99' title='bbox 488 1464 573 1517; x_wconf 90' lang='lat' dir='ltr'><strong>lta</strong></span> <span class='ocrx_word' id='word_1_100' title='bbox 616 1468 899 1534; x_wconf 90' lang='lat' dir='ltr'><strong>quantum</strong></span> <span class='ocrx_word' id='word_1_101' title='bbox 959 1465 1031 1519; x_wconf 92' lang='lat' dir='ltr'><strong>ad</strong></span> <span class='ocrx_word' id='word_1_102' title='bbox 1060 1467 1644 1538; x_wconf 88' lang='lat' dir='ltr'><strong>substantiam,quem</strong></span> <span class='ocrx_word' id='word_1_103' title='bbox 1671 1469 1931 1540; x_wconf 83' lang='lat' dir='ltr'><strong>proxime</strong></span> 
     </span>
    </p>
   </div>
   <div class='ocr_carea' id='block_1_17' title="bbox 313 1550 1933 1616">
    <p class='ocr_par' dir='ltr' id='par_1_17' title="bbox 313 1550 1933 1616">
     <span class='ocr_line' id='line_1_17' title="bbox 313 1550 1933 1616; baseline 0.004 -12"><span class='ocrx_word' id='word_1_104' title='bbox 313 1550 591 1616; x_wconf 86' lang='lat' dir='ltr'><strong>laudavit,</strong></span> <span class='ocrx_word' id='word_1_105' title='bbox 621 1554 897 1606; x_wconf 88' lang='lat' dir='ltr'><strong>tractatus</strong></span> <span class='ocrx_word' id='word_1_106' title='bbox 929 1552 1000 1607; x_wconf 89' lang='lat' dir='ltr'><strong>de</strong></span> <span class='ocrx_word' id='word_1_107' title='bbox 1048 1553 1105 1607; x_wconf 92' lang='lat' dir='ltr'><strong>S.</strong></span> <span class='ocrx_word' id='word_1_108' title='bbox 1149 1555 1419 1609; x_wconf 91' lang='lat' dir='ltr'><strong>Brunone</strong></span> <span class='ocrx_word' id='word_1_109' title='bbox 1462 1572 1496 1609; x_wconf 92' lang='lat' dir='ltr'><strong>a</strong></span> <span class='ocrx_word' id='word_1_110' title='bbox 1542 1555 1933 1611; x_wconf 88' lang='lat' dir='ltr'><strong>Carthusianis</strong></span> 
     </span>
    </p>
   </div>
   <div class='ocr_carea' id='block_1_18' title="bbox 312 1639 1928 1715">
    <p class='ocr_par' dir='ltr' id='par_1_18' title="bbox 312 1639 1928 1715">
     <span class='ocr_line' id='line_1_18' title="bbox 312 1639 1928 1715; baseline 0.005 -23"><span class='ocrx_word' id='word_1_111' title='bbox 312 1639 610 1709; x_wconf 84' lang='lat' dir='ltr'><strong>hujatibus</strong></span> <span class='ocrx_word' id='word_1_112' title='bbox 635 1656 866 1695; x_wconf 90' lang='lat' dir='ltr'><strong>mecum</strong></span> <span class='ocrx_word' id='word_1_113' title='bbox 905 1643 1318 1697; x_wconf 88' lang='lat' dir='ltr'><strong>communicati</strong></span> <span class='ocrx_word' id='word_1_114' title='bbox 1352 1648 1555 1698; x_wconf 90' lang='lat' dir='ltr'><strong>auctor</strong></span> <span class='ocrx_word' id='word_1_115' title='bbox 1582 1661 1928 1715; x_wconf 89' lang='lat' dir='ltr'><strong>anonymus.</strong></span> 
     </span>
    </p>
   </div>
   <div class='ocr_carea' id='block_1_19' title="bbox 2030 489 3647 564">
    <p class='ocr_par' dir='ltr' id='par_1_19' title="bbox 2030 489 3647 564">
     <span class='ocr_line' id='line_1_19' title="bbox 2030 489 3647 564; baseline -0.001 -19"><span class='ocrx_word' id='word_1_116' title='bbox 2030 508 2161 546; x_wconf 92' lang='lat' dir='ltr'><strong>rum</strong></span> <span class='ocrx_word' id='word_1_117' title='bbox 2184 492 2255 546; x_wconf 93' lang='lat' dir='ltr'><strong>de</strong></span> <span class='ocrx_word' id='word_1_118' title='bbox 2272 493 2381 547; x_wconf 87' lang='lat' dir='ltr'><strong>hoc</strong></span> <span class='ocrx_word' id='word_1_119' title='bbox 2396 491 3110 564; x_wconf 89' lang='lat' dir='ltr'><strong>silentium,quosinter,ut</strong></span> <span class='ocrx_word' id='word_1_120' title='bbox 3119 491 3242 562; x_wconf 90' lang='lat' dir='ltr'><strong>jam</strong></span> <span class='ocrx_word' id='word_1_121' title='bbox 3266 506 3435 562; x_wconf 85' lang='lat' dir='ltr'><strong>supra</strong></span> <span class='ocrx_word' id='word_1_122' title='bbox 3456 489 3647 558; x_wconf 90' lang='lat' dir='ltr'><strong>docui,</strong></span> 
     </span>
    </p>
   </div>
   <div class='ocr_carea' id='block_1_20' title="bbox 2033 578 3652 653">
    <p class='ocr_par' dir='ltr' id='par_1_20' title="bbox 2033 578 3652 653">
     <span class='ocr_line' id='line_1_20' title="bbox 2033 578 3652 653; baseline -0.001 -20"><span class='ocrx_word' id='word_1_123' title='bbox 2033 582 2296 637; x_wconf 85' lang='lat' dir='ltr'><strong>nonnulii</strong></span> <span class='ocrx_word' id='word_1_124' title='bbox 2314 581 2716 636; x_wconf 86' lang='lat' dir='ltr'><strong>verosimiliter</strong></span> <span class='ocrx_word' id='word_1_125' title='bbox 2727 584 2860 635; x_wconf 89' lang='lat' dir='ltr'><strong>sunt</strong></span> <span class='ocrx_word' id='word_1_126' title='bbox 2877 580 2972 653; x_wconf 87' lang='lat' dir='ltr'><strong>qui</strong></span> <span class='ocrx_word' id='word_1_127' title='bbox 2989 580 3153 647; x_wconf 91' lang='lat' dir='ltr'><strong>illud,</strong></span> <span class='ocrx_word' id='word_1_128' title='bbox 3171 579 3215 633; x_wconf 91' lang='lat' dir='ltr'><strong>si</strong></span> <span class='ocrx_word' id='word_1_129' title='bbox 3232 579 3449 644; x_wconf 87' lang='lat' dir='ltr'><strong>fuisset,</strong></span> <span class='ocrx_word' id='word_1_130' title='bbox 3479 578 3652 632; x_wconf 81' lang='lat' dir='ltr'><strong>scitu-</strong></span> 
     </span>
    </p>
   </div>
   <div class='ocr_carea' id='block_1_21' title="bbox 2030 666 3651 741">
    <p class='ocr_par' dir='ltr' id='par_1_21' title="bbox 2030 666 3651 741">
     <span class='ocr_line' id='line_1_21' title="bbox 2030 666 3651 741; baseline -0.001 -21"><span class='ocrx_word' id='word_1_131' title='bbox 2030 667 2425 741; x_wconf 90' lang='lat' dir='ltr'><strong>ri,scitumque</strong></span> <span class='ocrx_word' id='word_1_132' title='bbox 2439 669 2951 724; x_wconf 88' lang='lat' dir='ltr'><strong>commemoraturi</strong></span> <span class='ocrx_word' id='word_1_133' title='bbox 2966 668 3411 738; x_wconf 85' lang='lat' dir='ltr'><strong>fuissent.Atque</strong></span> <span class='ocrx_word' id='word_1_134' title='bbox 3426 666 3503 720; x_wconf 86' lang='lat' dir='ltr'><strong>ita</strong></span> <span class='ocrx_word' id='word_1_135' title='bbox 3515 683 3651 720; x_wconf 84' lang='lat' dir='ltr'><strong>sane</strong></span> 
     </span>
    </p>
   </div>
   <div class='ocr_carea' id='block_1_22' title="bbox 2030 753 3649 828">
    <p class='ocr_par' dir='ltr' id='par_1_22' title="bbox 2030 753 3649 828">
     <span class='ocr_line' id='line_1_22' title="bbox 2030 753 3649 828; baseline -0.001 -18"><span class='ocrx_word' id='word_1_136' title='bbox 2030 756 2087 810; x_wconf 91' lang='lat' dir='ltr'><strong>in</strong></span> <span class='ocrx_word' id='word_1_137' title='bbox 2106 757 2399 828; x_wconf 90' lang='lat' dir='ltr'><strong>opinione,</strong></span> <span class='ocrx_word' id='word_1_138' title='bbox 2416 774 2531 828; x_wconf 90' lang='lat' dir='ltr'><strong>qua</strong></span> <span class='ocrx_word' id='word_1_139' title='bbox 2549 755 2875 827; x_wconf 90' lang='lat' dir='ltr'><strong>primorum</strong></span> <span class='ocrx_word' id='word_1_140' title='bbox 2891 757 3144 828; x_wconf 90' lang='lat' dir='ltr'><strong>quinque</strong></span> <span class='ocrx_word' id='word_1_141' title='bbox 3163 754 3476 810; x_wconf 71' lang='lat' dir='ltr'><strong>Carthusizr.</strong></span> <span class='ocrx_word' id='word_1_142' title='bbox 3496 753 3649 824; x_wconf 90' lang='lat' dir='ltr'><strong>prio-</strong></span> 
     </span>
    </p>
   </div>
   <div class='ocr_carea' id='block_1_23' title="bbox 2028 844 3648 917">
    <p class='ocr_par' dir='ltr' id='par_1_23' title="bbox 2028 844 3648 917">
     <span class='ocr_line' id='line_1_23' title="bbox 2028 844 3648 917; baseline -0.001 -18"><span class='ocrx_word' id='word_1_143' title='bbox 2028 862 2160 899; x_wconf 89' lang='lat' dir='ltr'><strong>rum</strong></span> <span class='ocrx_word' id='word_1_144' title='bbox 2186 846 2583 917; x_wconf 85' lang='lat' dir='ltr'><strong>Chronologus</strong></span> <span class='ocrx_word' id='word_1_145' title='bbox 2590 846 2715 916; x_wconf 88' lang='lat' dir='ltr'><strong>jam</strong></span> <span class='ocrx_word' id='word_1_146' title='bbox 2731 846 2864 900; x_wconf 93' lang='lat' dir='ltr'><strong>inde</strong></span> <span class='ocrx_word' id='word_1_147' title='bbox 2880 845 2951 900; x_wconf 90' lang='lat' dir='ltr'><strong>ab</strong></span> <span class='ocrx_word' id='word_1_148' title='bbox 2965 861 3121 899; x_wconf 88' lang='lat' dir='ltr'><strong>anno</strong></span> <span class='ocrx_word' id='word_1_149' title='bbox 3136 844 3364 898; x_wconf 88' lang='lat' dir='ltr'><strong>circiter</strong></span> <span class='ocrx_word' id='word_1_150' title='bbox 3384 846 3515 898; x_wconf 88' lang='grc'>1226</span> <span class='ocrx_word' id='word_1_151' title='bbox 3534 858 3648 897; x_wconf 87' lang='lat' dir='ltr'><strong>non</strong></span> 
     </span>
    </p>
   </div>
   <div class='ocr_carea' id='block_1_24' title="bbox 2028 932 3651 1004">
    <p class='ocr_par' dir='ltr' id='par_1_24' title="bbox 2028 932 3651 1004">
     <span class='ocr_line' id='line_1_24' title="bbox 2028 932 3651 1004; baseline -0.002 -18"><span class='ocrx_word' id='word_1_152' title='bbox 2028 932 2249 1000; x_wconf 80' lang='lat' dir='ltr'><strong>vixisse,</strong></span> <span class='ocrx_word' id='word_1_153' title='bbox 2281 934 2500 988; x_wconf 86' lang='lat' dir='ltr'><strong>nedum</strong></span> <span class='ocrx_word' id='word_1_154' title='bbox 2533 933 2978 988; x_wconf 86' lang='lat' dir='ltr'><strong>Carthusianum</strong></span> <span class='ocrx_word' id='word_1_155' title='bbox 3011 932 3215 1004; x_wconf 82' lang='lat' dir='ltr'><strong>egisse,</strong></span> <span class='ocrx_word' id='word_1_156' title='bbox 3248 932 3536 997; x_wconf 84' lang='lat' dir='ltr'><strong>statuitur,</strong></span> <span class='ocrx_word' id='word_1_157' title='bbox 3562 948 3651 984; x_wconf 79' lang='lat' dir='ltr'><strong>res</strong></span> 
     </span>
    </p>
   </div>
   <div class='ocr_carea' id='block_1_25' title="bbox 2029 1018 3649 1085">
    <p class='ocr_par' dir='ltr' id='par_1_25' title="bbox 2029 1018 3649 1085">
     <span class='ocr_line' id='line_1_25' title="bbox 2029 1018 3649 1085; baseline -0.002 -11"><span class='ocrx_word' id='word_1_158' title='bbox 2029 1038 2151 1075; x_wconf 90' lang='lat' dir='ltr'><strong>sese</strong></span> <span class='ocrx_word' id='word_1_159' title='bbox 2198 1022 2389 1077; x_wconf 86' lang='lat' dir='ltr'><strong>habet.</strong></span> <span class='ocrx_word' id='word_1_160' title='bbox 2415 1023 2528 1076; x_wconf 82' lang='lat' dir='ltr'><strong>Nec</strong></span> <span class='ocrx_word' id='word_1_161' title='bbox 2551 1022 2719 1076; x_wconf 87' lang='lat' dir='ltr'><strong>aliter</strong></span> <span class='ocrx_word' id='word_1_162' title='bbox 2764 1021 2941 1076; x_wconf 88' lang='lat' dir='ltr'><strong>etiam</strong></span> <span class='ocrx_word' id='word_1_163' title='bbox 2975 1037 3098 1075; x_wconf 88' lang='lat' dir='ltr'><strong>sese</strong></span> <span class='ocrx_word' id='word_1_164' title='bbox 3120 1018 3492 1085; x_wconf 82' lang='lat' dir='ltr'><strong>haberet,ctsi</strong></span> <span class='ocrx_word' id='word_1_165' title='bbox 3514 1034 3649 1071; x_wconf 90' lang='lat' dir='ltr'><strong>eum</strong></span> 
     </span>
    </p>
   </div>
   <div class='ocr_carea' id='block_1_26' title="bbox 2021 1105 3649 1181">
    <p class='ocr_par' dir='ltr' id='par_1_26' title="bbox 2021 1105 3649 1181">
     <span class='ocr_line' id='line_1_26' title="bbox 2021 1105 3649 1181; baseline -0.003 -18"><span class='ocrx_word' id='word_1_166' title='bbox 2021 1109 2149 1179; x_wconf 86' lang='lat' dir='ltr'><strong>jam</strong></span> <span class='ocrx_word' id='word_1_167' title='bbox 2174 1113 2296 1163; x_wconf 90' lang='lat' dir='ltr'><strong>tum</strong></span> <span class='ocrx_word' id='word_1_168' title='bbox 2322 1110 2379 1163; x_wconf 93' lang='lat' dir='ltr'><strong>in</strong></span> <span class='ocrx_word' id='word_1_169' title='bbox 2402 1109 2536 1164; x_wconf 87' lang='lat' dir='ltr'><strong>vivis</strong></span> <span class='ocrx_word' id='word_1_170' title='bbox 2552 1108 2734 1181; x_wconf 83' lang='lat' dir='ltr'><strong>egisse</strong></span> <span class='ocrx_word' id='word_1_171' title='bbox 2760 1108 3318 1178; x_wconf 87' lang='lat' dir='ltr'><strong>Carthusianumque</strong></span> <span class='ocrx_word' id='word_1_172' title='bbox 3334 1105 3503 1160; x_wconf 82' lang='lat' dir='ltr'><strong>fuisse</strong></span> <span class='ocrx_word' id='word_1_173' title='bbox 3517 1121 3649 1177; x_wconf 88' lang='lat' dir='ltr'><strong>pro-</strong></span> 
     </span>
    </p>
   </div>
   <div class='ocr_carea' id='block_1_27' title="bbox 2031 1194 3649 1269">
    <p class='ocr_par' dir='ltr' id='par_1_27' title="bbox 2031 1194 3649 1269">
     <span class='ocr_line' id='line_1_27' title="bbox 2031 1194 3649 1269; baseline -0.001 -18"><span class='ocrx_word' id='word_1_174' title='bbox 2031 1197 2265 1265; x_wconf 88' lang='lat' dir='ltr'><strong>fessum,</strong></span> <span class='ocrx_word' id='word_1_175' title='bbox 2302 1198 2581 1269; x_wconf 87' lang='lat' dir='ltr'><strong>tantisper</strong></span> <span class='ocrx_word' id='word_1_176' title='bbox 2612 1198 2904 1252; x_wconf 91' lang='lat' dir='ltr'><strong>daremus.</strong></span> <span class='ocrx_word' id='word_1_177' title='bbox 2936 1196 3049 1251; x_wconf 88' lang='lat' dir='ltr'><strong>Etsi</strong></span> <span class='ocrx_word' id='word_1_178' title='bbox 3072 1195 3429 1261; x_wconf 89' lang='lat' dir='ltr'><strong>enimillum,</strong></span> <span class='ocrx_word' id='word_1_179' title='bbox 3463 1194 3649 1264; x_wconf 85' lang='lat' dir='ltr'><strong>sijam</strong></span> 
     </span>
    </p>
   </div>
   <div class='ocr_carea' id='block_1_28' title="bbox 2028 1281 3647 1349">
    <p class='ocr_par' dir='ltr' id='par_1_28' title="bbox 2028 1281 3647 1349">
     <span class='ocr_line' id='line_1_28' title="bbox 2028 1281 3647 1349; baseline -0.002 -10"><span class='ocrx_word' id='word_1_180' title='bbox 2028 1286 2166 1340; x_wconf 91' lang='lat' dir='ltr'><strong>inde</strong></span> <span class='ocrx_word' id='word_1_181' title='bbox 2191 1286 2263 1340; x_wconf 91' lang='lat' dir='ltr'><strong>ab</strong></span> <span class='ocrx_word' id='word_1_182' title='bbox 2291 1302 2444 1340; x_wconf 91' lang='lat' dir='ltr'><strong>anno</strong></span> <span class='ocrx_word' id='word_1_183' title='bbox 2478 1285 2703 1340; x_wconf 87' lang='lat' dir='ltr'><strong>circiter</strong></span> <span class='ocrx_word' id='word_1_184' title='bbox 2748 1289 2882 1341; x_wconf 86' lang='grc'>1220</span> <span class='ocrx_word' id='word_1_185' title='bbox 2917 1284 3325 1340; x_wconf 87' lang='lat' dir='ltr'><strong>Carthusianus</strong></span> <span class='ocrx_word' id='word_1_186' title='bbox 3347 1281 3647 1349; x_wconf 88' lang='lat' dir='ltr'><strong>exstiterit,</strong></span> 
     </span>
    </p>
   </div>
   <div class='ocr_carea' id='block_1_29' title="bbox 2033 1370 3648 1428">
    <p class='ocr_par' dir='ltr' id='par_1_29' title="bbox 2033 1370 3648 1428">
     <span class='ocr_line' id='line_1_29' title="bbox 2033 1370 3648 1428; baseline -0.002 -1"><span class='ocrx_word' id='word_1_187' title='bbox 2033 1373 2272 1428; x_wconf 84' lang='lat' dir='ltr'><strong>feralem</strong></span> <span class='ocrx_word' id='word_1_188' title='bbox 2300 1374 2371 1428; x_wconf 92' lang='lat' dir='ltr'><strong>de</strong></span> <span class='ocrx_word' id='word_1_189' title='bbox 2403 1374 2637 1428; x_wconf 78' lang='lat' dir='ltr'><strong>doctore</strong></span> <span class='ocrx_word' id='word_1_190' title='bbox 2671 1373 2948 1428; x_wconf 90' lang='lat' dir='ltr'><strong>damnato</strong></span> <span class='ocrx_word' id='word_1_191' title='bbox 2982 1372 3380 1427; x_wconf 87' lang='lat' dir='ltr'><strong>narrationem</strong></span> <span class='ocrx_word' id='word_1_192' title='bbox 3414 1387 3443 1424; x_wconf 94' lang='lat' dir='ltr'><strong>e</strong></span> <span class='ocrx_word' id='word_1_193' title='bbox 3468 1370 3648 1424; x_wconf 86' lang='lat' dir='ltr'><strong>socio-</strong></span> 
     </span>
    </p>
   </div>
   <div class='ocr_carea' id='block_1_30' title="bbox 2031 1458 3650 1533">
    <p class='ocr_par' dir='ltr' id='par_1_30' title="bbox 2031 1458 3650 1533">
     <span class='ocr_line' id='line_1_30' title="bbox 2031 1458 3650 1533; baseline -0.003 -17"><span class='ocrx_word' id='word_1_194' title='bbox 2031 1479 2162 1516; x_wconf 92' lang='lat' dir='ltr'><strong>rum</strong></span> <span class='ocrx_word' id='word_1_195' title='bbox 2192 1462 2248 1516; x_wconf 94' lang='lat' dir='ltr'><strong>S.</strong></span> <span class='ocrx_word' id='word_1_196' title='bbox 2286 1462 2566 1516; x_wconf 88' lang='lat' dir='ltr'><strong>Brunonis</strong></span> <span class='ocrx_word' id='word_1_197' title='bbox 2595 1461 2903 1533; x_wconf 86' lang='lat' dir='ltr'><strong>discipulis,</strong></span> <span class='ocrx_word' id='word_1_198' title='bbox 2941 1464 3040 1515; x_wconf 88' lang='lat' dir='ltr'><strong>aut</strong></span> <span class='ocrx_word' id='word_1_199' title='bbox 3067 1464 3221 1515; x_wconf 90' lang='lat' dir='ltr'><strong>certe</strong></span> <span class='ocrx_word' id='word_1_200' title='bbox 3244 1476 3310 1514; x_wconf 88' lang='lat' dir='ltr'><strong>ex</strong></span> <span class='ocrx_word' id='word_1_201' title='bbox 3335 1458 3422 1525; x_wconf 85' lang='lat' dir='ltr'><strong>iis,</strong></span> <span class='ocrx_word' id='word_1_202' title='bbox 3447 1458 3650 1529; x_wconf 85' lang='lat' dir='ltr'><strong>quibus</strong></span> 
     </span>
    </p>
   </div>
   <div class='ocr_carea' id='block_1_31' title="bbox 2030 1548 3651 1622">
    <p class='ocr_par' dir='ltr' id='par_1_31' title="bbox 2030 1548 3651 1622">
     <span class='ocr_line' id='line_1_31' title="bbox 2030 1548 3651 1622; baseline -0.002 -18"><span class='ocrx_word' id='word_1_203' title='bbox 2030 1551 2089 1605; x_wconf 86' lang='lat' dir='ltr'><strong>hi</strong></span> <span class='ocrx_word' id='word_1_204' title='bbox 2120 1551 2279 1605; x_wconf 88' lang='lat' dir='ltr'><strong>illam</strong></span> <span class='ocrx_word' id='word_1_205' title='bbox 2307 1553 2647 1618; x_wconf 88' lang='lat' dir='ltr'><strong>retulerant,</strong></span> <span class='ocrx_word' id='word_1_206' title='bbox 2679 1550 3004 1622; x_wconf 86' lang='lat' dir='ltr'><strong>intelligere</strong></span> <span class='ocrx_word' id='word_1_207' title='bbox 3037 1549 3308 1621; x_wconf 86' lang='lat' dir='ltr'><strong>potuisse,</strong></span> <span class='ocrx_word' id='word_1_208' title='bbox 3335 1548 3455 1602; x_wconf 92' lang='lat' dir='ltr'><strong>bini</strong></span> <span class='ocrx_word' id='word_1_209' title='bbox 3477 1548 3651 1620; x_wconf 88' lang='lat' dir='ltr'><strong>scrip-</strong></span> 
     </span>
    </p>
   </div>
   <div class='ocr_carea' id='block_1_32' title="bbox 2032 1636 3648 1711">
    <p class='ocr_par' dir='ltr' id='par_1_32' title="bbox 2032 1636 3648 1711">
     <span class='ocr_line' id='line_1_32' title="bbox 2032 1636 3648 1711; baseline -0.002 -20"><span class='ocrx_word' id='word_1_210' title='bbox 2032 1640 2187 1692; x_wconf 80' lang='lat' dir='ltr'><strong>tores</strong></span> <span class='ocrx_word' id='word_1_211' title='bbox 2226 1640 2506 1711; x_wconf 80' lang='lat' dir='ltr'><strong>anonymi</strong></span> <span class='ocrx_word' id='word_1_212' title='bbox 2539 1638 2726 1694; x_wconf 88' lang='lat' dir='ltr'><strong>verbis</strong></span> <span class='ocrx_word' id='word_1_213' title='bbox 2755 1638 2869 1693; x_wconf 89' lang='lat' dir='ltr'><strong>suis</strong></span> <span class='ocrx_word' id='word_1_214' title='bbox 2898 1637 3162 1709; x_wconf 81' lang='lat' dir='ltr'><strong>proxime</strong></span> <span class='ocrx_word' id='word_1_215' title='bbox 3212 1636 3463 1691; x_wconf 83' lang='lat' dir='ltr'><strong>recitatis</strong></span> <span class='ocrx_word' id='word_1_216' title='bbox 3495 1641 3648 1690; x_wconf 82' lang='lat' dir='ltr'><strong>recte</strong></span> 
     </span>
    </p>
   </div>
   <div class='ocr_carea' id='block_1_33' title="bbox 390 1725 3646 1802">
    <p class='ocr_par' dir='ltr' id='par_1_33' title="bbox 390 1725 3646 1802">
     <span class='ocr_line' id='line_1_33' title="bbox 390 1725 3646 1802; baseline -0 -22"><span class='ocrx_word' id='word_1_217' title='bbox 390 1726 891 1793; x_wconf 79' lang='lat' dir='ltr'><strong>355,Verumunde</strong></span> <span class='ocrx_word' id='word_1_218' title='bbox 911 1728 1050 1782; x_wconf 92' lang='lat' dir='ltr'><strong>illud</strong></span> <span class='ocrx_word' id='word_1_219' title='bbox 1064 1728 2005 1802; x_wconf 86' lang='lat' dir='ltr'><strong>Chronicidictiexemplartan-B</strong></span> <span class='ocrx_word' id='word_1_220' title='bbox 2033 1726 2298 1795; x_wconf 87' lang='lat' dir='ltr'><strong>doceant,</strong></span> <span class='ocrx_word' id='word_1_221' title='bbox 2329 1727 2387 1782; x_wconf 89' lang='lat' dir='ltr'><strong>id</strong></span> <span class='ocrx_word' id='word_1_222' title='bbox 2417 1731 2615 1782; x_wconf 86' lang='lat' dir='ltr'><strong>tamen</strong></span> <span class='ocrx_word' id='word_1_223' title='bbox 2646 1727 2836 1799; x_wconf 90' lang='lat' dir='ltr'><strong>reipsa</strong></span> <span class='ocrx_word' id='word_1_224' title='bbox 2862 1727 3104 1793; x_wconf 84' lang='lat' dir='ltr'><strong>factum,</strong></span> <span class='ocrx_word' id='word_1_225' title='bbox 3140 1725 3479 1796; x_wconf 90' lang='lat' dir='ltr'><strong>neutiquam</strong></span> <span class='ocrx_word' id='word_1_226' title='bbox 3513 1742 3646 1796; x_wconf 84' lang='lat' dir='ltr'><strong>pro-</strong></span> 
     </span>
    </p>
   </div>
   <div class='ocr_carea' id='block_1_34' title="bbox 312 1813 1929 1885">
    <p class='ocr_par' dir='ltr' id='par_1_34' title="bbox 312 1813 1929 1885">
     <span class='ocr_line' id='line_1_34' title="bbox 312 1813 1929 1885; baseline 0.004 -18"><span class='ocrx_word' id='word_1_227' title='bbox 312 1816 391 1867; x_wconf 65' lang='grc' dir='ltr'>ιω</span> <span class='ocrx_word' id='word_1_228' title='bbox 413 1813 771 1885; x_wconf 88' lang='lat' dir='ltr'><strong>antiquitatis</strong></span> <span class='ocrx_word' id='word_1_229' title='bbox 789 1832 908 1870; x_wconf 89' lang='lat' dir='ltr'><strong>esse</strong></span> <span class='ocrx_word' id='word_1_230' title='bbox 926 1816 1155 1871; x_wconf 84' lang='lat' dir='ltr'><strong>rescivit</strong></span> <span class='ocrx_word' id='word_1_231' title='bbox 1170 1816 1423 1870; x_wconf 87' lang='lat' dir='ltr'><strong>Baluzius</strong></span> <span class='ocrx_word' id='word_1_232' title='bbox 1446 1818 1474 1871; x_wconf 84' lang='lat'><strong>?</strong></span> <span class='ocrx_word' id='word_1_233' title='bbox 1488 1818 1547 1872; x_wconf 90' lang='lat' dir='ltr'><strong>ld</strong></span> <span class='ocrx_word' id='word_1_234' title='bbox 1560 1835 1699 1872; x_wconf 89' lang='lat' dir='ltr'><strong>sane</strong></span> <span class='ocrx_word' id='word_1_235' title='bbox 1721 1819 1804 1872; x_wconf 90' lang='lat' dir='ltr'><strong>vir</strong></span> <span class='ocrx_word' id='word_1_236' title='bbox 1815 1820 1929 1873; x_wconf 88' lang='lat' dir='ltr'><strong>cla-</strong></span> 
     </span>
    </p>
   </div>
   <div class='ocr_carea' id='block_1_35' title="bbox 308 1900 1927 1973">
    <p class='ocr_par' dir='ltr' id='par_1_35' title="bbox 308 1900 1927 1973">
     <span class='ocr_line' id='line_1_35' title="bbox 308 1900 1927 1973; baseline 0.004 -18"><span class='ocrx_word' id='word_1_237' title='bbox 308 1900 664 1968; x_wconf 89' lang='lat' dir='ltr'><strong>rissimus,ut</strong></span> <span class='ocrx_word' id='word_1_238' title='bbox 682 1902 785 1956; x_wconf 86' lang='lat' dir='ltr'><strong>sibi</strong></span> <span class='ocrx_word' id='word_1_239' title='bbox 803 1903 978 1957; x_wconf 92' lang='lat' dir='ltr'><strong>hacin</strong></span> <span class='ocrx_word' id='word_1_240' title='bbox 999 1920 1063 1958; x_wconf 91' lang='lat' dir='ltr'><strong>re</strong></span> <span class='ocrx_word' id='word_1_241' title='bbox 1082 1904 1257 1959; x_wconf 84' lang='lat' dir='ltr'><strong>[idem</strong></span> <span class='ocrx_word' id='word_1_242' title='bbox 1277 1904 1927 1973; x_wconf 81' lang='lat' dir='ltr'><strong>faceret,debuissetad-</strong></span> 
     </span>
    </p>
   </div>
   <div class='ocr_carea' id='block_1_36' title="bbox 301 1987 1930 2065">
    <p class='ocr_par' dir='ltr' id='par_1_36' title="bbox 301 1987 1930 2065">
     <span class='ocr_line' id='line_1_36' title="bbox 301 1987 1930 2065; baseline 0.004 -24"><span class='ocrx_word' id='word_1_243' title='bbox 301 1987 579 2060; x_wconf 89' lang='lat' dir='ltr'><strong>jungere.</strong></span> <span class='ocrx_word' id='word_1_244' title='bbox 602 1990 751 2044; x_wconf 85' lang='lat' dir='ltr'><strong>Reor</strong></span> <span class='ocrx_word' id='word_1_245' title='bbox 768 2005 898 2061; x_wconf 86' lang='lat' dir='ltr'><strong>ego,</strong></span> <span class='ocrx_word' id='word_1_246' title='bbox 922 1991 1090 2045; x_wconf 89' lang='lat' dir='ltr'><strong>unice</strong></span> <span class='ocrx_word' id='word_1_247' title='bbox 1105 1992 1267 2046; x_wconf 92' lang='lat' dir='ltr'><strong>illum</strong></span> <span class='ocrx_word' id='word_1_248' title='bbox 1284 2009 1315 2046; x_wconf 90' lang='lat' dir='ltr'><strong>e</strong></span> <span class='ocrx_word' id='word_1_249' title='bbox 1330 1992 1780 2061; x_wconf 89' lang='lat' dir='ltr'><strong>characteribus,</strong></span> <span class='ocrx_word' id='word_1_250' title='bbox 1809 1994 1930 2065; x_wconf 91' lang='lat' dir='ltr'><strong>qui-</strong></span> 
     </span>
    </p>
   </div>
   <div class='ocr_carea' id='block_1_37' title="bbox 310 2076 1927 2151">
    <p class='ocr_par' dir='ltr' id='par_1_37' title="bbox 310 2076 1927 2151">
     <span class='ocr_line' id='line_1_37' title="bbox 310 2076 1927 2151; baseline 0.004 -21"><span class='ocrx_word' id='word_1_251' title='bbox 310 2076 419 2130; x_wconf 91' lang='lat' dir='ltr'><strong>bus</strong></span> <span class='ocrx_word' id='word_1_252' title='bbox 432 2077 590 2132; x_wconf 88' lang='lat' dir='ltr'><strong>idem</strong></span> <span class='ocrx_word' id='word_1_253' title='bbox 614 2077 879 2133; x_wconf 89' lang='lat' dir='ltr'><strong>Chronici</strong></span> <span class='ocrx_word' id='word_1_254' title='bbox 892 2080 1186 2151; x_wconf 88' lang='lat' dir='ltr'><strong>exemplar</strong></span> <span class='ocrx_word' id='word_1_255' title='bbox 1202 2079 1480 2151; x_wconf 88' lang='lat' dir='ltr'><strong>scriptum</strong></span> <span class='ocrx_word' id='word_1_256' title='bbox 1514 2085 1681 2148; x_wconf 89' lang='lat' dir='ltr'><strong>esset,</strong></span> <span class='ocrx_word' id='word_1_257' title='bbox 1703 2085 1927 2137; x_wconf 89' lang='lat' dir='ltr'><strong>tantam</strong></span> 
     </span>
    </p>
   </div>
   <div class='ocr_carea' id='block_1_38' title="bbox 308 2164 1931 2241">
    <p class='ocr_par' dir='ltr' id='par_1_38' title="bbox 308 2164 1931 2241">
     <span class='ocr_line' id='line_1_38' title="bbox 308 2164 1931 2241; baseline 0.004 -23"><span class='ocrx_word' id='word_1_258' title='bbox 308 2164 482 2231; x_wconf 87' lang='lat' dir='ltr'><strong>illius,</strong></span> <span class='ocrx_word' id='word_1_259' title='bbox 506 2170 786 2237; x_wconf 88' lang='lat' dir='ltr'><strong>quantam</strong></span> <span class='ocrx_word' id='word_1_260' title='bbox 808 2167 1027 2233; x_wconf 88' lang='lat' dir='ltr'><strong>asserit,</strong></span> <span class='ocrx_word' id='word_1_261' title='bbox 1055 2168 1463 2240; x_wconf 83' lang='lat' dir='ltr'><strong>antiquitatem</strong></span> <span class='ocrx_word' id='word_1_262' title='bbox 1493 2170 1810 2241; x_wconf 83' lang='lat' dir='ltr'><strong>collegisse.</strong></span> <span class='ocrx_word' id='word_1_263' title='bbox 1830 2172 1931 2225; x_wconf 78' lang='lat' dir='ltr'><strong>Ve-</strong></span> 
     </span>
    </p>
   </div>
   <div class='ocr_carea' id='block_1_39' title="bbox 306 2254 1930 2329">
    <p class='ocr_par' dir='ltr' id='par_1_39' title="bbox 306 2254 1930 2329">
     <span class='ocr_line' id='line_1_39' title="bbox 306 2254 1930 2329; baseline 0.004 -22"><span class='ocrx_word' id='word_1_264' title='bbox 306 2270 444 2307; x_wconf 89' lang='lat' dir='ltr'><strong>rum</strong></span> <span class='ocrx_word' id='word_1_265' title='bbox 461 2256 566 2309; x_wconf 90' lang='lat' dir='ltr'><strong>etsi</strong></span> <span class='ocrx_word' id='word_1_266' title='bbox 585 2254 823 2327; x_wconf 75' lang='lat' dir='ltr'><strong>quidem</strong></span> <span class='ocrx_word' id='word_1_267' title='bbox 842 2272 874 2310; x_wconf 90' lang='lat' dir='ltr'><strong>e</strong></span> <span class='ocrx_word' id='word_1_268' title='bbox 890 2256 1544 2329; x_wconf 88' lang='lat' dir='ltr'><strong>cheracteribus,quibus</strong></span> <span class='ocrx_word' id='word_1_269' title='bbox 1558 2260 1796 2329; x_wconf 90' lang='lat' dir='ltr'><strong>antiqua</strong></span> <span class='ocrx_word' id='word_1_270' title='bbox 1809 2276 1930 2314; x_wconf 82' lang='lat' dir='ltr'><strong>mo-</strong></span> 
     </span>
    </p>
   </div>
   <div class='ocr_carea' id='block_1_40' title="bbox 310 2346 1925 2419">
    <p class='ocr_par' dir='ltr' id='par_1_40' title="bbox 310 2346 1925 2419">
     <span class='ocr_line' id='line_1_40' title="bbox 310 2346 1925 2419; baseline 0.004 -23"><span class='ocrx_word' id='word_1_271' title='bbox 310 2346 597 2397; x_wconf 89' lang='lat' dir='ltr'><strong>numenta</strong></span> <span class='ocrx_word' id='word_1_272' title='bbox 620 2348 1018 2412; x_wconf 87' lang='lat' dir='ltr'><strong>exaratasunt,</strong></span> <span class='ocrx_word' id='word_1_273' title='bbox 1042 2348 1313 2401; x_wconf 62' lang='lat' dir='ltr'><strong>saeculum</strong></span> <span class='ocrx_word' id='word_1_274' title='bbox 1337 2348 1785 2418; x_wconf 88' lang='lat' dir='ltr'><strong>propemodum,</strong></span> <span class='ocrx_word' id='word_1_275' title='bbox 1813 2364 1925 2419; x_wconf 91' lang='lat' dir='ltr'><strong>quo</strong></span> 
     </span>
    </p>
   </div>
   <div class='ocr_carea' id='block_1_41' title="bbox 307 2432 1925 2508">
    <p class='ocr_par' dir='ltr' id='par_1_41' title="bbox 307 2432 1925 2508">
     <span class='ocr_line' id='line_1_41' title="bbox 307 2432 1925 2508; baseline 0.004 -24"><span class='ocrx_word' id='word_1_276' title='bbox 307 2435 546 2486; x_wconf 83' lang='lat' dir='ltr'><strong>exarata</strong></span> <span class='ocrx_word' id='word_1_277' title='bbox 573 2432 1113 2498; x_wconf 89' lang='lat' dir='ltr'><strong>sunt,determinari</strong></span> <span class='ocrx_word' id='word_1_278' title='bbox 1135 2439 1446 2506; x_wconf 90' lang='lat' dir='ltr'><strong>utcumpue</strong></span> <span class='ocrx_word' id='word_1_279' title='bbox 1464 2439 1659 2506; x_wconf 87' lang='lat' dir='ltr'><strong>queat,</strong></span> <span class='ocrx_word' id='word_1_280' title='bbox 1685 2436 1811 2508; x_wconf 91' lang='lat' dir='ltr'><strong>quis</strong></span> <span class='ocrx_word' id='word_1_281' title='bbox 1838 2440 1925 2490; x_wconf 92' lang='lat' dir='ltr'><strong>ta-</strong></span> 
     </span>
    </p>
   </div>
   <div class='ocr_carea' id='block_1_42' title="bbox 308 2520 1928 2595">
    <p class='ocr_par' dir='ltr' id='par_1_42' title="bbox 308 2520 1928 2595">
     <span class='ocr_line' id='line_1_42' title="bbox 308 2520 1928 2595; baseline 0.004 -21"><span class='ocrx_word' id='word_1_282' title='bbox 308 2536 451 2575; x_wconf 89' lang='lat' dir='ltr'><strong>men</strong></span> <span class='ocrx_word' id='word_1_283' title='bbox 498 2520 633 2575; x_wconf 88' lang='lat' dir='ltr'><strong>inde</strong></span> <span class='ocrx_word' id='word_1_284' title='bbox 665 2521 841 2576; x_wconf 89' lang='lat' dir='ltr'><strong>etiam</strong></span> <span class='ocrx_word' id='word_1_285' title='bbox 895 2538 1115 2576; x_wconf 90' lang='lat' dir='ltr'><strong>annum</strong></span> <span class='ocrx_word' id='word_1_286' title='bbox 1158 2523 1404 2589; x_wconf 91' lang='lat' dir='ltr'><strong>circiter,</strong></span> <span class='ocrx_word' id='word_1_287' title='bbox 1439 2540 1553 2595; x_wconf 93' lang='lat' dir='ltr'><strong>quo</strong></span> <span class='ocrx_word' id='word_1_288' title='bbox 1605 2524 1826 2578; x_wconf 87' lang='lat' dir='ltr'><strong>exarari</strong></span> <span class='ocrx_word' id='word_1_289' title='bbox 1858 2541 1928 2581; x_wconf 89' lang='lat' dir='ltr'><strong>ea</strong></span> 
     </span>
    </p>
   </div>
   <div class='ocr_carea' id='block_1_43' title="bbox 305 2608 1924 2683">
    <p class='ocr_par' dir='ltr' id='par_1_43' title="bbox 305 2608 1924 2683">
     <span class='ocr_line' id='line_1_43' title="bbox 305 2608 1924 2683; baseline 0.002 -20"><span class='ocrx_word' id='word_1_290' title='bbox 305 2608 642 2679; x_wconf 89' lang='lat' dir='ltr'><strong>contigerit,</strong></span> <span class='ocrx_word' id='word_1_291' title='bbox 670 2612 928 2664; x_wconf 90' lang='lat' dir='ltr'><strong>satcerto</strong></span> <span class='ocrx_word' id='word_1_292' title='bbox 941 2610 1290 2665; x_wconf 89' lang='lat' dir='ltr'><strong>determinet</strong></span> <span class='ocrx_word' id='word_1_293' title='bbox 1309 2611 1337 2666; x_wconf 85' lang='lat'><strong>?</strong></span> <span class='ocrx_word' id='word_1_294' title='bbox 1370 2611 1799 2683; x_wconf 89' lang='lat' dir='ltr'><strong>Qualecumque</strong></span> <span class='ocrx_word' id='word_1_295' title='bbox 1819 2612 1924 2683; x_wconf 87' lang='lat' dir='ltr'><strong>igi-</strong></span> 
     </span>
    </p>
   </div>
   <div class='ocr_carea' id='block_1_44' title="bbox 306 2696 1923 2769">
    <p class='ocr_par' dir='ltr' id='par_1_44' title="bbox 306 2696 1923 2769">
     <span class='ocr_line' id='line_1_44' title="bbox 306 2696 1923 2769; baseline 0.002 -18"><span class='ocrx_word' id='word_1_296' title='bbox 306 2701 403 2751; x_wconf 86' lang='lat' dir='ltr'><strong>tur</strong></span> <span class='ocrx_word' id='word_1_297' title='bbox 428 2696 601 2750; x_wconf 88' lang='lat' dir='ltr'><strong>fuerit</strong></span> <span class='ocrx_word' id='word_1_298' title='bbox 627 2696 698 2750; x_wconf 92' lang='lat' dir='ltr'><strong>de</strong></span> <span class='ocrx_word' id='word_1_299' title='bbox 732 2699 1320 2769; x_wconf 90' lang='lat' dir='ltr'><strong>tempore,quo,quod</strong></span> <span class='ocrx_word' id='word_1_300' title='bbox 1339 2699 1395 2752; x_wconf 92' lang='lat' dir='ltr'><strong>in</strong></span> <span class='ocrx_word' id='word_1_301' title='bbox 1417 2699 1763 2754; x_wconf 87' lang='lat' dir='ltr'><strong>bibliotheca</strong></span> <span class='ocrx_word' id='word_1_302' title='bbox 1796 2700 1923 2755; x_wconf 88' lang='lat' dir='ltr'><strong>Col-</strong></span> 
     </span>
    </p>
   </div>
   <div class='ocr_carea' id='block_1_45' title="bbox 303 2783 1922 2858">
    <p class='ocr_par' dir='ltr' id='par_1_45' title="bbox 303 2783 1922 2858">
     <span class='ocr_line' id='line_1_45' title="bbox 303 2783 1922 2858; baseline 0.002 -20"><span class='ocrx_word' id='word_1_303' title='bbox 303 2783 539 2839; x_wconf 85' lang='lat' dir='ltr'><strong>bertina</strong></span> <span class='ocrx_word' id='word_1_304' title='bbox 575 2789 915 2852; x_wconf 89' lang='lat' dir='ltr'><strong>asservatur,</strong></span> <span class='ocrx_word' id='word_1_305' title='bbox 948 2786 1272 2857; x_wconf 88' lang='lat' dir='ltr'><strong>primorum</strong></span> <span class='ocrx_word' id='word_1_306' title='bbox 1301 2787 1558 2858; x_wconf 89' lang='lat' dir='ltr'><strong>quinque</strong></span> <span class='ocrx_word' id='word_1_307' title='bbox 1611 2787 1922 2843; x_wconf 65' lang='lat' dir='ltr'><strong>Carthusiaz</strong></span> 
     </span>
    </p>
   </div>
   <div class='ocr_carea' id='block_1_46' title="bbox 304 2871 1924 2947">
    <p class='ocr_par' dir='ltr' id='par_1_46' title="bbox 304 2871 1924 2947">
     <span class='ocr_line' id='line_1_46' title="bbox 304 2871 1924 2947; baseline 0.002 -20"><span class='ocrx_word' id='word_1_308' title='bbox 304 2872 572 2945; x_wconf 88' lang='lat' dir='ltr'><strong>priorum</strong></span> <span class='ocrx_word' id='word_1_309' title='bbox 599 2871 863 2928; x_wconf 87' lang='lat' dir='ltr'><strong>Chronici</strong></span> <span class='ocrx_word' id='word_1_310' title='bbox 895 2875 1189 2946; x_wconf 85' lang='lat' dir='ltr'><strong>exemplar</strong></span> <span class='ocrx_word' id='word_1_311' title='bbox 1216 2874 1493 2945; x_wconf 88' lang='lat' dir='ltr'><strong>scriptum</strong></span> <span class='ocrx_word' id='word_1_312' title='bbox 1525 2875 1614 2938; x_wconf 88' lang='lat' dir='ltr'><strong>sit,</strong></span> <span class='ocrx_word' id='word_1_313' title='bbox 1647 2876 1924 2947; x_wconf 88' lang='lat' dir='ltr'><strong>Stephani</strong></span> 
     </span>
    </p>
   </div>
   <div class='ocr_carea' id='block_1_47' title="bbox 308 2961 1896 3035">
    <p class='ocr_par' dir='ltr' id='par_1_47' title="bbox 308 2961 1896 3035">
     <span class='ocr_line' id='line_1_47' title="bbox 308 2961 1896 3035; baseline 0.003 -20"><span class='ocrx_word' id='word_1_314' title='bbox 308 2961 835 3031; x_wconf 86' lang='lat' dir='ltr'><strong>Baluziijudicium,</strong></span> <span class='ocrx_word' id='word_1_315' title='bbox 860 2962 1100 3017; x_wconf 90' lang='lat' dir='ltr'><strong>dubium</strong></span> <span class='ocrx_word' id='word_1_316' title='bbox 1126 2962 1268 3017; x_wconf 86' lang='lat' dir='ltr'><strong>mihi</strong></span> <span class='ocrx_word' id='word_1_317' title='bbox 1284 2980 1448 3035; x_wconf 63' lang='lat' dir='ltr'><strong>aeque</strong></span> <span class='ocrx_word' id='word_1_318' title='bbox 1471 2981 1535 3017; x_wconf 89' lang='lat' dir='ltr'><strong>ac</strong></span> <span class='ocrx_word' id='word_1_319' title='bbox 1549 2968 1684 3018; x_wconf 87' lang='lat' dir='ltr'><strong>ante</strong></span> <span class='ocrx_word' id='word_1_320' title='bbox 1699 2968 1896 3019; x_wconf 87' lang='lat' dir='ltr'><strong>manet</strong></span> 
     </span>
    </p>
   </div>
   <div class='ocr_carea' id='block_1_48' title="bbox 306 3049 1920 3123">
    <p class='ocr_par' dir='ltr' id='par_1_48' title="bbox 306 3049 1920 3123">
     <span class='ocr_line' id='line_1_48' title="bbox 306 3049 1920 3123; baseline 0.002 -20"><span class='ocrx_word' id='word_1_321' title='bbox 306 3066 383 3104; x_wconf 91' lang='lat' dir='ltr'><strong>an</strong></span> <span class='ocrx_word' id='word_1_322' title='bbox 418 3049 743 3105; x_wconf 86' lang='lat' dir='ltr'><strong>Chronicon</strong></span> <span class='ocrx_word' id='word_1_323' title='bbox 774 3050 915 3104; x_wconf 93' lang='lat' dir='ltr'><strong>illud</strong></span> <span class='ocrx_word' id='word_1_324' title='bbox 942 3050 1181 3120; x_wconf 87' lang='lat' dir='ltr'><strong>triginta</strong></span> <span class='ocrx_word' id='word_1_325' title='bbox 1213 3055 1313 3105; x_wconf 91' lang='lat' dir='ltr'><strong>aut</strong></span> <span class='ocrx_word' id='word_1_326' title='bbox 1345 3052 1520 3105; x_wconf 88' lang='lat' dir='ltr'><strong>etiam</strong></span> <span class='ocrx_word' id='word_1_327' title='bbox 1539 3051 1920 3123; x_wconf 84' lang='lat' dir='ltr'><strong>quadraginta</strong></span> 
     </span>
    </p>
   </div>
   <div class='ocr_carea' id='block_1_49' title="bbox 305 3140 1920 3212">
    <p class='ocr_par' dir='ltr' id='par_1_49' title="bbox 305 3140 1920 3212">
     <span class='ocr_line' id='line_1_49' title="bbox 305 3140 1920 3212; baseline 0.001 -19"><span class='ocrx_word' id='word_1_328' title='bbox 305 3140 478 3194; x_wconf 87' lang='lat' dir='ltr'><strong>annis</strong></span> <span class='ocrx_word' id='word_1_329' title='bbox 505 3141 886 3211; x_wconf 87' lang='lat' dir='ltr'><strong>serius,quam</strong></span> <span class='ocrx_word' id='word_1_330' title='bbox 909 3140 1001 3194; x_wconf 87' lang='lat' dir='ltr'><strong>hic</strong></span> <span class='ocrx_word' id='word_1_331' title='bbox 1015 3140 1535 3212; x_wconf 88' lang='lat' dir='ltr'><strong>statuat,scriptum</strong></span> <span class='ocrx_word' id='word_1_332' title='bbox 1561 3158 1678 3195; x_wconf 89' lang='lat' dir='ltr'><strong>non</strong></span> <span class='ocrx_word' id='word_1_333' title='bbox 1711 3141 1920 3196; x_wconf 90' lang='lat' dir='ltr'><strong>sit.Ncc</strong></span> 
     </span>
    </p>
   </div>
   <div class='ocr_carea' id='block_1_50' title="bbox 305 3226 1919 3299">
    <p class='ocr_par' dir='ltr' id='par_1_50' title="bbox 305 3226 1919 3299">
     <span class='ocr_line' id='line_1_50' title="bbox 305 3226 1919 3299; baseline 0.002 -19"><span class='ocrx_word' id='word_1_334' title='bbox 305 3226 553 3281; x_wconf 91' lang='lat' dir='ltr'><strong>dubium</strong></span> <span class='ocrx_word' id='word_1_335' title='bbox 573 3227 713 3281; x_wconf 90' lang='lat' dir='ltr'><strong>illud</strong></span> <span class='ocrx_word' id='word_1_336' title='bbox 750 3227 892 3281; x_wconf 89' lang='lat' dir='ltr'><strong>mihi</strong></span> <span class='ocrx_word' id='word_1_337' title='bbox 919 3227 1144 3294; x_wconf 87' lang='lat' dir='ltr'><strong>adimit,</strong></span> <span class='ocrx_word' id='word_1_338' title='bbox 1181 3228 1357 3299; x_wconf 90' lang='lat' dir='ltr'><strong>quod,</strong></span> <span class='ocrx_word' id='word_1_339' title='bbox 1404 3232 1467 3281; x_wconf 91' lang='lat' dir='ltr'><strong>ut</strong></span> <span class='ocrx_word' id='word_1_340' title='bbox 1513 3229 1919 3283; x_wconf 76' lang='lat' dir='ltr'><strong>Carthusianus</strong></span> 
     </span>
    </p>
   </div>
   <div class='ocr_carea' id='block_1_51' title="bbox 302 3314 1919 3386">
    <p class='ocr_par' dir='ltr' id='par_1_51' title="bbox 302 3314 1919 3386">
     <span class='ocr_line' id='line_1_51' title="bbox 302 3314 1919 3386; baseline 0.002 -19"><span class='ocrx_word' id='word_1_341' title='bbox 302 3315 570 3386; x_wconf 82' lang='lat' dir='ltr'><strong>proxime</strong></span> <span class='ocrx_word' id='word_1_342' title='bbox 596 3314 689 3369; x_wconf 89' lang='lat' dir='ltr'><strong>hic</strong></span> <span class='ocrx_word' id='word_1_343' title='bbox 733 3316 996 3370; x_wconf 90' lang='lat' dir='ltr'><strong>laudatus</strong></span> <span class='ocrx_word' id='word_1_344' title='bbox 1026 3315 1459 3370; x_wconf 88' lang='lat' dir='ltr'><strong>Lucubrationis</strong></span> <span class='ocrx_word' id='word_1_345' title='bbox 1488 3332 1604 3370; x_wconf 66' lang='lat' dir='ltr'><strong>sua:</strong></span> <span class='ocrx_word' id='word_1_346' title='bbox 1654 3333 1817 3371; x_wconf 90' lang='lat' dir='ltr'><strong>num.</strong></span> <span class='ocrx_word' id='word_1_347' title='bbox 1851 3318 1919 3371; x_wconf 70' lang='grc'><strong>24</strong></span> 
     </span>
    </p>
   </div>
   <div class='ocr_carea' id='block_1_52' title="bbox 303 3402 1916 3479">
    <p class='ocr_par' dir='ltr' id='par_1_52' title="bbox 303 3402 1916 3479">
     <span class='ocr_line' id='line_1_52' title="bbox 303 3402 1916 3479; baseline 0.001 -22"><span class='ocrx_word' id='word_1_348' title='bbox 303 3402 1041 3474; x_wconf 67' lang='lat' dir='ltr'><strong>docet,MajorisCarthusim</strong></span> <span class='ocrx_word' id='word_1_349' title='bbox 1057 3404 1402 3479; x_wconf 88' lang='lat' dir='ltr'><strong>chartulariu</strong></span> <span class='ocrx_word' id='word_1_350' title='bbox 1413 3405 1653 3474; x_wconf 87' lang='lat' dir='ltr'><strong>m,quod</strong></span> <span class='ocrx_word' id='word_1_351' title='bbox 1668 3404 1725 3458; x_wconf 91' lang='lat' dir='ltr'><strong>in</strong></span> <span class='ocrx_word' id='word_1_352' title='bbox 1740 3405 1916 3459; x_wconf 87' lang='lat' dir='ltr'><strong>Chro-</strong></span> 
     </span>
    </p>
   </div>
   <div class='ocr_carea' id='block_1_53' title="bbox 303 3492 1918 3564">
    <p class='ocr_par' dir='ltr' id='par_1_53' title="bbox 303 3492 1918 3564">
     <span class='ocr_line' id='line_1_53' title="bbox 303 3492 1918 3564; baseline 0.001 -19"><span class='ocrx_word' id='word_1_353' title='bbox 303 3492 537 3559; x_wconf 89' lang='lat' dir='ltr'><strong>nico,de</strong></span> <span class='ocrx_word' id='word_1_354' title='bbox 557 3508 670 3564; x_wconf 88' lang='lat' dir='ltr'><strong>quo</strong></span> <span class='ocrx_word' id='word_1_355' title='bbox 684 3492 1088 3561; x_wconf 89' lang='lat' dir='ltr'><strong>hic,laudatur,</strong></span> <span class='ocrx_word' id='word_1_356' title='bbox 1115 3509 1270 3547; x_wconf 92' lang='lat' dir='ltr'><strong>anno</strong></span> <span class='ocrx_word' id='word_1_357' title='bbox 1295 3492 1520 3547; x_wconf 86' lang='lat' dir='ltr'><strong>circiter</strong></span> <span class='ocrx_word' id='word_1_358' title='bbox 1542 3495 1678 3547; x_wconf 74' lang='grc'>1240</span> <span class='ocrx_word' id='word_1_359' title='bbox 1708 3493 1918 3547; x_wconf 90' lang='lat' dir='ltr'><strong>verosi-</strong></span> 
     </span>
    </p>
   </div>
   <div class='ocr_carea' id='block_1_54' title="bbox 301 3578 1921 3651">
    <p class='ocr_par' dir='ltr' id='par_1_54' title="bbox 301 3578 1921 3651">
     <span class='ocr_line' id='line_1_54' title="bbox 301 3578 1921 3651; baseline 0.001 -19"><span class='ocrx_word' id='word_1_360' title='bbox 301 3579 525 3633; x_wconf 84' lang='lat' dir='ltr'><strong>militer</strong></span> <span class='ocrx_word' id='word_1_361' title='bbox 545 3578 721 3633; x_wconf 85' lang='lat' dir='ltr'><strong>fuerit</strong></span> <span class='ocrx_word' id='word_1_362' title='bbox 743 3579 1095 3634; x_wconf 88' lang='lat' dir='ltr'><strong>confectum.</strong></span> <span class='ocrx_word' id='word_1_363' title='bbox 1132 3580 1353 3651; x_wconf 89' lang='lat' dir='ltr'><strong>thuid</strong></span> <span class='ocrx_word' id='word_1_364' title='bbox 1380 3580 1539 3634; x_wconf 90' lang='lat' dir='ltr'><strong>enim</strong></span> <span class='ocrx_word' id='word_1_365' title='bbox 1562 3580 1670 3634; x_wconf 91' lang='lat' dir='ltr'><strong>hoc</strong></span> <span class='ocrx_word' id='word_1_366' title='bbox 1702 3581 1921 3635; x_wconf 87' lang='lat' dir='ltr'><strong>aChro-</strong></span> 
     </span>
    </p>
   </div>
   <div class='ocr_carea' id='block_1_55' title="bbox 301 3665 1922 3740">
    <p class='ocr_par' dir='ltr' id='par_1_55' title="bbox 301 3665 1922 3740">
     <span class='ocr_line' id='line_1_55' title="bbox 301 3665 1922 3740; baseline 0.002 -22"><span class='ocrx_word' id='word_1_367' title='bbox 301 3665 421 3719; x_wconf 88' lang='lat' dir='ltr'><strong>nici</strong></span> <span class='ocrx_word' id='word_1_368' title='bbox 470 3670 725 3733; x_wconf 89' lang='lat' dir='ltr'><strong>auctore,</strong></span> <span class='ocrx_word' id='word_1_369' title='bbox 761 3667 859 3722; x_wconf 92' lang='lat' dir='ltr'><strong>diu</strong></span> <span class='ocrx_word' id='word_1_370' title='bbox 906 3668 1184 3723; x_wconf 83' lang='lat' dir='ltr'><strong>duntaxat</strong></span> <span class='ocrx_word' id='word_1_371' title='bbox 1210 3672 1356 3740; x_wconf 92' lang='lat' dir='ltr'><strong>post,</strong></span> <span class='ocrx_word' id='word_1_372' title='bbox 1403 3669 1522 3723; x_wconf 93' lang='lat' dir='ltr'><strong>imo</strong></span> <span class='ocrx_word' id='word_1_373' title='bbox 1548 3668 1785 3739; x_wconf 88' lang='lat' dir='ltr'><strong>triginta</strong></span> <span class='ocrx_word' id='word_1_374' title='bbox 1822 3671 1922 3722; x_wconf 90' lang='lat' dir='ltr'><strong>aut</strong></span> 
     </span>
    </p>
   </div>
   <div class='ocr_carea' id='block_1_56' title="bbox 299 3749 1921 3827">
    <p class='ocr_par' dir='ltr' id='par_1_56' title="bbox 299 3749 1921 3827">
     <span class='ocr_line' id='line_1_56' title="bbox 299 3749 1921 3827; baseline 0.001 -19"><span class='ocrx_word' id='word_1_375' title='bbox 299 3754 692 3827; x_wconf 86' lang='lat' dir='ltr'><strong>quadraginta</strong></span> <span class='ocrx_word' id='word_1_376' title='bbox 741 3756 918 3811; x_wconf 89' lang='lat' dir='ltr'><strong>etiam</strong></span> <span class='ocrx_word' id='word_1_377' title='bbox 949 3758 1116 3812; x_wconf 90' lang='lat' dir='ltr'><strong>annis</strong></span> <span class='ocrx_word' id='word_1_378' title='bbox 1150 3749 1660 3824; x_wconf 21' lang='lat' dir='ltr'><strong>serius’scribente,</strong></span> <span class='ocrx_word' id='word_1_379' title='bbox 1699 3756 1921 3813; x_wconf 89' lang='lat' dir='ltr'><strong>laudari</strong></span> 
     </span>
    </p>
   </div>
   <div class='ocr_carea' id='block_1_57' title="bbox 298 3843 1919 3914">
    <p class='ocr_par' dir='ltr' id='par_1_57' title="bbox 298 3843 1919 3914">
     <span class='ocr_line' id='line_1_57' title="bbox 298 3843 1919 3914; baseline 0.002 -18"><span class='ocrx_word' id='word_1_380' title='bbox 298 3860 425 3896; x_wconf 91' lang='lat' dir='ltr'><strong>non</strong></span> <span class='ocrx_word' id='word_1_381' title='bbox 460 3843 711 3914; x_wconf 88' lang='lat' dir='ltr'><strong>potuerit</strong></span> <span class='ocrx_word' id='word_1_382' title='bbox 731 3844 758 3899; x_wconf 84' lang='lat'><strong>?</strong></span> <span class='ocrx_word' id='word_1_383' title='bbox 790 3845 919 3899; x_wconf 83' lang='lat' dir='ltr'><strong>Jam</strong></span> <span class='ocrx_word' id='word_1_384' title='bbox 944 3861 1101 3913; x_wconf 89' lang='lat' dir='ltr'><strong>vero,</strong></span> <span class='ocrx_word' id='word_1_385' title='bbox 1132 3862 1265 3900; x_wconf 91' lang='lat' dir='ltr'><strong>cum</strong></span> <span class='ocrx_word' id='word_1_386' title='bbox 1307 3846 1431 3899; x_wconf 81' lang='lat' dir='ltr'><strong>haec</strong></span> <span class='ocrx_word' id='word_1_387' title='bbox 1479 3845 1679 3900; x_wconf 90' lang='lat' dir='ltr'><strong>omnia</strong></span> <span class='ocrx_word' id='word_1_388' title='bbox 1712 3846 1791 3900; x_wconf 90' lang='lat' dir='ltr'><strong>ita</strong></span> <span class='ocrx_word' id='word_1_389' title='bbox 1816 3846 1919 3899; x_wconf 87' lang='lat' dir='ltr'><strong>ha-</strong></span> 
     </span>
    </p>
   </div>
   <div class='ocr_carea' id='block_1_58' title="bbox 298 3929 1923 4005">
    <p class='ocr_par' dir='ltr' id='par_1_58' title="bbox 298 3929 1923 4005">
     <span class='ocr_line' id='line_1_58' title="bbox 298 3929 1923 4005; baseline 0.001 -21"><span class='ocrx_word' id='word_1_390' title='bbox 298 3929 502 3997; x_wconf 86' lang='lat' dir='ltr'><strong>beant,</strong></span> <span class='ocrx_word' id='word_1_391' title='bbox 536 3930 889 4004; x_wconf 89' lang='lat' dir='ltr'><strong>dubiumque</strong></span> <span class='ocrx_word' id='word_1_392' title='bbox 939 3932 1183 4005; x_wconf 89' lang='lat' dir='ltr'><strong>proinde</strong></span> <span class='ocrx_word' id='word_1_393' title='bbox 1220 3933 1311 4001; x_wconf 92' lang='lat' dir='ltr'><strong>sit,</strong></span> <span class='ocrx_word' id='word_1_394' title='bbox 1344 3950 1419 3988; x_wconf 92' lang='lat' dir='ltr'><strong>an</strong></span> <span class='ocrx_word' id='word_1_395' title='bbox 1451 3950 1777 4005; x_wconf 88' lang='lat' dir='ltr'><strong>anonymus</strong></span> <span class='ocrx_word' id='word_1_396' title='bbox 1809 3932 1923 4005; x_wconf 91' lang='lat' dir='ltr'><strong>pri-</strong></span> 
     </span>
    </p>
   </div>
   <div class='ocr_carea' id='block_1_59' title="bbox 284 4020 1920 4094">
    <p class='ocr_par' dir='ltr' id='par_1_59' title="bbox 284 4020 1920 4094">
     <span class='ocr_line' id='line_1_59' title="bbox 284 4020 1920 4094; baseline 0.002 -22"><span class='ocrx_word' id='word_1_397' title='bbox 284 4035 541 4074; x_wconf 39' lang='lat' dir='ltr'><strong>.morum</strong></span> <span class='ocrx_word' id='word_1_398' title='bbox 561 4020 814 4092; x_wconf 90' lang='lat' dir='ltr'><strong>quinque</strong></span> <span class='ocrx_word' id='word_1_399' title='bbox 835 4022 1146 4090; x_wconf 71' lang='lat' dir='ltr'><strong>Carthusia:</strong></span> <span class='ocrx_word' id='word_1_400' title='bbox 1166 4022 1424 4094; x_wconf 90' lang='lat' dir='ltr'><strong>priorum</strong></span> <span class='ocrx_word' id='word_1_401' title='bbox 1441 4022 1703 4077; x_wconf 89' lang='lat' dir='ltr'><strong>Chronici</strong></span> <span class='ocrx_word' id='word_1_402' title='bbox 1721 4025 1920 4076; x_wconf 89' lang='lat' dir='ltr'><strong>auctor</strong></span> 
     </span>
    </p>
   </div>
   <div class='ocr_carea' id='block_1_60' title="bbox 298 4109 1915 4182">
    <p class='ocr_par' dir='ltr' id='par_1_60' title="bbox 298 4109 1915 4182">
     <span class='ocr_line' id='line_1_60' title="bbox 298 4109 1915 4182; baseline 0.004 -21"><span class='ocrx_word' id='word_1_403' title='bbox 298 4124 423 4162; x_wconf 91' lang='lat' dir='ltr'><strong>non</strong></span> <span class='ocrx_word' id='word_1_404' title='bbox 456 4112 593 4163; x_wconf 91' lang='lat' dir='ltr'><strong>tunc</strong></span> <span class='ocrx_word' id='word_1_405' title='bbox 620 4109 898 4182; x_wconf 89' lang='lat' dir='ltr'><strong>primum,</strong></span> <span class='ocrx_word' id='word_1_406' title='bbox 927 4126 1060 4165; x_wconf 89' lang='lat' dir='ltr'><strong>cum</strong></span> <span class='ocrx_word' id='word_1_407' title='bbox 1076 4111 1204 4181; x_wconf 88' lang='lat' dir='ltr'><strong>jam</strong></span> <span class='ocrx_word' id='word_1_408' title='bbox 1226 4127 1341 4166; x_wconf 90' lang='lat' dir='ltr'><strong>uno</strong></span> <span class='ocrx_word' id='word_1_409' title='bbox 1362 4111 1613 4166; x_wconf 91' lang='lat' dir='ltr'><strong>alterove</strong></span> <span class='ocrx_word' id='word_1_410' title='bbox 1635 4109 1915 4167; x_wconf 90' lang='lat' dir='ltr'><strong>decennio</strong></span> 
     </span>
    </p>
   </div>
   <div class='ocr_carea' id='block_1_61' title="bbox 299 4198 1913 4271">
    <p class='ocr_par' dir='ltr' id='par_1_61' title="bbox 299 4198 1913 4271">
     <span class='ocr_line' id='line_1_61' title="bbox 299 4198 1913 4271; baseline 0.001 -20"><span class='ocrx_word' id='word_1_411' title='bbox 299 4199 578 4252; x_wconf 68' lang='lat' dir='ltr'><strong>sazculum</strong></span> <span class='ocrx_word' id='word_1_412' title='bbox 598 4198 889 4253; x_wconf 88' lang='lat' dir='ltr'><strong>decimum</strong></span> <span class='ocrx_word' id='word_1_413' title='bbox 919 4198 1157 4254; x_wconf 87' lang='lat' dir='ltr'><strong>tertium</strong></span> <span class='ocrx_word' id='word_1_414' title='bbox 1179 4199 1440 4255; x_wconf 90' lang='lat' dir='ltr'><strong>medium</strong></span> <span class='ocrx_word' id='word_1_415' title='bbox 1462 4203 1611 4255; x_wconf 87' lang='lat' dir='ltr'><strong>esset</strong></span> <span class='ocrx_word' id='word_1_416' title='bbox 1631 4201 1913 4271; x_wconf 89' lang='lat' dir='ltr'><strong>elapsum,</strong></span> 
     </span>
    </p>
   </div>
   <div class='ocr_carea' id='block_1_62' title="bbox 1905 3006 1989 3065">
    <p class='ocr_par' dir='ltr' id='par_1_62' title="bbox 1905 3006 1989 3065">
     <span class='ocr_line' id='line_1_62' title="bbox 1905 3006 1989 3065; baseline 0 0"><span class='ocrx_word' id='word_1_417' title='bbox 1905 3006 1989 3065; x_wconf 91' lang='lat' dir='ltr'><strong>’C</strong></span> 
     </span>
    </p>
   </div>
   <div class='ocr_carea' id='block_1_63' title="bbox 2031 1812 3647 1887">
    <p class='ocr_par' dir='ltr' id='par_1_63' title="bbox 2031 1812 3647 1887">
     <span class='ocr_line' id='line_1_63' title="bbox 2031 1812 3647 1887; baseline -0.002 -17"><span class='ocrx_word' id='word_1_418' title='bbox 2031 1817 2191 1870; x_wconf 89' lang='lat' dir='ltr'><strong>bant.</strong></span> <span class='ocrx_word' id='word_1_419' title='bbox 2247 1817 2390 1869; x_wconf 84' lang='lat' dir='ltr'><strong>Rem</strong></span> <span class='ocrx_word' id='word_1_420' title='bbox 2423 1816 2658 1887; x_wconf 91' lang='lat' dir='ltr'><strong>quidem</strong></span> <span class='ocrx_word' id='word_1_421' title='bbox 2696 1814 2884 1885; x_wconf 89' lang='lat' dir='ltr'><strong>potius</strong></span> <span class='ocrx_word' id='word_1_422' title='bbox 2932 1832 2997 1868; x_wconf 85' lang='lat' dir='ltr'><strong>ex</strong></span> <span class='ocrx_word' id='word_1_423' title='bbox 3028 1813 3206 1881; x_wconf 90' lang='lat' dir='ltr'><strong>hisce,</strong></span> <span class='ocrx_word' id='word_1_424' title='bbox 3240 1829 3416 1884; x_wconf 92' lang='lat' dir='ltr'><strong>quam</strong></span> <span class='ocrx_word' id='word_1_425' title='bbox 3461 1830 3526 1867; x_wconf 87' lang='lat' dir='ltr'><strong>ex</strong></span> <span class='ocrx_word' id='word_1_426' title='bbox 3560 1812 3647 1867; x_wconf 88' lang='lat' dir='ltr'><strong>in-</strong></span> 
     </span>
    </p>
   </div>
   <div class='ocr_carea' id='block_1_64' title="bbox 2029 1901 3647 1976">
    <p class='ocr_par' dir='ltr' id='par_1_64' title="bbox 2029 1901 3647 1976">
     <span class='ocr_line' id='line_1_64' title="bbox 2029 1901 3647 1976; baseline -0.002 -19"><span class='ocrx_word' id='word_1_427' title='bbox 2029 1907 2185 1958; x_wconf 89' lang='lat' dir='ltr'><strong>certo</strong></span> <span class='ocrx_word' id='word_1_428' title='bbox 2239 1904 2486 1959; x_wconf 68' lang='lat' dir='ltr'><strong>credulaa</strong></span> <span class='ocrx_word' id='word_1_429' title='bbox 2508 1903 2692 1976; x_wconf 87' lang='lat' dir='ltr'><strong>plebis</strong></span> <span class='ocrx_word' id='word_1_430' title='bbox 2747 1919 2984 1958; x_wconf 88' lang='lat' dir='ltr'><strong>rumore</strong></span> <span class='ocrx_word' id='word_1_431' title='bbox 3041 1901 3303 1957; x_wconf 90' lang='lat' dir='ltr'><strong>didicisse</strong></span> <span class='ocrx_word' id='word_1_432' title='bbox 3344 1901 3647 1955; x_wconf 80' lang='lat' dir='ltr'><strong>laudatum</strong></span> 
     </span>
    </p>
   </div>
   <div class='ocr_carea' id='block_1_65' title="bbox 2029 1990 3644 2063">
    <p class='ocr_par' dir='ltr' id='par_1_65' title="bbox 2029 1990 3644 2063">
     <span class='ocr_line' id='line_1_65' title="bbox 2029 1990 3644 2063; baseline -0.001 -18"><span class='ocrx_word' id='word_1_433' title='bbox 2029 1993 2451 2063; x_wconf 88' lang='lat' dir='ltr'><strong>chronologum</strong></span> <span class='ocrx_word' id='word_1_434' title='bbox 2511 1992 2963 2047; x_wconf 85' lang='lat' dir='ltr'><strong>existimandum</strong></span> <span class='ocrx_word' id='word_1_435' title='bbox 3012 1990 3306 2059; x_wconf 89' lang='lat' dir='ltr'><strong>indicant;</strong></span> <span class='ocrx_word' id='word_1_436' title='bbox 3358 1994 3465 2058; x_wconf 86' lang='lat' dir='ltr'><strong>ast,</strong></span> <span class='ocrx_word' id='word_1_437' title='bbox 3498 2007 3644 2060; x_wconf 64' lang='lat' dir='ltr'><strong>prir-</strong></span> 
     </span>
    </p>
   </div>
   <div class='ocr_carea' id='block_1_66' title="bbox 2027 2079 3645 2158">
    <p class='ocr_par' dir='ltr' id='par_1_66' title="bbox 2027 2079 3645 2158">
     <span class='ocr_line' id='line_1_66' title="bbox 2027 2079 3645 2158; baseline -0.001 -23"><span class='ocrx_word' id='word_1_438' title='bbox 2027 2083 2295 2152; x_wconf 86' lang='lat' dir='ltr'><strong>terquam</strong></span> <span class='ocrx_word' id='word_1_439' title='bbox 2321 2080 2477 2153; x_wconf 89' lang='lat' dir='ltr'><strong>quod</strong></span> <span class='ocrx_word' id='word_1_440' title='bbox 2515 2098 2619 2135; x_wconf 90' lang='lat' dir='ltr'><strong>nec</strong></span> <span class='ocrx_word' id='word_1_441' title='bbox 2654 2081 2712 2135; x_wconf 91' lang='lat' dir='ltr'><strong>id</strong></span> <span class='ocrx_word' id='word_1_442' title='bbox 2733 2082 2849 2158; x_wconf 81' lang='lat' dir='ltr'><strong>ulla</strong></span> <span class='ocrx_word' id='word_1_443' title='bbox 2873 2079 3097 2134; x_wconf 88' lang='lat' dir='ltr'><strong>ratione</strong></span> <span class='ocrx_word' id='word_1_444' title='bbox 3132 2079 3439 2151; x_wconf 82' lang='lat' dir='ltr'><strong>probatum</strong></span> <span class='ocrx_word' id='word_1_445' title='bbox 3486 2079 3645 2145; x_wconf 88' lang='lat' dir='ltr'><strong>dent,</strong></span> 
     </span>
    </p>
   </div>
   <div class='ocr_carea' id='block_1_67' title="bbox 2029 2166 3649 2238">
    <p class='ocr_par' dir='ltr' id='par_1_67' title="bbox 2029 2166 3649 2238">
     <span class='ocr_line' id='line_1_67' title="bbox 2029 2166 3649 2238; baseline 0 -17"><span class='ocrx_word' id='word_1_446' title='bbox 2029 2168 2384 2222; x_wconf 86' lang='lat' dir='ltr'><strong>contrarium</strong></span> <span class='ocrx_word' id='word_1_447' title='bbox 2419 2168 2876 2223; x_wconf 83' lang='lat' dir='ltr'><strong>existimandum</strong></span> <span class='ocrx_word' id='word_1_448' title='bbox 2898 2168 3275 2235; x_wconf 89' lang='lat' dir='ltr'><strong>vidctur,tum</strong></span> <span class='ocrx_word' id='word_1_449' title='bbox 3301 2166 3476 2238; x_wconf 90' lang='lat' dir='ltr'><strong>quod,</strong></span> <span class='ocrx_word' id='word_1_450' title='bbox 3496 2166 3649 2221; x_wconf 88' lang='lat' dir='ltr'><strong>unde</strong></span> 
     </span>
    </p>
   </div>
   <div class='ocr_carea' id='block_1_68' title="bbox 2027 2253 3647 2325">
    <p class='ocr_par' dir='ltr' id='par_1_68' title="bbox 2027 2253 3647 2325">
     <span class='ocr_line' id='line_1_68' title="bbox 2027 2253 3647 2325; baseline -0.001 -17"><span class='ocrx_word' id='word_1_451' title='bbox 2027 2256 2425 2310; x_wconf 87' lang='lat' dir='ltr'><strong>narrationem</strong></span> <span class='ocrx_word' id='word_1_452' title='bbox 2454 2273 2617 2317; x_wconf 88' lang='lat' dir='ltr'><strong>suam</strong></span> <span class='ocrx_word' id='word_1_453' title='bbox 2645 2255 2917 2322; x_wconf 88' lang='lat' dir='ltr'><strong>hauserit,</strong></span> <span class='ocrx_word' id='word_1_454' title='bbox 2940 2272 3058 2310; x_wconf 93' lang='lat' dir='ltr'><strong>non</strong></span> <span class='ocrx_word' id='word_1_455' title='bbox 3079 2254 3285 2321; x_wconf 90' lang='lat' dir='ltr'><strong>cdicat,</strong></span> <span class='ocrx_word' id='word_1_456' title='bbox 3307 2254 3477 2325; x_wconf 87' lang='lat' dir='ltr'><strong>idque</strong></span> <span class='ocrx_word' id='word_1_457' title='bbox 3499 2253 3647 2307; x_wconf 87' lang='lat' dir='ltr'><strong>nihi-</strong></span> 
     </span>
    </p>
   </div>
   <div class='ocr_carea' id='block_1_69' title="bbox 2026 2341 3646 2416">
    <p class='ocr_par' dir='ltr' id='par_1_69' title="bbox 2026 2341 3646 2416">
     <span class='ocr_line' id='line_1_69' title="bbox 2026 2341 3646 2416; baseline -0.001 -18"><span class='ocrx_word' id='word_1_458' title='bbox 2026 2343 2347 2412; x_wconf 90' lang='lat' dir='ltr'><strong>lominus,si</strong></span> <span class='ocrx_word' id='word_1_459' title='bbox 2369 2362 2400 2398; x_wconf 90' lang='lat' dir='ltr'><strong>c</strong></span> <span class='ocrx_word' id='word_1_460' title='bbox 2420 2346 2664 2416; x_wconf 90' lang='lat' dir='ltr'><strong>probato</strong></span> <span class='ocrx_word' id='word_1_461' title='bbox 2682 2344 2826 2399; x_wconf 91' lang='lat' dir='ltr'><strong>adeo</strong></span> <span class='ocrx_word' id='word_1_462' title='bbox 2844 2344 3004 2398; x_wconf 83' lang='lat' dir='ltr'><strong>fonte</strong></span> <span class='ocrx_word' id='word_1_463' title='bbox 3023 2360 3151 2398; x_wconf 89' lang='lat' dir='ltr'><strong>eam</strong></span> <span class='ocrx_word' id='word_1_464' title='bbox 3182 2341 3646 2410; x_wconf 85' lang='lat' dir='ltr'><strong>hausisset,vero-</strong></span> 
     </span>
    </p>
   </div>
   <div class='ocr_carea' id='block_1_70' title="bbox 2025 2430 3633 2504">
    <p class='ocr_par' dir='ltr' id='par_1_70' title="bbox 2025 2430 3633 2504">
     <span class='ocr_line' id='line_1_70' title="bbox 2025 2430 3633 2504; baseline 0 -20"><span class='ocrx_word' id='word_1_465' title='bbox 2025 2430 2310 2500; x_wconf 91' lang='lat' dir='ltr'><strong>similiter,</strong></span> <span class='ocrx_word' id='word_1_466' title='bbox 2343 2435 2408 2486; x_wconf 92' lang='lat' dir='ltr'><strong>ut</strong></span> <span class='ocrx_word' id='word_1_467' title='bbox 2438 2449 2603 2504; x_wconf 83' lang='lat' dir='ltr'><strong>num,</strong></span> <span class='ocrx_word' id='word_1_468' title='bbox 2645 2435 2746 2488; x_wconf 86' lang='grc'><strong>329</strong></span> <span class='ocrx_word' id='word_1_469' title='bbox 2776 2433 2902 2503; x_wconf 88' lang='lat' dir='ltr'><strong>jam</strong></span> <span class='ocrx_word' id='word_1_470' title='bbox 2921 2431 3109 2499; x_wconf 90' lang='lat' dir='ltr'><strong>docui,</strong></span> <span class='ocrx_word' id='word_1_471' title='bbox 3142 2431 3342 2485; x_wconf 88' lang='lat' dir='ltr'><strong>fuisset</strong></span> <span class='ocrx_word' id='word_1_472' title='bbox 3356 2430 3633 2497; x_wconf 88' lang='lat' dir='ltr'><strong>facturus,</strong></span> 
     </span>
    </p>
   </div>
   <div class='ocr_carea' id='block_1_71' title="bbox 2022 2519 3641 2594">
    <p class='ocr_par' dir='ltr' id='par_1_71' title="bbox 2022 2519 3641 2594">
     <span class='ocr_line' id='line_1_71' title="bbox 2022 2519 3641 2594; baseline 0 -20"><span class='ocrx_word' id='word_1_473' title='bbox 2022 2523 2148 2574; x_wconf 91' lang='lat' dir='ltr'><strong>tum</strong></span> <span class='ocrx_word' id='word_1_474' title='bbox 2185 2521 2341 2592; x_wconf 90' lang='lat' dir='ltr'><strong>quod</strong></span> <span class='ocrx_word' id='word_1_475' title='bbox 2370 2522 2702 2594; x_wconf 88' lang='lat' dir='ltr'><strong>prodigium</strong></span> <span class='ocrx_word' id='word_1_476' title='bbox 2736 2520 3052 2576; x_wconf 88' lang='lat' dir='ltr'><strong>Parisiense</strong></span> <span class='ocrx_word' id='word_1_477' title='bbox 3102 2523 3438 2574; x_wconf 88' lang='lat' dir='ltr'><strong>narraturus</strong></span> <span class='ocrx_word' id='word_1_478' title='bbox 3470 2519 3641 2587; x_wconf 78' lang='lat' dir='ltr'><strong>dicat,</strong></span> 
     </span>
    </p>
   </div>
   <div class='ocr_carea' id='block_1_72' title="bbox 2029 2608 3641 2682">
    <p class='ocr_par' dir='ltr' id='par_1_72' title="bbox 2029 2608 3641 2682">
     <span class='ocr_line' id='line_1_72' title="bbox 2029 2608 3641 2682; baseline 0 -21"><span class='ocrx_word' id='word_1_479' title='bbox 2029 2609 2211 2664; x_wconf 79' lang='lat' dir='ltr'><strong>«Tale</strong></span> <span class='ocrx_word' id='word_1_480' title='bbox 2244 2609 2320 2664; x_wconf 93' lang='lat' dir='ltr'><strong>ibi</strong></span> <span class='ocrx_word' id='word_1_481' title='bbox 2353 2609 2599 2680; x_wconf 89' lang='lat' dir='ltr'><strong>(Parisiis</strong></span> <span class='ocrx_word' id='word_1_482' title='bbox 2627 2610 2858 2682; x_wconf 89' lang='lat' dir='ltr'><strong>nempe)</strong></span> <span class='ocrx_word' id='word_1_483' title='bbox 2884 2608 3214 2680; x_wconf 87' lang='lat' dir='ltr'><strong>prodigium</strong></span> <span class='ocrx_word' id='word_1_484' title='bbox 3256 2608 3463 2662; x_wconf 90' lang='lat' dir='ltr'><strong>dicitur</strong></span> <span class='ocrx_word' id='word_1_485' title='bbox 3495 2608 3641 2661; x_wconf 88' lang='lat' dir='ltr'><strong>acci-</strong></span> 
     </span>
    </p>
   </div>
   <div class='ocr_carea' id='block_1_73' title="bbox 2024 2685 3644 2770">
    <p class='ocr_par' dir='ltr' id='par_1_73' title="bbox 2024 2685 3644 2770">
     <span class='ocr_line' id='line_1_73' title="bbox 2024 2685 3644 2770; baseline -0.001 -18"><span class='ocrx_word' id='word_1_486' title='bbox 2024 2697 2225 2766; x_wconf 83' lang='lat' dir='ltr'><strong>disse,»</strong></span> <span class='ocrx_word' id='word_1_487' title='bbox 2242 2685 2442 2769; x_wconf 83' lang='lat' dir='ltr'><strong>sicque</strong></span> <span class='ocrx_word' id='word_1_488' title='bbox 2464 2698 2813 2769; x_wconf 85' lang='lat' dir='ltr'><strong>ambigentis</strong></span> <span class='ocrx_word' id='word_1_489' title='bbox 2835 2698 3025 2770; x_wconf 91' lang='lat' dir='ltr'><strong>potius</strong></span> <span class='ocrx_word' id='word_1_490' title='bbox 3060 2714 3236 2769; x_wconf 90' lang='lat' dir='ltr'><strong>quam</strong></span> <span class='ocrx_word' id='word_1_491' title='bbox 3268 2696 3644 2751; x_wconf 88' lang='lat' dir='ltr'><strong>asseverantis</strong></span> 
     </span>
    </p>
   </div>
   <div class='ocr_carea' id='block_1_74' title="bbox 2024 2784 3643 2857">
    <p class='ocr_par' dir='ltr' id='par_1_74' title="bbox 2024 2784 3643 2857">
     <span class='ocr_line' id='line_1_74' title="bbox 2024 2784 3643 2857; baseline -0.001 -18"><span class='ocrx_word' id='word_1_492' title='bbox 2024 2785 2082 2839; x_wconf 93' lang='lat' dir='ltr'><strong>in</strong></span> <span class='ocrx_word' id='word_1_493' title='bbox 2117 2786 2358 2840; x_wconf 90' lang='lat' dir='ltr'><strong>modum</strong></span> <span class='ocrx_word' id='word_1_494' title='bbox 2387 2787 2456 2841; x_wconf 91' lang='lat' dir='ltr'><strong>de</strong></span> <span class='ocrx_word' id='word_1_495' title='bbox 2487 2786 2780 2841; x_wconf 85' lang='lat' dir='ltr'><strong>horrenda</strong></span> <span class='ocrx_word' id='word_1_496' title='bbox 2819 2786 3059 2840; x_wconf 89' lang='lat' dir='ltr'><strong>historia</strong></span> <span class='ocrx_word' id='word_1_497' title='bbox 3089 2786 3376 2857; x_wconf 86' lang='lat' dir='ltr'><strong>loquatur,</strong></span> <span class='ocrx_word' id='word_1_498' title='bbox 3412 2784 3482 2838; x_wconf 91' lang='lat' dir='ltr'><strong>de</strong></span> <span class='ocrx_word' id='word_1_499' title='bbox 3528 2801 3643 2855; x_wconf 87' lang='lat' dir='ltr'><strong>qua</strong></span> 
     </span>
    </p>
   </div>
   <div class='ocr_carea' id='block_1_75' title="bbox 2022 2872 3636 2944">
    <p class='ocr_par' dir='ltr' id='par_1_75' title="bbox 2022 2872 3636 2944">
     <span class='ocr_line' id='line_1_75' title="bbox 2022 2872 3636 2944; baseline -0.002 -17"><span class='ocrx_word' id='word_1_500' title='bbox 2022 2876 2241 2939; x_wconf 80' lang='lat' dir='ltr'><strong>tamen,</strong></span> <span class='ocrx_word' id='word_1_501' title='bbox 2283 2874 2327 2928; x_wconf 89' lang='lat' dir='ltr'><strong>si</strong></span> <span class='ocrx_word' id='word_1_502' title='bbox 2358 2875 2409 2927; x_wconf 92' lang='lat' dir='ltr'><strong>ei</strong></span> <span class='ocrx_word' id='word_1_503' title='bbox 2439 2875 2524 2928; x_wconf 86' lang='lat' dir='ltr'><strong>vel</strong></span> <span class='ocrx_word' id='word_1_504' title='bbox 2557 2890 2591 2927; x_wconf 93' lang='lat' dir='ltr'><strong>a</strong></span> <span class='ocrx_word' id='word_1_505' title='bbox 2611 2874 2898 2929; x_wconf 86' lang='lat' dir='ltr'><strong>sociorum</strong></span> <span class='ocrx_word' id='word_1_506' title='bbox 2923 2872 2981 2928; x_wconf 93' lang='lat' dir='ltr'><strong>S.</strong></span> <span class='ocrx_word' id='word_1_507' title='bbox 3014 2872 3297 2927; x_wconf 86' lang='lat' dir='ltr'><strong>Brunonis</strong></span> <span class='ocrx_word' id='word_1_508' title='bbox 3329 2872 3636 2944; x_wconf 81' lang='lat' dir='ltr'><strong>discipulis,</strong></span> 
     </span>
    </p>
   </div>
   <div class='ocr_carea' id='block_1_76' title="bbox 2021 2959 3639 3032">
    <p class='ocr_par' dir='ltr' id='par_1_76' title="bbox 2021 2959 3639 3032">
     <span class='ocr_line' id='line_1_76' title="bbox 2021 2959 3639 3032; baseline 0 -19"><span class='ocrx_word' id='word_1_509' title='bbox 2021 2961 2105 3014; x_wconf 84' lang='lat' dir='ltr'><strong>vel</strong></span> <span class='ocrx_word' id='word_1_510' title='bbox 2132 2960 2202 3014; x_wconf 89' lang='lat' dir='ltr'><strong>ab</strong></span> <span class='ocrx_word' id='word_1_511' title='bbox 2230 2959 2315 3027; x_wconf 89' lang='lat' dir='ltr'><strong>iis,</strong></span> <span class='ocrx_word' id='word_1_512' title='bbox 2351 2960 2447 3032; x_wconf 88' lang='lat' dir='ltr'><strong>qui</strong></span> <span class='ocrx_word' id='word_1_513' title='bbox 2475 2978 2605 3015; x_wconf 90' lang='lat' dir='ltr'><strong>eam</strong></span> <span class='ocrx_word' id='word_1_514' title='bbox 2634 2978 2701 3015; x_wconf 87' lang='lat' dir='ltr'><strong>ex</strong></span> <span class='ocrx_word' id='word_1_515' title='bbox 2729 2961 2882 3015; x_wconf 92' lang='lat' dir='ltr'><strong>hisce</strong></span> <span class='ocrx_word' id='word_1_516' title='bbox 2914 2959 3277 3027; x_wconf 88' lang='lat' dir='ltr'><strong>audivissent,</strong></span> <span class='ocrx_word' id='word_1_517' title='bbox 3313 2959 3512 3014; x_wconf 82' lang='lat' dir='ltr'><strong>fuisset</strong></span> <span class='ocrx_word' id='word_1_518' title='bbox 3548 2976 3639 3014; x_wconf 89' lang='lat' dir='ltr'><strong>re-</strong></span> 
     </span>
    </p>
   </div>
   <div class='ocr_carea' id='block_1_77' title="bbox 2020 3048 3387 3117">
    <p class='ocr_par' dir='ltr' id='par_1_77' title="bbox 2020 3048 3387 3117">
     <span class='ocr_line' id='line_1_77' title="bbox 2020 3048 3387 3117; baseline -0.001 -15"><span class='ocrx_word' id='word_1_519' title='bbox 2020 3049 2155 3117; x_wconf 90' lang='lat' dir='ltr'><strong>lata,</strong></span> <span class='ocrx_word' id='word_1_520' title='bbox 2186 3048 2548 3104; x_wconf 86' lang='lat' dir='ltr'><strong>dubitaturus</strong></span> <span class='ocrx_word' id='word_1_521' title='bbox 2576 3049 2979 3105; x_wconf 86' lang='lat' dir='ltr'><strong>verosimilitcr</strong></span> <span class='ocrx_word' id='word_1_522' title='bbox 3009 3065 3127 3103; x_wconf 89' lang='lat' dir='ltr'><strong>non</strong></span> <span class='ocrx_word' id='word_1_523' title='bbox 3149 3048 3387 3102; x_wconf 83' lang='lat' dir='ltr'><strong>fuiisset.</strong></span> 
     </span>
    </p>
   </div>
   <div class='ocr_carea' id='block_1_78' title="bbox 2091 3137 3639 3210">
    <p class='ocr_par' dir='ltr' id='par_1_78' title="bbox 2091 3137 3639 3210">
     <span class='ocr_line' id='line_1_78' title="bbox 2091 3137 3639 3210; baseline 0.001 -19"><span class='ocrx_word' id='word_1_524' title='bbox 2091 3140 2214 3192; x_wconf 75' lang='lat'><strong>357.</strong></span> <span class='ocrx_word' id='word_1_525' title='bbox 2225 3138 2441 3192; x_wconf 67' lang='lat' dir='ltr'><strong>Ad-haec</strong></span> <span class='ocrx_word' id='word_1_526' title='bbox 2453 3154 2779 3210; x_wconf 87' lang='lat' dir='ltr'><strong>anonymus</strong></span> <span class='ocrx_word' id='word_1_527' title='bbox 2792 3137 3045 3209; x_wconf 86' lang='lat' dir='ltr'><strong>quinque</strong></span> <span class='ocrx_word' id='word_1_528' title='bbox 3064 3137 3387 3208; x_wconf 90' lang='lat' dir='ltr'><strong>primorum</strong></span> <span class='ocrx_word' id='word_1_529' title='bbox 3405 3137 3639 3192; x_wconf 83' lang='lat' dir='ltr'><strong>Carthu-</strong></span> 
     </span>
    </p>
   </div>
   <div class='ocr_carea' id='block_1_79' title="bbox 2019 3224 3641 3297">
    <p class='ocr_par' dir='ltr' id='par_1_79' title="bbox 2019 3224 3641 3297">
     <span class='ocr_line' id='line_1_79' title="bbox 2019 3224 3641 3297; baseline 0.001 -18"><span class='ocrx_word' id='word_1_530' title='bbox 2019 3224 2114 3280; x_wconf 70' lang='lat' dir='ltr'><strong>sias</strong></span> <span class='ocrx_word' id='word_1_531' title='bbox 2136 3226 2395 3297; x_wconf 89' lang='lat' dir='ltr'><strong>priorum</strong></span> <span class='ocrx_word' id='word_1_532' title='bbox 2417 3227 2891 3297; x_wconf 91' lang='lat' dir='ltr'><strong>chronologus,ut</strong></span> <span class='ocrx_word' id='word_1_533' title='bbox 2910 3230 2974 3281; x_wconf 91' lang='lat' dir='ltr'><strong>ut</strong></span> <span class='ocrx_word' id='word_1_534' title='bbox 2982 3226 3108 3296; x_wconf 92' lang='lat' dir='ltr'><strong>jam</strong></span> <span class='ocrx_word' id='word_1_535' title='bbox 3128 3226 3263 3281; x_wconf 91' lang='lat' dir='ltr'><strong>inde</strong></span> <span class='ocrx_word' id='word_1_536' title='bbox 3280 3226 3351 3281; x_wconf 89' lang='lat' dir='ltr'><strong>ab</strong></span> <span class='ocrx_word' id='word_1_537' title='bbox 3367 3242 3521 3282; x_wconf 92' lang='lat' dir='ltr'><strong>anno</strong></span> <span class='ocrx_word' id='word_1_538' title='bbox 3536 3227 3641 3281; x_wconf 88' lang='lat' dir='ltr'><strong>cir-</strong></span> 
     </span>
    </p>
   </div>
   <div class='ocr_carea' id='block_1_80' title="bbox 2018 3313 3640 3387">
    <p class='ocr_par' dir='ltr' id='par_1_80' title="bbox 2018 3313 3640 3387">
     <span class='ocr_line' id='line_1_80' title="bbox 2018 3313 3640 3387; baseline 0.001 -20"><span class='ocrx_word' id='word_1_539' title='bbox 2018 3313 2160 3367; x_wconf 90' lang='lat' dir='ltr'><strong>citer</strong></span> <span class='ocrx_word' id='word_1_540' title='bbox 2184 3317 2319 3370; x_wconf 86' lang='grc'>1220</span> <span class='ocrx_word' id='word_1_541' title='bbox 2334 3314 2531 3369; x_wconf 83' lang='lat' dir='ltr'><strong>vixisse</strong></span> <span class='ocrx_word' id='word_1_542' title='bbox 2552 3318 2856 3383; x_wconf 90' lang='lat' dir='ltr'><strong>statuatur,</strong></span> <span class='ocrx_word' id='word_1_543' title='bbox 2876 3314 3262 3386; x_wconf 87' lang='lat' dir='ltr'><strong>quadraginta</strong></span> <span class='ocrx_word' id='word_1_544' title='bbox 3283 3315 3552 3387; x_wconf 87' lang='lat' dir='ltr'><strong>equidem</strong></span> <span class='ocrx_word' id='word_1_545' title='bbox 3581 3318 3640 3371; x_wconf 89' lang='lat' dir='ltr'><strong>et</strong></span> 
     </span>
    </p>
   </div>
   <div class='ocr_carea' id='block_1_81' title="bbox 2018 3403 3634 3475">
    <p class='ocr_par' dir='ltr' id='par_1_81' title="bbox 2018 3403 3634 3475">
     <span class='ocr_line' id='line_1_81' title="bbox 2018 3403 3634 3475; baseline 0.002 -19"><span class='ocrx_word' id='word_1_546' title='bbox 2018 3405 2252 3456; x_wconf 90' lang='lat' dir='ltr'><strong>centum</strong></span> <span class='ocrx_word' id='word_1_547' title='bbox 2279 3403 2506 3457; x_wconf 90' lang='lat' dir='ltr'><strong>circiter</strong></span> <span class='ocrx_word' id='word_1_548' title='bbox 2524 3403 2690 3458; x_wconf 89' lang='lat' dir='ltr'><strong>annis</strong></span> <span class='ocrx_word' id='word_1_549' title='bbox 2710 3420 2744 3458; x_wconf 92' lang='lat' dir='ltr'><strong>a</strong></span> <span class='ocrx_word' id='word_1_550' title='bbox 2764 3403 3028 3475; x_wconf 86' lang='lat' dir='ltr'><strong>prodigio</strong></span> <span class='ocrx_word' id='word_1_551' title='bbox 3051 3403 3354 3459; x_wconf 88' lang='lat' dir='ltr'><strong>Parisiensi</strong></span> <span class='ocrx_word' id='word_1_552' title='bbox 3366 3404 3634 3473; x_wconf 83' lang='lat' dir='ltr'><strong>abfuerit;</strong></span> 
     </span>
    </p>
   </div>
   <div class='ocr_carea' id='block_1_82' title="bbox 2019 3490 3638 3565">
    <p class='ocr_par' dir='ltr' id='par_1_82' title="bbox 2019 3490 3638 3565">
     <span class='ocr_line' id='line_1_82' title="bbox 2019 3490 3638 3565; baseline 0.003 -21"><span class='ocrx_word' id='word_1_553' title='bbox 2019 3490 2123 3544; x_wconf 90' lang='lat' dir='ltr'><strong>etsi</strong></span> <span class='ocrx_word' id='word_1_554' title='bbox 2151 3496 2345 3545; x_wconf 90' lang='lat' dir='ltr'><strong>autem</strong></span> <span class='ocrx_word' id='word_1_555' title='bbox 2395 3492 2639 3546; x_wconf 90' lang='lat' dir='ltr'><strong>subinde</strong></span> <span class='ocrx_word' id='word_1_556' title='bbox 2682 3492 2918 3563; x_wconf 87' lang='lat' dir='ltr'><strong>quidem</strong></span> <span class='ocrx_word' id='word_1_557' title='bbox 2970 3492 3286 3565; x_wconf 88' lang='lat' dir='ltr'><strong>rontingat,</strong></span> <span class='ocrx_word' id='word_1_558' title='bbox 3324 3497 3406 3559; x_wconf 93' lang='lat' dir='ltr'><strong>ut,</strong></span> <span class='ocrx_word' id='word_1_559' title='bbox 3439 3510 3569 3565; x_wconf 74' lang='lat' dir='ltr'><strong>quae</strong></span> <span class='ocrx_word' id='word_1_560' title='bbox 3604 3511 3638 3549; x_wconf 88' lang='lat' dir='ltr'><strong>a</strong></span> 
     </span>
    </p>
   </div>
   <div class='ocr_carea' id='block_1_83' title="bbox 2021 3578 3633 3654">
    <p class='ocr_par' dir='ltr' id='par_1_83' title="bbox 2021 3578 3633 3654">
     <span class='ocr_line' id='line_1_83' title="bbox 2021 3578 3633 3654; baseline 0.002 -22"><span class='ocrx_word' id='word_1_561' title='bbox 2021 3578 2389 3649; x_wconf 89' lang='lat' dir='ltr'><strong>scriptoribus</strong></span> <span class='ocrx_word' id='word_1_562' title='bbox 2428 3596 2546 3634; x_wconf 90' lang='lat' dir='ltr'><strong>non</strong></span> <span class='ocrx_word' id='word_1_563' title='bbox 2586 3581 2927 3651; x_wconf 86' lang='lat' dir='ltr'><strong>synchronis</strong></span> <span class='ocrx_word' id='word_1_564' title='bbox 2958 3582 3258 3636; x_wconf 80' lang='lat' dir='ltr'><strong>memoriae</strong></span> <span class='ocrx_word' id='word_1_565' title='bbox 3285 3582 3633 3654; x_wconf 85' lang='lat' dir='ltr'><strong>produntur,</strong></span> 
     </span>
    </p>
   </div>
   <div class='ocr_carea' id='block_1_84' title="bbox 2020 3668 3638 3740">
    <p class='ocr_par' dir='ltr' id='par_1_84' title="bbox 2020 3668 3638 3740">
     <span class='ocr_line' id='line_1_84' title="bbox 2020 3668 3638 3740; baseline 0.004 -21"><span class='ocrx_word' id='word_1_566' title='bbox 2020 3683 2154 3720; x_wconf 90' lang='lat' dir='ltr'><strong>vera</strong></span> <span class='ocrx_word' id='word_1_567' title='bbox 2175 3668 2247 3722; x_wconf 91' lang='lat' dir='ltr'><strong>ad</strong></span> <span class='ocrx_word' id='word_1_568' title='bbox 2263 3668 2433 3722; x_wconf 88' lang='lat' dir='ltr'><strong>hosce</strong></span> <span class='ocrx_word' id='word_1_569' title='bbox 2452 3669 2764 3723; x_wconf 89' lang='lat' dir='ltr'><strong>traditione</strong></span> <span class='ocrx_word' id='word_1_570' title='bbox 2788 3669 3112 3740; x_wconf 73' lang='lat' dir='ltr'><strong>pervenisse</strong></span> <span class='ocrx_word' id='word_1_571' title='bbox 3135 3670 3249 3724; x_wconf 90' lang='lat' dir='ltr'><strong>sint</strong></span> <span class='ocrx_word' id='word_1_572' title='bbox 3269 3670 3562 3737; x_wconf 86' lang='lat' dir='ltr'><strong>credenta,</strong></span> <span class='ocrx_word' id='word_1_573' title='bbox 3580 3672 3638 3725; x_wconf 89' lang='lat' dir='ltr'><strong>id</strong></span> 
     </span>
    </p>
   </div>
   <div class='ocr_carea' id='block_1_85' title="bbox 2019 3757 3635 3829">
    <p class='ocr_par' dir='ltr' id='par_1_85' title="bbox 2019 3757 3635 3829">
     <span class='ocr_line' id='line_1_85' title="bbox 2019 3757 3635 3829; baseline 0.002 -20"><span class='ocrx_word' id='word_1_574' title='bbox 2019 3758 2218 3809; x_wconf 91' lang='lat' dir='ltr'><strong>tamen</strong></span> <span class='ocrx_word' id='word_1_575' title='bbox 2246 3757 2437 3810; x_wconf 91' lang='lat' dir='ltr'><strong>locum</strong></span> <span class='ocrx_word' id='word_1_576' title='bbox 2464 3757 2552 3810; x_wconf 86' lang='lat' dir='ltr'><strong>vix</strong></span> <span class='ocrx_word' id='word_1_577' title='bbox 2584 3757 2847 3811; x_wconf 89' lang='lat' dir='ltr'><strong>obtinere</strong></span> <span class='ocrx_word' id='word_1_578' title='bbox 2894 3761 3101 3829; x_wconf 88' lang='lat' dir='ltr'><strong>potest,</strong></span> <span class='ocrx_word' id='word_1_579' title='bbox 3135 3757 3389 3829; x_wconf 90' lang='lat' dir='ltr'><strong>quando,</strong></span> <span class='ocrx_word' id='word_1_580' title='bbox 3425 3758 3505 3812; x_wconf 90' lang='lat' dir='ltr'><strong>uti</strong></span> <span class='ocrx_word' id='word_1_581' title='bbox 3546 3758 3635 3814; x_wconf 87' lang='lat' dir='ltr'><strong>hic</strong></span> 
     </span>
    </p>
   </div>
   <div class='ocr_carea' id='block_1_86' title="bbox 2018 3842 3632 3917">
    <p class='ocr_par' dir='ltr' id='par_1_86' title="bbox 2018 3842 3632 3917">
     <span class='ocr_line' id='line_1_86' title="bbox 2018 3842 3632 3917; baseline 0.002 -21"><span class='ocrx_word' id='word_1_582' title='bbox 2018 3842 2103 3909; x_wconf 85' lang='lat' dir='ltr'><strong>ﬁt,</strong></span> <span class='ocrx_word' id='word_1_583' title='bbox 2142 3861 2269 3915; x_wconf 63' lang='lat' dir='ltr'><strong>quas</strong></span> <span class='ocrx_word' id='word_1_584' title='bbox 2296 3849 2625 3910; x_wconf 89' lang='lat' dir='ltr'><strong>narrantur,</strong></span> <span class='ocrx_word' id='word_1_585' title='bbox 2661 3848 2794 3898; x_wconf 90' lang='lat' dir='ltr'><strong>sunt</strong></span> <span class='ocrx_word' id='word_1_586' title='bbox 2822 3845 3153 3914; x_wconf 86' lang='lat' dir='ltr'><strong>hujusmodi</strong></span> <span class='ocrx_word' id='word_1_587' title='bbox 3194 3849 3255 3898; x_wconf 92' lang='lat' dir='ltr'><strong>ut</strong></span> <span class='ocrx_word' id='word_1_588' title='bbox 3286 3845 3330 3898; x_wconf 90' lang='lat' dir='ltr'><strong>si</strong></span> <span class='ocrx_word' id='word_1_589' title='bbox 3363 3846 3632 3917; x_wconf 85' lang='lat' dir='ltr'><strong>contigis-</strong></span> 
     </span>
    </p>
   </div>
   <div class='ocr_carea' id='block_1_87' title="bbox 2018 3932 3632 4004">
    <p class='ocr_par' dir='ltr' id='par_1_87' title="bbox 2018 3932 3632 4004">
     <span class='ocr_line' id='line_1_87' title="bbox 2018 3932 3632 4004; baseline 0.002 -19"><span class='ocrx_word' id='word_1_590' title='bbox 2018 3934 2165 3999; x_wconf 89' lang='lat' dir='ltr'><strong>sent,</strong></span> <span class='ocrx_word' id='word_1_591' title='bbox 2189 3949 2224 3987; x_wconf 92' lang='lat' dir='ltr'><strong>a</strong></span> <span class='ocrx_word' id='word_1_592' title='bbox 2254 3932 2623 4004; x_wconf 79' lang='lat' dir='ltr'><strong>scriptoribus</strong></span> <span class='ocrx_word' id='word_1_593' title='bbox 2654 3932 2837 3988; x_wconf 85' lang='lat' dir='ltr'><strong>etiam</strong></span> <span class='ocrx_word' id='word_1_594' title='bbox 2863 3933 3201 4004; x_wconf 80' lang='lat' dir='ltr'><strong>synchronis</strong></span> <span class='ocrx_word' id='word_1_595' title='bbox 3232 3933 3632 3988; x_wconf 86' lang='lat' dir='ltr'><strong>verosimilitcr</strong></span> 
     </span>
    </p>
   </div>
   <div class='ocr_carea' id='block_1_88' title="bbox 2016 4022 3630 4088">
    <p class='ocr_par' dir='ltr' id='par_1_88' title="bbox 2016 4022 3630 4088">
     <span class='ocr_line' id='line_1_88' title="bbox 2016 4022 3630 4088; baseline 0.002 -15"><span class='ocrx_word' id='word_1_596' title='bbox 2016 4026 2479 4076; x_wconf 90' lang='lat' dir='ltr'><strong>commemorata</strong></span> <span class='ocrx_word' id='word_1_597' title='bbox 2506 4022 2765 4088; x_wconf 87' lang='lat' dir='ltr'><strong>fuissent,</strong></span> <span class='ocrx_word' id='word_1_598' title='bbox 2796 4038 2903 4076; x_wconf 91' lang='lat' dir='ltr'><strong>nec</strong></span> <span class='ocrx_word' id='word_1_599' title='bbox 2926 4026 3123 4076; x_wconf 88' lang='lat' dir='ltr'><strong>tamen</strong></span> <span class='ocrx_word' id='word_1_600' title='bbox 3155 4024 3229 4077; x_wconf 94' lang='lat' dir='ltr'><strong>ab</strong></span> <span class='ocrx_word' id='word_1_601' title='bbox 3264 4023 3473 4076; x_wconf 89' lang='lat' dir='ltr'><strong>horum</strong></span> <span class='ocrx_word' id='word_1_602' title='bbox 3517 4025 3630 4079; x_wconf 91' lang='lat' dir='ltr'><strong>ullo</strong></span> 
     </span>
    </p>
   </div>
   <div class='ocr_carea' id='block_1_89' title="bbox 2015 4110 3633 4182">
    <p class='ocr_par' dir='ltr' id='par_1_89' title="bbox 2015 4110 3633 4182">
     <span class='ocr_line' id='line_1_89' title="bbox 2015 4110 3633 4182; baseline 0.003 -20"><span class='ocrx_word' id='word_1_603' title='bbox 2015 4114 2476 4164; x_wconf 89' lang='lat' dir='ltr'><strong>commemorata</strong></span> <span class='ocrx_word' id='word_1_604' title='bbox 2500 4110 2889 4165; x_wconf 87' lang='lat' dir='ltr'><strong>inveniuntur.</strong></span> <span class='ocrx_word' id='word_1_605' title='bbox 2924 4111 3035 4164; x_wconf 83' lang='lat' dir='ltr'><strong>Nec</strong></span> <span class='ocrx_word' id='word_1_606' title='bbox 3058 4111 3374 4182; x_wconf 87' lang='lat' dir='ltr'><strong>quidquam</strong></span> <span class='ocrx_word' id='word_1_607' title='bbox 3401 4112 3475 4167; x_wconf 91' lang='lat' dir='ltr'><strong>ad</strong></span> <span class='ocrx_word' id='word_1_608' title='bbox 3508 4129 3633 4167; x_wconf 86' lang='lat' dir='ltr'><strong>rem</strong></span> 
     </span>
    </p>
   </div>
   <div class='ocr_carea' id='block_1_90' title="bbox 2014 4198 3633 4270">
    <p class='ocr_par' dir='ltr' id='par_1_90' title="bbox 2014 4198 3633 4270">
     <span class='ocr_line' id='line_1_90' title="bbox 2014 4198 3633 4270; baseline 0.002 -19"><span class='ocrx_word' id='word_1_609' title='bbox 2014 4198 2170 4265; x_wconf 86' lang='lat' dir='ltr'><strong>facit,</strong></span> <span class='ocrx_word' id='word_1_610' title='bbox 2196 4198 2350 4270; x_wconf 92' lang='lat' dir='ltr'><strong>quod</strong></span> <span class='ocrx_word' id='word_1_611' title='bbox 2368 4199 2438 4253; x_wconf 93' lang='lat' dir='ltr'><strong>de</strong></span> <span class='ocrx_word' id='word_1_612' title='bbox 2461 4200 2722 4255; x_wconf 65' lang='lat' dir='ltr'><strong>Ecclesiae</strong></span> <span class='ocrx_word' id='word_1_613' title='bbox 2745 4200 3150 4255; x_wconf 90' lang='lat' dir='ltr'><strong>traditionibus</strong></span> <span class='ocrx_word' id='word_1_614' title='bbox 3170 4200 3633 4255; x_wconf 86' lang='lat' dir='ltr'><strong>additTractatus</strong></span> 
     </span>
    </p>
   </div>
   <div class='ocr_carea' id='block_1_91' title="bbox 300 4286 3627 4358">
    <p class='ocr_par' dir='ltr' id='par_1_91' title="bbox 300 4286 3627 4358">
     <span class='ocr_line' id='line_1_91' title="bbox 300 4286 3627 4358; baseline 0.001 -17"><span class='ocrx_word' id='word_1_615' title='bbox 300 4286 515 4341; x_wconf 89' lang='lat' dir='ltr'><strong>ﬂorere</strong></span> <span class='ocrx_word' id='word_1_616' title='bbox 528 4286 1099 4358; x_wconf 72' lang='lat' dir='ltr'><strong>incosperit,dubium</strong></span> <span class='ocrx_word' id='word_1_617' title='bbox 1121 4288 1341 4358; x_wconf 90' lang='lat' dir='ltr'><strong>pariter</strong></span> <span class='ocrx_word' id='word_1_618' title='bbox 1369 4288 1698 4357; x_wconf 90' lang='lat' dir='ltr'><strong>sit,necesse</strong></span> <span class='ocrx_word' id='word_1_619' title='bbox 1715 4292 1822 4355; x_wconf 91' lang='lat' dir='ltr'><strong>est,</strong></span> <span class='ocrx_word' id='word_1_620' title='bbox 1841 4305 1914 4342; x_wconf 91' lang='lat' dir='ltr'><strong>an</strong></span> <span class='ocrx_word' id='word_1_621' title='bbox 1934 4291 1986 4350; x_wconf 93' lang='lat' dir='ltr'><strong>D</strong></span> <span class='ocrx_word' id='word_1_622' title='bbox 2015 4303 2049 4341; x_wconf 90' lang='lat' dir='ltr'><strong>a</strong></span> <span class='ocrx_word' id='word_1_623' title='bbox 2077 4286 2467 4342; x_wconf 83' lang='lat' dir='ltr'><strong>Carthusianis</strong></span> <span class='ocrx_word' id='word_1_624' title='bbox 2492 4288 2781 4358; x_wconf 87' lang='lat' dir='ltr'><strong>hujatibus</strong></span> <span class='ocrx_word' id='word_1_625' title='bbox 2816 4304 3047 4344; x_wconf 90' lang='lat' dir='ltr'><strong>mecum</strong></span> <span class='ocrx_word' id='word_1_626' title='bbox 3076 4288 3494 4343; x_wconf 90' lang='lat' dir='ltr'><strong>communicati</strong></span> <span class='ocrx_word' id='word_1_627' title='bbox 3528 4307 3627 4344; x_wconf 80' lang='lat' dir='ltr'><strong>au-</strong></span> 
     </span>
    </p>
   </div>
   <div class='ocr_carea' id='block_1_92' title="bbox 299 4375 1911 4449">
    <p class='ocr_par' dir='ltr' id='par_1_92' title="bbox 299 4375 1911 4449">
     <span class='ocr_line' id='line_1_92' title="bbox 299 4375 1911 4449; baseline 0.001 -20"><span class='ocrx_word' id='word_1_628' title='bbox 299 4375 629 4447; x_wconf 89' lang='lat' dir='ltr'><strong>primorum</strong></span> <span class='ocrx_word' id='word_1_629' title='bbox 642 4375 990 4432; x_wconf 90' lang='lat' dir='ltr'><strong>S.Brunonis</strong></span> <span class='ocrx_word' id='word_1_630' title='bbox 1001 4377 1289 4432; x_wconf 89' lang='lat' dir='ltr'><strong>sociorum</strong></span> <span class='ocrx_word' id='word_1_631' title='bbox 1307 4376 1911 4449; x_wconf 89' lang='lat' dir='ltr'><strong>discipulos,aliosque,</strong></span> 
     </span>
    </p>
   </div>
   <div class='ocr_carea' id='block_1_93' title="bbox 300 4463 1916 4537">
    <p class='ocr_par' dir='ltr' id='par_1_93' title="bbox 300 4463 1916 4537">
     <span class='ocr_line' id='line_1_93' title="bbox 300 4463 1916 4537; baseline 0.001 -21"><span class='ocrx_word' id='word_1_632' title='bbox 300 4463 400 4535; x_wconf 88' lang='lat' dir='ltr'><strong>qui</strong></span> <span class='ocrx_word' id='word_1_633' title='bbox 438 4463 610 4518; x_wconf 85' lang='lat' dir='ltr'><strong>hosce</strong></span> <span class='ocrx_word' id='word_1_634' title='bbox 642 4465 700 4519; x_wconf 91' lang='lat' dir='ltr'><strong>in</strong></span> <span class='ocrx_word' id='word_1_635' title='bbox 751 4464 1137 4520; x_wconf 87' lang='lat' dir='ltr'><strong>Carthusiensi</strong></span> <span class='ocrx_word' id='word_1_636' title='bbox 1174 4465 1433 4519; x_wconf 91' lang='lat' dir='ltr'><strong>instituto</strong></span> <span class='ocrx_word' id='word_1_637' title='bbox 1480 4464 1742 4537; x_wconf 88' lang='lat' dir='ltr'><strong>proxime</strong></span> <span class='ocrx_word' id='word_1_638' title='bbox 1783 4467 1916 4519; x_wconf 90' lang='lat' dir='ltr'><strong>sunt</strong></span> 
     </span>
    </p>
   </div>
   <div class='ocr_carea' id='block_1_94' title="bbox 298 4550 1915 4625">
    <p class='ocr_par' dir='ltr' id='par_1_94' title="bbox 298 4550 1915 4625">
     <span class='ocr_line' id='line_1_94' title="bbox 298 4550 1915 4625; baseline 0.001 -20"><span class='ocrx_word' id='word_1_639' title='bbox 298 4551 503 4619; x_wconf 88' lang='lat' dir='ltr'><strong>secuti,</strong></span> <span class='ocrx_word' id='word_1_640' title='bbox 535 4550 727 4606; x_wconf 91' lang='lat' dir='ltr'><strong>videre</strong></span> <span class='ocrx_word' id='word_1_641' title='bbox 751 4553 1024 4623; x_wconf 90' lang='lat' dir='ltr'><strong>potuerit,</strong></span> <span class='ocrx_word' id='word_1_642' title='bbox 1059 4552 1392 4625; x_wconf 88' lang='lat' dir='ltr'><strong>discereque</strong></span> <span class='ocrx_word' id='word_1_643' title='bbox 1444 4570 1513 4607; x_wconf 86' lang='lat' dir='ltr'><strong>ex</strong></span> <span class='ocrx_word' id='word_1_644' title='bbox 1550 4553 1639 4621; x_wconf 88' lang='lat' dir='ltr'><strong>iis,</strong></span> <span class='ocrx_word' id='word_1_645' title='bbox 1675 4570 1823 4625; x_wconf 69' lang='lat' dir='ltr'><strong>quae,</strong></span> <span class='ocrx_word' id='word_1_646' title='bbox 1853 4554 1915 4607; x_wconf 91' lang='lat' dir='ltr'><strong>ut</strong></span> 
     </span>
    </p>
   </div>
   <div class='ocr_carea' id='block_1_95' title="bbox 298 4639 1912 4714">
    <p class='ocr_par' dir='ltr' id='par_1_95' title="bbox 298 4639 1912 4714">
     <span class='ocr_line' id='line_1_95' title="bbox 298 4639 1912 4714; baseline 0.001 -19"><span class='ocrx_word' id='word_1_647' title='bbox 298 4639 695 4695; x_wconf 87' lang='lat' dir='ltr'><strong>communiter</strong></span> <span class='ocrx_word' id='word_1_648' title='bbox 746 4641 1019 4709; x_wconf 90' lang='lat' dir='ltr'><strong>creditur,</strong></span> <span class='ocrx_word' id='word_1_649' title='bbox 1050 4641 1272 4713; x_wconf 90' lang='lat' dir='ltr'><strong>primus</strong></span> <span class='ocrx_word' id='word_1_650' title='bbox 1300 4641 1563 4696; x_wconf 90' lang='lat' dir='ltr'><strong>omnium</strong></span> <span class='ocrx_word' id='word_1_651' title='bbox 1615 4642 1687 4696; x_wconf 91' lang='lat' dir='ltr'><strong>de</strong></span> <span class='ocrx_word' id='word_1_652' title='bbox 1716 4641 1912 4714; x_wconf 84' lang='lat' dir='ltr'><strong>prodi-</strong></span> 
     </span>
    </p>
   </div>
   <div class='ocr_carea' id='block_1_96' title="bbox 299 4727 1910 4799">
    <p class='ocr_par' dir='ltr' id='par_1_96' title="bbox 299 4727 1910 4799">
     <span class='ocr_line' id='line_1_96' title="bbox 299 4727 1910 4799; baseline 0.002 -18"><span class='ocrx_word' id='word_1_653' title='bbox 299 4727 467 4799; x_wconf 86' lang='lat' dir='ltr'><strong>giosa</strong></span> <span class='ocrx_word' id='word_1_654' title='bbox 480 4728 732 4783; x_wconf 90' lang='lat' dir='ltr'><strong>doctoris</strong></span> <span class='ocrx_word' id='word_1_655' title='bbox 757 4728 1086 4785; x_wconf 89' lang='lat' dir='ltr'><strong>Parisiensis</strong></span> <span class='ocrx_word' id='word_1_656' title='bbox 1108 4730 1354 4785; x_wconf 83' lang='lat' dir='ltr'><strong>anastasi</strong></span> <span class='ocrx_word' id='word_1_657' title='bbox 1374 4730 1576 4785; x_wconf 88' lang='lat' dir='ltr'><strong>litteris</strong></span> <span class='ocrx_word' id='word_1_658' title='bbox 1594 4730 1910 4785; x_wconf 86' lang='lat' dir='ltr'><strong>mandavit.</strong></span> 
     </span>
    </p>
   </div>
   <div class='ocr_carea' id='block_1_97' title="bbox 374 4816 1911 4890">
    <p class='ocr_par' dir='ltr' id='par_1_97' title="bbox 374 4816 1911 4890">
     <span class='ocr_line' id='line_1_97' title="bbox 374 4816 1911 4890; baseline 0.001 -19"><span class='ocrx_word' id='word_1_659' title='bbox 374 4819 689 4888; x_wconf 76' lang='lat' dir='ltr'><strong>356.Atque</strong></span> <span class='ocrx_word' id='word_1_660' title='bbox 710 4816 845 4872; x_wconf 89' lang='lat' dir='ltr'><strong>hinc</strong></span> <span class='ocrx_word' id='word_1_661' title='bbox 866 4834 1037 4889; x_wconf 89' lang='lat' dir='ltr'><strong>porro</strong></span> <span class='ocrx_word' id='word_1_662' title='bbox 1044 4818 1170 4890; x_wconf 87' lang='lat' dir='ltr'><strong>jam</strong></span> <span class='ocrx_word' id='word_1_663' title='bbox 1192 4818 1274 4885; x_wconf 84' lang='lat' dir='ltr'><strong>fit,</strong></span> <span class='ocrx_word' id='word_1_664' title='bbox 1304 4821 1366 4873; x_wconf 91' lang='lat' dir='ltr'><strong>ut</strong></span> <span class='ocrx_word' id='word_1_665' title='bbox 1385 4818 1801 4889; x_wconf 87' lang='lat' dir='ltr'><strong>ambigendum</strong></span> <span class='ocrx_word' id='word_1_666' title='bbox 1820 4819 1911 4888; x_wconf 91' lang='lat' dir='ltr'><strong>sit,</strong></span> 
     </span>
    </p>
   </div>
   <div class='ocr_carea' id='block_1_98' title="bbox 298 4905 1912 4979">
    <p class='ocr_par' dir='ltr' id='par_1_98' title="bbox 298 4905 1912 4979">
     <span class='ocr_line' id='line_1_98' title="bbox 298 4905 1912 4979; baseline 0.002 -20"><span class='ocrx_word' id='word_1_667' title='bbox 298 4921 517 4960; x_wconf 86' lang='lat' dir='ltr'><strong>verane</strong></span> <span class='ocrx_word' id='word_1_668' title='bbox 558 4905 891 4974; x_wconf 90' lang='lat' dir='ltr'><strong>traditione,</strong></span> <span class='ocrx_word' id='word_1_669' title='bbox 925 4923 1022 4960; x_wconf 90' lang='lat' dir='ltr'><strong>seu</strong></span> <span class='ocrx_word' id='word_1_670' title='bbox 1057 4924 1128 4961; x_wconf 92' lang='lat' dir='ltr'><strong>an</strong></span> <span class='ocrx_word' id='word_1_671' title='bbox 1163 4906 1236 4961; x_wconf 92' lang='lat' dir='ltr'><strong>ab</strong></span> <span class='ocrx_word' id='word_1_672' title='bbox 1274 4907 1525 4979; x_wconf 89' lang='lat' dir='ltr'><strong>ipsomet</strong></span> <span class='ocrx_word' id='word_1_673' title='bbox 1556 4906 1613 4962; x_wconf 90' lang='lat' dir='ltr'><strong>S.</strong></span> <span class='ocrx_word' id='word_1_674' title='bbox 1645 4908 1912 4962; x_wconf 88' lang='lat' dir='ltr'><strong>Brunone</strong></span> 
     </span>
    </p>
   </div>
   <div class='ocr_carea' id='block_1_99' title="bbox 299 4994 1917 5068">
    <p class='ocr_par' dir='ltr' id='par_1_99' title="bbox 299 4994 1917 5068">
     <span class='ocr_line' id='line_1_99' title="bbox 299 4994 1917 5068; baseline 0.001 -19"><span class='ocrx_word' id='word_1_675' title='bbox 299 4994 541 5066; x_wconf 83' lang='lat' dir='ltr'><strong>ejusque</strong></span> <span class='ocrx_word' id='word_1_676' title='bbox 561 4994 763 5068; x_wconf 90' lang='lat' dir='ltr'><strong>primis</strong></span> <span class='ocrx_word' id='word_1_677' title='bbox 782 4994 966 5062; x_wconf 91' lang='lat' dir='ltr'><strong>sociis,</strong></span> <span class='ocrx_word' id='word_1_678' title='bbox 994 4994 1078 5050; x_wconf 89' lang='lat' dir='ltr'><strong>rei</strong></span> <span class='ocrx_word' id='word_1_679' title='bbox 1099 4998 1273 5067; x_wconf 63' lang='lat' dir='ltr'><strong>gestae</strong></span> <span class='ocrx_word' id='word_1_680' title='bbox 1304 4996 1764 5067; x_wconf 81' lang='lat' dir='ltr'><strong>synchronis,seu</strong></span> <span class='ocrx_word' id='word_1_681' title='bbox 1792 4995 1917 5050; x_wconf 91' lang='lat' dir='ltr'><strong>viva</strong></span> 
     </span>
    </p>
   </div>
   <div class='ocr_carea' id='block_1_100' title="bbox 300 5082 1916 5155">
    <p class='ocr_par' dir='ltr' id='par_1_100' title="bbox 300 5082 1916 5155">
     <span class='ocr_line' id='line_1_100' title="bbox 300 5082 1916 5155; baseline -0.001 -17"><span class='ocrx_word' id='word_1_682' title='bbox 300 5099 442 5139; x_wconf 84' lang='lat' dir='ltr'><strong>voce</strong></span> <span class='ocrx_word' id='word_1_683' title='bbox 481 5099 579 5138; x_wconf 87' lang='lat' dir='ltr'><strong>seu</strong></span> <span class='ocrx_word' id='word_1_684' title='bbox 610 5082 722 5138; x_wconf 91' lang='lat' dir='ltr'><strong>alio</strong></span> <span class='ocrx_word' id='word_1_685' title='bbox 761 5082 958 5155; x_wconf 91' lang='lat' dir='ltr'><strong>quovis</strong></span> <span class='ocrx_word' id='word_1_686' title='bbox 990 5083 1165 5139; x_wconf 90' lang='lat' dir='ltr'><strong>modo</strong></span> <span class='ocrx_word' id='word_1_687' title='bbox 1181 5084 1355 5139; x_wconf 85' lang='lat' dir='ltr'><strong>fuerit</strong></span> <span class='ocrx_word' id='word_1_688' title='bbox 1377 5084 1571 5139; x_wconf 85' lang='lat' dir='ltr'><strong>feralis</strong></span> <span class='ocrx_word' id='word_1_689' title='bbox 1592 5084 1662 5138; x_wconf 92' lang='lat' dir='ltr'><strong>de</strong></span> <span class='ocrx_word' id='word_1_690' title='bbox 1681 5084 1916 5139; x_wconf 90' lang='lat' dir='ltr'><strong>doctore</strong></span> 
     </span>
    </p>
   </div>
   <div class='ocr_carea' id='block_1_101' title="bbox 300 5171 1918 5245">
    <p class='ocr_par' dir='ltr' id='par_1_101' title="bbox 300 5171 1918 5245">
     <span class='ocr_line' id='line_1_101' title="bbox 300 5171 1918 5245; baseline -0.001 -18"><span class='ocrx_word' id='word_1_691' title='bbox 300 5172 581 5227; x_wconf 87' lang='lat' dir='ltr'><strong>damnato</strong></span> <span class='ocrx_word' id='word_1_692' title='bbox 607 5171 862 5227; x_wconf 86' lang='lat' dir='ltr'><strong>narratio</strong></span> <span class='ocrx_word' id='word_1_693' title='bbox 896 5171 970 5226; x_wconf 91' lang='lat' dir='ltr'><strong>ad</strong></span> <span class='ocrx_word' id='word_1_694' title='bbox 998 5174 1256 5244; x_wconf 90' lang='lat' dir='ltr'><strong>posteros</strong></span> <span class='ocrx_word' id='word_1_695' title='bbox 1271 5171 1625 5241; x_wconf 89' lang='lat' dir='ltr'><strong>transmissa,</strong></span> <span class='ocrx_word' id='word_1_696' title='bbox 1652 5189 1686 5226; x_wconf 93' lang='lat' dir='ltr'><strong>a</strong></span> <span class='ocrx_word' id='word_1_697' title='bbox 1712 5172 1918 5245; x_wconf 90' lang='lat' dir='ltr'><strong>quibus</strong></span> 
     </span>
    </p>
   </div>
   <div class='ocr_carea' id='block_1_102' title="bbox 301 5258 1916 5333">
    <p class='ocr_par' dir='ltr' id='par_1_102' title="bbox 301 5258 1916 5333">
     <span class='ocr_line' id='line_1_102' title="bbox 301 5258 1916 5333; baseline 0.002 -19"><span class='ocrx_word' id='word_1_698' title='bbox 301 5258 514 5314; x_wconf 86' lang='lat' dir='ltr'><strong>deinde</strong></span> <span class='ocrx_word' id='word_1_699' title='bbox 548 5259 622 5313; x_wconf 90' lang='lat' dir='ltr'><strong>ad</strong></span> <span class='ocrx_word' id='word_1_700' title='bbox 642 5258 926 5333; x_wconf 89' lang='lat' dir='ltr'><strong>sequioris</strong></span> <span class='ocrx_word' id='word_1_701' title='bbox 942 5260 1127 5315; x_wconf 64' lang='lat' dir='ltr'><strong>aatatis</strong></span> <span class='ocrx_word' id='word_1_702' title='bbox 1159 5260 1566 5315; x_wconf 83' lang='lat' dir='ltr'><strong>Carthusianos</strong></span> <span class='ocrx_word' id='word_1_703' title='bbox 1581 5277 1646 5315; x_wconf 92' lang='lat' dir='ltr'><strong>ac</strong></span> <span class='ocrx_word' id='word_1_704' title='bbox 1677 5262 1916 5318; x_wconf 90' lang='lat' dir='ltr'><strong>tandem</strong></span> 
     </span>
    </p>
   </div>
   <div class='ocr_carea' id='block_1_103' title="bbox 300 5348 1920 5421">
    <p class='ocr_par' dir='ltr' id='par_1_103' title="bbox 300 5348 1920 5421">
     <span class='ocr_line' id='line_1_103' title="bbox 300 5348 1920 5421; baseline 0.002 -19"><span class='ocrx_word' id='word_1_705' title='bbox 300 5348 379 5403; x_wconf 88' lang='lat' dir='ltr'><strong>ad</strong></span> <span class='ocrx_word' id='word_1_706' title='bbox 397 5348 885 5421; x_wconf 86' lang='lat' dir='ltr'><strong>anonymum,qui</strong></span> <span class='ocrx_word' id='word_1_707' title='bbox 902 5365 1033 5404; x_wconf 89' lang='lat' dir='ltr'><strong>eam</strong></span> <span class='ocrx_word' id='word_1_708' title='bbox 1050 5348 1272 5421; x_wconf 90' lang='lat' dir='ltr'><strong>primus</strong></span> <span class='ocrx_word' id='word_1_709' title='bbox 1287 5349 1549 5404; x_wconf 91' lang='lat' dir='ltr'><strong>omnium</strong></span> <span class='ocrx_word' id='word_1_710' title='bbox 1562 5349 1766 5404; x_wconf 88' lang='lat' dir='ltr'><strong>litteris</strong></span> <span class='ocrx_word' id='word_1_711' title='bbox 1786 5367 1920 5405; x_wconf 90' lang='lat' dir='ltr'><strong>con-</strong></span> 
     </span>
    </p>
   </div>
   <div class='ocr_carea' id='block_1_104' title="bbox 299 5437 1920 5512">
    <p class='ocr_par' dir='ltr' id='par_1_104' title="bbox 299 5437 1920 5512">
     <span class='ocr_line' id='line_1_104' title="bbox 299 5437 1920 5512; baseline 0.001 -19"><span class='ocrx_word' id='word_1_712' title='bbox 299 5438 569 5510; x_wconf 86' lang='lat' dir='ltr'><strong>signavit,</strong></span> <span class='ocrx_word' id='word_1_713' title='bbox 594 5439 938 5512; x_wconf 90' lang='lat' dir='ltr'><strong>pervenerit.</strong></span> <span class='ocrx_word' id='word_1_714' title='bbox 962 5438 1127 5504; x_wconf 91' lang='lat' dir='ltr'><strong>Quod</strong></span> <span class='ocrx_word' id='word_1_715' title='bbox 1156 5455 1288 5493; x_wconf 91' lang='lat' dir='ltr'><strong>cum</strong></span> <span class='ocrx_word' id='word_1_716' title='bbox 1319 5437 1400 5492; x_wconf 90' lang='lat' dir='ltr'><strong>ita</strong></span> <span class='ocrx_word' id='word_1_717' title='bbox 1415 5439 1713 5507; x_wconf 87' lang='lat' dir='ltr'><strong>sit,manet</strong></span> <span class='ocrx_word' id='word_1_718' title='bbox 1741 5440 1920 5494; x_wconf 89' lang='lat' dir='ltr'><strong>Patri-</strong></span> 
     </span>
    </p>
   </div>
   <div class='ocr_carea' id='block_1_105' title="bbox 299 5526 1918 5602">
    <p class='ocr_par' dir='ltr' id='par_1_105' title="bbox 299 5526 1918 5602">
     <span class='ocr_line' id='line_1_105' title="bbox 299 5526 1918 5602; baseline 0.001 -19"><span class='ocrx_word' id='word_1_719' title='bbox 299 5528 491 5584; x_wconf 73' lang='lat' dir='ltr'><strong>siense</strong></span> <span class='ocrx_word' id='word_1_720' title='bbox 516 5527 849 5602; x_wconf 85' lang='lat' dir='ltr'><strong>prodigium</strong></span> <span class='ocrx_word' id='word_1_721' title='bbox 869 5544 992 5601; x_wconf 74' lang='lat' dir='ltr'><strong>&#39;pro</strong></span> <span class='ocrx_word' id='word_1_722' title='bbox 1024 5543 1231 5600; x_wconf 89' lang='lat' dir='ltr'><strong>parum</strong></span> <span class='ocrx_word' id='word_1_723' title='bbox 1254 5526 1549 5584; x_wconf 88' lang='lat' dir='ltr'><strong>verisimili</strong></span> <span class='ocrx_word' id='word_1_724' title='bbox 1560 5528 1918 5600; x_wconf 89' lang='lat' dir='ltr'><strong>habendum,</strong></span> 
     </span>
    </p>
   </div>
   <div class='ocr_carea' id='block_1_106' title="bbox 2013 4375 3630 4449">
    <p class='ocr_par' dir='ltr' id='par_1_106' title="bbox 2013 4375 3630 4449">
     <span class='ocr_line' id='line_1_106' title="bbox 2013 4375 3630 4449; baseline 0.002 -19"><span class='ocrx_word' id='word_1_725' title='bbox 2013 4379 2322 4443; x_wconf 88' lang='lat' dir='ltr'><strong>ctor;cum</strong></span> <span class='ocrx_word' id='word_1_726' title='bbox 2353 4375 2531 4443; x_wconf 86' lang='lat' dir='ltr'><strong>enim,</strong></span> <span class='ocrx_word' id='word_1_727' title='bbox 2582 4394 2710 4448; x_wconf 67' lang='lat' dir='ltr'><strong>quas</strong></span> <span class='ocrx_word' id='word_1_728' title='bbox 2749 4378 3157 4433; x_wconf 88' lang='lat' dir='ltr'><strong>traditionibus</strong></span> <span class='ocrx_word' id='word_1_729' title='bbox 3185 4377 3517 4449; x_wconf 89' lang='lat' dir='ltr'><strong>hujusmodi</strong></span> <span class='ocrx_word' id='word_1_730' title='bbox 3542 4397 3630 4433; x_wconf 89' lang='lat' dir='ltr'><strong>ac-</strong></span> 
     </span>
    </p>
   </div>
   <div class='ocr_carea' id='block_1_107' title="bbox 2013 4464 3631 4538">
    <p class='ocr_par' dir='ltr' id='par_1_107' title="bbox 2013 4464 3631 4538">
     <span class='ocr_line' id='line_1_107' title="bbox 2013 4464 3631 4538; baseline 0.002 -20"><span class='ocrx_word' id='word_1_731' title='bbox 2013 4466 2181 4535; x_wconf 88' lang='lat' dir='ltr'><strong>cepta</strong></span> <span class='ocrx_word' id='word_1_732' title='bbox 2210 4464 2393 4531; x_wconf 89' lang='lat' dir='ltr'><strong>fuere,</strong></span> <span class='ocrx_word' id='word_1_733' title='bbox 2437 4464 2530 4519; x_wconf 90' lang='lat' dir='ltr'><strong>diu</strong></span> <span class='ocrx_word' id='word_1_734' title='bbox 2577 4465 2769 4533; x_wconf 85' lang='lat' dir='ltr'><strong>fuisse,</strong></span> <span class='ocrx_word' id='word_1_735' title='bbox 2804 4466 2922 4521; x_wconf 91' lang='lat' dir='ltr'><strong>imo</strong></span> <span class='ocrx_word' id='word_1_736' title='bbox 2958 4483 3065 4538; x_wconf 92' lang='lat' dir='ltr'><strong>per</strong></span> <span class='ocrx_word' id='word_1_737' title='bbox 3090 4484 3295 4534; x_wconf 90' lang='lat' dir='ltr'><strong>unum,</strong></span> <span class='ocrx_word' id='word_1_738' title='bbox 3343 4468 3479 4533; x_wconf 83' lang='lat' dir='ltr'><strong>duo,</strong></span> <span class='ocrx_word' id='word_1_739' title='bbox 3520 4468 3631 4523; x_wconf 89' lang='lat' dir='ltr'><strong>tria</strong></span> 
     </span>
    </p>
   </div>
   <div class='ocr_carea' id='block_1_108' title="bbox 2014 4553 3631 4624">
    <p class='ocr_par' dir='ltr' id='par_1_108' title="bbox 2014 4553 3631 4624">
     <span class='ocr_line' id='line_1_108' title="bbox 2014 4553 3631 4624; baseline 0.003 -17"><span class='ocrx_word' id='word_1_740' title='bbox 2014 4557 2111 4608; x_wconf 93' lang='lat' dir='ltr'><strong>aut</strong></span> <span class='ocrx_word' id='word_1_741' title='bbox 2140 4553 2316 4608; x_wconf 90' lang='lat' dir='ltr'><strong>etiam</strong></span> <span class='ocrx_word' id='word_1_742' title='bbox 2349 4555 2513 4624; x_wconf 91' lang='lat' dir='ltr'><strong>plura</strong></span> <span class='ocrx_word' id='word_1_743' title='bbox 2543 4556 2748 4609; x_wconf 75' lang='lat' dir='ltr'><strong>saecula</strong></span> <span class='ocrx_word' id='word_1_744' title='bbox 2772 4555 2831 4609; x_wconf 93' lang='lat' dir='ltr'><strong>in</strong></span> <span class='ocrx_word' id='word_1_745' title='bbox 2856 4556 3104 4610; x_wconf 90' lang='lat' dir='ltr'><strong>Ecclesia</strong></span> <span class='ocrx_word' id='word_1_746' title='bbox 3124 4556 3360 4623; x_wconf 90' lang='lat' dir='ltr'><strong>credita,</strong></span> <span class='ocrx_word' id='word_1_747' title='bbox 3393 4559 3543 4612; x_wconf 88' lang='lat' dir='ltr'><strong>culta</strong></span> <span class='ocrx_word' id='word_1_748' title='bbox 3573 4561 3631 4612; x_wconf 90' lang='lat' dir='ltr'><strong>et</strong></span> 
     </span>
    </p>
   </div>
   <div class='ocr_carea' id='block_1_109' title="bbox 2012 4642 3628 4718">
    <p class='ocr_par' dir='ltr' id='par_1_109' title="bbox 2012 4642 3628 4718">
     <span class='ocr_line' id='line_1_109' title="bbox 2012 4642 3628 4718; baseline 0.002 -21"><span class='ocrx_word' id='word_1_749' title='bbox 2012 4642 2308 4698; x_wconf 88' lang='lat' dir='ltr'><strong>ebservata</strong></span> <span class='ocrx_word' id='word_1_750' title='bbox 2330 4642 2507 4710; x_wconf 88' lang='lat' dir='ltr'><strong>dicat,</strong></span> <span class='ocrx_word' id='word_1_751' title='bbox 2541 4643 2612 4698; x_wconf 92' lang='lat' dir='ltr'><strong>de</strong></span> <span class='ocrx_word' id='word_1_752' title='bbox 2637 4643 3042 4699; x_wconf 82' lang='lat' dir='ltr'><strong>traditionibus</strong></span> <span class='ocrx_word' id='word_1_753' title='bbox 3071 4645 3274 4700; x_wconf 89' lang='lat' dir='ltr'><strong>divinis</strong></span> <span class='ocrx_word' id='word_1_754' title='bbox 3314 4648 3371 4700; x_wconf 93' lang='lat' dir='ltr'><strong>et</strong></span> <span class='ocrx_word' id='word_1_755' title='bbox 3392 4649 3628 4718; x_wconf 85' lang='lat' dir='ltr'><strong>aposto-</strong></span> 
     </span>
    </p>
   </div>
   <div class='ocr_carea' id='block_1_110' title="bbox 2011 4730 3629 4805">
    <p class='ocr_par' dir='ltr' id='par_1_110' title="bbox 2011 4730 3629 4805">
     <span class='ocr_line' id='line_1_110' title="bbox 2011 4730 3629 4805; baseline 0.001 -19"><span class='ocrx_word' id='word_1_756' title='bbox 2011 4730 2133 4786; x_wconf 91' lang='lat' dir='ltr'><strong>licis</strong></span> <span class='ocrx_word' id='word_1_757' title='bbox 2158 4730 2394 4785; x_wconf 90' lang='lat' dir='ltr'><strong>indubie</strong></span> <span class='ocrx_word' id='word_1_758' title='bbox 2418 4732 2693 4803; x_wconf 89' lang='lat' dir='ltr'><strong>loquitur;</strong></span> <span class='ocrx_word' id='word_1_759' title='bbox 2713 4734 3245 4805; x_wconf 80' lang='lat' dir='ltr'><strong>«quemadmodum</strong></span> <span class='ocrx_word' id='word_1_760' title='bbox 3272 4737 3466 4788; x_wconf 89' lang='lat' dir='ltr'><strong>autem</strong></span> <span class='ocrx_word' id='word_1_761' title='bbox 3489 4735 3629 4788; x_wconf 87' lang='lat' dir='ltr'><strong>nihil</strong></span> 
     </span>
    </p>
   </div>
   <div class='ocr_carea' id='block_1_111' title="bbox 2014 4819 3624 4893">
    <p class='ocr_par' dir='ltr' id='par_1_111' title="bbox 2014 4819 3624 4893">
     <span class='ocr_line' id='line_1_111' title="bbox 2014 4819 3624 4893; baseline 0.001 -20"><span class='ocrx_word' id='word_1_762' title='bbox 2014 4819 2211 4890; x_wconf 90' lang='lat' dir='ltr'><strong>(verba</strong></span> <span class='ocrx_word' id='word_1_763' title='bbox 2240 4823 2374 4874; x_wconf 88' lang='lat' dir='ltr'><strong>sunt</strong></span> <span class='ocrx_word' id='word_1_764' title='bbox 2404 4821 2781 4893; x_wconf 87' lang='lat' dir='ltr'><strong>Papebrochii</strong></span> <span class='ocrx_word' id='word_1_765' title='bbox 2802 4823 2984 4878; x_wconf 89' lang='lat' dir='ltr'><strong>nostri</strong></span> <span class='ocrx_word' id='word_1_766' title='bbox 3013 4823 3073 4877; x_wconf 89' lang='lat' dir='ltr'><strong>in</strong></span> <span class='ocrx_word' id='word_1_767' title='bbox 3090 4823 3205 4877; x_wconf 88' lang='lat' dir='ltr'><strong>suis</strong></span> <span class='ocrx_word' id='word_1_768' title='bbox 3229 4823 3301 4876; x_wconf 92' lang='lat' dir='ltr'><strong>ad</strong></span> <span class='ocrx_word' id='word_1_769' title='bbox 3314 4823 3624 4876; x_wconf 84' lang='lat' dir='ltr'><strong>Exhibitio-</strong></span> 
     </span>
    </p>
   </div>
   <div class='ocr_carea' id='block_1_112' title="bbox 2014 4910 3625 4981">
    <p class='ocr_par' dir='ltr' id='par_1_112' title="bbox 2014 4910 3625 4981">
     <span class='ocr_line' id='line_1_112' title="bbox 2014 4910 3625 4981; baseline 0.002 -20"><span class='ocrx_word' id='word_1_770' title='bbox 2014 4924 2150 4962; x_wconf 91' lang='lat' dir='ltr'><strong>nem</strong></span> <span class='ocrx_word' id='word_1_771' title='bbox 2175 4924 2438 4963; x_wconf 90' lang='lat' dir='ltr'><strong>errorum</strong></span> <span class='ocrx_word' id='word_1_772' title='bbox 2472 4910 2959 4981; x_wconf 78' lang='lat' dir='ltr'><strong>Responsionibus</strong></span> <span class='ocrx_word' id='word_1_773' title='bbox 2999 4911 3238 4966; x_wconf 86' lang='lat' dir='ltr'><strong>articulo</strong></span> <span class='ocrx_word' id='word_1_774' title='bbox 3274 4914 3359 4978; x_wconf 82' lang='lat' dir='ltr'><strong>l9,</strong></span> <span class='ocrx_word' id='word_1_775' title='bbox 3383 4911 3625 4980; x_wconf 76' lang='lat' dir='ltr'><strong>num.x1)</strong></span> 
     </span>
    </p>
   </div>
   <div class='ocr_carea' id='block_1_113' title="bbox 2015 4996 3630 5071">
    <p class='ocr_par' dir='ltr' id='par_1_113' title="bbox 2015 4996 3630 5071">
     <span class='ocr_line' id='line_1_113' title="bbox 2015 4996 3630 5071; baseline 0.003 -21"><span class='ocrx_word' id='word_1_776' title='bbox 2015 5013 2119 5069; x_wconf 93' lang='lat' dir='ltr'><strong>pro</strong></span> <span class='ocrx_word' id='word_1_777' title='bbox 2140 4996 2331 5050; x_wconf 91' lang='lat' dir='ltr'><strong>divina</strong></span> <span class='ocrx_word' id='word_1_778' title='bbox 2359 5000 2416 5051; x_wconf 89' lang='lat' dir='ltr'><strong>et</strong></span> <span class='ocrx_word' id='word_1_779' title='bbox 2455 5000 2769 5068; x_wconf 87' lang='lat' dir='ltr'><strong>apostolica</strong></span> <span class='ocrx_word' id='word_1_780' title='bbox 2802 5000 3109 5056; x_wconf 85' lang='lat' dir='ltr'><strong>traditione</strong></span> <span class='ocrx_word' id='word_1_781' title='bbox 3146 4999 3438 5071; x_wconf 91' lang='lat' dir='ltr'><strong>recipitur,</strong></span> <span class='ocrx_word' id='word_1_782' title='bbox 3473 5016 3630 5071; x_wconf 82' lang='lat' dir='ltr'><strong>quou</strong></span> 
     </span>
    </p>
   </div>
   <div class='ocr_carea' id='block_1_114' title="bbox 2016 5086 3629 5160">
    <p class='ocr_par' dir='ltr' id='par_1_114' title="bbox 2016 5086 3629 5160">
     <span class='ocr_line' id='line_1_114' title="bbox 2016 5086 3629 5160; baseline 0.003 -21"><span class='ocrx_word' id='word_1_783' title='bbox 2016 5102 2082 5140; x_wconf 89' lang='lat' dir='ltr'><strong>ex</strong></span> <span class='ocrx_word' id='word_1_784' title='bbox 2114 5086 2325 5140; x_wconf 88' lang='lat' dir='ltr'><strong>sanctis</strong></span> <span class='ocrx_word' id='word_1_785' title='bbox 2377 5088 2641 5144; x_wconf 85' lang='lat' dir='ltr'><strong>Patribus</strong></span> <span class='ocrx_word' id='word_1_786' title='bbox 2676 5106 2795 5143; x_wconf 92' lang='lat' dir='ltr'><strong>non</strong></span> <span class='ocrx_word' id='word_1_787' title='bbox 2839 5089 3117 5160; x_wconf 88' lang='lat' dir='ltr'><strong>probatur</strong></span> <span class='ocrx_word' id='word_1_788' title='bbox 3171 5088 3427 5159; x_wconf 89' lang='lat' dir='ltr'><strong>ipsorum</strong></span> <span class='ocrx_word' id='word_1_789' title='bbox 3460 5092 3629 5144; x_wconf 67' lang='lat' dir='ltr'><strong>inlato</strong></span> 
     </span>
    </p>
   </div>
   <div class='ocr_carea' id='block_1_115' title="bbox 2014 5175 3631 5251">
    <p class='ocr_par' dir='ltr' id='par_1_115' title="bbox 2014 5175 3631 5251">
     <span class='ocr_line' id='line_1_115' title="bbox 2014 5175 3631 5251; baseline 0.001 -20"><span class='ocrx_word' id='word_1_790' title='bbox 2014 5175 2185 5231; x_wconf 82' lang='lat' dir='ltr'><strong>fuisse</strong></span> <span class='ocrx_word' id='word_1_791' title='bbox 2217 5177 2584 5233; x_wconf 86' lang='lat' dir='ltr'><strong>observatum</strong></span> <span class='ocrx_word' id='word_1_792' title='bbox 2616 5180 2676 5234; x_wconf 93' lang='lat' dir='ltr'><strong>in</strong></span> <span class='ocrx_word' id='word_1_793' title='bbox 2718 5179 2965 5235; x_wconf 90' lang='lat' dir='ltr'><strong>Ecclesia</strong></span> <span class='ocrx_word' id='word_1_794' title='bbox 2992 5178 3315 5247; x_wconf 89' lang='lat' dir='ltr'><strong>universali,</strong></span> <span class='ocrx_word' id='word_1_795' title='bbox 3348 5182 3631 5251; x_wconf 82' lang='lat' dir='ltr'><strong>tanquam</strong></span> 
     </span>
    </p>
   </div>
   <div class='ocr_carea' id='block_1_116' title="bbox 2018 5266 3631 5341">
    <p class='ocr_par' dir='ltr' id='par_1_116' title="bbox 2018 5266 3631 5341">
     <span class='ocr_line' id='line_1_116' title="bbox 2018 5266 3631 5341; baseline 0.001 -20"><span class='ocrx_word' id='word_1_796' title='bbox 2018 5266 2090 5321; x_wconf 88' lang='lat' dir='ltr'><strong>ab</strong></span> <span class='ocrx_word' id='word_1_797' title='bbox 2120 5266 2284 5321; x_wconf 90' lang='lat' dir='ltr'><strong>initio</strong></span> <span class='ocrx_word' id='word_1_798' title='bbox 2314 5266 2390 5322; x_wconf 92' lang='lat' dir='ltr'><strong>sic</strong></span> <span class='ocrx_word' id='word_1_799' title='bbox 2439 5269 2751 5338; x_wconf 90' lang='lat' dir='ltr'><strong>traditum;</strong></span> <span class='ocrx_word' id='word_1_800' title='bbox 2801 5269 2879 5322; x_wconf 89' lang='lat' dir='ltr'><strong>ita</strong></span> <span class='ocrx_word' id='word_1_801' title='bbox 2909 5284 3014 5322; x_wconf 91' lang='lat' dir='ltr'><strong>nec</strong></span> <span class='ocrx_word' id='word_1_802' title='bbox 3045 5269 3350 5336; x_wconf 87' lang='lat' dir='ltr'><strong>humanas,</strong></span> <span class='ocrx_word' id='word_1_803' title='bbox 3381 5272 3631 5341; x_wconf 70' lang='lat' dir='ltr'><strong>praztcn-</strong></span> 
     </span>
    </p>
   </div>
   <div class='ocr_carea' id='block_1_117' title="bbox 2016 5356 3631 5430">
    <p class='ocr_par' dir='ltr' id='par_1_117' title="bbox 2016 5356 3631 5430">
     <span class='ocr_line' id='line_1_117' title="bbox 2016 5356 3631 5430; baseline 0.001 -20"><span class='ocrx_word' id='word_1_804' title='bbox 2016 5372 2106 5410; x_wconf 90' lang='lat' dir='ltr'><strong>sas</strong></span> <span class='ocrx_word' id='word_1_805' title='bbox 2132 5358 2193 5409; x_wconf 92' lang='lat' dir='ltr'><strong>ut</strong></span> <span class='ocrx_word' id='word_1_806' title='bbox 2229 5356 2392 5422; x_wconf 90' lang='lat' dir='ltr'><strong>tales,</strong></span> <span class='ocrx_word' id='word_1_807' title='bbox 2428 5357 2750 5427; x_wconf 83' lang='lat' dir='ltr'><strong>prudenter</strong></span> <span class='ocrx_word' id='word_1_808' title='bbox 2796 5356 3181 5426; x_wconf 88' lang='lat' dir='ltr'><strong>admittimus,</strong></span> <span class='ocrx_word' id='word_1_809' title='bbox 3225 5374 3351 5430; x_wconf 72' lang='lat' dir='ltr'><strong>quae</strong></span> <span class='ocrx_word' id='word_1_810' title='bbox 3378 5359 3468 5413; x_wconf 88' lang='lat' dir='ltr'><strong>vel</strong></span> <span class='ocrx_word' id='word_1_811' title='bbox 3498 5374 3631 5412; x_wconf 89' lang='lat' dir='ltr'><strong>cum</strong></span> 
     </span>
    </p>
   </div>
   <div class='ocr_carea' id='block_1_118' title="bbox 2016 5444 3637 5520">
    <p class='ocr_par' dir='ltr' id='par_1_118' title="bbox 2016 5444 3637 5520">
     <span class='ocr_line' id='line_1_118' title="bbox 2016 5444 3637 5520; baseline 0.002 -22"><span class='ocrx_word' id='word_1_812' title='bbox 2016 5444 2354 5499; x_wconf 91' lang='lat' dir='ltr'><strong>certioribus</strong></span> <span class='ocrx_word' id='word_1_813' title='bbox 2401 5444 2836 5501; x_wconf 87' lang='lat' dir='ltr'><strong>auctoritatibus</strong></span> <span class='ocrx_word' id='word_1_814' title='bbox 2876 5450 3160 5520; x_wconf 88' lang='lat' dir='ltr'><strong>pugnant,</strong></span> <span class='ocrx_word' id='word_1_815' title='bbox 3211 5447 3298 5502; x_wconf 90' lang='lat' dir='ltr'><strong>vel</strong></span> <span class='ocrx_word' id='word_1_816' title='bbox 3349 5446 3637 5519; x_wconf 85' lang='lat' dir='ltr'><strong>nequivis-</strong></span> 
     </span>
    </p>
   </div>
   <div class='ocr_carea' id='block_1_119' title="bbox 2016 5533 3641 5612">
    <p class='ocr_par' dir='ltr' id='par_1_119' title="bbox 2016 5533 3641 5612">
     <span class='ocr_line' id='line_1_119' title="bbox 2016 5533 3641 5612; baseline 0.005 -23"><span class='ocrx_word' id='word_1_817' title='bbox 2016 5536 2146 5603; x_wconf 87' lang='lat' dir='ltr'><strong>sent</strong></span> <span class='ocrx_word' id='word_1_818' title='bbox 2189 5533 2260 5591; x_wconf 91' lang='lat' dir='ltr'><strong>ab</strong></span> <span class='ocrx_word' id='word_1_819' title='bbox 2312 5535 2751 5609; x_wconf 50' lang='lat' dir='ltr'><strong>antiquioribus</strong></span> <span class='ocrx_word' id='word_1_820' title='bbox 2800 5554 2918 5594; x_wconf 92' lang='lat' dir='ltr'><strong>non</strong></span> <span class='ocrx_word' id='word_1_821' title='bbox 2976 5538 3181 5612; x_wconf 88' lang='lat' dir='ltr'><strong>attingi</strong></span> <span class='ocrx_word' id='word_1_822' title='bbox 3218 5537 3548 5612; x_wconf 86' lang='lat' dir='ltr'><strong>aliquando,</strong></span> <span class='ocrx_word' id='word_1_823' title='bbox 3594 5538 3641 5597; x_wconf 87' lang='lat' dir='ltr'><strong>si</strong></span> 
     </span>
    </p>
   </div>
  </div>
