4224 6058
503 267 606 323 215
1321 267 1379 324 s.
1431 265 1774 325 BRUNONIS
1819 259 2453 327 CARTHUSIANORUM
2493 269 2961 327 INSTITUTORIS
3062 251 3066 255 ’
3710 273 3816 327 216

501 407 653 448 verm
672 391 884 449 forent.
930 415 960 446 ι(
985 394 1060 449 At
1073 409 1229 462 vero,
1255 392 1501 467 inquies,
1534 393 1688 450 unde
1709 409 1848 466 ergo
1867 393 1937 450 de
1953 393 2110 450 Pari-
2129 395 2186 456 Α
2208 395 2466 466 horrere,
2500 413 2613 470 quo
2639 397 2872 452 territus
2895 399 3087 454 Bruno
3121 395 3326 453 dicitur
3353 411 3619 452 eremum
3650 410 3824 468 pene-

502 481 675 538 siensi
712 481 1072 556 prodigio,’si
1100 483 1411 540 traditione
1426 501 1561 538 vera
1585 486 1886 554 acceptum
1905 482 1963 538 id
1993 501 2109 539 non
2208 488 2407 542 trasse.
2432 506 2464 539 ››

500 573 592 639 sit,
629 576 786 628 ortus
814 589 933 628 esse
973 577 1162 646 potest
1190 574 1460 641 incertus,
1489 577 1551 628 ut
1577 576 1695 628 vult
1716 573 2022 644 Launoius,
2049 573 2109 629 in
2283 574 2439 629 Orbis
2479 594 2803 631 amarescens
2825 576 3104 631 claudessit
3125 575 3360 647 pondere
3381 577 3587 638 mortis,

501 663 1019 719 Carthusianorum
1051 663 1305 718 clausiris
1333 663 1793 718 rumor‘Hlludne
1825 662 1884 716 hi
1915 663 2108 718 forsan
2277 662 2354 718 Et
2385 666 2548 718 trahit
2569 665 2638 719 ad
2656 669 2875 736 speciem
2904 667 3148 719 humanm
3168 682 3270 736 per
3287 665 3438 719 devia
3468 666 3643 719 sortis.

497 753 922 810 conﬁnxerint?
940 755 1025 808 Ita
1042 753 1164 808 fere
1185 753 1359 808 etiam
1381 752 1499 808 bini
1519 753 1876 808 Carthusiani
1895 768 2110 824 anony—
2277 751 2480 822 Mergit
2504 760 2553 806 et
2583 754 2762 808 exsilio
2783 756 3130 824 propriorum
3155 771 3376 824 quaegue
3402 754 3662 807 tabescens
3702 770 3718 806 :

494 845 578 899 mi
600 860 772 914 supra
794 842 1028 897 laudati.
1062 843 1294 911 Verum,
1325 843 1427 898 etsi
1448 843 1508 897 id
1538 861 1862 915 anonymus
1888 843 2106 916 primo-
2282 841 2433 895 Unde
2464 844 2702 896 tumescis
2731 844 2882 896 homo
2905 845 3059 897 miser
3084 843 3183 895 hac
3216 849 3372 896 aetate
3400 857 3663 897 senescens

493 950 626 988 rum
657 933 910 1004 quinque
934 932 1245 986 Carthusize
1279 932 1538 1005 priorum
1563 934 1949 1004 chronologus
1973 948 2108 986 vera
2273 929 2446 984 Fonte
2475 929 2812 1001 Carybdineo
2836 933 3089 1001 mergeris
3112 930 3184 986 ad
3216 931 3405 984 ultima
3434 931 3557 999 ﬁnis
3588 948 3604 985 :

488 1021 931 1077 traditionenon
952 1020 1210 1078 didicisse
1231 1024 1894 1092 statuatur,consequens
1907 1024 2105 1076 tamen
2270 1018 2357 1073 Ac
2385 1021 2518 1073 cinis
2550 1021 2604 1074 in
2637 1022 2833 1074 cineres
2851 1019 3062 1074 solveris
3090 1027 3150 1073 ut
3177 1020 3366 1073 umbra
3395 1019 3642 1074 lucernis.

490 1111 625 1166 hinc
653 1127 769 1165 non
802 1110 894 1177 sit,
924 1113 987 1164 ut
1012 1110 1071 1164 id
1098 1112 1184 1165 vel
1214 1127 1282 1165 ex
1308 1111 1526 1166 incerto
1551 1127 1787 1166 rumore
1815 1111 1902 1165 vel
1922 1110 2102 1164 eCar-
2270 1107 2374 1162 Est
2403 1105 2552 1161 labor
2571 1109 2683 1179 ejus
2715 1126 2887 1171 amor,
2919 1115 2968 1160 et
2999 1108 3376 1162 inextricabilis
3397 1125 3570 1173 error,

486 1197 885 1254 thusianorum
917 1198 1291 1270 antiquorum
1304 1199 1604 1270 ﬁgmentis
1632 1199 1940 1271 acceperit.
1956 1199 2104 1263 Quid
2269 1195 2495 1267 Defectu
2518 1197 2670 1267 cujus
2688 1199 2926 1250 animam
2945 1197 3311 1266 complectitur
3323 1197 3533 1258 horror,

483 1289 529 1343 si
556 1287 717 1342 enim
760 1287 1056 1343 horrenda
1106 1287 1368 1343 damnati
1416 1288 1656 1343 historia
1683 1304 1802 1343 non
1852 1289 2101 1363 publice,
2268 1283 2566 1357 Postquam
2594 1285 2798 1340 nudata
2826 1286 2996 1356 fuerit
3026 1285 3091 1338 de
3115 1301 3326 1338 carcere
3347 1287 3524 1338 carnis

485 1378 589 1433 sed
613 1377 767 1432 intra
796 1376 1047 1449 privatas
1085 1377 1340 1432 defuncti
1379 1378 1533 1433 aedes
1566 1395 1764 1433 coram
1792 1377 1987 1450 paucis
2007 1394 2100 1432 ac-
2278 1372 2380 1427 Vel
2401 1373 2621 1428 Satanae
2649 1374 2871 1428 ducibus
2890 1373 2992 1427 huc
3014 1375 3364 1445 circumsepta
3392 1375 3633 1428 catervis.

483 1466 706 1533 ciderit,
752 1466 1145 1540 temporisque
1197 1466 1405 1522 deinde
1454 1469 1619 1540 lapsu
1671 1467 1728 1521 in
1793 1466 2097 1537 adjunctis,
2271 1460 2427 1527 Quod
2450 1470 2683 1516 metuens
2705 1465 2972 1516 animosus
3003 1462 3059 1515 in
3082 1463 3178 1516 hoc
3209 1462 3513 1518 discrimine
3535 1461 3724 1517 Bruno

483 1555 643 1610 nullo
665 1554 798 1610 licet
826 1554 1248 1611 interveniente
1276 1556 1581 1627 figmento,
1605 1554 1778 1610 fuerit
1802 1553 2101 1626 corrupta?
2267 1549 2502 1605 Servitia
2518 1559 2772 1622 penetrat
2801 1567 3036 1605 eremum
3069 1553 3374 1604 certaminis
3401 1568 3530 1617 uno,

493 1642 641 1698 Fieri
669 1660 808 1698 sane
853 1643 910 1698 id
938 1644 1207 1715 potuisse,
1257 1661 1327 1699 ex
1363 1643 1516 1698 infra
1542 1643 1799 1699 dicendis
1823 1644 2096 1716 patescat,
2268 1639 2490 1712 Linquit
2518 1657 2636 1711 opes
2669 1639 2955 1712 mundique
2983 1638 3159 1702 decus,
3190 1656 3256 1693 ne
3273 1638 3447 1710 gloria
3461 1655 3623 1710 poma

481 1731 563 1786 uti
586 1733 644 1787 et
670 1732 897 1801 modus,
923 1749 1037 1806 quo
1059 1732 1277 1788 factum
1305 1749 1426 1788 esse
1448 1735 1642 1804 queat.
2119 1718 2171 1778 Β
2265 1727 2399 1783 Fiat
2424 1730 2482 1782 in
2513 1730 2808 1795 interitum,
2837 1731 2946 1784 etc.

482 1853 666 1927 §XXI-
715 1854 850 1910 Alia
903 1855 1149 1927 quedam
1203 1856 1461 1925 facientia
1505 1872 1610 1925 pro
1667 1852 1938 1927 ρνφάέθίο,
1995 1867 2098 1927 qua
2202 1818 2454 1927 ηῗίῗίῖἒῖ
2483 1815 2680 1927 SIT}?
2708 1817 2852 1927 Ξῗῗῖἶ
2873 1815 3819 1927 Pii"???Eifiisit‘iifirlit‘i‘fi?

550 1926 732 1980 doctor
772 1907 1114 1995 Parisiensis,
1147 1907 1253 1981 sese
1281 1907 1621 1988 damnatum,
1667 1907 1936 1979 adstanti,
1958 1907 2098 1976 niul-

2197 1907 2456 1960 canonici
2489 1907 2675 1961 amico
2709 1907 2964 1960 Brunoni
2987 1910 3358 1977 parentantes
3380 1907 3582 1977 (Titulo
3604 1922 3819 1979 nempe

553 1997 777 2051 titudini
818 1998 1031 2068 publice
1086 1992 1113 2051 e
1160 1999 1362 2068 feretro
1409 1997 1770 2068 denuntiarit,
1826 1997 2099 2068 rationum
2199 1992 2352 2048 inter
2380 1994 2740 2049 recudendos
2770 1992 2890 2065 109)
2920 1993 3220 2048 succinunt
3251 2011 3263 2048 :
3300 2015 3328 2043 »

551 2066 1166 2155 momenta—afferuntur,
1198 2075 1248 2155 et
1273 2087 1350 2155 an
1375 2085 1438 2122 ex
1467 2069 1547 2150 his
1580 2067 1788 2155 tandem
1824 2066 1956 2121 illud
1978 2081 2098 2120 vero
2270 2081 2317 2136 0
2343 2100 2430 2137 υοε
2458 2083 2745 2144 mundani,
2773 2085 2870 2155 qui
2886 2100 2941 2136 νε
2958 2083 3201 2152 gaudetis
3232 2085 3404 2146 inani,

549 2138 720 2192 “mue
743 2146 1028 2211 utcumque
1053 2157 1160 2194 non
1185 2139 1305 2209 ﬁat’
1338 2145 1699 2193 ﬂammatur”
2267 2169 2516 2241 Spernite
2541 2171 2811 2227 culturam
2843 2173 3019 2225 carnis
3045 2173 3220 2226 subito
3235 2174 3562 2243 perituram.

552 2245 718 2309 Quod
761 2261 792 2300 e
821 2244 998 2300 titulis
1028 2245 1386 2313 funebribus,
1434 2244 1593 2316 queis
1640 2244 1849 2300 Sancto
1900 2245 2095 2298 nostro

1955 2245 2095 2298 35m)
2270 2257 2477 2331 Corpus
2500 2262 2642 2314 enim
2657 2267 2867 2315 vastum
2894 2263 3046 2315 varia
3065 2261 3394 2332 pinguedine
3404 2269 3623 2333 pastum

481 2333 742 2389 Ecclesiae
771 2334 1238 2407 monasteriaque
1271 2334 1494 2390 diversa
1523 2335 1924 2408 parentarunt,
1949 2349 2097 2388 non-
2272 2347 2387 2414 Quo
2413 2351 2584 2420 magis
2614 2350 2886 2420 impletur,
2909 2351 3166 2420 putidum
3191 2353 3365 2421 magis
3397 2352 3678 2420 efﬁcietur.
3755 2391 3763 2399 κ

479 2423 779 2490 nulli,eum
799 2440 829 2478 e
843 2422 1168 2479 divinorum
1175 2422 1529 2494 judiciorum
1543 2422 1868 2494 infernique
1889 2422 2097 2476 timore

2000 2437 2097 2511 (πθ
2271 2436 2386 2492 Cur
2417 2440 2789 2510 impinguatur
2817 2457 2962 2500 caro,
2989 2457 3096 2511 qua
3124 2441 3314 2494 vermis
3339 2443 3571 2494 satiatur
3592 2443 3622 2494 ?
3662 2503 3668 2509 _

479 2511 540 2566 in
565 2527 830 2566 eremum
858 2513 1170 2579 secessisse,
1202 2511 1358 2567 haud
1390 2512 1627 2567 obscure
1656 2511 1932 2576 indicent,
1963 2509 2097 2563 hinc
2271 2526 2386 2581 cur
2417 2509 2545 2582 0,1,0
2573 2531 2814 2599 cupimus
2844 2509 3143 2600 boum—qua,
3169 2532 3389 2584 νειίηενρ
3407 2531 3724 2602 nequimus?

481 2598 540 2654 in
590 2599 697 2688 illis
730 2600 804 2655 ad
852 2602 1172 2666 luctuosam
1208 2601 1469 2656 damnati
1501 2599 1752 2656 doctoris
1793 2598 2094 2688 historiam
2270 2615 2412 2683 Quos
2431 2618 2569 2671 male
2596 2617 2797 2672 sedum
2821 2598 3072 2681 munda;
3088 2636 3190 2688 Per
3212 2619 3364 2673 devia
3379 2598 3544 2683 duc—it,

481 2687 678 2778 alludis
711 2705 1036 2778 βηοοῖῐηαδ
1074 2690 1370 2744 Τι’δθίᾶίαε
1400 2690 1471 2744 de
1509 2687 1565 2743 S-
1602 2689 1871 2778 13mm"?
1903 2703 1936 2740 ³
1967 2686 2098 2778 Car"
2264 2704 2343 2758 Et
2365 2712 2642 2759 sectatores
2670 2709 2844 2760 cernis
2860 2708 3008 2777 fallit
3022 2686 3123 2778 per
3140 2708 3380 2771 honores,

480 2776 760 2832 thusianis
803 2778 1095 2848 hujatibus
1144 2795 1376 2834 mecum
1435 2775 1850 2832 communicati
1898 2777 2098 2830 auctor

1942 2777 2098 2830 αοίοτ
2269 2791 2594 2866 Blandaque
2604 2775 2913 2865 pretendit,
2941 2775 3069 2848 dum
3089 2796 3237 2850 nobis
3265 2799 3397 2850 retia
3427 2797 3610 2852 tendit.

481 2865 731 2936 conjicit;
751 2867 905 2938 quod
947 2866 1208 2922 siautem
1225 2867 1299 2922 ad
1317 2867 1561 2923 feralem
1599 2870 1870 2922 eventum
1910 2865 2100 2936 reipsa

1856 2885 1870 2921 ι
1910 2865 2100 2936 τείρεα
2265 2881 2369 2936 Est
2393 2889 2443 2936 et
2469 2865 2526 2936 in
2556 2883 2651 2936 hoc
2676 2883 2874 2937 mundo
2903 2884 3192 2938 mundanis
3209 2885 3524 2949 sollicitudo,

479 2952 541 3009 in
575 2953 742 3069 di‘ctisI
773 2954 1309 3069 Titulis'alludatur,
1366 2973 1726 3069 consequeps
1756 2957 1862 3069 e‘s‘t,
1910 2957 1974 3010 ut
2007 2953 2099 3054 hic
2128 3011 2147 3069 ί

1962 2961 1974 3010 ἱ
2007 2953 2099 3054 hic
2128 3009 2174 3069 Ο
2267 2971 2538 3044 Poenaque
2567 2971 3034 3044 lucraturptenam
3056 2991 3072 3038 ;
3097 2991 3219 3028 caro
3237 2975 3311 3028 bis
3337 2977 3630 3029 cruciatur.

481 3059 601 3098 non
624 3046 852 3127 tantum
880 3044 1170 3112 acciderit,
1187 3062 1389 3101 verum
1413 3045 1589 3100 etiam
1611 3047 1674 3100 ut
1694 3044 1922 3116 publice
1953 3043 2099 3100 acci-
2128 3043 2149 3069 ‘

1999 3043 2099 3100 εϐί-
2128 3043 2174 3069 υ
2272 3059 2384 3126 Qui
2411 3059 2558 3114 lucra
2589 3067 2878 3124 sectantur,
2900 3061 3075 3115 subita
3101 3080 3223 3117 nece
3237 3066 3667 3134 praecipitantur,

481 3130 856 3204 derit,utpote
869 3150 1043 3205 quem
1060 3133 1314 3206 alioquin
1339 3133 1591 3189 ecclesiae
1609 3133 2101 3204 monasteriaque,

2054 3148 2101 3224 εῖν
2271 3147 2350 3202 Et
2377 3149 2603 3203 subeunt
2631 3157 2849 3203 antrum
2875 3167 3058 3203 carnes
3079 3169 3371 3224 animatque
3393 3153 3722 3207 barathrum.

483 3236 733 3310 (Ιιιρτιιηι
781 3220 821 3275 ii
849 3225 1002 3290 sunt:
1034 3225 1404 3294 Perspecmm
1444 3222 1602 3277 hand
1631 3221 1989 3278 Ῑιθδυίεεθηῖ·
2024 3221 2104 3275 N3
2273 3234 2410 3290 Haec
2440 3238 2569 3290 satis
2594 3243 3134 3307 attentepertractans
3153 3220 3344 3293 Bruno
3371 3245 3603 3310 repente,

485 3308 625 3380 quid
683 3309 896 3382 itaque,
947 3312 1103 3383 quod
1163 3311 1428 3383 prodigio
1461 3310 1764 3367 Parisiensi
1792 3315 2106 3382 utcumque

1907 3327 2106 3382 Imque
2279 3324 2377 3379 Ille
2399 3328 2782 3395 magistrorum
2804 3326 2980 3394 decus,
3015 3311 3327 3397 informatio
3347 3308 3575 3392 morum,

488 3397 682 3453 favere
736 3399 916 3454 videri
970 3402 1178 3470 potest,
1238 3400 1668 3455 inobservatum
1737 3403 2104 3472 praeteream,
2273 3413 2581 3485 Remigium
2609 3415 2776 3468 (urbe
2795 3414 3066 3470 Remensis
3096 3417 3274 3488 major
3299 3420 3356 3472 in
3381 3419 3512 3474 urbe

486 3485 709 3575 laudati
733 3486 980 3542 auctoris
1007 3488 1286 3559 anonymi
1309 3489 1503 3556 verba,
1544 3491 1934 3544 memoratam
1966 3505 2103 3544 con-
2272 3501 2545 3557 Μαηάωη
2569 3504 2822 3575 despexit,
2853 3506 2956 3559 ξιον
2989 3505 3060 3559 αά
3079 3485 3302 3561 εωιέεηῃ
3321 3508 3491 3575 ﬂexit,

480 3574 774 3646 jacturam
821 3576 1285 3648 complectentis,
1314 3595 1432 3632 una
1466 3594 1598 3632 cum
1645 3576 1824 3632 titulis
1852 3577 2105 3635 funebri-

1895 3578 2105 3635 lnebl‘i-
2280 3591 2486 3646 Vilibus
2511 3574 2730 3647 indutus
2740 3596 2940 3664 pannis
2972 3600 3042 3656 te,
3076 3574 3563 3659 Christe,secutus,

487 3663 594 3757 bus
623 3665 827 3757 quibus
869 3666 1018 3721 hanc
1063 3665 1159 3722 ille
1191 3666 1550 3757 superstruit,
1606 3667 1717 3757 huc
1759 3667 2098 3757 transcribo,
2269 3681 2420 3736 Huic
2442 3684 2608 3752 igitur
2631 3663 2757 3736 mli
2761 3690 2992 3754 pateant
3019 3685 3322 3757 populoque
3348 3684 3513 3754 ﬁdeli,

489 3751 698 3808 deinde
738 3753 935 3823 etiam,
969 3771 1096 3827 quae
1125 3771 1256 3809 mea
1282 3755 1391 3810 hac
1423 3755 1494 3810 de
1535 3771 1598 3810 re
1641 3755 1713 3810 sit
1748 3755 1964 3828 opinio,
1997 3755 2098 3811 ad-

1847 3756 1964 3824 Πίον
1997 3755 2098 3811 δά·
2273 3769 2412 3826 Cum
2437 3788 2539 3843 quo
2572 3771 2782 3826 laetatur
2802 3771 2960 3826 Brun
2971 3790 3022 3837 o,
3037 3790 3236 3844 semper
3257 3776 3513 3829 sociatur.

479 3841 805 3936 j‘}1_lc_i:ur‘1_3-
833 3843 924 3900 Sic
951 3845 1171 3936 habet“
1201 3861 1214 3899 ε
1249 3863 1282 3896 (κ
1301 3843 1511 3899 Veram
1546 3843 1695 3899 illius
1715 3844 1792 3915 (S-
1816 3845 2100 3936 Βτιξξξοξιίε
2270 3862 2394 3915 561.
2424 3841 2460 3913 ᾇ
2479 3861 2738 3915 Monachi
2771 3878 3000 3934 quoque
3028 3841 3220 3918 Sari—eti
3261 3863 3533 3918 Germani
3557 3864 3821 3936 ejusdem

487 3931 766 4024 Videlicet)
788 3950 1077 3989 secessus”
1121 3933 1181 3987 in
1213 3949 1478 4024 ιπθωιιιη
1524 3948 1804 4024 “causa?
1834 3933 1977 4024 Pulli
2021 3933 2102 4024 ita
2201 3948 2356 4004 urbis
2387 3949 2742 4021 (Parisiensis
2764 3931 3003 4023 nempe)
3037 3954 3327 4008 tertantur
3357 3931 3632 4024 (inTitulo
3652 3953 3821 4010 fune-

487 4019 751 4114 apprijne
783 4037 1133 4114 eosngscere
1155 4023 1495 4114 ροίτιιθτυηιτ
1527 4037 1708 4114 qua":
1728 4021 2008 4114 Ecclesia
2036 4023 2100 4114 _in
2200 4038 2289 4094 bri
2327 4019 2604 4094 nimirum
2635 4038 2722 4110 2e)
2746 4019 3079 4095 Brunonem
3106 4041 3295 4097 ultimi
3317 4019 3520 4114 judicii
3548 4043 3820 4099 recorda-

488 4123 604 4178 qua
634 4106 873 4163 Sanctus
895 4108 1034 4164 olim
1066 4111 1266 4180 egerat
1290 4107 1655 4177 canonicum,
1676 4109 1898 4165 Sanctae
1914 4111 2101 4168 Mariae
2198 4127 2357 4184 tione
2380 4106 2861 4201 pel-tenendum
2892 4128 3064 4184 fuisse
3087 4145 3100 4185 ε
3125 4148 3158 4182 κ,

488 4195 787 4292 Βξειηεξηείε
829 4196 1110 4265 οᾶηοῐιίοί,
1140 4197 1238 4270 qni
1278 4214 1409 4253 eam
1453 4214 1554 4252 δυθ
1581 4197 1789 4268 Titum:
1823 4199 1920 4272 qui
1951 4199 2102 4258 inter
2268 4195 2541 4273 Mentibus
2560 4218 2618 4271 in
2641 4218 2836 4271 nostris
2879 4217 3085 4273 deberet
3097 4235 3297 4292 semper
3325 4219 3512 4275 haberi

485 4284 742 4342 edendos
760 4287 955 4342 locum
979 4288 1242 4354 Sitenet,
1264 4287 1343 4341 sic
1365 4286 1664 4342 insinuant
1695 4305 1709 4345 :
2119 4314 2153 4374 Ι

2119 4314 2173 4374 D
2268 4307 2410 4371 Lux,
2434 4308 2491 4360 in
2511 4323 2617 4378 qua
2640 4306 2858 4376 reprobi
2878 4307 3022 4362 mala
3054 4284 3255 4373 tollent,
3269 4325 3360 4363 seu
3392 4309 3527 4364 bona
3540 4309 3699 4381 justi.

555 4391 764 4448 Judicis
788 4411 1006 4451 examen
1033 4395 1248 4449 venturi
1275 4393 1466 4448 Bruno
1483 4411 1787 4466 pavescens,
2266 4395 2432 4450 Hanc
2459 4397 2636 4450 timuit
2665 4395 2880 4459 Bruno,
2909 4397 3102 4467 sophiae
3127 4399 3223 4470 qui
3246 4415 3398 4454 verus
3429 4405 3661 4458 amator.

554 4480 872 4538 Mundanas
901 4486 1208 4556 contempsit
1230 4500 1372 4555 opes,
1402 4501 1738 4557 eremumque
1761 4487 1993 4558 petivit;
2195 4483 2273 4538 Ex
2302 4484 2390 4539 his
2418 4487 2477 4538 et
2506 4483 2848 4556 quibusdam
2880 4485 3003 4540 aliis
3043 4486 3240 4555 titulis,
3289 4486 3388 4560 qui
3417 4487 3627 4544 similia
3656 4489 3808 4545 indi-

553 4569 737 4644 Atque
763 4575 940 4627 suavis
971 4575 1048 4628 ibi
1071 4575 1285 4644 fructus
1309 4575 1482 4628 emisit
1509 4573 1704 4637 odoris,
2192 4577 2343 4643 cant;
2373 4591 2492 4630 non
2524 4571 2771 4628 absurde
2796 4575 3122 4645 conjectare
3171 4591 3494 4646 possumus,
3524 4577 3810 4633 Brunonis

551 4659 649 4715 Ad
677 4659 950 4716 Christum
976 4680 1244 4731 revocans,
1273 4679 1401 4734 quos
1427 4662 1602 4732 gloria
1624 4679 1764 4716 vana
1786 4663 2001 4734 fefellit.
2191 4663 2408 4719 amicos
2459 4662 2516 4716 in
2562 4662 2642 4718 eis
2681 4662 2958 4735 implicita
2991 4664 3244 4719 allusisse
3275 4665 3509 4720 redivivi
3551 4666 3807 4724 hominis

553 4751 677 4804 359.
701 4772 728 4800 «
748 4751 1078 4824 Radulphus
1103 4751 1307 4806 Viridis
1321 4750 1716 4822 praepositum}
1734 4751 2012 4822 dignitate
2029 4751 2090 4807 in
2189 4752 2533 4826 spectaculo;
2554 4751 2679 4807 illos
2711 4768 2845 4807 vero
2866 4768 2986 4807 non
3009 4753 3160 4808 clare
3190 4753 3492 4808 historiam
3509 4753 3804 4826 designas-

479 4854 550 4894 ea
569 4839 806 4895 ecclesia
820 4844 946 4895 tum
967 4841 1276 4913 gaudebat,
1292 4840 1388 4912 qui
1405 4840 1599 4895 forsan
1619 4841 1789 4911 hujus
1810 4841 1959 4896 tituli
1989 4859 2088 4897 au-
2188 4857 2268 4908 se,
2302 4858 2374 4895 ne
2406 4841 2628 4895 famam
2659 4841 2808 4895 illius
2846 4840 3082 4913 ejusque
3110 4843 3674 4914 consanguineorum
3690 4842 3808 4898 vio-

477 4932 604 4983 ctor
618 4928 1130 4996 adinvitationem,
1163 4945 1276 5001 qua
1298 4929 1469 5000 paulo
1492 4930 1626 4982 ante
1644 4944 1749 5000 per
1781 4929 2088 5000 epistolam
2186 4930 2307 4984 lare
2337 4929 2690 4986 viderentur.
2725 4930 2998 4984 Fatemur
3033 4931 3239 4986 eadem
3279 4930 3350 4986 de
3377 4930 3634 5002 quolibet
3663 4931 3801 4999 alio,

475 5015 547 5071 ad
581 5017 967 5073 monasticum
980 5018 1243 5073 habitum
1273 5034 1341 5071 ex
1367 5020 1498 5072 voto
1518 5015 1881 5071 induendum
1903 5035 1937 5072 a
1955 5019 2090 5073 Bru-
2187 5017 2407 5072 mundo
2435 5017 2808 5084 valedicente,
2829 5018 2989 5089 cujus
3010 5017 3396 5073 conversionis
3422 5034 3592 5073 causa
3637 5021 3800 5087 latet,

473 5121 630 5159 none
692 5106 957 5162 incitatus
993 5107 1202 5174 fuerat,
1253 5105 1425 5160 tacite
1485 5103 1686 5158 alludit
1729 5105 1816 5160 his
1863 5106 2080 5162 verbis:
2185 5106 2294 5161 dici
2339 5122 2526 5179 posse,
2566 5105 2668 5160 sed
2726 5122 2858 5160 cum
2913 5107 3068 5178 apud
3131 5123 3334 5162 omnes
3371 5107 3802 5164 Carthusienses

469 5211 505 5245 α
523 5192 613 5247 Ad
633 5192 921 5251 Christum
938 5211 1212 5250 revocans
1246 5209 1389 5266 quos
1419 5192 1603 5263 gloria
1619 5208 1767 5246 vana
1796 5193 2015 5249 fefellit.
2049 5217 2078 5246 ››
2182 5210 2412 5266 semper
2436 5197 2628 5248 ratum
2658 5193 2849 5262 fuerit,
2883 5195 3212 5250 Brunonem
3239 5211 3304 5248 ex
3325 5194 3616 5250 horrendo
3640 5195 3803 5252 dam-

466 5281 731 5337 Ecclesite
749 5283 1020 5338 Remensi
1049 5283 1431 5356 adstipulatur
1456 5278 1816 5351 particularis
1846 5282 2082 5338 ecclesia
2186 5283 2311 5338 nati
2338 5282 2600 5354 magistri
2615 5281 2831 5354 judicio
2849 5284 3253 5338 tremefactum
3277 5283 3496 5338 mundo
3514 5283 3803 5339 abrenun-

464 5369 950 5428 S.Bartholomeei
974 5371 1038 5426 in
1071 5375 1271 5428 monte
1302 5371 1398 5439 0r,
1427 5386 1546 5426 non
1577 5369 1750 5440 longe
1777 5371 1850 5424 ab
1872 5371 2079 5427 eadem
2178 5373 2368 5440 tiasse,
2417 5373 2604 5445 gravis
2639 5371 2775 5426 inde
2816 5373 3151 5444 conjectura
3193 5372 3435 5439 elicitur,
3467 5373 3624 5428 idem
3646 5373 3800 5444 judio

461 5455 608 5514 urbe
645 5459 860 5529 dissita,
906 5462 1069 5533 cujus
1089 5461 1364 5533 elogium,
1388 5459 1541 5514 inter
1561 5458 1778 5514 Titulos
1805 5457 2078 5517 funebres
2177 5462 2330 5517 cium
2349 5463 2408 5517 in
2437 5461 2853 5534 praedictorum
2889 5462 3190 5517 titulorum
3239 5461 3427 5517 verbis
3485 5463 3793 5525 contineri.

455 5543 714 5607 edendos
734 5547 936 5609 ordine
965 5551 1062 5618 65,
1096 5550 1288 5610 totum
1313 5551 1399 5608 est
1427 5549 1499 5607 de
1529 5545 1736 5607 mortis
1773 5551 1833 5605 et
1862 5547 2075 5610 inferni
2177 5550 2290 5610 Cur
2315 5549 2476 5608 enim
2503 5546 2676 5606 amici
2713 5548 2767 5607 ei
2799 5548 3110 5622 chariores,
3139 5549 3238 5625 qui
3258 5548 3478 5624 optime
3507 5551 3798 5610 callebant
