4026 6042
284 334 397 391 217

1867 322 2049 381 ACTA

3513 334 3616 389 218

289 472 568 530 quasnam
588 453 738 512 illius
757 450 1147 511 conversionis
1174 466 1345 508 causa
1371 450 1569 519 fuerit,
1592 467 1711 507 non
1738 449 1909 506 aliam
1933 454 1987 514 Α
2012 449 2203 520 batur,
2218 450 2445 523 opinor,
2478 449 2868 521 cerdiderunt,
2891 451 2993 508 sed
3007 450 3229 524 decepti
3257 453 3417 510 fuere
3448 454 3521 511 ab
3551 453 3621 511 iis

288 548 510 619 praeter
525 540 946 612 mortis,judicii
966 544 1024 596 et
1044 539 1257 595 inferni
1275 540 1545 595 timorem
1563 539 1913 594 attulerunt?
2012 539 2108 612 qui
2139 539 2451 612 pingendae
2484 540 2566 595 rei
2589 540 2747 596 falsae.
2777 545 3191 612 argumentum
3226 541 3551 610 dederunt;
3582 562 3617 596 »

290 633 410 688 Cur
429 631 572 687 nihil
592 632 662 686 de
691 632 960 687 Manassae
987 628 1300 684 Simoniaci
1328 627 1911 695 accusationibus,aut
2011 631 2083 684 ad
2102 630 2301 701 priora
2327 634 2521 685 autem
2540 631 2618 685 ita
2634 632 2865 702 reponit
2889 649 2900 686 :
2924 631 3213 686 «Vidimus
3226 648 3453 703 quoque
3478 633 3623 687 mul-

289 721 417 793 ejus
462 719 743 793 perversis
786 719 1045 774 moribus
1078 717 1907 785 meminerunt,siBrunonem

289 811 352 865 in
400 826 669 864 eremum
699 807 1079 880 impulerunt,
1132 809 1196 861 ut
1236 805 1522 861 Launoius
1544 824 1611 860 ex
1636 805 1907 861 Guiberto

290 896 617 953 necessario
651 896 924 968 consequi
956 896 1118 952 vult?
1155 915 1183 945 »
1230 897 1314 949 Ita
1359 895 1636 949 hactenus
1666 894 1780 960 illc,
1810 892 1906 965 qui

289 1002 429 1040 cum
455 986 728 1052 fateatur,
753 1001 1131 1058 quascumque
1159 984 1217 1039 in
1231 983 1428 1038 Titulis
1447 982 1782 1038 funebribus
1797 982 1909 1037 huc

279 1074 415 1146 jam
447 1073 804 1145 transcriptis
833 1073 1071 1146 aliisque
1110 1072 1501 1139 continentur,
1545 1088 1664 1126 esse
1711 1071 1906 1141 hujus-

291 1162 478 1231 modi,
512 1166 575 1218 ut
605 1162 677 1217 de
708 1162 965 1235 quolibet
993 1162 1127 1230 alio,
1161 1161 1259 1234 qui
1293 1160 1513 1216 mundo
1541 1160 1905 1228 valedicerct,

288 1250 518 1324 possint
544 1249 934 1323 pronuntiari,
968 1249 1235 1305 formatae
1263 1266 1298 1304 a
1323 1265 1385 1304 se
1416 1265 1481 1303 ex
1512 1247 1666 1303 hisce
1688 1248 1909 1319 conjec-

289 1342 442 1395 turae
486 1341 736 1395 multum
771 1338 998 1395 roboris
1038 1356 1157 1395 non
1202 1338 1412 1407 inesse,
1469 1338 1626 1393 haud
1670 1338 1908 1393 obscure

292 1428 593 1500 agnoscit;
626 1447 741 1502 qua
768 1445 906 1484 sane
952 1428 1012 1484 in
1042 1446 1106 1484 re
1138 1427 1572 1484 assentiendum
1606 1427 1657 1482 ei
1682 1426 1774 1482 hic
1801 1430 1905 1494 est,

293 1518 379 1572 uti
402 1516 790 1573 consideranti
817 1516 1057 1590 patebit.
1089 1516 1177 1572 Ad
1215 1517 1328 1572 alia
1365 1515 1564 1584 modo,
1626 1533 1754 1589 quae
1803 1530 1908 1586 pro

291 1606 629 1678 prodigiosa
661 1605 911 1661 doctoris
952 1605 1197 1662 anastasi
1240 1605 1431 1662 facere
1478 1608 1791 1677 utcumque
1826 1604 1908 1659 vi-

291 1694 529 1761 dentur,
556 1694 1025 1767 progrediamur.

2008 723 2097 776 tos
2124 720 2407 790 ejusmodi
2429 720 2625 788 libros,
2652 720 2709 775 in
2755 720 2960 792 quibus
3002 720 3143 775 nihil
3174 722 3288 775 tale
3319 737 3620 792 compare-

2008 810 2126 865 bat.
2148 809 2259 863 Cur
2276 812 2468 863 autem
2499 808 2557 863 in
2583 809 2922 881 quibusdam
2947 809 3280 864 Parisiensis
3300 812 3358 864 et
3376 810 3623 864 aliarum

2008 899 2325 954 diceceseon
2358 899 2513 953 libris
2541 900 2631 954 hae
2663 899 2863 971 ﬁgura:
2898 902 2956 953 et
2995 899 3278 971 imagines
3309 891 3620 972 pingeren-

2007 989 2119 1055 tur,
2186 986 2244 1040 in
2304 987 2428 1042 aliis
2496 986 2897 1059 pingerentur,
2969 987 3236 1057 conjiciet
3291 986 3388 1059 qui
3426 988 3619 1041 volue-

2006 1076 2100 1132 rit.
2134 1077 2245 1131 Nos
2280 1077 2479 1130 tamen
2535 1075 2751 1131 auctori
2783 1076 3080 1147 (Saussaeio
3124 1075 3406 1147 videlicet)
3440 1075 3618 1130 fidem

2006 1165 2306 1220 habemus.
2338 1164 2451 1220 Sed
2493 1165 2582 1219 hie
2609 1165 2813 1236 figurae
2845 1168 2902 1219 et
2933 1165 3221 1237 imagines
3246 1164 3455 1220 nullius
3485 1166 3621 1219 Sunt

2007 1253 2313 1321 momenti,
2357 1270 2489 1308 cum
2540 1253 2605 1308 iis
2646 1257 2870 1308 tantem
2918 1253 3228 1309 fulciantur
3268 1251 3617 1319 auctoribus,

2008 1359 2150 1416 quos
2180 1342 2504 1414 rejecimus.
2539 1343 2643 1397 Eas
2674 1358 2806 1398 vero
2838 1341 3143 1414 imagines,
3175 1359 3303 1414 quae
3337 1340 3621 1396 Brunonis

2010 1435 2274 1504 tempore
2305 1430 2546 1504 depictas
2579 1435 2788 1499 essent,
2844 1435 3123 1504 tanquam
3166 1430 3421 1487 veritatis
3446 1431 3621 1485 testes

2009 1522 2514 1592 amplecteremur.
2531 1542 2559 1570 »
2575 1522 2660 1576 Ita
2677 1520 2960 1576 Launoius
2987 1538 3000 1589 ;
3023 1523 3081 1575 et
3107 1537 3244 1575 sane
3272 1518 3618 1575 rectissime:

2009 1627 2041 1662 »
2072 1610 2149 1663 Ex
2197 1609 2434 1680 picturis
2482 1609 2640 1665 enim
2673 1613 2731 1664 et
2786 1607 3152 1681 imaginibus,
3197 1607 3278 1663 uti
3322 1605 3531 1662 deinde
3561 1605 3620 1661 in

2008 1697 2432 1753 Dissertationis
2480 1716 2596 1753 suae
2634 1715 2760 1770 cap.
2801 1700 2831 1751 3
2878 1696 3242 1752 conculsione
3272 1695 3469 1764 tradit,
3502 1710 3618 1749 non

367 1781 493 1839 362.
528 1782 816 1839 Saussteus
849 1783 910 1838 in
933 1782 1274 1839 didascalica
1311 1801 1412 1839 sua
1446 1783 1715 1855 Epistola,
1737 1797 1910 1853 supra
1936 1781 1987 1841 B
2008 1790 2144 1842 ante
2175 1786 2423 1842 solidum
2456 1789 2868 1858 argumentum
2900 1785 3029 1840 duci
3061 1788 3269 1857 potest,
3305 1800 3479 1856 quam
3508 1796 3622 1855 quo

291 1871 421 1944 plus
445 1873 625 1927 semel
645 1872 770 1943 jam
796 1872 1050 1940 laudata,
1072 1890 1199 1945 quae
1217 1889 1372 1929 anno
1395 1875 1530 1928 1643
1561 1872 1711 1945 typis
1743 1872 1907 1926 Colo-

290 1960 589 2016 niensibus
618 1962 680 2017 in
708 1962 899 2016 lucem
931 1961 1166 2034 prodiit,
1201 1961 1261 2015 in
1294 1960 1630 2016 Parisiensis
1656 1956 1909 2031 prodigii

289 2049 615 2105 subsidium
644 2050 820 2105 etiam
851 2052 1014 2105 vocat
1035 2049 1318 2122 imagines
1351 2052 1411 2105 et
1458 2050 1746 2104 celebrem
1774 2040 1908 2103 Car-

287 2138 497 2193 thusiaa
556 2137 890 2195 Parisiensis
927 2137 1233 2211 picturam,
1281 2137 1590 2194 horibilem
1648 2134 1908 2193 damnati

290 2225 547 2282 doctoris
573 2227 873 2283 historiam
907 2227 1315 2301 exprimentes.
1342 2229 1421 2282 Ac
1448 2227 1637 2301 primo
1670 2225 1907 2299 quidem

292 2314 364 2369 de
384 2315 496 2371 hoc
509 2318 855 2388 argumento
878 2333 1012 2389 pag.
1028 2319 1096 2372 22
1117 2315 1194 2371 sic
1220 2315 1450 2371 scribit:
1499 2314 1908 2370 «Accedebant

289 2403 494 2475 figurae
523 2408 581 2459 et
609 2404 916 2477 imagines,
945 2404 1149 2476 quibus
1193 2404 1489 2460 funestum
1522 2404 1663 2460 illud
1683 2407 1903 2476 specta-

289 2492 487 2547 culum
539 2493 1086 2565 repreesantabatur.
1138 2493 1235 2549 Ha:
1288 2510 1568 2565 expressa:
1618 2496 1787 2548 erant
1843 2494 1904 2548 in

291 2595 590 2635 sacrarum
624 2582 1210 2654 precatiuncnlarum,
1243 2600 1385 2655 quas
1417 2584 1595 2639 Horas
1629 2582 1902 2650 vocitant,

290 2669 579 2737 libellulis,
612 2670 733 2725 imo
764 2670 941 2725 etiam
987 2671 1048 2726 in
1100 2671 1399 2727 Breviariis
1448 2673 1687 2745 aliquot,
1732 2674 1905 2743 atque

287 2757 605 2815 Missalibus
648 2775 767 2815 non
825 2760 1001 2816 modo
1039 2761 1209 2832 hujus
1265 2760 1620 2834 (Parisiensis
1672 2758 1903 2832 nempe)

290 2846 684 2915 dimcesis,sed
703 2847 947 2903 aliarum
967 2866 1197 2923 quoque
1215 2849 1731 2906 nonnullarum.Ac
1744 2852 1905 2907 dein-

291 2937 363 2992 de
385 2937 591 2992 eadem
608 2953 741 3010 pag.
776 2940 845 2993 22
866 2937 946 2992 sic
977 2938 1182 2994 habet:
1225 2940 1466 3012 Insuper
1493 2941 1908 2998 ostendebatur

292 3025 460 3081 nobis
474 3025 712 3081 celebris
727 3026 824 3081 illa
839 3026 1215 3099 pictura,quas
1237 3027 1296 3082 in
1309 3028 1645 3084 monasterii
1666 3030 1903 3085 Patrum

290 3114 808 3171 Carthusianorum
832 3114 1005 3187 hujus
1038 3116 1414 3190 (Parisiensis)
1454 3117 1612 3173 urbis
1655 3120 1901 3176 claustro

291 3202 553 3258 Ecclesiae
598 3203 999 3276 propinquiori
1031 3205 1357 3261 etiamnum
1388 3207 1664 3275 cernitur,
1693 3208 1902 3263 seriem

287 3291 619 3361 exprimens
645 3293 774 3347 vitae
805 3292 999 3348 miseri
1059 3293 1227 3365 hujus
1276 3295 1531 3352 hominis
1584 3300 1643 3351 et
1692 3297 1903 3353 funesti

287 3395 548 3434 excessus
574 3379 1014 3453 horrendaque
1047 3380 1199 3437 illius
1226 3383 1640 3453 damnationis,
1673 3387 1747 3441 ab
1780 3386 1902 3459 ipso

288 3466 521 3538 publice
547 3466 608 3521 in
640 3467 879 3522 ecclesia
898 3471 1027 3540 post
1049 3472 1302 3524 mortem
1333 3471 1658 3541 declaratis,
1683 3476 1741 3529 et
1761 3474 1907 3546 ejec-

289 3554 469 3610 tionis
483 3555 605 3627 ejus
617 3554 906 3611 cadaveris
934 3555 993 3611 in
1020 3556 1335 3628 profanum
1358 3560 1550 3616 locum
1565 3561 1904 3617 horribilem

289 3644 719 3716 catastrophen.
742 3666 771 3695 »
823 3645 955 3700 Haec
990 3645 1131 3715 ille;
1190 3664 1395 3703 verum
1455 3648 1530 3703 ad
1585 3650 1907 3722 posteriora

293 3732 582 3788 Launoius
612 3733 672 3789 in
700 3750 803 3789 sua
832 3733 904 3790 de
938 3751 1074 3790 vera
1104 3751 1275 3791 causa
1303 3753 1555 3792 secessus
1585 3736 1643 3792 S.
1686 3739 1906 3794 Bruno-

292 3821 385 3879 nis
414 3821 474 3877 in
505 3839 769 3879 eremum
804 3823 1216 3880 Dissertatione
1244 3825 1324 3883 ita
1352 3826 1694 3898 respondet:
1733 3850 1760 3879 «
1779 3828 1908 3884 Haec

291 3911 522 3984 pictura
548 3912 693 3968 nihil
721 3914 847 3984 plus
875 3913 1050 3968 habet
1073 3913 1447 3984 auctoritatis,
1475 3932 1651 3988 quam
1678 3916 1808 3973 libri
1839 3934 1910 3974 ex

294 4000 504 4072 quibus
526 4001 813 4074 originem
828 4002 1024 4058 trahit.
1044 4002 1419 4075 Designatum
1441 4010 1788 4077 argumento
1805 4022 1906 4062 suo

295 4091 537 4161 tempus
560 4106 681 4146 non
710 4090 954 4159 excedit,
981 4091 1083 4146 sed
1119 4092 1296 4164 longo
1328 4096 1458 4165 post
1479 4092 1776 4151 intervallo
1818 4112 1906 4151 se-

297 4177 517 4249 quitur.
550 4179 639 4235 Λᾶ
672 4196 895 4235 annum
942 4179 1155 4253 quippe
1202 4182 1341 4236 1582
1376 4181 1667 4238 delineata
1708 4187 1813 4252 est,
1847 4188 1910 4241 ut

295 4266 578 4340 scriptum
617 4285 805 4342 nuper
844 4268 1148 4324 videbatur
1204 4285 1379 4341 super
1418 4280 1674 4341 portam,
1725 4290 1840 4345 qua
1875 4290 1908 4330 e

1925 3075 1972 3135 C

2009 1891 2286 1946 expressae
2318 1874 2552 1941 fuerint,
2584 1878 2807 1929 certum
2838 1876 3066 1944 tempus
3091 1872 3399 1928 definiatur
3426 1889 3441 1940 ;
3474 1870 3622 1926 ratio

2009 1966 2203 2018 autem
2235 1966 2340 2031 est,
2372 1963 2529 2035 quia,
2581 1966 2642 2017 ut
2688 1962 2907 2017 ibidem
2940 1961 3117 2017 etiam
3158 1959 3338 2028 addit,
3372 1959 3623 2032 pictores

2010 2052 2083 2106 ad
2103 2052 2401 2124 exemplar
2442 2068 2660 2119 rerum,
2690 2068 2817 2124 qua:
2847 2068 2949 2105 suo
2993 2053 3259 2122 tempore
3309 2048 3623 2102 creduntur

2007 2140 2200 2213 vulgo,
2258 2142 2343 2195 vel
2378 2142 2684 2213 geruntur,
2732 2137 3081 2211 imaginines
3125 2154 3256 2193 suas
3309 2135 3620 2192 efformare

2008 2230 2219 2297 solent,
2250 2228 2333 2285 ita
2361 2233 2444 2298 ut,
2478 2228 2523 2284 si
2556 2229 2846 2300 fingamus
2872 2227 3194 2298 imaginem
3222 2242 3350 2299 quas
3384 2226 3615 2280 centum

2007 2322 2106 2374 aut
2124 2318 2400 2374 ducentos
2413 2318 2620 2374 abhinc
2633 2335 2816 2374 annos
2836 2317 3062 2389 depicta
3082 2316 3174 2384 sit,
3200 2312 3616 2370 consectarium

2004 2407 2265 2463 futurum
2298 2407 2390 2475 sit,
2423 2423 2573 2474 rem,
2606 2424 2733 2479 quae
2785 2422 2855 2462 ea
2885 2404 3193 2472 exhibitur,
3228 2403 3307 2459 ita
3336 2405 3473 2457 tunc
3495 2418 3619 2456 cre-

2006 2496 2188 2551 ditam
2229 2496 2420 2566 vulgo,
2476 2496 2562 2550 vel
2611 2497 2836 2567 gestam
2890 2511 3078 2549 esse.»
3121 2492 3262 2548 Hinc
3312 2488 3618 2547 Parisiensi

2003 2583 2270 2658 prodigio
2301 2584 2479 2640 fidem
2504 2584 2810 2640 conciliare
2838 2584 3156 2656 nequeunt,
3196 2581 3403 2654 quibus
3439 2578 3499 2634 id
3526 2595 3621 2634 ex-

2004 2674 2294 2746 primitur,
2328 2691 2427 2729 seu
2457 2673 2738 2746 imagines
2762 2676 2821 2728 et
2841 2672 3078 2745 picturae
3099 2669 3289 2726 saeculi
3315 2668 3506 2741 quarti
3521 2668 3619 2724 de-

2006 2763 2162 2831 cimi,
2203 2780 2366 2819 num.
2402 2766 2507 2818 220
2541 2762 2634 2817 hic
2670 2764 3034 2828 memoratae,
3090 2777 3189 2815 seu
3239 2758 3487 2825 tabellae,
3518 2756 3621 2812 0r-

2006 2851 2155 2906 dinis
2172 2851 2589 2907 Carthusiensis
2615 2849 2841 2906 statutis
2866 2852 2923 2905 et
2936 2846 3447 2904 consuetudinibus
3467 2860 3622 2901 anno

2009 2943 2146 2996 1510
2206 2940 2439 2995 Basilea:
2494 2938 2712 2994 excusis
2771 2938 3065 3009 praeﬁxae;
3113 2935 3205 2990 hic
3244 2934 3401 2990 enim
3451 2949 3625 3004 argu-

2005 3030 2204 3084 mento
2228 3029 2507 3084 duntaxat
2517 3030 2670 3096 sunt,
2697 3027 2938 3082 feralem
2953 3024 3254 3080 historiam
3271 3026 3397 3077 tum
3415 3021 3622 3077 saeculo

2003 3120 2209 3190 quarto
2262 3117 2510 3184 decrmo,
2541 3119 2665 3171 tum
2713 3131 2867 3169 anno
2918 3116 3054 3169 1510
3085 3111 3365 3167 creditam
3396 3109 3569 3165 fuisse
3602 3126 3619 3178 ;

2002 3205 2157 3261 unde
2190 3205 2431 3261 minime
2460 3203 2831 3276 consequitur
2863 3206 2924 3257 ut
2963 3203 3152 3257 locum
3184 3201 3308 3255 huic
3336 3213 3619 3270 umquam

2003 3297 2163 3350 certo
2196 3294 2486 3350 habuerit.
2520 3293 2770 3349 Sedhaac
2791 3292 2863 3347 de
2893 3291 3129 3363 picturis
3154 3286 3620 3360 imaginibusque

2004 3384 2333 3440 luctuosum
2364 3385 2638 3439 eventum
2678 3379 3248 3455 repraesentantibus,
3276 3376 3430 3433 dicta
3467 3373 3622 3431 sufﬂ-

2006 3472 2182 3528 ciant.

2079 3564 2202 3617 364.
2234 3560 2525 3616 Saussseus
2553 3558 2612 3614 in
2627 3558 2920 3615 horribilis
2933 3555 3188 3614 historiae
3207 3553 3616 3630 probationem

2006 3650 2213 3705 eadem
2238 3650 2449 3705 iterum
2464 3665 2598 3720 pag.
2626 3651 2694 3704 22
2709 3647 2973 3721 Epistolas
2995 3664 3110 3702 suae
3133 3645 3488 3701 didascalicaa
3515 3642 3619 3712 ait,

2005 3738 2220 3794 factam
2257 3738 2416 3793 illam
2447 3737 2552 3792 sibi
2596 3754 2662 3791 ex
2696 3754 2764 3792 eo
2810 3734 3284 3807 probabiliorem,
3330 3732 3508 3807 quod,
3536 3729 3620 3787 uti

2005 3827 2387 3896 intellexerat,
2430 3826 2489 3882 in
2544 3824 2851 3881 Parisiensi
2901 3824 2973 3879 de
3018 3822 3311 3879 Defunctis
3357 3819 3554 3878 Officio
3586 3835 3621 3874 e

2007 3915 2277 3973 Lectione
2308 3917 2512 3988 quarta
2538 3914 2677 3969 illud
2702 3913 2873 3985 hujus
2896 3910 3229 3980 exordium,
3264 3933 3293 3962 «
3314 3907 3620 3981 Responde

2008 4005 2174 4074 mihi,
2208 4024 2241 4059 »
2270 4004 2470 4061 fuisset
2523 4002 2835 4077 aliquando
2871 4000 3148 4067 deletum,
3186 3997 3387 4071 «quod
3411 3995 3618 4054 clerico

2008 4093 2069 4149 in
2100 4094 2300 4151 Officio
2331 4092 2548 4149 funeris
2565 4093 2690 4149 haec
2711 4090 2887 4147 verba
2909 4089 2980 4144 de
3012 4104 3178 4144 more
3209 4083 3621 4160 pronuncianti

2008 4183 2373 4256 responderit
2391 4182 2568 4238 miser
2584 4182 2678 4237 ille
2695 4180 3025 4237 defunctus:
3048 4199 3077 4229 ‹‹
3095 4177 3252 4233 Justo
3279 4175 3383 4231 Dei
3400 4172 3621 4246 judicio

2009 4292 2038 4323 »
2063 4274 2357 4328 accusatus
2384 4288 2535 4339 sum,
2598 4269 2809 4326 deinde
2854 4267 3146 4341 judicatus
3180 4281 3331 4333 sum,
3377 4262 3619 4320 demum

294 4355 529 4413 minore
553 4358 671 4413 itur
699 4358 773 4414 ad
800 4358 987 4429 majus
1015 4358 1329 4413 claustrum
1354 4375 1367 4413 :
1402 4376 1607 4432 nuper,
1644 4360 1906 4433 inquam,
1928 4372 1981 4432 1)
2007 4380 2039 4415 ι»
2068 4379 2203 4418 vero
2231 4362 2559 4417 damnatus.
2592 4384 2614 4408 ν
2653 4360 2864 4414 Verum
2918 4354 3114 4413 Sancti
3143 4353 3326 4411 nostri
3363 4354 3534 4410 mtate
3557 4350 3620 4409 in

293 4462 453 4514 cum,
480 4450 739 4502 vertente
777 4446 1057 4520 superiori
1087 4463 1243 4502 anno
1285 4447 1507 4520 pictura
1548 4449 1644 4504 illa
1669 4451 1908 4508 celebris

294 4534 513 4607 partim
536 4536 724 4591 deleta
750 4536 842 4603 sit,
870 4534 1021 4608 parti
1043 4535 1224 4604 novis,
1252 4553 1381 4609 quae
1398 4537 1693 4610 parietinis
1717 4539 1908 4596 adhae-

290 4628 450 4692 rent,
498 4624 1030 4692 substructionibus,
1084 4623 1265 4696 iisque
1306 4641 1438 4680 cum
1476 4625 1738 4698 lapideis,
1780 4630 1906 4684 tum

290 4711 502 4785 ligneis
528 4713 811 4768 arcuatim
842 4712 1130 4784 dispositis
1158 4715 1498 4770 occultetur.

365 4802 492 4857 363.
522 4802 787 4857 «Deinde
834 4804 1133 4858 recentem
1173 4802 1345 4858 fuisse
1386 4803 1636 4875 ﬁguram
1662 4805 1903 4861 omnino

289 4890 614 4946 testabatur
639 4891 831 4947 forma
861 4890 1016 4964 pilei,
1046 4907 1161 4963 quo
1188 4893 1372 4946 tectus
1391 4893 1582 4948 Bruno
1613 4893 1903 4950 auditores

290 4996 428 5035 suos
456 4980 589 5035 hinc
604 4980 739 5035 inde
755 4980 1018 5036 docebat.
1042 4980 1159 5035 Hoc
1178 4979 1336 5035 enim
1359 4980 1560 5051 capitis
1579 4983 1906 5055 cperimen-

290 5071 444 5137 tum,
468 5069 624 5141 quod
656 5068 717 5125 in
750 5069 1037 5125 veteribus
1081 5069 1396 5124 academica
1429 5070 1588 5125 libris
1617 5071 1902 5128 birretum

288 5158 614 5214 rotundum
656 5161 715 5213 et
751 5158 1063 5214 vocabatur
1099 5160 1157 5213 et
1194 5161 1338 5227 erat,
1381 5158 1454 5213 ad
1497 5175 1718 5215 annum
1768 5164 1905 5216 1520

287 5247 462 5301 aliter
486 5246 801 5303 deformari
844 5245 1034 5317 coepit,
1087 5248 1145 5301 et
1174 5246 1234 5300 in
1264 5249 1572 5303 cornutum
1618 5249 1903 5321 quadrum

289 5334 595 5405 desinere;
630 5335 950 5407 cujusmodi
976 5337 1101 5390 erat
1119 5334 1302 5405 pileus
1337 5352 1438 5390 seu
1466 5335 1749 5392 birretum
1778 5353 1905 5407 mae

288 5421 511 5497 gisterii
538 5424 765 5497 insigne
814 5440 950 5497 quo,
970 5426 1035 5479 ut
1054 5422 1321 5492 diximus,
1340 5425 1625 5481 Brunonis
1637 5430 1810 5501 caput
1824 5429 1907 5481 te-

288 5514 558 5585 gebatnr.
611 5514 898 5570 Caeterum
942 5512 1041 5586 qui
1084 5512 1268 5586 pinxit
1310 5513 1663 5587 prodigium,
1710 5519 1771 5572 et
1806 5516 1905 5591 qui

286 5600 507 5659 h'atres
513 5600 677 5678 pingi
695 5605 993 5673 curarunt,
1023 5599 1169 5659 illud
1197 5600 1283 5659 ita
1306 5601 1587 5675 evenisse,
1613 5607 1678 5662 ut
1694 5603 1907 5683 pinge-

2006 4450 2309 4507 Parisiensi
2332 4450 2403 4505 de
2426 4447 2718 4505 Defunctis
2742 4445 2942 4503 Officio
2955 4442 3359 4501 verosimiliter
3371 4442 3461 4498 vel
3489 4441 3619 4497 nul-

2005 4541 2088 4595 las
2114 4539 2284 4594 fuisse
2317 4538 2616 4594 Lectiones
2666 4534 2957 4604 recitatas,
3003 4535 3091 4589 vel
3130 4533 3321 4600 hasce,
3351 4548 3383 4587 e
3414 4529 3623 4604 quibus

2003 4629 2249 4701 proinde
2276 4628 2468 4701 aliqua
2507 4626 2581 4682 ab
2610 4624 2699 4680 his
2739 4624 2945 4692 verbis,
3001 4621 3356 4695 «Responde
3388 4619 3555 4689 mihi,
3586 4640 3618 4670 ››

2004 4718 2330 4790 incepisset,
2363 4734 2395 4772 e
2420 4717 2570 4773 libro
2589 4715 2695 4771 Job
2729 4730 2849 4770 non
2870 4711 3043 4768 fuisse
3073 4712 3468 4783 depromptae,
3492 4709 3621 4781 jam

2002 4825 2178 4881 supra
2208 4806 2455 4863 ostendi.
2493 4807 2622 4861 Jam
2668 4820 2826 4872 vero,
2880 4818 3015 4857 cum
3057 4800 3115 4856 id
3141 4800 3222 4856 ita
3252 4800 3344 4868 sit,
3378 4798 3620 4855 dubium

2004 4918 2141 4957 sane
2173 4899 2492 4956 admodum
2514 4900 2619 4966 est,
2643 4913 2717 4952 ne
2745 4893 2993 4966 amplius
3015 4892 3155 4965 quid
3167 4891 3379 4954 dicam,
3397 4907 3471 4945 an
3483 4905 3620 4946 vera

2002 4988 2395 5064 praedicarint,
2428 4986 2527 5061 qui
2557 4987 2632 5042 ob
2663 5000 2917 5052 causam,
2949 4980 3212 5055 proxime
3229 4978 3480 5034 recitatis
3498 4994 3621 5034 ver-

2003 5079 2089 5136 bis
2129 5093 2482 5151 expressam,
2517 5076 2696 5131 verba
2738 5073 2857 5142 illa,
2914 5078 2944 5124 ἱ(
2966 5068 3269 5142 Responde
3290 5066 3507 5136 mihi,»
3554 5066 3617 5124 in

2003 5166 2309 5225 Parisiensi
2338 5165 2409 5221 de
2451 5163 2743 5221 Defunctis
2784 5160 2983 5219 Ofﬁcio
3027 5176 3061 5215 e
3091 5156 3361 5214 Lectione
3410 5158 3617 5229 quarta

2002 5256 2175 5312 fuisse
2190 5253 2503 5328 aliquando
2517 5271 2581 5308 ex
2588 5250 3085 5325 puncta,Saussa30
3105 5243 3614 5314 retulerunt.Vide,

2005 5359 2133 5415 quae
2158 5344 2268 5397 huc
2310 5340 2630 5415 spectantia
2663 5338 2723 5393 in
2755 5353 2859 5393 sua
2891 5335 2963 5391 de
2991 5351 3127 5390 vera
3156 5350 3327 5390 causa
3367 5347 3618 5389 secessus

2006 5430 2064 5487 S.
2094 5430 2377 5487 Brunonis
2401 5431 2461 5485 in
2506 5441 2772 5484 eremum
2830 5423 3247 5481 Dissertatione
3284 5420 3618 5496 suppeditat

2005 5520 2310 5589 Launoius,
2343 5518 2434 5575 cui
2457 5518 2565 5573 hac
2586 5516 2648 5572 in
2674 5517 2840 5589 parte
2867 5513 3177 5571 ainemine
3194 5510 3618 5569 contradiciin-

2004 5608 2196 5667 venio.
2226 5609 2310 5665 En
2339 5605 2499 5665 aliud
2517 5605 2729 5676 adhuc,
2754 5619 2871 5679 quo
2885 5612 2993 5680 pro
3013 5599 3321 5665 Parisiensi
3338 5598 3615 5675 prodigio
