4026 6042
385 287 490 341 219

1241 289 1298 345 S.
1326 290 1672 347 BRUNONIS
1712 283 2343 348 CARTHUSIANORUM
2380 289 2849 348 INSTITUTORIS

3602 293 3707 349 220

384 409 708 478 adducitur,
728 415 1161 484 argumentum.
1186 415 1247 468 ln
1261 413 1585 483 Parisiensi,
1609 415 1790 483 aiunt,
1809 416 1989 471 eccle-
2011 416 2067 476 Α
2098 432 2204 487 pro
2235 415 2501 489 prodigio
2526 414 2826 471 Parisiensi
2855 415 3010 471 mala
3031 414 3144 470 ﬁde
3165 417 3265 470 aut
3281 415 3485 470 saltem
3508 415 3713 470 imme-

382 499 465 555 sia
493 500 864 555 sanctissimae
903 501 1002 556 Dei
1046 502 1315 557 Genitrici
1356 503 1565 569 dicata,
1624 506 1843 574 capella
1889 507 1992 571 est,

386 604 513 661 quae
546 590 813 643 Damnati
860 591 1078 661 capella
1117 591 1344 657 dicitur,
1387 593 1563 647 hocce
1603 592 1747 647 adeo
1779 609 1995 647 nomen

385 694 420 730 a
459 677 735 732 damnato
769 696 869 733 seu
898 679 1176 735 canonico
1208 697 1308 734 seu
1341 680 1597 747 doctore,
1627 681 1725 752 qui
1758 680 1816 734 in
1845 680 1998 735 dicta

386 766 621 822 ecclesia
643 766 797 837 justo
831 767 933 821 Dei
954 767 1171 838 judicio
1204 785 1263 822 se
1294 772 1646 835 accusatum,
1670 768 1995 839 judicatum

388 869 453 908 ac
491 855 731 909 tandem
762 855 937 909 etiam
962 856 1327 923 damnatum,
1360 855 1586 927 publice
1603 873 1800 912 coram
1832 856 1998 910 innu-

389 958 634 997 numera
644 943 1070 1014 propemodum
1084 944 1278 1016 populi
1292 944 1661 999 multitudine
1681 946 2000 1018 proclama-

383 1031 480 1097 rit,
515 1030 671 1086 haud
716 1032 885 1087 dubie
928 1033 1147 1087 sortita.
1178 1033 1392 1088 Verum
1438 1034 1838 1103 Parisiensem,
1871 1051 1999 1107 quas

386 1120 562 1175 modo
577 1124 778 1189 exstat,
811 1121 869 1176 S.
902 1121 1089 1177 Marias
1114 1123 1415 1178 ecclesiam
1444 1123 1707 1179 nondum
1738 1124 1910 1178 fuisse
1937 1123 1995 1178 S.

384 1208 669 1284 Brunonis
687 1213 856 1265 aetate
880 1215 1249 1279 exstructam,
1276 1212 1447 1267 docet
1476 1229 1580 1267 nos
1608 1213 1894 1268 Robertus
1926 1212 1997 1267 de

382 1297 571 1353 Monte
600 1298 657 1353 iu
692 1298 974 1370 Sigeberti
1021 1301 1353 1371 Appendice
1391 1301 1464 1356 ad
1497 1318 1718 1356 annum
1754 1306 1887 1356 1177
1921 1301 1999 1355 sic

385 1387 676 1443 scribens:
713 1389 1039 1444 «Mauricus
1067 1389 1369 1462 episcopus
1395 1390 1728 1446 Parisiensis
1744 1390 1868 1461 jam
1902 1390 1999 1445 diu

384 1478 488 1543 est,
512 1476 668 1548 quod
690 1464 936 1533 multum
959 1478 1183 1533 laborat
1211 1481 1268 1532 et
1298 1479 1594 1550 proﬁcitin
1620 1478 1999 1534 mdiﬁcatione

383 1566 635 1620 ecclesias
666 1566 957 1636 praadictas
1001 1566 1377 1637 (Parisiensis)
1412 1567 1672 1633 civitatis,
1717 1567 1877 1637 cujus
1906 1583 1998 1620 ca-

385 1656 489 1726 put
503 1653 631 1724 jam
674 1655 993 1724 perfectum
1049 1658 1153 1721 est,
1212 1659 1449 1727 excepto
1493 1655 1703 1726 majori
1736 1654 1995 1710 tectorio.

2095 503 2229 571 rito,
2259 521 2376 560 non
2409 522 2568 559 secus
2595 521 2659 559 ac
2691 505 2973 560 nonnulla
3011 504 3143 570 alia,
3176 503 3268 559 hic
3320 504 3564 575 proinde
3593 519 3710 558 non

2098 593 2500 660 memoranda,
2525 610 2557 647 a
2575 594 2887 664 Polycarpo
2912 592 2982 647 de
2999 593 3055 647 1a
3078 591 3319 660 Riviere,
3339 590 3564 647 Ordinis
3587 592 3722 647 Car-

2095 683 2402 737 thusiensis
2422 683 2681 749 alumno,
2710 682 2973 754 allegari,
2991 672 3369 754 PapebroChii
3388 681 3568 736 nostri
3585 697 3713 737 ver-

2097 771 2204 836 bis,
2243 788 2406 826 num.
2452 773 2551 825 196
2602 772 2712 825 huc
2755 770 3138 842 transcriptis,
3182 787 3521 843 persuasum
3567 773 3712 830 mihi

2096 859 2394 913 haberem.
2413 858 2624 913 Verum
2646 875 2778 913 cum
2802 859 2977 913 modo
3000 858 3345 931 intelligam,
3380 859 3711 933 ﬁeriposse,

2100 952 2163 1002 ut
2190 948 2437 1002 binailla
2467 950 2849 1002 monumenta
2865 964 2899 1001 a
2924 948 3164 1018 praefato
3184 947 3463 1019 scriptore
3481 949 3718 1005 Carthu-

2098 1036 2259 1092 siano
2285 1036 2346 1090 in
2374 1036 2581 1107 Opere,
2616 1036 2772 1108 quod
2812 1035 3090 1106 Angelica
3142 1035 3492 1106 inscribitur,
3529 1038 3714 1110 quod-

2098 1142 2209 1197 que
2241 1141 2395 1179 anno
2425 1123 2563 1179 1626
2597 1123 2745 1195 typis
2778 1123 3256 1196 Lugdunensibus
3283 1122 3342 1178 in
3364 1125 3554 1179 lucem
3587 1142 3716 1198 pro-

2099 1212 2222 1278 diit,
2262 1229 2368 1267 nec
2400 1213 2553 1266 mala
2596 1212 2730 1279 ﬁde,
2771 1228 2874 1266 nec
2915 1211 3091 1266 etiam
3140 1212 3437 1268 immerito
3471 1214 3713 1281 laudari,

2099 1302 2359 1357 adductae
2388 1301 2745 1372 aTheophilo
2764 1301 3079 1372 Raynaudo
3098 1301 3158 1356 in
3181 1302 3419 1356 Hercule
3441 1301 3714 1358 Commo-

2098 1391 2273 1446 diano
2296 1390 2549 1445 rationes
2564 1406 2681 1444 non
2705 1388 2945 1443 memini
2960 1389 3258 1457 suadeant,
3275 1390 3437 1445 lubet
3452 1394 3509 1445 et
3524 1392 3714 1457 hasce,

2100 1483 2418 1551 antequam
2470 1477 2722 1550 prodigii
2766 1477 3099 1532 Parisiensis
3152 1478 3489 1533 discussioni
3534 1480 3714 1534 ﬁnem

2097 1569 2423 1641 imponam,
2450 1567 2647 1622 lectori
2676 1568 2748 1622 ob
2764 1568 2956 1622 oculos
2972 1583 3209 1638 ponere,
3230 1567 3535 1639 simulque,
3556 1567 3717 1639 cujus

2100 1657 2216 1712 sint
2266 1656 2558 1727 ponderis,
2619 1656 2972 1710 examinare.
3018 1655 3365 1728 Raynaudus
3412 1656 3604 1728 itaque
3650 1656 3709 1710 in

385 1742 550 1807 Quod
581 1758 722 1814 Opus
749 1742 791 1796 si
826 1743 1145 1815 perfectum
1183 1743 1376 1809 fuerit,
1404 1760 1521 1798 non
1553 1744 1663 1798 erit
1694 1759 1837 1815 Opus
1858 1743 2001 1798 citra
2022 1735 2072 1794 Β
2099 1746 2381 1818 Opusculo
2423 1744 2542 1811 cit,,
2585 1743 2731 1799 serie
2768 1748 2820 1811 2,
2868 1743 3109 1816 quaesito
3148 1747 3201 1810 3,
3257 1748 3320 1799 ut
3356 1744 3711 1800 fundationis

383 1834 635 1898 montes,
670 1831 759 1885 cui
790 1835 989 1903 aperte
1018 1831 1228 1887 debeat
1249 1832 1591 1905 comparari.
1625 1851 1657 1884 »

458 1921 581 1975 365.
616 1922 690 1973 At
718 1936 874 1988 vero,
904 1920 1086 1988 aiunt,
1109 1937 1177 1976 eo
1207 1921 1356 1988 loco,
1391 1938 1506 1993 quo
1527 1918 1828 1976 Mauricius
1857 1919 2001 1993 epis-

387 2023 563 2079 copus
589 2008 970 2064 Parisiensem
1016 2009 1073 2063 S.
1108 2009 1296 2064 Marias
1349 2010 1651 2064 ecclesiam
1700 2009 1996 2077 exstruxit,

387 2096 500 2152 alia
529 2100 663 2152 ante
692 2097 905 2153 exstitit
934 2098 1192 2165 ecclesia,
1223 2098 1485 2152 damnati
1521 2100 1806 2170 capellam
1838 2115 1997 2153 com-

384 2187 571 2259 plexa,
599 2187 836 2258 haecque
868 2187 925 2241 in
952 2202 1101 2241 novo
1133 2186 1372 2241 aediﬁcio
1396 2186 1503 2241 fuit
1528 2190 1756 2242 retenta
1786 2190 1843 2241 et
1861 2203 1997 2241 con-

384 2279 629 2331 servata.
652 2297 681 2327 «
702 2275 948 2343 Scilicet,
970 2295 1001 2328 »
1023 2275 1103 2331 ait
1130 2277 1257 2331 loco
1285 2275 1545 2347 proxime
1576 2276 1751 2331 citato
1782 2276 1999 2331 ironice

384 2363 691 2431 Launoius,
713 2388 740 2415 ‹‹
770 2364 843 2419 ad
874 2364 1222 2420 memoriam
1249 2365 1332 2419 rei
1364 2367 1540 2420 tanta:
1557 2364 1996 2437 sempiternam,

381 2456 447 2507 ut
476 2469 693 2507 nomen
724 2452 891 2520 illius,
907 2452 996 2507 cui
1010 2454 1318 2525 sepulturas
1336 2453 1522 2507 honos
1543 2453 1862 2524 denegatus
1874 2453 1998 2506 fue-

386 2543 497 2607 rat,
530 2540 768 2595 basilica
785 2540 1393 2596 talicohonestaretur.
1412 2541 1664 2596 Tantum
1699 2541 1884 2607 abest,
1911 2543 1995 2609 ut,

385 2645 564 2700 quem
592 2629 925 2685 Parisiensis
940 2631 1123 2684 clerus
1153 2629 1511 2685 Morbouiam
1539 2629 1698 2684 abire
1725 2629 1994 2700 jusserat,

383 2720 667 2789 perpetua
694 2718 1091 2773 inobscuraret
1105 2718 1331 2774 oblivio.
1353 2720 1416 2772 In
1439 2719 1562 2785 has,
1582 2717 1764 2772 velint
1787 2717 1994 2783 nolint,

381 2807 806 2881 compelluntur
836 2806 1147 2877 angustias,
1173 2805 1270 2878 qui
1304 2822 1505 2860 verum
1536 2822 1571 2859 a
1598 2806 1741 2859 falso
1772 2822 1890 2859 non
1915 2821 1998 2858 se-

381 2897 644 2949 cernunt.
671 2915 699 2943 »
733 2897 816 2949 Ita
845 2893 960 2960 ille,
981 2894 1191 2949 iterum
1217 2894 1496 2949 nimirum
1527 2893 1798 2959 innuens,
1828 2893 1888 2947 in
1916 2893 1997 2947 fa-

2099 1832 2411 1889 Carthusize
2452 1833 2735 1897 chartam,
2784 1832 2843 1886 in
2884 1848 2998 1903 qua
3028 1831 3359 1903 prodigium
3390 1832 3706 1887 Parisiense

2098 1925 2479 1987 memoretur,
2515 1922 2671 1976 mala
2720 1920 2834 1975 ﬁde
2867 1937 2900 1975 a
2951 1921 3266 1992 Polycarpo
3306 1920 3378 1976 de
3407 1921 3463 1976 la
3488 1920 3709 1976 Riviere

2099 2029 2216 2068 non
2251 2011 2422 2065 fuisse
2455 2010 2713 2076 citatam,
2743 2009 3120 2076 ostendat,sic
3149 2009 3372 2064 scribit:
3401 2031 3425 2061 σ
3450 2009 3713 2082 Optimus

2099 2104 2158 2155 et
2187 2099 2648 2172 religiosissimus
2662 2101 2845 2170 pater,
2861 2099 3049 2153 Justus
3071 2100 3276 2154 Perrot
3297 2096 3707 2169 Parisinus,qui

2099 2191 2270 2261 paulo
2285 2192 2419 2244 ante
2446 2205 2512 2242 ex
2532 2186 2843 2242 Carthusiae
2858 2186 3042 2241 scriba
3053 2189 3281 2241 evectus
3299 2186 3358 2240 in
3374 2186 3709 2241 Geueralem

2099 2278 2336 2332 excessit
2365 2294 2395 2331 e
2414 2276 2528 2330 vita
2557 2274 2934 2341 sanctissime,
2963 2274 3143 2329 visam
3171 2292 3205 2329 a
3235 2291 3293 2329 se
3322 2291 3452 2329 eam
3483 2274 3713 2345 (funda-

2097 2365 2270 2421 tionis
2282 2364 2496 2420 scilicet
2508 2364 2675 2419 Carth
2685 2363 2839 2433 usim)
2860 2363 3142 2430 chartam,
3160 2379 3266 2418 nec
3277 2362 3490 2418 recenti
3510 2379 3707 2429 manu,

2099 2455 2198 2511 sed
2228 2452 2626 2525 antiquissima
2638 2454 2954 2521 exaratam,
2970 2451 3218 2506 doctoris
3232 2451 3492 2506 damnati
3516 2450 3709 2523 prodi-

2098 2544 2257 2617 gium
2287 2542 2347 2596 in
2376 2541 2503 2596 libri
2537 2541 2723 2613 capite
2739 2540 3165 2608 continentem,
3191 2540 3574 2596 conﬁrmavit.
3599 2540 3711 2594 Nec

2083 2621 2205 2703 ego
2236 2632 2293 2686 id
2320 2632 2471 2685 solus
2516 2647 2727 2697 assero,
2761 2630 2858 2701 qui
2901 2629 3023 2700 ejus
3071 2629 3322 2684 Nestoris
3356 2628 3617 2701 alloquiis
3653 2631 3712 2683 et

2095 2719 2517 2783 benevolentia,
2553 2734 2686 2772 cum
2718 2735 2813 2772 me
2842 2717 2901 2772 in
2938 2717 3299 2773 Carthusiam
3323 2717 3576 2789 benigne
3609 2715 3707 2771 ad-

2094 2811 2369 2874 vocasset,
2403 2808 2743 2862 honestatus
2768 2823 2919 2872 sum,
2949 2806 3048 2861 sed
3082 2805 3332 2878 idipsum
3358 2806 3430 2860 ab
3456 2822 3557 2860 ore
3589 2804 3710 2875 ejus

2094 2900 2417 2967 acceptum,
2434 2912 2551 2953 non
2575 2895 2774 2961 semel,
2799 2894 2903 2949 sed
2923 2894 3130 2966 saepius
3155 2894 3405 2949 domnus
3433 2893 3711 2964 Chrysan-

381 2982 528 3037 bulis
548 2982 784 3037 indubie
813 2982 1144 3037 habendam
1174 2983 1494 3037 luctuosam
1529 2981 1789 3036 damnati
1816 2980 1993 3035 histo-
2013 3019 2062 3080 Ο
2091 2988 2223 3041 thus
2255 2984 2545 3050 Paulinus,
2581 2984 2742 3056 prior
2762 2983 2933 3037 Vallis
2949 2982 3377 3038 Benedictionis
3394 2981 3707 3037 secundum

380 3070 550 3127 ι’ίαῐῐὶ·
584 3072 653 3125 Et
672 3088 806 3127 vero
836 3072 981 3137 111130,
1028 3071 1234 3142 ullam
1263 3086 1439 3141 supra
1470 3070 1662 3137 ἀοουί,
1695 3069 1800 3124 θιεί
1837 3072 1994 3123 certo
2019 3069 2061 3080 “’”
2092 3073 2468 3139 Avenionem,
2499 3072 2585 3125 vir
2613 3088 2713 3126 suo
2731 3071 2939 3126 merito
2957 3074 3015 3126 et
3040 3071 3396 3143 antiquitatis
3422 3085 3711 3142 praeroga-

380 3159 576 3215 fabula
616 3177 717 3215 seu
763 3162 1165 3215 commentum
1197 3175 1314 3214 nou
1344 3159 1436 3226 sit,
1466 3175 1675 3230 parum
1724 3157 1996 3229 equidem

380 3248 720 3305 verosimilis
751 3251 1010 3321 apparet,
1044 3264 1150 3302 nec
1166 3247 1485 3319 quidquam
1510 3247 1562 3302 ei
1592 3245 1999 3301 verosimilitu-

385 3336 535 3393 dinis
548 3340 739 3408 potest
766 3336 1083 3407 adjungere
1106 3336 1345 3407 capella,
1380 3352 1509 3406 qua:
1536 3334 1809 3389 Damnati
1828 3350 1995 3389 voca-

380 3428 497 3481 tur.
522 3424 671 3490 Quid
700 3425 746 3479 si
775 3424 936 3479 enim
966 3425 1089 3479 haec
1108 3424 1189 3478 ita
1210 3440 1243 3478 a
1272 3424 1509 3496 populo,
1537 3423 1784 3477 feralem
1816 3422 1995 3479 histo-

386 3513 559 3581 riam,
590 3516 736 3568 utut
774 3529 1096 3585 numquam
1128 3513 1364 3578 factam,
1415 3511 1475 3566 in
1519 3510 1767 3583 praefata
1797 3513 1997 3566 tamen

383 3602 622 3658 ecclesia
646 3602 937 3668 accidisse,
968 3618 1072 3673 per
1112 3616 1373 3656 errorem
1407 3599 1797 3662 existimante,
1824 3599 2000 3653 fuerit

383 3692 621 3747 vocata?
641 3690 788 3756 Quid
816 3690 863 3745 si
889 3707 923 3745 a
939 3689 1220 3757 damnati,
1254 3705 1372 3744 non
1390 3688 1754 3761 quidem,qui
1776 3687 1998 3743 ibidem

385 3779 827 3835 damnationem
850 3795 1013 3835 suam
1037 3779 1261 3850 publice
1281 3777 1611 3843 declararit,
1634 3777 1736 3831 sed
1761 3776 1996 3831 alterius

382 3869 814 3942 cujuscumque,
835 3868 1205 3940 imaginaseu
1226 3868 1433 3939 ﬁgura,
1467 3866 1685 3921 ibidem
1713 3867 1994 3932 exstante,

383 3958 919 4013 nomenclationem
952 3958 1112 4011 illem
1151 3955 1480 4027 acquisierit
1502 3954 1530 4009 ?
1565 3953 1714 4017 Quid
1742 3953 1790 4007 si
1820 3953 1998 4008 etiam

382 4043 519 4099 hinc
532 4047 693 4116 lapsu
731 4044 1014 4116 temporis
1034 4043 1251 4097 factum
1269 4043 1361 4109 sit,
1394 4045 1459 4097 ut
1484 4058 1731 4097 erronea
1744 4042 1815 4096 de
1830 4058 2001 4096 cano-

382 4132 511 4190 nico
542 4149 643 4189 seu
673 4133 931 4199 doctore,
972 4131 1092 4203 qui,
1123 4148 1246 4187 sese
1287 4130 1653 4198 damnatum,
1688 4129 1747 4185 in
1791 4129 1999 4185 eadem

382 4222 538 4279 dicta
565 4221 800 4278 ecclesia
832 4220 1057 4293 publice
1082 4219 1483 4292 proclamarit,
1529 4219 1683 4291 apud
1714 4220 1998 4291 populum

2096 3162 2210 3217 tiva
2226 3162 2377 3217 inter
2391 3159 2699 3233 primarios
2720 3159 3036 3215 Carthusias
3057 3158 3286 3215 Ordinis
3309 3162 3502 3230 patres
3531 3173 3711 3212 annu-

2098 3250 2411 3306 merandus
2439 3251 2705 3315 testatur,
2758 3251 2816 3304 et
2865 3250 3214 3303 attestantur
3254 3245 3588 3319 superstites
3614 3244 3707 3301 alii

2096 3340 2244 3395 bene
2274 3337 2460 3404 multi,
2496 3340 2561 3392 ut
2588 3354 2705 3391 non
2729 3336 2908 3407 possit
2927 3352 3070 3404 esse,
3106 3336 3213 3391 nisi
3242 3352 3310 3391 ex
3342 3351 3506 3390 mera
3535 3332 3708 3389 obﬁr-

2098 3427 2376 3496 matione,
2410 3425 2710 3481 dubitandi
2738 3426 2947 3481 locos.»

2170 3520 2291 3574 367.
2312 3518 2441 3572 Haec
2452 3515 2576 3583 ille;
2595 3532 2626 3569 e
2657 3514 2863 3587 quibus
2889 3530 3046 3580 sane,
3072 3511 3435 3567 fundationis
3460 3511 3704 3567 Carthu-

2096 3607 2193 3663 siaa
2215 3607 2485 3663 Chartam
2522 3621 2558 3659 a
2594 3605 2911 3675 Polycarpo
2955 3603 3110 3656 mala
3148 3601 3263 3655 ﬁde
3296 3616 3401 3671 pro
3440 3599 3707 3672 prodigio

2097 3694 2398 3752 Parisiensi
2438 3710 2555 3748 non
2586 3692 2759 3747 fuisse
2774 3691 3093 3755 laudatam,
3129 3689 3270 3743 mihi
3284 3687 3708 3743 satverosimile

2094 3787 2354 3859 apparet.
2386 3783 2598 3837 Verum
2610 3780 2748 3852 quid
2777 3779 2955 3836 sitam
2987 3777 3079 3834 hic
3100 3778 3362 3848 scriptor,
3379 3793 3556 3848 quam
3585 3777 3707 3830 lau-

2096 3874 2261 3929 datus
2293 3890 2327 3926 a
2353 3869 2666 3942 Reynaudo
2682 3870 2871 3923 Justus
2902 3869 3107 3923 Perrot
3135 3866 3195 3921 in
3212 3865 3532 3921 Chartailla
3562 3880 3705 3931 esse,

2097 3962 2253 4035 quod
2280 3977 2411 4014 vere
2443 3959 2501 4013 in
2528 3976 2596 4013 ea
2627 3973 2744 4012 non
2758 3958 2901 4022 erat,
2935 3972 3040 4027 per
3060 3971 3324 4009 errorem
3337 3951 3709 4008 existimarit?

2099 4049 2205 4115 Qui
2234 4050 2451 4104 factum
2481 4047 2539 4101 id
2575 4062 2696 4101 esse
2729 4047 2923 4117 queat,
2954 4061 3053 4098 seu
3110 4043 3304 4115 potius
3350 4042 3569 4096 factum
3611 4039 3705 4107 sit,

2098 4137 2309 4193 docent
2333 4152 2437 4191 nos
2464 4136 2589 4190 haec
2609 4131 2973 4188 Carthusiani
3004 4131 3188 4186 nostri
3234 4129 3512 4202 anonymi
3541 4144 3704 4183 num.

2097 4228 2201 4282 206
2230 4226 2339 4280 huc
2364 4222 2712 4295 transcripta
2738 4221 2948 4276 verba:
3006 4242 3034 4270 «
3063 4220 3222 4273 Inter
3252 4235 3396 4291 quos
3425 4216 3707 4289 (librosab

380 4310 692 4367 invaluerit
719 4309 915 4382 opinio
931 4309 1118 4364 ?Utut
1137 4325 1228 4363 res
1239 4309 1474 4375 habeat,
1501 4325 1620 4363 non
1636 4325 1753 4363 una
1769 4324 1907 4363 sane
1927 4308 1997 4363 de
2019 4305 2071 4365 D
2094 4315 2345 4386 Aymaro
2374 4311 2597 4379 Savelli,
2651 4308 2963 4365 Carthasim
3001 4307 3229 4378 Majoris
3259 4305 3540 4377 professo,
3570 4320 3708 4358 con-

382 4417 555 4456 eausa
574 4402 701 4455 orta
721 4416 842 4454 esse
869 4401 1057 4470 potest
1081 4398 1178 4453 illa
1199 4399 1434 4470 capellae
1459 4396 1795 4453 Parisiensis
1822 4398 2000 4453 eccle-

378 4488 479 4545 size
505 4487 917 4555 nomenclatio,
951 4504 1017 4542 ac
1048 4487 1216 4559 proin
1249 4503 1319 4542 ex
1340 4487 1450 4542 hac
1476 4502 1581 4557 pro
1612 4486 1876 4542 luctuosa
1893 4487 1996 4542 do-

377 4577 552 4634 ctoris
574 4576 835 4633 damnati
879 4576 1120 4632 historia
1175 4576 1361 4631 valide
1411 4574 1577 4648 argui
1623 4591 1743 4630 non
1785 4577 1993 4647 potest.

377 4668 565 4739 Atque
586 4667 709 4721 haec
721 4665 1162 4720 suntrationum
1202 4667 1505 4720 momenta
1525 4663 1835 4735 praecipua,
1870 4680 1997 4735 quas

378 4771 486 4829 pro
508 4754 812 4810 Parisiensi
825 4753 1090 4825 prodigio
1108 4754 1393 4825 praeterea
1406 4752 1618 4819 inveni,
1635 4768 1877 4824 quaeque
1892 4768 1997 4823 pro

380 4846 490 4902 hoc
512 4844 781 4900 adstruen
789 4843 862 4898 do
881 4846 980 4897 aut
991 4842 1156 4910 nihil,
1171 4844 1270 4897 aut
1284 4845 1439 4896 certe
1453 4858 1661 4912 parum
1678 4841 1998 4896 admodum

379 4934 619 5002 faciunt,
662 4933 743 4988 uti
789 4949 857 4987 ex
899 4932 1030 5004 jam
1074 4931 1238 4986 dictis
1282 4932 1479 5002 palam
1521 4933 1627 4985 est.
1672 4929 1820 4992 Alia,
1870 4946 1998 5001 quae

384 5023 627 5079 minoris
658 5023 864 5089 adhuc,
922 5036 1099 5094 quam
1144 5021 1289 5087 haec,
1320 5018 1547 5075 roboris
1576 5020 1729 5086 sunt,
1764 5017 1994 5087 omitto,

385 5129 459 5168 ne
518 5128 645 5167 rem
685 5112 860 5183 plane
907 5110 1176 5166 inutilem
1226 5111 1500 5181 praestem
1554 5124 1620 5162 ac
1667 5122 2000 5178 supervaca-

388 5218 584 5257 neam.

456 5292 579 5345 366.
610 5292 797 5361 Atque
816 5287 951 5343 hinc
968 5287 1147 5343 etiam
1164 5286 1416 5359 signatas
1439 5300 1593 5339 anno
1634 5285 1770 5339 1084
1789 5282 1996 5339 funda-

384 5377 557 5433 tionis
597 5378 909 5434 Carthusize
935 5378 1160 5431 tabulas
1194 5377 1608 5445 exaratumque
1658 5389 1812 5427 anno
1861 5375 1995 5428 1115

382 5466 969 5524 Grandimontensem
983 5465 1244 5520 codicem
1258 5480 1364 5519 nec
1376 5462 1487 5530 hic,
1518 5478 1625 5517 nec
1645 5476 1818 5533 supra
1836 5477 1996 5517 com-

385 5552 736 5623 memorare,
768 5553 934 5611 initio
964 5555 1302 5610 statueram.
1332 5551 1489 5623 quod
1501 5551 1742 5620 ethunc,
1759 5553 1818 5607 et
1842 5550 1994 5622 illas,

2096 4402 2354 4476 scriptos)
2392 4419 2538 4457 unus
2567 4399 2753 4455 adhuc
2791 4400 2973 4453 exstat
3003 4396 3245 4466 scriptus
3277 4411 3430 4450 anno
3465 4391 3708 4461 1455,111

2097 4493 2346 4567 (111011ωο
2358 4489 2669 4560 nostra(De
2687 4488 2963 4542 damnato
2982 4485 3237 4554 doctore)
3252 4482 3493 4539 historia
3504 4482 3705 4538 iisdem

2097 4597 2328 4655 prorsus
2374 4578 2579 4644 verbis,
2632 4575 2837 4647 quibus
2888 4573 3136 4628 habetur
3179 4572 3241 4627 in
3281 4570 3459 4626 veteri
3508 4573 3707 4625 nostro

2098 4672 2329 4724 auctore
2360 4680 2675 4737 anonymo,
2696 4662 3040 4735 exprimitur
3060 4678 3196 4716 cum
3213 4660 3311 4715 tali
3336 4657 3708 4730 inscriptione

2099 4758 2171 4813 ad
2192 4757 2446 4811 frontem
2469 4771 2482 4810 :
2516 4774 2546 4806 α
2574 4751 2878 4817 Quomodo
2897 4750 3050 4805 Ordo
3071 4747 3492 4804 Carthusiensis
3510 4745 3711 4801 habuit

2102 4868 2131 4897 «
2151 4845 2463 4916 originem.
2479 4864 2507 4892 »
2543 4841 2867 4912 Statimque
2899 4841 3028 4911 post
3048 4841 3381 4893 enarratam
3406 4835 3710 4891 historiam

2075 4921 2418 5005 sequuntur
2444 4931 2648 4985 litteras
2667 4927 3020 4983 fundationis
3036 4926 3349 4982 Carthusiaa
3379 4925 3517 4980 anni
3550 4924 3707 4979 1084.

2098 5021 2261 5077 Unde
2290 5023 2560 5092 putanns,
2595 5020 2798 5072 natum
2832 5032 3095 5071 errorem
3122 5017 3189 5069 D.
3224 5014 3523 5086 Polycarpi
3555 5012 3627 5068 de
3653 5011 3710 5066 la

2099 5108 2344 5176 Riviere,
2374 5107 2526 5162 inter
2553 5107 2839 5172 auctores,
2855 5101 3300 5176 quihujusmodi
3319 5100 3568 5173 prodigii
3592 5116 3712 5155 me-

2097 5196 2415 5262 minerunt,
2430 5193 2663 5249 easdem
2684 5192 2903 5247 litteras
2920 5190 3297 5259 recensentis,
3313 5192 3517 5244 contra
3531 5204 3709 5260 quem

2096 5288 2423 5358 prapterea,
2451 5282 2605 5337 velut
2634 5281 2802 5336 malae
2833 5280 2893 5335 in
2906 5279 3210 5336 scribendo
3237 5277 3371 5333 ﬁdei
3384 5277 3708 5342 hominem,

2097 5372 2385 5430 Launoius
2418 5371 2588 5426 daulo
2628 5369 2811 5425 acrius
2843 5368 3035 5424 invehi
3061 5368 3210 5423 visus
3231 5370 3384 5422 est.»
3420 5363 3711 5436 Quidquid

2096 5462 2271 5535 igitur
2300 5460 2371 5516 de
2402 5459 2611 5515 Charte
2640 5457 2999 5514 fundationis
3030 5454 3438 5522 Carthusiaa,in
3450 5467 3713 5526 quapro-

2098 5550 2242 5625 digii
2291 5547 2637 5624 Parisiensis
2675 5546 3039 5604 mentionem
3079 5542 3391 5613 invenerit,
3440 5542 3711 5619 Perrotus
