4026 6042
288 276 387 330 221

1867 268 2049 333 ACTA

3519 283 3625 341 222

292 399 713 457 Carthusiensis
743 399 973 458 Ordinis
997 402 1289 460 Generalis
1309 402 1634 467 affirmarit,
1664 404 1723 459 id
1752 419 1913 459 vero-
1939 403 1991 462 Α
2014 399 2139 471 pios
2191 400 2457 458 homines
2503 400 2905 459 creduntatem
2963 402 3224 462 obtinere
3256 410 3513 478 possunt.
3544 408 3625 463 De

291 488 590 545 simillime
610 490 886 547 duntaxat
913 509 1015 564 per
1031 509 1290 548 errorem
1316 510 1383 549 eo
1404 493 1602 560 modo,
1628 509 1800 565 quem
1822 491 1916 547 hic

293 576 709 633 Carthusianus
740 583 934 635 noster
954 598 1278 653 anonymus
1308 582 1563 653 exponit,
1598 581 1914 637 admissum

290 666 623 734 afﬁrmarit,
656 672 719 722 ut
744 668 1006 740 proinde,
1040 669 1143 725 etsi
1178 670 1412 743 quidem
1426 671 1573 727 forte
1607 689 1723 726 non
1760 671 1914 725 mala

290 754 427 819 ﬁde,
456 772 764 829 perperam
795 760 992 813 tamen
1023 776 1120 813 seu
1166 759 1460 815 immerito
1502 777 1605 833 pro
1657 762 1914 815 luctuosa

284 842 533 899 historia
558 850 1007 902 monumentum
1034 847 1194 915 illud,
1235 852 1432 921 utpote
1463 848 1632 920 hujus
1662 848 1910 903 mentio-

284 949 427 988 nem
446 951 564 990 non
591 933 827 1001 faciens,
855 937 1119 1008 allegarit
1136 939 1502 1011 Polycarpus,
1525 938 1606 993 uti
1620 938 1715 993 hic
1733 937 1909 994 etiam

284 1018 543 1094 ingenue
575 1024 836 1093 agnoscit
877 1024 1284 1082 Carthusianus
1331 1032 1529 1082 noster
1558 1043 1904 1099 anonymus.

285 1107 402 1164 Nec
434 1113 539 1179 est,
572 1128 673 1167 cur
699 1112 793 1168 hic
814 1129 943 1168 cum
972 1114 1287 1186 Raynaudo
1327 1134 1596 1188 reponas,
1646 1117 1906 1172 chartam

285 1198 646 1255 fundationis
678 1201 989 1258 Carthusim
1015 1221 1049 1258 a
1077 1204 1274 1260 charta
1297 1205 1629 1261 donationis
1646 1206 1906 1278 ejusdem

283 1303 410 1343 esse
440 1288 748 1358 diversam,
780 1292 1144 1365 prodigiique
1173 1310 1291 1349 non
1323 1294 1382 1349 in
1417 1296 1543 1364 hac,
1568 1313 1695 1368 quae
1730 1296 1904 1352 modo

284 1377 475 1432 adhuc
505 1381 707 1446 exstat,
744 1380 844 1436 sed
873 1380 933 1435 in
962 1381 1078 1449 illa,
1102 1400 1229 1455 qua:
1255 1383 1565 1440 Carthusiae
1588 1385 1908 1456 conflagra-

280 1465 446 1522 tione
498 1467 753 1539 perierit,
816 1470 1176 1528 mentionem
1222 1473 1433 1529 factam
1485 1474 1674 1529 fuisse.
1729 1475 1904 1529 Char-

278 1555 405 1609 tam
436 1553 596 1611 enim
654 1557 1029 1628 fundationis,
1086 1579 1213 1633 quae
1272 1579 1305 1618 a
1338 1563 1538 1618 charta
1575 1562 1905 1619 donationis

282 1642 599 1699 Carthusiae
630 1649 778 1701 esset
813 1646 1055 1717 diversa,
1090 1650 1401 1723 aliquando
1449 1652 1747 1719 exstitisse,
1796 1669 1904 1708 nec

2017 490 2223 562 quibus
2244 492 2494 547 Joannes
2520 491 2757 561 Gerson,
2775 492 2859 547 vir
2882 510 3045 566 aeque
3066 493 3193 565 pius
3210 513 3274 550 ac
3306 496 3527 564 doetus,
3548 496 3626 551 sic

2015 580 2271 651 loquitur
2295 580 2353 635 in
2391 581 2786 637 Declaratione
2819 583 3126 638 veritatum
3169 601 3296 656 quae
3326 584 3629 639 credenda:

2016 672 2150 723 sunt
2183 669 2253 723 de
2307 670 2642 725 necessitate
2691 670 2932 726 salutis:
2985 693 3013 723 «
3066 674 3312 727 Demum
3362 672 3420 727 in
3470 675 3627 727 sexto

2014 778 2041 807 »
2080 758 2283 829 gradu,
2322 758 2416 831 qui
2450 764 2687 830 quartus
2730 763 2816 814 est
2847 761 3020 816 mode
3069 761 3241 829 dicto,
3273 762 3629 816 collocantur

2012 866 2041 895 »
2076 846 2344 902 veritates
2358 847 2622 920 illae,qum
2638 850 3043 904 tantummodo
3056 849 3359 904 faciuntad
3372 848 3631 904 nutrien-

2012 955 2040 985 »
2076 935 2212 991 dam
2229 936 2315 991 vel
2338 936 2647 993 fovendam
2666 936 2984 993 devotionis
3005 937 3335 1010 religiosam
3348 937 3626 1011 pietatem

2010 1045 2038 1074 »
2070 1042 2196 1097 quae
2229 1025 2413 1098 magis
2447 1025 2801 1081 inducuntur
2843 1027 2917 1081 ad
2947 1025 3437 1083 inﬂammandum
3485 1026 3625 1082 affe-

2009 1135 2037 1163 »
2072 1117 2249 1182 ctum,
2275 1133 2451 1187 quam
2472 1116 2544 1170 ad
2570 1114 2967 1171 instrueudem
2986 1115 3363 1183 intellectum,
3386 1115 3483 1184 ubi
3508 1115 3627 1189 pie—

2010 1224 2037 1251 »
2070 1206 2155 1259 tas
2182 1204 2387 1259 devota
2416 1204 2601 1276 magis
2626 1205 2917 1277 aspicitur,
2942 1222 3114 1277 quam
3143 1204 3351 1260 veritas
3391 1208 3569 1273 certa,
3593 1226 3620 1255 η

2007 1297 2116 1348 etc.
2175 1293 2270 1348 His
2320 1293 2587 1349 Gersonis
2638 1294 2825 1349 verbis
2883 1312 3000 1349 non
3059 1294 3454 1363 labefactatur,
3515 1311 3623 1350 nec

2007 1382 2269 1438 falsitatis
2295 1383 2625 1447 damnatur,
2654 1386 2753 1437 aut
2768 1383 3026 1453 arguitur
3038 1386 3235 1438 nostra
3252 1383 3323 1439 de
3344 1383 3622 1438 damnato

2004 1471 2243 1527 homine
2274 1471 2549 1526 narratio.
2584 1473 2706 1526 lmo
2739 1471 2994 1543 quisnon
3041 1471 3250 1540 videat,
3282 1489 3414 1527 eam
3445 1471 3621 1545 aptis-

2005 1559 2149 1615 sime
2169 1576 2332 1630 posse
2359 1559 2626 1614 collocari
2654 1559 2808 1613 inter
2841 1582 2867 1609 ‹‹
2892 1558 3159 1614 veritates
3180 1560 3324 1627 illas,
3348 1577 3476 1632 quae
3500 1563 3625 1615 tan-

2006 1670 2033 1699 »
2066 1649 2371 1704 tummodo
2418 1649 2636 1703 faciunt
2678 1648 2749 1703 ad
2792 1648 3162 1704 nutriendam
3197 1650 3281 1704 vel
3310 1648 3620 1705 fovendam

273 1731 606 1788 verosimile
637 1739 897 1807 apparet,
928 1754 1033 1793 nec
1059 1740 1176 1794 ullo
1196 1744 1544 1812 argumento
1564 1743 1753 1813 potest
1776 1758 1907 1812 pro-
1933 1727 1985 1787 B
2006 1758 2033 1787 »
2071 1737 2390 1793 devotionis
2418 1737 2749 1809 religiosam
2776 1737 3051 1809 pietatem
3074 1738 3102 1794 ?
3129 1759 3156 1789 »
3192 1739 3260 1793 Et
3289 1738 3423 1793 licet
3450 1736 3508 1793 in
3539 1739 3620 1794 eis

273 1818 428 1875 bari.

348 1913 475 1967 368.
510 1912 674 1978 Quod
698 1914 824 1986 jam
855 1913 929 1969 ad
948 1914 1205 1971 codicem
1236 1916 1844 1984 Grandimontensem,
1868 1934 1903 1973 a

272 1999 596 2073 Polycarpo
629 2019 735 2075 pro
760 2002 1096 2075 prodigiosa
1128 2004 1378 2061 doctoris
1404 2006 1651 2062 anastasi
1684 2006 1901 2080 pariter

270 2086 595 2157 laudatum,
610 2090 881 2162 pertinet,
904 2092 1082 2148 fidem
1099 2093 1334 2165 quidem
1348 2095 1610 2164 Launoii,
1630 2096 1748 2168 qui,
1771 2114 1899 2168 quae

268 2175 330 2231 in
353 2178 553 2234 codice
580 2178 678 2236 illo
697 2198 797 2236 seu
820 2180 1101 2238 Chronico
1132 2183 1203 2238 de
1230 2183 1495 2256 prodigio
1514 2184 1724 2256 scripta
1747 2185 1900 2242 inve-

269 2264 533 2335 niuntur,
567 2269 896 2337 recentiori,
916 2270 1035 2326 imo
1063 2272 1459 2328 recentissima
1475 2291 1654 2329 manu
1684 2274 1896 2347 scripta

268 2357 766 2426 esseasseveravit,
792 2360 1015 2414 elevare
1038 2364 1282 2415 conatur
1297 2362 1668 2433 Raynaudus;
1693 2379 1894 2418 verum

264 2443 548 2513 Launoio,
583 2446 641 2502 id
665 2449 795 2519 post
814 2446 1137 2519 inspectum
1161 2449 1400 2505 suismet
1429 2450 1607 2505 oculis
1632 2451 1891 2507 codicem

263 2534 567 2601 asserenti,
600 2535 777 2590 ﬁdem
810 2535 1202 2593 adhibendam
1234 2541 1395 2609 puto,
1420 2543 1543 2595 tum
1562 2540 1738 2611 quod,
1764 2557 1891 2612 quae

263 2621 617 2694 Raynaudus
647 2623 900 2693 adducit,
937 2626 1138 2698 magni
1172 2626 1396 2682 roboris
1441 2645 1558 2683 non
1590 2628 1723 2697 sint,
1747 2632 1890 2705 .tum

261 2710 423 2781 quod
457 2711 789 2768 Columbius
819 2713 877 2769 in
910 2732 1014 2770 sua
1057 2714 1127 2770 de
1164 2714 1675 2772 Carthusianorum
1717 2717 1892 2774 initiis

261 2797 679 2856 Dissertatione
694 2801 1219 2859 Grandimontense
1234 2803 1558 2861 Chronicon
1579 2822 1683 2877 pro
1702 2806 1892 2878 prodi-

261 2884 427 2955 giosa
458 2887 712 2945 doctoris
761 2891 1009 2946 anastasi
1061 2908 1179 2947 nou
1223 2892 1438 2960 laudet,
1488 2894 1721 2965 quique,
1756 2912 1888 2951 cum

2005 1848 2033 1876 ››
2064 1827 2251 1882 Pietas
2305 1826 2510 1881 devota
2566 1825 2751 1897 magis
2803 1826 3130 1897 aspicietur,
3192 1844 3370 1899 quam
3412 1826 3619 1881 veritas

2001 1935 2030 1965 »
2062 1919 2237 1983 certa,
2276 1936 2303 1964 ››
2348 1914 2725 1971 nihilominus
2769 1938 2797 1965 ‹‹
2840 1914 3119 1971 Veritatcs
3169 1904 3309 1970 eas»
3366 1915 3617 1987 appellat

2000 2003 2289 2077 piissimus
2310 2003 2530 2072 doctor,
2559 2007 2616 2059 et
2646 2003 2704 2058 in
2726 2006 2883 2060 sexto
2900 2004 3087 2075 gradu
3114 2026 3143 2055 «
3161 2003 3480 2059 Veritatum
3498 2019 3618 2059 ere-

1999 2112 2030 2142 »
2063 2092 2394 2148 dendadum
2426 2113 2453 2142 »
2488 2094 2749 2147 collocat.
2787 2092 2934 2157 Quid
2959 2092 3371 2162 convenientus
3403 2091 3613 2148 conﬁr-

1999 2181 2227 2236 mandae
2261 2180 2735 2253 subiliendzeque
2766 2181 2991 2237 veritati
3028 2184 3240 2236 nostrae
3268 2180 3616 2237 narrationis

2000 2269 2109 2324 dici
2147 2269 2415 2342 poterat?
2448 2269 2634 2334 Quam
2678 2270 2938 2342 quotidie
2981 2270 3312 2341 experimur
3365 2271 3615 2325 multum

1997 2379 2026 2408 »
2059 2358 2266 2413 Facere
2292 2358 2366 2413 ad
2407 2358 2783 2414 nutriendam
2813 2360 2900 2414 vel
2951 2359 3262 2414 fovendam
3295 2358 3614 2415 devotionis

1995 2467 2023 2497 ››
2058 2446 2388 2518 religiosam
2420 2446 2720 2519 pietatem,
2750 2468 2778 2497 »
2824 2464 2956 2503 cum
2986 2447 3149 2502 multi
3192 2451 3250 2502 et
3281 2469 3309 2499 «
3345 2447 3612 2503 devotam

1992 2556 2022 2585 ››
2054 2535 2332 2607 pietatem
2363 2540 2423 2592 et
2460 2536 2763 2592 veritatem
2793 2536 2853 2591 in
2898 2552 2967 2592 ea
3021 2536 3275 2609 aspicere
3306 2552 3423 2591 non
3472 2552 3611 2592 con-

1992 2644 2021 2673 »
2053 2627 2347 2679 temnunt.
2384 2645 2412 2674 »

2062 2715 2185 2769 3'70.
2222 2736 2250 2764 ‹‹
2266 2715 2535 2769 Attamen
2557 2714 2772 2769 Gerson
2794 2730 2911 2769 non
2929 2713 3121 2768 minus
3140 2714 3412 2786 prudens,
3434 2730 3609 2787 quam

1987 2801 2308 2873 religiosus,
2347 2819 2421 2857 ne
2475 2825 2503 2852 ‹‹
2538 2802 2838 2857 veritatem
2880 2824 2907 2852 »
2956 2802 3059 2857 sub
3089 2802 3277 2874 specie
3326 2827 3353 2853 α
3383 2801 3613 2874 pietatis

1978 2900 2018 2939 '»
2054 2889 2273 2945 devota:
2289 2912 2317 2939 »
2336 2890 2630 2962 negligere
2644 2890 2955 2957 videretur,
2971 2890 3281 2962 praecitatis
3292 2890 3475 2946 verbis
3486 2907 3610 2947 mo-

259 2972 427 3043 illud,
459 2976 519 3031 ni
560 2995 697 3034 vera
737 2980 1105 3051 praedicasset
1152 2980 1462 3049 Launoius,
1510 2982 1666 3038 haud
1716 2982 1886 3039 dubie
1910 3030 1954 3051 η
1988 2978 2266 3034 deramen
2294 2978 2491 3033 statim
2536 2978 2744 3050 adjeCit
2789 2978 3022 3034 dicens:
3057 3002 3084 3027 α
3114 2978 3222 3034 Ubi
3267 2980 3375 3034 hoc
3422 2993 3606 3033 unum

259 3062 463 3119 fuisset
488 3066 843 3135 laudaturus,
858 3070 1078 3124 malam
1099 3069 1396 3142 Polycarpi
1418 3070 1477 3124 in
1500 3075 1886 3127 monumento

258 3149 361 3206 illo
395 3153 625 3210 citando
660 3156 837 3211 fidem
866 3156 1037 3211 tacite
1065 3157 1344 3229 agnoscit,
1377 3158 1459 3212 uti
1478 3159 1605 3228 jam
1633 3163 1768 3214 ante
1795 3178 1887 3216 me

260 3241 454 3296 verbis
508 3261 669 3298 num.
738 3246 833 3300 196
890 3246 1002 3299 huc
1057 3246 1416 3319 transcriptis
1467 3248 1888 3319 Papebrochius

259 3332 464 3385 noster
483 3331 820 3388 observavit.
848 3334 1101 3401 Accedit,
1130 3334 1201 3389 de
1229 3336 1524 3408 Polycarpi
1553 3336 1612 3391 in
1644 3336 1886 3393 eitandis

259 3419 664 3475 monumentis
701 3421 959 3494 pluribus
1000 3422 1126 3476 aliis
1169 3426 1326 3478 mala
1354 3423 1468 3479 fide
1506 3428 1791 3492 constare,
1823 3429 1887 3481 ut

252 3508 345 3563 vel
377 3507 534 3575 hinc,
553 3508 729 3564 fuisse
761 3527 895 3566 eum
924 3513 982 3566 et
1012 3510 1071 3566 in
1105 3510 1349 3567 eitandis
1376 3512 1883 3569 Grandimontensi

255 3594 544 3652 Chronico
582 3598 738 3653 mala
767 3598 879 3654 ﬁde
911 3616 1102 3667 usum,
1146 3600 1624 3656 verosimilimum
1656 3602 1878 3679 evadat.

251 3683 385 3738 Iam
412 3701 547 3741 vero
579 3703 711 3741 cum
741 3704 855 3755 res,
891 3690 954 3742 ut
983 3688 1112 3759 jam
1146 3689 1386 3755 dictum,
1429 3690 1500 3745 de
1532 3690 1640 3745 hoc
1672 3707 1881 3746 monu-

254 3776 461 3829 mento
477 3777 534 3830 et
546 3775 745 3831 charta
757 3776 1430 3834 fundationisCarthusiaa
1442 3780 1884 3853 habeat,nequit

251 3860 434 3916 etiam
461 3865 547 3918 vel
594 3881 661 3919 ex
691 3865 799 3920 hac
842 3867 928 3921 vel
960 3884 1027 3921 ex
1068 3866 1166 3922 illo
1200 3867 1532 3940 prodigium
1564 3868 1881 3926 Parisiense

249 3953 478 4005 certum
510 3952 681 4007 efﬁci.
711 3954 905 4027 Neque
922 3973 1077 4021 vero,
1108 3956 1264 4028 quod
1287 3957 1576 4013 coronidis
1595 3959 1878 4030 quodam-

250 4037 433 4093 modo
473 4040 599 4095 loco
658 4040 751 4096 hic
812 4042 998 4098 adhuc
1057 4043 1338 4099 adnotare
1399 4046 1579 4114 lubet,
1634 4045 1880 4118 ipsemet

250 4124 666 4184 Carthusianus
720 4130 1011 4186 Annalum
1066 4131 1296 4187 Ordinis
1353 4133 1439 4188 sui
1497 4134 1627 4189 libri
1688 4135 1877 4207 quarti

247 4213 532 4271 hactenus
576 4234 696 4274 non
742 4219 959 4291 vulgati
1006 4223 1207 4275 auctor
1257 4221 1499 4277 feralem
1552 4222 1874 4292 historiam,

1988 3087 2016 3117 »
2049 3068 2428 3138 reprobatur,
2482 3067 2528 3121 si
2586 3068 2815 3123 adesset
2879 3067 3207 3124 assertionis
3263 3067 3561 3123 temeritas
3588 3108 3603 3135 ,

1988 3177 2015 3207 ››
2050 3157 2384 3229 priusquam
2404 3156 2788 3211 clucidaretur
2809 3142 2921 3211 alio
2950 3157 3124 3212 modo
3149 3173 3254 3229 per
3271 3154 3604 3225 Ecclesiam,

1986 3266 2015 3296 »
2046 3247 2131 3300 vel
2180 3246 2471 3301 rationem
2504 3248 2723 3300 certam
2767 3246 2889 3319 ipsa
2927 3245 3136 3300 veritas
3168 3265 3195 3294 ››
3230 3244 3289 3300 Si
3341 3243 3606 3300 videlicet

1984 3337 2207 3390 temere
2234 3352 2326 3389 res
2372 3334 2564 3406 aliqua
2607 3338 2977 3402 assereretur,
3028 3333 3099 3388 de
3156 3333 3317 3405 cujus
3364 3332 3604 3388 veritate

1985 3422 2176 3479 taliter
2202 3423 2585 3490 dubitaretur,
2641 3426 2699 3477 et
2746 3425 2895 3478 esset
2927 3422 3072 3478 adeo
3105 3421 3298 3489 dubia,
3333 3424 3396 3477 ut
3437 3443 3466 3474 ‹‹
3496 3423 3607 3477 Per

1985 3531 2013 3561 »
2047 3510 2356 3566 Ecclesiam
2410 3513 2497 3567 vel
2543 3511 2837 3568 rationem
2881 3514 3098 3567 certam
3127 3531 3156 3561 »
3203 3509 3411 3566 merito
3458 3512 3607 3565 esset

1982 3600 2343 3655 elucidanda.
2365 3600 2537 3672 Atqui
2557 3602 2716 3656 nulla
2736 3600 2829 3656 hic
2848 3600 3011 3656 adest
3035 3599 3092 3654 in
3121 3602 3336 3655 asserta
3354 3598 3424 3654 de
3447 3598 3606 3654 dam-

1980 3691 2119 3743 nato
2175 3687 2415 3743 homine
2469 3689 2708 3744 veritate
2763 3711 2792 3741 ‹‹
2829 3687 3173 3743 Assertionis
3220 3687 3539 3757 temeritas,
3554 3707 3600 3739 .»

1982 3793 2170 3848 neque
2198 3776 2376 3830 ullam
2406 3775 2466 3830 in
2505 3794 2574 3833 eo
2604 3794 2725 3832 esse
2756 3776 3147 3831 temeritatem
3189 3775 3309 3848 ipse
3362 3775 3601 3845 Gerson,

1979 3863 2245 3931 credidit,
2282 3864 2514 3936 quando
2551 3867 2773 3936 postea,
2810 3887 2837 3914 «
2870 3864 2941 3919 de
2975 3862 3261 3936 plurimis,
3302 3885 3329 3914 ››
3373 3866 3437 3918 ut
3479 3863 3601 3936 ipse

1978 3954 2254 4026 loquitur,
2290 3976 2317 4004 «
2342 3954 2671 4026 exemplum
2697 3953 2807 4008 hoc
2838 3969 3021 4007 unum
3054 3954 3111 4007 et
3153 3951 3377 4007 celebre
3406 3973 3434 4001 »
3464 3967 3600 4024 pro-

1978 4043 2170 4114 posuit
2195 4043 2269 4098 ad
2299 4042 2700 4115 inspirandum
2735 4064 2763 4093 «
2788 4040 3110 4097 exercitatis
3136 4061 3163 4091 »
3193 4041 3468 4096 timorem
3493 4041 3603 4096 Do-

1981 4130 2144 4199 mini,
2169 4134 2227 4185 et
2259 4154 2286 4182 ‹‹
2310 4131 2384 4187 ad
2414 4128 2788 4186 nutriendam
2819 4130 2907 4185 vel
2936 4129 3248 4185 fovendam
3280 4127 3601 4186 devotionis

1978 4238 2007 4269 »
2039 4219 2371 4291 religiosam
2403 4218 2701 4291 pietatem.
2732 4239 2761 4269 ››
2810 4218 2922 4274 Nec
2954 4233 3097 4289 opus
3126 4217 3234 4273 fuit
3269 4220 3333 4272 ut
3362 4216 3459 4273 illa
3496 4233 3602 4292 per

245 4302 297 4357 si
348 4305 577 4376 publice
636 4287 906 4364 accidisse
937 4311 1241 4378 statuatur,
1287 4326 1391 4382 pro
1442 4312 1683 4367 omnino
1720 4317 1877 4369 certa
1901 4287 1951 4345 D
1977 4327 2005 4357 η
2040 4307 2351 4363 Ecelesiam
2387 4309 2473 4362 vel
2506 4307 2798 4363 rationem
2851 4310 3073 4362 certam
3125 4305 3531 4375 elucidaretur,
3565 4326 3595 4357 »

249 4390 478 4448 habuit.

321 4482 446 4536 369.
481 4483 564 4537 Ita
592 4482 751 4538 enim
778 4484 1193 4542 lucubrationis
1213 4504 1329 4542 sua:
1365 4505 1526 4543 num.
1565 4489 1873 4562 1271οῳιί-

242 4570 381 4625 tur:
418 4592 447 4620 «
481 4571 592 4626 Cur
635 4572 879 4643 igitur...
931 4591 1225 4647 anonymo
1280 4578 1477 4631 nostro
1527 4576 1874 4649 (primorum

243 4658 505 4730 quinque
547 4660 780 4728 scilicet,
823 4663 921 4735 qui
960 4664 1285 4719 luctuosum
1329 4668 1600 4721 eventum
1650 4667 1874 4739 publice

240 4745 519 4802 accidisse
566 4748 782 4818 scribit,
830 4750 1141 4807 Carthasim
1174 4752 1435 4823 priorum
1473 4754 1739 4809 Chroniei
1771 4772 1872 4810 au-

240 4834 410 4904 ctori)
444 4834 586 4890 fides
615 4836 949 4910 derogetur,
990 4857 1108 4895 non
1140 4840 1405 4910 videtur;
1441 4862 1470 4891 »
1525 4854 1590 4897 ac
1638 4843 1869 4913 deinde,

241 4921 657 4995 nullisprorsus
670 4925 797 4981 aliis
818 4927 1396 5001 verbisinterpositis,
1421 4948 1583 4986 num.
1610 4931 1871 5002 proxime

239 5026 365 5082 seq.
412 5012 753 5086 subjungit:
801 5037 829 5066 «
861 5015 1060 5071 Fidem
1119 5017 1363 5073 dicimus
1397 5022 1456 5074 et
1512 5020 1873 5090 exposcimus

237 5115 360 5154 non
384 5099 660 5170 divinam,
687 5103 789 5159 sed
806 5104 1147 5173 humanam,
1172 5106 1288 5161 sive
1314 5107 1505 5177 potius
1532 5107 1666 5163 ﬁdei
1688 5108 1871 5181 pieta-

239 5188 388 5242 tem.
440 5189 711 5246 Fatemur
759 5192 940 5260 enim,
988 5194 1157 5265 hujus
1212 5195 1521 5267 spectaculi
1566 5182 1869 5253 veritatem

239 5294 361 5333 non
406 5294 527 5333 esse
556 5278 627 5334 de
658 5280 770 5335 fide
797 5297 811 5348 ;
845 5282 1331 5355 quaproptersive
1362 5284 1722 5350 admittatur,
1750 5286 1867 5342 sive

236 5381 384 5432 non,
441 5366 588 5422 nihil
635 5368 834 5424 refert.
881 5370 1299 5427 Verumtamen
1344 5389 1463 5429 non
1516 5377 1806 5445 putamus,
1836 5392 1870 5430 a

235 5454 493 5510 cordatis
519 5456 829 5513 lectoribus
865 5458 917 5513 ei
963 5475 1129 5531 posse
1172 5460 1448 5533 denegari
1477 5463 1670 5519 locum
1716 5463 1869 5519 inter

235 5542 512 5602 veritates
539 5543 688 5617 illas,
715 5562 843 5621 quae
864 5547 987 5605 sine
1014 5547 1152 5605 fidei
1170 5548 1405 5607 laesione
1430 5551 1683 5627 aliquam
1709 5551 1865 5627 apud

1976 4413 2104 4469 quae
2139 4396 2273 4451 satis
2304 4399 2429 4450 erat
2468 4396 2678 4464 lucida,
2722 4412 3015 4468 quamque
3047 4398 3357 4468 propterea
3390 4417 3419 4446 «
3450 4395 3603 4451 cele-

1974 4504 2007 4538 »
2037 4485 2203 4540 brem
2234 4504 2266 4537 ››
2314 4485 2536 4540 vocavit
2586 4484 2824 4551 Gerson,
2874 4487 3075 4555 utpote
3119 4484 3192 4539 ab
3237 4482 3598 4541 institutione

1975 4572 2202 4629 Ordinis
2225 4572 2488 4645 (dubium
2515 4571 2835 4627 admodum
2876 4589 2944 4626 ex
2969 4588 3142 4643 supra
3167 4571 3331 4627 dictis
3354 4572 3465 4628 hoc
3490 4571 3600 4646 est)

1974 4663 2189 4734 absque
2219 4660 2676 4717 contradictione
2701 4663 2935 4732 recepta
2952 4664 3010 4715 et
3038 4650 3594 4733 approbatasQuam

1972 4754 2061 4805 tot
2079 4753 2340 4806 auctores
2359 4748 2728 4816 asseruerint,
2749 4748 2938 4803 nullus
2965 4747 3279 4817 damnarit,
3298 4748 3386 4804 cui
3403 4749 3596 4805 hacte-

1973 4856 2083 4894 nus
2112 4839 2406 4894 universus
2436 4839 2681 4911 populus
2715 4836 3070 4893 Christianus
3086 4854 3252 4894 aures
3269 4854 3595 4895 accommo-

1974 4928 2156 4995 darit;
2186 4944 2361 5000 quam
2381 4926 2678 4982 universus
2704 4926 2859 4983 Ordo
2879 4925 3316 4995 Carthusiensis,
3345 4925 3451 4981 etsi
3472 4944 3590 4983 non

1973 5017 2081 5072 nisi
2108 5016 2269 5071 xalde
2296 5018 2523 5071 remote
2549 5017 2768 5088 spectet
2790 5014 2865 5069 ad
2890 5014 3121 5070 laudem
3159 5014 3301 5086 ejus,
3332 5031 3439 5087 per
3467 5032 3591 5072 sex-

1971 5109 2168 5161 centos
2188 5103 2878 5176 aiinos(dubiumiterum
2904 5103 3067 5158 valde
3092 5103 3202 5159 hoc
3220 5106 3305 5158 est
3334 5121 3401 5159 ex
3422 5120 3597 5176 supra

1972 5193 2154 5265 dictis)
2188 5193 2260 5248 ad
2288 5194 2438 5249 hanc
2470 5209 2648 5265 usque
2670 5192 2825 5247 diem
2849 5194 3201 5260 constanter,
3227 5209 3600 5265 perseveran-

1970 5284 2060 5337 ter
2079 5284 2137 5336 et
2157 5280 2513 5336 unanimiter
2536 5283 2754 5335 certam
2776 5284 2835 5334 et
2849 5295 3045 5334 veram
3068 5296 3189 5335 esse
3211 5280 3522 5337 crediderit
3538 5284 3598 5338 et

1970 5370 2190 5437 credat,
2217 5370 2338 5425 solo
2361 5386 2477 5425 uno
2502 5385 2633 5424 eam
2662 5368 3048 5440 impugnante
3064 5368 3342 5425 Launoio.
3378 5368 3478 5425 Cui
3501 5370 3598 5426 de-

1968 5459 2144 5532 nique
2199 5458 2412 5513 summi
2471 5458 2773 5531 pontiﬁces
2819 5456 3155 5527 annuerint,
3188 5461 3247 5513 et
3290 5458 3603 5532 Gregorius

1965 5548 2052 5607 XV
2099 5549 2160 5605 et
2204 5546 2470 5605 Urbanus
2510 5547 2628 5604 VIII
2668 5546 2823 5605 hanc
2864 5548 3065 5621 aperte
3109 5544 3171 5603 in
3217 5545 3422 5606 Ofﬁcio
3471 5565 3605 5608 san-
