4224 6058
526 308 629 363 223
1381 310 1440 367 s.
1470 310 1816 369 BBUNONIS
1856 290 2489 369 mRrHUsMNoauu
2525 312 2996 372 INS’I‘ITUTORIS
3749 306 3862 377 224

521 430 599 487 cti
628 431 913 488 Brunonis
958 436 1281 507 appositam
1314 438 1713 511 approbarint,
1765 437 1897 492 licet
1942 438 2144 508 pastca
2161 441 2216 500 Α
2239 437 2646 494 Carthusianus
2667 443 2864 495 noster
2888 458 3231 514 anonymus,
3260 440 3563 498 Parisiensi
3584 444 3859 517 prodigio

518 535 696 575 sacrae
746 521 981 577 Rituum
1032 523 1481 598 Congregationi
1526 527 1709 581 visum
1764 524 1958 592 fuerit,
2006 540 2138 579 eam

519 625 652 664 cum
715 609 1071 681 professione
1119 612 1285 682 fidei,
1346 632 1380 669 a
1433 618 1631 670 sancto
1689 616 1956 669 Brunone
2014 612 2138 667 ani-

520 712 683 753 mam
709 698 946 755 efflante
976 700 1150 769 edita,
1178 719 1210 756 e
1239 703 1581 759 lectionibus
1622 700 1891 758 Breviarii
1923 699 2139 755 rescin-

523 785 681 854 dere,
715 802 832 842 non
864 788 1039 843 aliam
1062 790 1136 845 ob
1151 806 1405 859 causam,
1429 808 1605 864 quam
1628 791 1783 864 quod
1805 807 1873 846 ex
1896 791 2140 860 utraque

521 872 687 930 facta:
719 876 959 931 fuissent
989 878 1238 935 nimium
1278 881 1669 953 longiusculaa,
1703 883 1766 936 ut
1798 880 1998 953 postea
2048 893 2139 932 sa-

520 963 862 1035 pientissimi
894 984 1160 1023 censores
1184 986 1417 1025 causam
1453 970 1775 1027 rescisionis
1816 967 2137 1026 suscitanti-

525 1051 630 1107 bus
656 1053 1043 1111 declararunt.

594 1143 718 1197 371.
754 1163 783 1195 ς
817 1144 884 1198 Et
910 1161 1131 1213 revera,
1155 1145 1201 1202 si
1230 1149 1510 1220 tanquam
1531 1148 1790 1204 fabulosa
1817 1166 1847 1204 e
1874 1149 2137 1205 Breviaro

519 1232 659 1287 tunc
717 1233 937 1289 sublata
971 1234 1188 1304 fuisset,
1245 1253 1346 1293 cur
1390 1242 1589 1310 postea
1637 1238 1761 1292 aliis
1815 1237 2137 1305 Breviariis,

522 1318 692 1375 annis
726 1323 861 1376 1648
894 1325 953 1377 et
985 1326 1120 1380 1652
1154 1342 1355 1381 recens
1386 1326 1574 1393 editis,
1601 1326 1864 1382 restituta
1893 1326 2140 1382 fuisset?

525 1407 637 1463 Cur
685 1410 942 1482 quotidie
988 1412 1253 1468 doctores
1298 1414 1595 1487 Legendas
1648 1418 1979 1471 sanctorum
2028 1412 2142 1469 suis

523 1496 922 1571 chirographis
968 1502 1370 1569 combrobant,
1422 1503 1483 1557 in
1535 1502 1742 1575 quibus
1784 1503 1910 1557 Vita
1958 1500 2141 1557 sancti

521 1585 807 1640 Brunonis
823 1604 954 1642 cum
984 1589 1242 1660 ejusdem
1258 1592 1563 1664 spectaculi
1582 1590 1915 1647 narratione
1938 1590 2146 1645 descri-

525 1673 724 1731 bitur?
754 1676 817 1731 Id
843 1682 996 1733 certe
1029 1679 1100 1733 ab
1124 1680 1205 1734 eis
1239 1681 1317 1735 sic
1345 1680 1535 1753 agitur
1564 1684 1621 1735 et
1653 1696 1687 1735 a
1717 1697 1878 1735 sacra
1908 1679 2142 1734 Rituum

2238 526 2327 580 vix
2358 528 2672 600 quidquam
2700 530 2965 603 amplius,
3013 547 3188 603 quam
3235 548 3340 587 nos
3369 531 3421 586 ei
3452 531 3858 602 attribuamus,

2239 617 2533 687 postulans
2547 617 2803 673 attribui.
2822 619 3077 675 Postulat
3090 620 3247 675 enim
3262 619 3559 688 duntaxat,
3574 620 3635 675 id
3654 623 3862 695 reponi

2238 703 2391 758 inter
2417 706 2704 774 veritates,
2733 724 2861 779 qua:
2879 707 3031 763 debii
3053 708 3420 765 solummodo
3442 709 3696 765 nominis
3719 711 3868 767 veri-

2237 793 2385 847 tates
2413 795 2565 861 sunt,
2597 810 2839 867 quaeque
2880 786 3055 851 unice’
3097 797 3270 853 rebus
3321 814 3421 853 seu
3454 798 3867 855 assertionibus

2238 881 2609 951 conveniunt,
2645 900 2753 939 nec
2782 887 2937 939 certo
2968 884 3136 953 veris,
3162 901 3269 941 nec
3300 884 3475 941 etiam
3504 888 3661 942 certo
3682 886 3862 943 falsis.

2236 971 2423 1043 Atque
2454 972 2560 1026 hac
2602 970 2837 1044 quidem
2891 973 2950 1028 in
3004 990 3069 1029 re
3103 973 3547 1030 Carthusianum
3598 979 3865 1032 nostrum

2237 1057 2391 1113 inter
2402 1061 2459 1113 et
2472 1076 2576 1114 nos
2588 1061 2851 1133 apprime
2867 1062 3155 1129 convenit,
3177 1065 3375 1135 utpote
3389 1061 3487 1136 qui
3502 1064 3722 1136 pariter
3733 1080 3868 1137 pro-

2238 1146 2519 1219 digiosam
2541 1148 2695 1203 illam
2714 1149 3013 1206 historiam
3033 1168 3138 1205 nec
3151 1155 3307 1206 certo
3322 1168 3541 1219 veram,
3562 1168 3666 1207 nec
3684 1152 3864 1208 etiam

2239 1239 2443 1291 contra
2472 1254 2537 1292 ac
2586 1254 2651 1291 ex
2691 1237 2854 1292 dictis
2904 1238 3191 1294 Launoius
3241 1238 3399 1308 facit,
3450 1243 3608 1295 certo
3661 1240 3866 1297 falsam

2241 1325 2563 1380 asserimus.
2592 1326 2803 1381 Verum
2832 1326 2887 1380 id
2917 1326 3093 1382 etiam
3145 1343 3251 1383 nos
3298 1327 3452 1383 inter
3499 1332 3558 1384 et
3589 1330 3867 1385 eumdem

2242 1412 2681 1468 Carthusianum
2712 1418 2973 1469 nostrum
2996 1414 3343 1472 discriminis
3364 1416 3691 1486 intercedit,
3711 1418 3870 1491 quod

2240 1501 2331 1556 hic
2365 1503 2560 1575 utique
2591 1504 2913 1559 luctuosum
2943 1508 3236 1573 eventum,
3270 1508 3471 1577 utpote
3498 1522 3673 1578 quem
3707 1510 3764 1562 et
3791 1506 3868 1562 ab

2241 1591 2487 1645 Ecclesia
2515 1591 2688 1663 (quod
2707 1594 2903 1647 tamen
2922 1609 3080 1648 secus
3092 1593 3287 1664 habet)
3307 1610 3505 1648 verum
3514 1592 3787 1666 judicari,
3813 1596 3877 1650 et

2242 1680 2314 1734 ab
2341 1678 2603 1735 universo
2622 1680 2825 1735 ordine
2844 1680 3232 1735 Carthusiensi
3246 1697 3351 1754 per
3367 1685 3664 1737 sexcentos
3684 1698 3875 1738 annos

527 1761 992 1837 Congregatione
1024 1768 1249 1835 sinitur,
1277 1770 1412 1842 quia
1441 1770 1584 1824 nihil
1611 1770 1668 1824 in
1686 1769 1792 1824 hac
1811 1769 2143 1824 narratione
2167 1761 2217 1820 B
2242 1768 2314 1823 ad
2334 1784 2496 1822 suam
2523 1783 2700 1840 usque
2716 1771 2949 1824 aetatem
2975 1771 3329 1837 constanter,
3347 1773 3785 1843 perseveranter
3807 1774 3871 1825 et

525 1849 660 1905 fidei
683 1854 1040 1910 contrarium
1085 1857 1556 1928 deprehenditur.
1601 1858 1766 1913 Juxta
1800 1857 1957 1930 quod
1988 1857 2144 1912 idem

526 1939 805 2011 magister
831 1942 1044 1998 Gerson
1078 1945 1202 2000 loco
1233 1945 1407 2001 citato
1439 1946 1678 2013 censuit,
1723 1945 1875 2000 Vitas
1905 1944 2144 1999 Sancto-

520 2032 656 2082 rum
702 2032 982 2087 contineri
1016 2033 1121 2089 sub
1156 2037 1313 2089 sexto
1337 2033 1520 2107 gradu
1548 2034 1856 2089 veritatum
1905 2033 2145 2087 creden-

526 2116 756 2174 darum.
792 2139 817 2171 ο
864 2121 1130 2193 Respicit,
1178 2122 1384 2195 inquit,
1435 2123 1541 2177 iste
1592 2122 1803 2194 gradus
1851 2121 2148 2193 Legendas

527 2222 560 2257 »
591 2208 649 2260 et
676 2206 953 2265 miracula
1002 2209 1371 2279 Sanctorum,
1404 2211 1559 2266 Vitas
1607 2213 1863 2278 Patrum,
1905 2210 2148 2264 visiones

527 2310 562 2346 »
592 2292 931 2352 devotarum
960 2315 1365 2373 personarum,
1389 2299 1754 2354 recitationes
1774 2302 1831 2353 et
1847 2298 2149 2371 opiniones

526 2398 562 2434 »
587 2398 883 2441 sacrorum
916 2386 1245 2454 doctorum,
1265 2405 1393 2460 qua:
1422 2387 1622 2443 omnia
1649 2386 1882 2459 suscipit
1901 2384 2149 2440 Ecclesia

526 2489 560 2524 »
591 2475 651 2527 et
679 2474 792 2547 legi
828 2475 1133 2549 permittit,
1165 2493 1283 2532 non
1316 2476 1472 2549 quod
1518 2476 1867 2531 determinet
1892 2475 2027 2530 talia
2075 2473 2147 2529 de

522 2578 559 2614 '»
589 2564 928 2620 necessitate
961 2566 1156 2621 salutis
1186 2582 1306 2621 esse
1339 2565 1647 2630 credenda,
1681 2564 1779 2620 sed
1810 2564 1946 2637 quia
1968 2561 2146 2635 profi-

523 2667 558 2704 s
583 2651 742 2708 ciunt
770 2654 844 2709 ad
874 2655 1327 2711 commovendos
1346 2654 1583 2710 affectus
1598 2655 1723 2726 pios
1738 2652 1994 2708 ﬁdelium
2013 2653 2070 2706 et
2085 2650 2144 2705 in

522 2759 556 2794 ιο
588 2741 1064 2798 aedificationibus
1094 2744 1375 2816 ipsorum,
1408 2743 1547 2798 dum
1574 2743 1632 2797 in
1664 2741 1869 2797 talibus
1903 2739 2046 2795 nihil
2073 2739 2144 2793 de

520 2828 930 2887 sicertitudine
961 2832 1136 2887 scitur
1188 2849 1308 2887 esse
1362 2832 1590 2899 falsum,
1642 2829 1903 2903 quamvis
1962 2828 2142 2883 etiam

518 2936 551 2970 »
586 2920 874 2975 nesciatur
899 2920 1038 2975 illud
1068 2919 1548 2976 certitudinaliter
1569 2936 1692 2975 esse
1712 2934 1981 2973 verum.»
2012 2917 2142 2971 Haec

2244 1856 2598 1912 unanimiter
2626 1859 2845 1912 certum
2871 1860 2929 1912 et
2941 1874 3139 1912 verum
3164 1858 3448 1913 creditum
3471 1858 3869 1929 afﬂrmat,pro

2242 1945 2555 2001 verosimili
2585 1949 2647 1999 ut
2671 1945 2980 2000 minimum
3010 1946 3219 2001 debeat
3250 1946 3487 2013 habere,
3533 1963 3639 2001 nos
3672 1950 3872 2003 autem

2245 2033 2515 2088 eumdem
2548 2050 2653 2105 pro
2674 2049 2879 2105 parum
2894 2033 3227 2101 verosimili,
3260 2051 3333 2089 ne
3344 2033 3555 2101 dicam,
3581 2050 3686 2107 pro
3707 2051 3875 2090 vero-

2245 2122 2512 2176 similiter
2522 2123 2687 2188 falso,
2703 2123 3040 2188 habeamus,
3066 2122 3111 2176 si
3131 2139 3340 2194 nempe
3366 2122 3592 2195 publice
3608 2123 3655 2177 is
3671 2140 3871 2179 coram

2246 2209 2474 2265 inﬁnita
2504 2210 2929 2282 propemodum
2961 2211 3157 2282 papuli
3191 2210 3561 2265 multitudine
3592 2212 3871 2279 evenerit,

2245 2302 2420 2372 prout
2447 2298 2700 2353 evenisse
2722 2298 3131 2371 statuit,quam
3160 2300 3463 2372 hucusque
3477 2299 3866 2369 discussimus,

2248 2387 2465 2460 Opinio.
2492 2387 2777 2442 Caeterum
2810 2387 3076 2453 Ecclesia,
3119 2388 3274 2459 quod
3306 2392 3509 2443 contra
3541 2388 3870 2445 Carthusia-

2247 2491 2386 2530 num
2402 2479 2662 2530 nostrum
2676 2492 3033 2547 anonymum
3049 2478 3197 2530 bene
3210 2476 3876 2544 notandum,VitasMira-

2246 2566 2392 2633 cula,
2408 2569 2514 2620 etc.
2526 2608 2540 2631 ,
2555 2565 2921 2632 Sanctorum,
2940 2566 3079 2620 dum
3096 2581 3164 2620 ea
3176 2565 3289 2637 legi
3307 2565 3865 2639 permittit,hocipso

2243 2670 2380 2709 vera
2407 2672 2524 2709 non
2554 2654 2795 2726 judicat.
2828 2655 3232 2726 Expendamus
3262 2655 3462 2722 modo,
3496 2653 3634 2727 quid
3666 2654 3874 2710 deluc-

2244 2746 2409 2798 tuosa
2421 2744 2664 2799 historia
2684 2743 3039 2799 censendum
3058 2744 3131 2797 sit
3145 2744 3202 2797 in
3223 2743 3499 2814 opinione
3527 2759 3752 2811 eorum,
3769 2743 3871 2817 qui

2243 2846 2374 2886 eam
2408 2832 2561 2886 intra
2591 2831 2842 2903 privatos
2862 2832 3069 2887 domus
3098 2830 3351 2886 defuncti
3376 2830 3644 2903 parietes,
3672 2830 3872 2903 paucis

2243 2920 2521 2975 duntaxat
2547 2920 2720 2991 hujus
2769 2920 2986 2986 amicis,
3021 2919 3240 2991 hosque
3298 2918 3449 2974 inter
3494 2918 3552 2975 S.
3595 2919 3870 2974 Brunone

519 3005 756 3076 Gerson,
791 3008 889 3081 qui
920 3025 1052 3064 cum
1102 3009 1361 3083 superius
1402 3008 1631 3065 dixisset
1657 3007 1717 3063 in
1753 3022 1987 3079 genere,
2018 3025 2049 3059 «
2081 3005 2142 3060 in
2161 3046 2209 3107 Ο
2243 3008 2478 3081 ejusque
2492 3007 2711 3080 aliquot
2732 3008 2897 3063 sociis
2918 3007 3315 3081 praesentibus,
3343 3023 3449 3063 nec
3471 3007 3650 3064 tribus
3666 3007 3870 3062 diebus

520 3114 549 3147 ο
580 3099 740 3153 sexto
766 3098 950 3170 gradu
981 3098 1346 3155 collocandas
1376 3114 1497 3152 esse
1528 3097 1795 3152 veritates
1834 3095 1979 3163 illas,
2012 3112 2141 3168 quae
2166 3095 2208 3107 "
2242 3096 2499 3163 diversis,
2533 3097 2634 3151 sed
2667 3112 2781 3151 uno
2808 3095 3416 3167 eodemque‘evenisse
3445 3097 3725 3152 statuunt.

517 3203 551 3239 ι
581 3187 993 3243 tantummodo
1024 3187 1242 3243 faciunt
1269 3187 1342 3242 ad
1365 3186 1736 3242 nutriendam
1761 3184 2139 3239 etfavendam

514 3291 549 3327 ι
581 3274 899 3331 devotionis
929 3276 1258 3349 religiosam
1311 3275 1610 3346 pietatem,
1642 3295 1670 3326 ο
1699 3274 1811 3341 hic,
1869 3289 2139 3345 quanam

514 3360 630 3417 sint
647 3362 759 3419 illa:
780 3363 838 3418 in
859 3364 1069 3435 specie,
1093 3364 1404 3431 declarat,«
1421 3361 1741 3433 Legenda»
1755 3361 1987 3428 scilicet,
2003 3364 2136 3430 etc.,

516 3451 575 3505 et
601 3448 869 3507 Miracula
892 3450 1412 3518 Sanctorum,Vitte
1433 3452 1693 3517 Patrum,
1711 3449 1988 3517 Visiones,
2004 3452 2138 3519 etc.,

517 3555 645 3612 quae
672 3540 871 3595 omnia
900 3540 1052 3595 inter
1077 3539 1342 3595 veritates
1358 3539 1714 3594 collocantur
1733 3538 1791 3592 et
1810 3553 1915 3609 pro
1931 3538 2141 3592 talibus

514 3631 1029 3699 recognOscuntur,
1064 3632 1122 3685 et
1151 3631 1458 3683 censentur
1484 3627 1556 3683 ab
1585 3626 1851 3694 Ecclesia,
1885 3642 2012 3698 quae
2044 3626 2141 3681 illa

514 3715 627 3790 legi
659 3718 966 3790 permittit,
999 3718 1297 3773 neminem
1345 3721 1545 3772 tamen
1578 3732 1793 3788 cogens
1813 3715 1887 3770 ad
1916 3731 1985 3769 ea
2015 3730 2139 3769 cre-

516 3806 726 3875 denda,
760 3807 905 3863 sicut
924 3807 1079 3881 cogit
1108 3807 1179 3862 ad
1204 3805 1402 3874 Biblia,
1425 3806 1528 3861 sed
1547 3804 1661 3878 legi
1685 3803 1989 3876 permittit,
2018 3819 2136 3858 non

511 3896 896 3969 prohibendo,
943 3912 1069 3964 nec,
1127 3897 1190 3951 ut
1247 3895 1557 3951 credantur
1609 3910 1731 3949 esse
1783 3909 1940 3961 vera,
1991 3908 2139 3963 pras-

513 3983 801 4059 cipiendo.
837 3985 904 4040 Et
925 3984 1159 4057 quidem
1191 3983 1477 4055 permittit
1513 3981 1647 4054 legi,
1691 4002 1720 4034 α
1749 3980 1914 4048 Quia,
1949 3983 2013 4035 ut
2060 3980 2141 4035 ait

514 4074 751 4143 Gerson,
781 4072 1092 4145 proﬁciunt
1120 4073 1194 4127 ad
1212 4071 1526 4127 movendos
1554 4070 1788 4125 affectus
1829 4069 1955 4141 pios
1995 4068 2136 4123 fide-

514 4160 656 4218 lium
686 4165 745 4217 et
770 4161 831 4216 in
862 4159 1336 4216 aediﬁcationibus
1354 4159 1632 4232 ipsorum.
1661 4176 1694 4211 »
1726 4177 1757 4210 ‹‹
1784 4158 1852 4213 Et
1875 4159 1984 4213 hoc
2005 4172 2137 4212 cum

513 4266 547 4304 ν
571 4248 673 4306 tali
703 4247 1057 4317 conditione,
1091 4246 1231 4303 dum
1263 4248 1323 4303 in
1349 4247 1556 4304 talibus
1582 4246 1725 4303 nihil
1746 4247 1817 4303 de
1849 4244 2139 4301 certitudi-

2242 3222 2271 3288 §
2301 3220 2477 3302 X_Xl_ll,
2495 3218 2712 3302 Opinio,
2730 3236 2845 3291 qua
2862 3217 3439 3302 damnati'prodigfum
3461 3219 3871 3302 {ntra‘privatus

2310 3290 2575 3361 defunctis
2602 3290 2941 3344 ades’coram
2953 3292 3145 3361 paucis
3176 3291 3402 3345 evmisse
3430 3291 3641 3355 statuit,
3670 3306 3868 3360 propo-

2310 3365 2481 3434 nitur,
2514 3368 2584 3425 et,
2618 3379 2689 3415 an
2720 3361 2861 3415 velut
2902 3363 3078 3432 inepta
3110 3367 3419 3434 nomterquc
3456 3361 3681 3430 conﬁcta
3707 3377 3866 3431 repu-

2309 3433 2511 3488 dianda
2541 3449 2648 3487 non
2678 3435 2767 3495 sit,
2801 3434 3163 3487 examinatum

2312 3542 2721 3600 Carthusianus
2736 3546 2932 3599 noster
2944 3558 3197 3615 anonym
3205 3560 3288 3610 us,
3307 3541 3404 3616 qui
3435 3541 3686 3598 doctoris
3698 3541 3867 3597 dam-

2240 3632 2360 3688 nati
2387 3631 2741 3704 prodigium,
2769 3631 2813 3685 si
2846 3631 3070 3703 publice
3100 3631 3318 3687 factum
3351 3630 3699 3697 adstruatur,
3734 3646 3869 3702 pro-

2240 3723 2395 3775 certo
2412 3736 2478 3773 ex
2502 3719 2629 3790 jam
2653 3735 2805 3773 nunc
2822 3717 2986 3773 dictis
3000 3735 3118 3773 non
3141 3718 3334 3785 habet,
3362 3718 3586 3772 veritati
3616 3717 3673 3772 id
3691 3717 3863 3771 indu-

2237 3808 2332 3864 bie
2360 3823 2702 3875 consonum,
2737 3806 2802 3874 si,
2839 3823 2955 3861 non
2986 3806 3234 3880 publice,
3270 3806 3371 3861 sed
3421 3806 3576 3859 intra
3611 3805 3866 3876 privatas

2240 3895 2493 3952 defuncti
2524 3895 2675 3950 mdes
2708 3911 2904 3950 coram
2928 3895 3122 3967 paucis
3147 3895 3427 3950 duntaxat
3457 3893 3726 3949 accidisse
3745 3896 3861 3948 sta-

2237 3987 2452 4052 tuatur,
2475 3984 2800 4038 existimare
2823 3984 3081 4051 videtur;
3113 3982 3173 4037 in
3202 3983 3310 4037 hoc
3333 3985 3528 4037 autem
3547 3997 3681 4037 casu
3707 3981 3863 4036 fera;

2238 4075 2353 4129 lem
2380 4072 2704 4139 historiam,
2738 4072 2929 4139 variis,
2990 4071 3296 4142 adiunctis,
3354 4087 3483 4143 quae
3536 4070 3689 4142 apud
3720 4069 3865 4124 alios

2238 4162 2544 4235 scriptores
2555 4160 2943 4233 reperiuntur,
2973 4160 3259 4232 hujusque
3290 4176 3353 4214 ex
3360 4159 3487 4231 jam
3515 4158 3678 4213 dictis
3702 4173 3866 4213 vero-

2236 4249 2597 4306 similitudini
2628 4249 2945 4321 plurimum
2970 4248 3249 4315 officiunt,
3273 4247 3497 4303 omissis
3517 4263 3581 4301 ac
3606 4246 3860 4314 resectis,

513 4352 547 4393 ιι
577 4355 651 4394 ne
682 4337 858 4394 scitur
906 4355 1026 4393 esse
1083 4336 1314 4405 falsum,
1366 4336 1627 4410 quamvis
1657 4335 1833 4392 etiam
1885 4335 2137 4391 nescitur
2159 4335 2213 4396 D
2235 4340 2317 4395 ita
2342 4338 2719 4410 concipienda
2732 4336 3022 4409 proponit:
3041 4338 3240 4392 «Anno
3266 4339 3401 4407 1082
3429 4335 3665 4407 quidam
3680 4335 3862 4390 homo

514 4445 547 4481 »
572 4425 714 4483 illud
736 4424 1233 4483 certidudinaliter
1262 4440 1382 4481 esse
1414 4441 1635 4480 verum.
1664 4443 1697 4478 »

586 4518 710 4572 372.
743 4535 773 4570 α
793 4514 947 4570 Vitas
975 4513 1154 4587 igitur
1177 4517 1235 4570 et
1263 4514 1541 4571 miracula
1571 4516 1923 4581 sanctorum,
1972 4511 2139 4567 visio-

516 4619 734 4678 nesque
764 4606 822 4660 et
845 4603 1467 4676 miraculahujusmodi
1483 4603 1647 4675 juxta
1659 4602 1895 4659 effatum
1914 4599 2137 4657 domini

514 4692 779 4750 Gersonis
803 4692 1087 4767 permittit
1116 4692 1365 4748 Ecclesia
1405 4692 1519 4765 legi
1569 4695 1627 4747 et
1680 4692 1834 4747 inter
1871 4689 2138 4746 veritates

513 4783 765 4855 reponit,
787 4783 845 4839 id
868 4785 972 4851 est,
992 4799 1125 4838 vera
1145 4800 1265 4838 esse
1277 4782 1500 4854 judicat
1530 4784 1588 4837 et
1607 4799 1725 4837 non
1745 4781 1908 4848 falsa,
1932 4795 2137 4853 quam-

515 4873 598 4929 vis
629 4892 660 4926 α
692 4889 811 4928 non
858 4871 1227 4939 determinet,
1272 4872 1408 4927 talia
1460 4870 1530 4927 de
1577 4860 1913 4926 necessitate
1944 4867 2138 4924 salutis

514 4978 548 5018 s
576 4978 697 5018 esse
725 4960 1036 5028 credenda,
1066 4960 1204 5017 dum
1224 4959 1284 5016 in
1306 4960 1514 5016 talibus
1536 4959 1677 5015 nihil
1698 4958 1768 5016 de
1794 4957 2138 5014 certitudine

515 5051 751 5108 »scitur
791 5068 912 5108 esse
968 5051 1198 5107 falsum.
1226 5069 1259 5103 »
1313 5050 1430 5106 Hoc
1484 5053 1681 5105 autem
1736 5048 1806 5105 de
1861 5049 2138 5103 damnato

515 5139 755 5197 homine
782 5140 1126 5197 miraculum
1154 5140 1269 5197 sive
1288 5157 1380 5196 res
1405 5140 1682 5195 mirabilis
1711 5138 1785 5194 ad
1806 5136 2139 5210 Legendam

519 5228 700 5287 sancti
724 5228 1008 5286 Brunonis
1037 5233 1277 5304 spectat,
1306 5232 1364 5285 et
1391 5228 1534 5284 nihil
1564 5229 1623 5284 in
1657 5244 1725 5284 eo
1749 5248 1779 5281 α
1805 5230 1885 5284 De
1913 5227 2143 5284 certitu-

518 5337 551 5371 »
584 5316 719 5374 dine
751 5320 925 5375 scitur
951 5336 1073 5374 esse
1098 5319 1328 5387 falSum,
1361 5318 1623 5392 quamvis
1651 5317 1826 5373 etiam
1855 5317 2141 5373 nesciatur

520 5425 553 5458 »
582 5405 725 5461 illud
756 5406 1235 5463 certitudinaliter
1257 5424 1379 5463 esse
1407 5421 1628 5462 verum.
1657 5406 1807 5479 Ergo
1828 5406 1993 5478 juxta
2022 5422 2145 5462 ma-

524 5491 687 5564 gistri
731 5495 997 5553 Gersonis
1039 5496 1325 5566 regulam,
1398 5495 1469 5551 ab
1526 5493 1776 5551 Ecclesia
1826 5497 2143 5567 receptam,

528 5594 562 5632 α
588 5576 743 5637 inter
784 5584 1055 5642 veritates
1083 5585 1170 5637 est
1214 5583 1641 5657 reponendum,
1674 5602 1707 5639 ι»
1735 5582 1820 5640 Ita
1869 5583 2146 5639 hactenus

2236 4428 2454 4483 scicnta
2483 4429 2541 4482 et
2566 4427 2695 4481 vitae
2727 4425 3050 4499 prohibete,
3099 4429 3163 4479 ut
3210 4442 3279 4479 ex
3337 4423 3560 4479 indiciis
3609 4421 3863 4478 externis

2237 4515 2572 4589 apparebat,
2601 4512 2948 4587 spectabilis,
2983 4511 3210 4567 Parisiis
3241 4510 3544 4567 defunctus
3573 4515 3680 4579 est,
3738 4509 3860 4582 qui,

2237 4621 2369 4660 cum
2396 4603 2576 4671 domi,
2609 4603 2795 4659 donec
2809 4602 2882 4657 ad
2905 4600 3204 4657 ecclesiam
3227 4599 3548 4665 efferretur,
3576 4598 3647 4654 ab
3663 4598 3865 4675 amicis

2236 4706 2433 4767 preces
2464 4709 2569 4765 pro
2601 4708 2716 4747 suae
2768 4690 2979 4746 anima-3
3026 4688 3328 4760 refrigerio
3379 4688 3782 4755 funderentur,
3828 4702 3861 4741 e

2237 4783 2450 4838 feretro
2479 4784 2651 4852 caput
2680 4780 2969 4847 attollens,
3003 4793 3140 4833 voce
3156 4776 3398 4832 terribili
3424 4780 3515 4831 ter
3538 4774 3783 4848 repetita
3802 4790 3864 4829 se

2230 4871 2386 4943 justo
2418 4868 2518 4925 Dei
2537 4867 2756 4940 judicio
2795 4868 3146 4933 accusatum,
3167 4864 3492 4936 judicatum
3526 4879 3590 4918 ac
3619 4863 3860 4917 tandem

2238 4959 2694 5014 condemnatum
2709 4954 3037 5011 declaravit.
3060 4953 3183 5018 Quo
3200 4953 3396 5009 audito
3415 4951 3860 5024 perterrefactus

2240 5065 2304 5103 ac
2334 5048 2713 5120 compunctus
2728 5047 3007 5117 magister
3018 5045 3208 5098 Bruno
3225 5046 3361 5097 tunc
3375 5058 3647 5113 praesens,
3663 5040 3868 5112 adjun-

2240 5136 2342 5193 ctis
2371 5135 2475 5191 sibi
2510 5134 2696 5202 sociis,
2730 5149 2977 5206 quorum
3026 5132 3264 5205 quidam
3311 5120 3503 5185 eidem
3558 5130 3869 5185 adfuerant
3946 5161 3950 5165 -

2239 5225 2584 5298 spectaculo,
2618 5222 2807 5278 saeculi
2839 5221 3041 5293 fugam
3067 5220 3177 5292 piis
3204 5219 3319 5274 suis
3361 5218 3866 5273 adhortationibus

2241 5313 2594 5389 persuadens
2606 5311 2663 5365 in
2678 5307 3284 5366 desertumCarthusiaa
3297 5306 3523 5378 aufugit
3534 5322 3686 5387 anno
3695 5309 3716 5361 l
3725 5306 3868 5361 084»

2246 5405 2332 5459 Ita
2357 5403 2474 5470 ille,
2502 5416 2637 5456 mox
2663 5399 2838 5454 etiam
2871 5397 3120 5453 subdens
3153 5414 3167 5452 :
3202 5416 3234 5449 α
3265 5396 3345 5451 Re
3375 5396 3455 5450 sic
3483 5394 3864 5461 censiderata,

2247 5509 2367 5549 non
2400 5494 2486 5547 est
2514 5506 2653 5546 sane
2676 5488 2831 5562 quod
2849 5488 2974 5561 quis
2998 5487 3242 5543 miretur
3257 5484 3549 5541 silentium
3562 5486 3866 5539 auctorum

2247 5584 2596 5648 coaevorum,
2640 5578 2739 5652 qui
2780 5578 2952 5651 hujus
3003 5575 3257 5632 historiae
3306 5585 3425 5631 n’on
3470 5566 3871 5631 meminerunt
