4026 6042
177 317 283 368 2'25

1765 295 1947 372 acra

3412 315 3514 378 226

179 441 380 511 Neque
439 435 617 491 etiam
652 432 819 491 nobis
861 428 1198 507 exprobrari
1245 431 1455 503 potest,
1487 425 1649 503 quasi
1706 442 1807 482 no-
1826 427 1882 487 A
1905 421 2162 478 familim.
2193 422 2305 479 Sed
2332 423 2564 497 insuper
2587 428 2725 483 tunc
2745 430 3025 502 temporis
3055 432 3254 491 aberat
3281 436 3517 499 facultas

179 545 314 583 vam
349 526 521 596 hujus
552 524 801 596 prodigii
837 520 1233 578 narrationem
1273 517 1802 581 comminiscamur,

183 633 320 672 cum
359 615 416 670 in
442 631 510 668 ea
541 613 683 668 nihil
713 613 1097 684 proferamus,
1125 609 1280 682 quod
1315 625 1433 663 non
1466 607 1618 680 apud
1649 609 1806 660 vetu-

179 707 389 761 stiores
418 706 682 759 auctores
708 701 985 773 scriptum
1015 699 1356 770 reperiatur.
1388 697 1604 753 Omnes
1634 693 1807 766 siqui-

181 796 321 850 dem
347 791 722 858 conveniunt,
756 790 941 844 virum
980 791 1235 855 doctum,
1266 803 1398 842 cum
1445 785 1505 841 in
1559 783 1810 858 speciem

179 885 273 957 pie
302 882 534 936 vixisset
565 884 624 935 et
645 880 896 946 obiisset,
921 879 980 933 in
1001 879 1214 932 feretro
1238 876 1490 948 positum
1519 877 1608 928 ter
1642 873 1813 944 caput

185 972 486 1026 sustulisse
517 973 575 1023 et
604 968 984 1041 stupentibus,
1007 966 1102 1038 qui
1134 966 1396 1033 aderant,
1429 963 1582 1018 trina
1608 960 1814 1016 vocife-

183 1059 418 1116 ratione
441 1074 502 1113 se
529 1057 872 1112 damnatum
909 1054 1291 1111 renuntiasse.
1753 1098 1760 1104 .

258 1151 390 1204 574.
426 1147 716 1212 «Quidam
738 1146 1019 1213 referunt,
1050 1145 1163 1198 tale
1191 1141 1578 1216 spectaculum
1610 1155 1728 1195 non
1754 1136 1814 1193 in

187 1237 465 1304 Ecclesia,
499 1237 599 1292 sed
628 1236 686 1290 in
723 1237 852 1290 aula
873 1235 1082 1289 domus
1113 1233 1372 1304 ejusdem
1397 1229 1652 1285 defuncti
1695 1244 1819 1283 eve-

190 1328 368 1383 nisse.
416 1325 662 1389 Quidam
693 1342 812 1380 non
840 1323 1022 1378 tribus
1066 1321 1286 1388 diebus,
1317 1320 1418 1374 sed
1467 1319 1672 1373 eadem
1704 1317 1816 1384 die,

191 1416 522 1487 eodemque
539 1412 889 1480 recitationis
903 1412 1088 1468 Ofﬁcii
1109 1413 1373 1482 tempore
1392 1408 1606 1462 trinam
1620 1422 1819 1461 vocem

193 1504 455 1560 rediisse.
480 1502 587 1556 Alii
618 1505 878 1568 narrant,
913 1501 1150 1567 amicos,
1179 1515 1297 1554 non
1331 1514 1464 1552 vero
1501 1494 1821 1551 multitudi-

195 1610 336 1648 nem
367 1591 698 1657 hominum,
731 1593 1044 1664 prmsentes
1075 1587 1266 1654 fuisse,
1300 1587 1452 1641 inter
1482 1601 1625 1657 quos
1659 1585 1825 1639 erant

197 1683 394 1736 Bruno
422 1684 480 1735 et
511 1680 749 1753 quidam
769 1697 836 1734 ex
861 1677 1295 1750 sociis,quicum
1313 1692 1379 1730 eo
1401 1677 1598 1748 postea
1618 1673 1823 1728 ssnculo

1907 516 2026 567 tam
2079 517 2347 586 prompte
2408 516 2874 573 communicandi
2922 521 3129 577 exteris
3162 526 3514 598 regionibus,

1908 601 2062 673 quod
2091 603 2148 656 in
2167 603 2360 676 aliqua
2375 605 2613 676 regione
2639 613 2940 678 evenerat;
2960 611 3157 668 deerat
3185 616 3342 670 enim
3360 635 3518 674 vere-

1910 691 2203 746 dariorum
2256 696 2313 747 et
2361 711 2657 750 cursorum
2710 699 3072 768 publicorum
3116 707 3518 778 commoditas,

1911 797 2038 852 quae
2069 783 2206 836 tunc
2237 783 2398 837 valde
2431 800 2565 838 rara
2596 790 2738 840 erat.
2771 787 3430 866 Quidquid,inquam,sit
3450 799 3522 854 de

1911 868 2007 923 illa
2037 869 2382 941 opinione,»
2445 876 2554 927 etc.
2610 874 2780 944 Sane,
2828 877 2872 932 si
2906 880 3233 953 prodigiosa
3265 885 3525 944 damnati

1910 957 2149 1013 historia
2171 976 2237 1014 eo
2271 960 2470 1028 modo,
2506 979 2621 1033 quo
2654 980 2688 1016 a
2723 968 3034 1036 nonnullis,
3080 973 3223 1026 teste
3267 972 3358 1028 hic
3385 976 3523 1031 Mas-

1913 1062 2076 1114 sono,
2107 1050 2163 1100 et
2186 1048 2256 1102 ab
2292 1048 2411 1120 ipso
2446 1050 2819 1108 Carthusiano
2848 1059 3042 1112 nostro
3077 1076 3371 1133 anonymo
3402 1080 3528 1120 ver-

1914 1134 2000 1191 bis
2027 1136 2288 1207 proxime
2314 1139 2565 1194 recitatis
2596 1142 2919 1214 exponitur,
2951 1147 3216 1204 accidisse
3247 1155 3531 1209 statuatur

1918 1225 2100 1279 multo
2135 1225 2326 1280 minus
2357 1228 2479 1282 haec
2513 1229 2768 1299 habebit,
2792 1234 2943 1288 unde
2975 1253 3008 1290 a
3035 1239 3530 1298 verisimilitudine

1919 1313 2246 1404 abhorreat.
2281 1316 2492 1371 Verum.
2527 1320 2704 1391 quaeri
2765 1321 2855 1376 hic
2900 1323 3028 1393 jam
3079 1331 3287 1398 potest,
3339 1332 3529 1404 primo

1921 1403 2179 1475 quidem,
2245 1423 2316 1459 an
2375 1408 2657 1477 narratio,
2689 1428 2801 1482 qua
2830 1429 2920 1467 res
2946 1413 3024 1469 ita
3063 1417 3212 1472 facta
3238 1403 3535 1491 perhibea-

1922 1496 2034 1559 tur,
2070 1509 2175 1564 pro
2209 1493 2434 1548 noviter
2455 1495 2764 1570 inepteque
2797 1502 3042 1559 conﬁcta
3070 1506 3271 1562 haberi
3298 1527 3415 1565 non
3441 1511 3537 1568 de-

1921 1581 2076 1648 beat,
2102 1599 2199 1636 seu
2222 1584 2411 1655 potius
2445 1602 2516 1638 an
2547 1590 2604 1641 et
2639 1589 2843 1660 quibus
2866 1597 3037 1663 queat
3072 1596 3426 1669 antiquitatis
3451 1605 3534 1657 te-

1923 1669 2207 1744 stimon_iis
2239 1673 2571 1729 conﬁrmari
2603 1693 2616 1744 ;
2666 1679 2914 1734 secundo
2945 1686 3161 1751 autem,
3189 1703 3262 1741 an
3291 1691 3535 1762 etquam

199 1769 889 1826 nuntiumremiserunt.»
910 1769 1040 1822 Haec
1061 1764 1466 1822 Carthusianus
1482 1765 1675 1818 noster
1692 1777 1828 1816 ano-
1851 1754 1902 1813 B
1926 1759 2100 1814 ﬁdem
2151 1765 2460 1830 mereatur,
2518 1782 2618 1819 seu
2650 1783 2722 1820 an
2751 1769 3084 1842 prodigiosa
3115 1754 3536 1835 damnatiana-

200 1877 416 1932 nymus
442 1877 455 1926 ;
500 1859 550 1913 ei
573 1860 768 1913 autem
782 1857 888 1911 hac
912 1857 970 1910 in
997 1873 1058 1910 re
1069 1856 1192 1926 jam
1218 1853 1522 1926 praeiverat
1543 1853 1824 1906 Innocen-

202 1949 314 2004 tius
347 1949 424 2002 Le
448 1949 668 2003 Masson
709 1963 881 2019 supra
910 1944 1194 2010 laudatus,
1213 1944 1268 1996 in
1293 1940 1512 1997 ordinis
1526 1940 1610 1994 sui
1631 1941 1824 1994 Anna-

203 2038 348 2092 lium
378 2037 525 2092 libro
574 2053 612 2104 ι,
658 2053 783 2109 cap.
829 2038 876 2100 I,
911 2051 1075 2088 num.
1115 2036 1145 2087 3
1181 2035 1237 2086 et
1265 2048 1384 2103 seq.
1417 2030 1493 2084 sic
1528 2028 1823 2084 scribens:

208 2150 236 2177 ε(
269 2126 437 2181 Circa
462 2125 760 2180 historiam
777 2123 936 2178 illam
969 2121 1240 2187 doctoris,
1274 2123 1338 2175 ut
1357 2119 1666 2190 vulgariter
1689 2116 1824 2171 dici-

207 2219 321 2282 tur,
356 2214 619 2268 damnati
651 2230 767 2268 non
794 2212 1038 2267 modica:
1077 2211 1228 2265 inter
1271 2208 1495 2264 criticos
1527 2210 1665 2262 ortae
1697 2208 1830 2260 sunt

208 2304 599 2370 difﬁcultates,
653 2302 776 2357 aliis
823 2300 1205 2367 verissimam,
1252 2315 1372 2353 esse
1424 2295 1827 2364 asserentibus,

208 2393 333 2450 aliis
379 2392 500 2447 fere
542 2392 696 2446 inter
747 2390 926 2445 aniles
957 2389 1180 2444 fabulas
1213 2387 1372 2442 illam
1406 2384 1829 2451 referentibus;

211 2482 335 2539 aliis
359 2498 495 2537 vero
529 2479 868 2547 dicentibus,
897 2477 1200 2533 historiam
1220 2493 1417 2530 veram
1450 2474 1685 2547 quidem
1712 2489 1833 2527 esse

209 2571 269 2626 in
317 2569 660 2638 substantia,
715 2568 817 2623 sed
868 2567 1037 2621 variis
1100 2563 1544 2620 circumstantiis
1605 2565 1835 2618 auctam

214 2658 411 2726 fuisse,
467 2676 595 2731 qua:
624 2656 834 2713 fabulis
863 2673 983 2710 non
1012 2658 1146 2709 sunt
1176 2653 1486 2709 absimiles.
1523 2653 1677 2706 Inter
1698 2667 1838 2722 quas

213 2747 470 2803 maxime
519 2747 820 2819 reponitur
854 2745 1007 2800 trina
1037 2744 1133 2798 illa
1180 2743 1254 2797 ad
1284 2745 1398 2798 tres
1440 2741 1558 2796 dies
1590 2740 1840 2794 diversos

211 2836 459 2892 remissa
491 2835 829 2891 deliberatio
852 2834 1002 2888 circa
1021 2834 1235 2887 statum
1258 2830 1532 2897 defuncti,
1548 2846 1651 2902 per
1679 2828 1844 2883 cada-

217 2925 367 2980 veris
399 2924 683 2980 exanimis
710 2939 814 2978 ora
839 2921 1143 2977 clamantis
1185 2918 1666 2991 dignoscendum,
1701 2917 1842 2972 dum

1925 1848 2108 1947 stasis,
2144 1854 2316 1921 prout
2342 1851 2489 1947 hanc
2509 1853 2607 1947 illa
2634 1856 2830 1924 tradit,
2863 1858 3052 1930 reipsa
3083 1865 3537 1940 evenerit,atque

1926 1940 1984 1993 in
2040 1955 2305 1993 eremum
2351 1940 2624 1997 Sanctum
2674 1948 2936 2001 nostrum
2987 1948 3298 2022 impulerit.
3329 1956 3408 2010 Ac
3429 1957 3542 2028 pri-

1927 2045 2089 2082 mum
2134 2028 2368 2100 quidem
2409 2048 2474 2084 ex
2525 2031 2611 2086 his
2662 2036 2952 2104 praesenti,
2994 2039 3240 2097 alterum
3273 2060 3405 2100 vero
3452 2063 3540 2102 se-

1928 2117 2126 2188 quenti
2157 2117 2192 2189 §
2221 2119 2377 2172 lubet
2400 2119 2702 2176 discutere.
2736 2123 2862 2178 Non
2897 2143 3029 2181 raro
3062 2128 3145 2197 ﬁt,
3187 2135 3248 2187 ut
3282 2132 3434 2190 facta
3461 2135 3545 2190 hi-

1928 2205 2156 2273 storica,
2191 2207 2367 2261 etiam
2399 2215 2466 2262 ea
2489 2227 2614 2281 quas
2634 2228 2667 2266 a
2695 2214 2930 2269 nemine
2946 2233 3178 2289 prorsus
3203 2228 3547 2282 revocantur

1929 2293 1986 2347 in
2025 2294 2290 2362 dubium,
2312 2297 2742 2372 certissimeque
2757 2302 2931 2358 etiam
2950 2305 3140 2361 locum
3155 2309 3426 2381 habuere,
3445 2313 3544 2369 ad-

1924 2382 2139 2454 junctis
2171 2385 2444 2440 averitate
2467 2387 2801 2459 longissime
2817 2392 3018 2449 alienis
3033 2413 3378 2468 prorsusque
3393 2419 3548 2458 com-

1934 2471 2232 2539 mentitiis,
2259 2473 2302 2527 si
2319 2476 2427 2530 rite
2459 2479 2885 2549 examinentur,
2919 2483 3287 2543 inveniantur
3323 2495 3546 2547 ornata.

1941 2647 1951 2658 .
2163 2562 2363 2658 Sacros
2393 2569 2714 2637 martyrum
2753 2586 2990 2641 agones,
3023 2591 3197 2631 saevas
3228 2594 3261 2630 a
3291 2580 3552 2650 tyrannis

1938 2649 1997 2702 in
2048 2649 2251 2705 Christi
2303 2651 2500 2708 ﬁdeles
2548 2659 2732 2711 motas
2764 2661 3210 2732 persecutiones,
3244 2649 3554 2726 commissa

1939 2738 2093 2793 inter
2137 2740 2415 2795 exercitus
2446 2743 2709 2800 inimicos
2739 2749 2957 2818 prailia,
2989 2750 3168 2807 factas
3198 2755 3426 2812 urbium
3458 2759 3556 2815 ob-

1940 2826 2212 2895 sidiones,
2245 2829 2470 2901 aliaque
2502 2847 2676 2903 quam
2705 2835 2977 2906 plurima,
3025 2858 3151 2912 quae
3177 2845 3379 2900 seculis
3398 2850 3553 2903 retro

1941 2916 2112 3006 lapsis
2143 2921 2305 2989 gesta
2349 2923 2507 3006 sunt,
2539 2921 2792 2977 historici
2825 2928 2949 2980 tum
2982 2930 3147 2998 sacri,
3176 2934 3300 2988 tum
3330 2936 3558 3006 profani

216 3013 458 3068 interim
514 3014 659 3068 hora
707 3028 967 3082 congrua
1011 3011 1414 3081 repeterentur
1474 3005 1839 3062 czeremoniae
1873 3039 1920 3100 Ο
1945 3004 2002 3058 in
2029 3004 2248 3060 litteras
2279 3005 2724 3064 misere.Verum
2755 3017 2896 3083 quot
2919 3014 3101 3072 hisive
3134 3020 3206 3074 ab
3236 3004 3562 3095 impostori-

217 3100 533 3169 funerales,
566 3117 875 3173 precesque
915 3116 1021 3172 pro
1055 3097 1338 3152 defunctis
1368 3097 1440 3152 ab
1464 3094 1711 3150 Ecclesia
1755 3095 1844 3149 in-

219 3188 636 3259 stitutae,etpsic
663 3205 900 3244 rumore
928 3205 987 3243 se
1020 3203 1122 3260 per
1150 3190 1335 3241 totam
1363 3185 1653 3240 civitatem
1685 3200 1846 3258 spar-

222 3290 424 3363 gente,
456 3279 698 3354 quisque
747 3278 928 3333 libere
956 3279 1148 3348 posset
1191 3275 1264 3330 ad
1289 3275 1678 3346 spectaculum
1708 3272 1850 3328 illud

220 3362 543 3433 videndum
563 3366 894 3435 convenire,
916 3382 980 3420 ac
1011 3365 1056 3420 si
1077 3381 1144 3418 ex
1163 3363 1427 3419 condicto
1459 3379 1563 3434 per
1592 3366 1708 3417 tres
1725 3362 1850 3416 illos

224 3464 529 3522 distinctos
557 3459 860 3523 clamor-es,
895 3454 1034 3508 dum
1068 3452 1273 3508 eadem
1295 3451 1467 3506 verba
1501 3477 1524 3500 ιι
1550 3450 1852 3522 Responde

226 3553 374 3610 mihi
407 3572 435 3600 »
462 3547 885 3618 repeterentur,
904 3543 1232 3608 redeuntes,
1250 3543 1397 3596 Deus
1425 3539 1710 3595 debuisset
1739 3539 1852 3611 sig-

229 3659 376 3698 num
402 3639 540 3695 dare
567 3652 672 3708 per
693 3650 754 3688 os
783 3630 1073 3686 cadaveris
1104 3629 1410 3702 loquentis,
1434 3646 1547 3700 quo
1580 3628 1858 3701 potuisset

230 3729 515 3788 unanime
568 3725 640 3779 ab
689 3721 1051 3777 adstantibus
1100 3720 1171 3774 de
1203 3717 1457 3773 defuncti
1480 3717 1857 3772 damnatione

230 3820 374 3878 ferri
405 3813 710 3888 judicium.
767 3810 829 3864 Id
879 3812 1105 3864 tentare
1141 3809 1321 3862 Deum
1375 3807 1694 3862 volentium
1751 3807 1856 3873 est,

235 3906 398 3982 quod
429 3903 556 3960 ideo
588 3901 659 3956 ab
686 3898 952 3971 episc0po
969 3912 1269 3969 nunquam
1286 3893 1481 3949 fuisset
1492 3893 1858 3967 permissum,

237 3995 496 4052 maxime
529 3991 587 4045 in
623 3990 722 4044 illa
747 3985 1161 4043 ﬂorentissima
1190 3983 1438 4050 civitate,
1488 3998 1615 4054 quae
1642 3985 1729 4037 tot
1759 3982 1861 4036 do-

237 4086 345 4142 ctis
367 4085 427 4138 et
449 4077 802 4152 sapientibus
821 4074 952 4129 viris
983 4073 1336 4128 abundabat.

319 4175 446 4228 375.
480 4190 511 4222 ς
536 4164 826 4238 Quidquid
862 4163 935 4218 sit
969 4162 1039 4217 de
1064 4161 1233 4216 tertia
1281 4161 1378 4215 illa
1409 4158 1705 4230 opinione,
1738 4174 1864 4230 qua:

244 4258 606 4336 plausibilior
628 4255 872 4320 videtur;
907 4267 1046 4304 nam
1081 4249 1467 4304 abstrahendo
1493 4248 1868 4302 circumstan-

1946 3095 2050 3149 bus
2080 3095 2396 3150 credulaeve
2429 3097 2611 3169 plebis
2639 3102 2973 3158 rumoribus
3006 3105 3250 3180 decepti.
3298 3111 3411 3166 sive
3443 3114 3564 3169 ani-

1948 3183 2028 3237 mi
2060 3184 2425 3256 praeposteris
2447 3185 2740 3242 affectibus
2756 3190 3005 3261 abducti,
3041 3195 3152 3251 sive
3185 3198 3432 3272 denique
3450 3202 3564 3259 alia

1950 3289 2311 3346 quacumque
2343 3292 2408 3328 ex
2441 3292 2612 3331 causa
2639 3277 2696 3332 in
2731 3296 2953 3336 errores
2999 3284 3202 3355 illapsi,
3235 3305 3326 3343 res
3346 3307 3446 3345 seu
3476 3293 3561 3348 fa-

1951 3365 2062 3429 cta,
2091 3379 2221 3434 quae
2255 3367 2512 3432 narrant,
2561 3365 2718 3421 falsis
2758 3369 2998 3426 omnino
3031 3389 3096 3427 ac
3143 3374 3414 3434 fabulotis
3461 3381 3564 3436 ad-

1946 3450 2161 3522 junctis
2192 3468 2309 3531 non
2356 3453 2764 3524 deturpaverel
2807 3455 3029 3514 Sancta:
3063 3462 3254 3519 Crucis
3287 3465 3564 3538 inventio,

1952 3555 2058 3611 per
2106 3540 2404 3607 Helenam,
2454 3541 2813 3599 Constantini
2857 3547 3044 3620 Magni
3073 3555 3344 3620 matrem,
3395 3555 3569 3627 facta,

1955 3627 2126 3682 rebus
2165 3627 2436 3683 historica
2464 3630 2578 3684 ﬁde
2620 3633 2790 3688 certis
2822 3639 3178 3694 accensenda
3218 3645 3324 3710 est,
3365 3644 3572 3700 litteri-

1956 3732 2095 3787 sque
2137 3732 2171 3770 a
2197 3716 2560 3772 Theodoreto
2591 3720 2848 3791 primum
2877 3723 2986 3779 fuit
3016 3731 3446 3787 commendata.
3470 3735 3576 3790 Ve-

1958 3820 2090 3858 rum
2121 3804 2417 3875 ﬁgmentis
2439 3823 2614 3877 quam
2647 3809 2910 3880 plurimis
2933 3816 3307 3882 postmodum
3338 3812 3446 3876 fuit
3466 3822 3570 3878 fua-

1961 3892 2115 3959 data,
2145 3892 2223 3946 uti
2252 3893 2406 3965 apud
2446 3910 2551 3947 nos
2581 3898 2722 3949 tom.
2760 3899 2780 3950 I
2806 3898 2930 3955 Maii
2959 3916 3090 3973 pag,
3124 3906 3226 3960 363
3256 3906 3341 3962 fas
3383 3912 3468 3964 est
3493 3909 3574 3964 vi-

1963 3981 2119 4035 dere.
2155 3980 2347 4035 Sancti
2368 3981 2611 4037 Mauritii
2639 3983 3053 4060 Sociorumque
3071 3991 3448 4051 Thebaaorum
3463 3997 3574 4053 mi-

1963 4069 2131 4123 litum
2159 4073 2480 4141 martyrum
2506 4072 2821 4142 gloriosum
2859 4091 2964 4146 pro
3002 4078 3114 4134 ﬁde
3132 4086 3426 4140 certamen
3453 4103 3576 4141 cer-

1963 4161 2092 4212 tum
2106 4157 2347 4213 omnino
2368 4163 2539 4232 atque
2558 4160 2948 4218 indubitatum
2971 4169 3291 4226 est.Verum
3308 4172 3364 4226 id
3378 4175 3468 4246 adj
3481 4193 3582 4231 un-

1967 4247 2070 4301 ctis
2082 4246 2236 4301 falsis
2253 4263 2369 4301 non
2377 4248 2571 4319 paucis
2585 4250 2828 4306 Suriana
2841 4258 3172 4312 sanctorum
3191 4259 3416 4316 illerum
3433 4281 3585 4320 mar-

247 4326 330 4407 tia
351 4346 626 4410 historiae,
671 4346 729 4397 et
759 4340 1003 4395 dicendo
1053 4355 1179 4393 rem
1229 4337 1394 4392 istam
1430 4337 1580 4391 inter
1620 4336 1870 4408 privatos
1893 4326 1944 4385 D
1971 4338 2162 4407 tyrum
2202 4337 2343 4388 Acta
2375 4336 2647 4392 exhibent
2689 4341 2977 4410 vestitum,
3014 4344 3116 4412 uti,
3149 4362 3276 4417 quae
3324 4349 3393 4406 de
3431 4351 3584 4410 hisce

248 4437 501 4513 parietes
535 4433 742 4488 domus
766 4427 1020 4483 defuncti
1037 4426 1312 4494 evenisse,
1332 4426 1667 4481 ubisanctus
1681 4425 1870 4478 Bruno

251 4512 312 4583 et
352 4525 400 4597 ej
413 4542 475 4579 us
494 4521 630 4577 socii
645 4534 889 4591 pensum
901 4515 1194 4571 charitatis
1216 4515 1364 4569 circa
1384 4530 1589 4586 corpus
1608 4512 1874 4568 exanime

253 4613 416 4670 chari
455 4607 560 4664 sibi
582 4605 838 4662 defuncti
860 4603 1155 4659 recitando
1181 4602 1446 4658 Ofﬁcium
1471 4601 1875 4655 defunctorum

255 4697 683 4777 persolvebant,
711 4687 824 4766 quo
851 4693 1117 4757 durante,
1141 4690 1318 4744 tribus
1340 4689 1553 4744 vicibus
1577 4688 1875 4757 distinctis,

256 4789 435 4847 veluti
465 4805 498 4840 a
513 4801 719 4841 somno
751 4782 951 4837 mortis
965 4780 1260 4852 evigilatus
1281 4779 1579 4833 defunctus
1592 4779 1882 4833 horrenda

256 4895 399 4934 voce
416 4873 767 4940 clamavit,se
781 4868 1453 4939 accusatumjudicatum
1469 4869 1524 4920 et
1537 4868 1886 4921 condemna-

259 4972 416 5033 tum,
449 4964 727 5018 corruunt
757 4961 1107 5030 argumenta
1133 4957 1355 5022 omnia,
1401 4972 1528 5027 quae
1565 4972 1630 5010 ex
1655 4955 1883 5010 silentio

261 5059 570 5112 auctorum
588 5053 1017 5105 coaetaneorum
1055 5048 1348 5117 petuntur,
1364 5044 1480 5115 qui,
1503 5043 1573 5098 de
1592 5044 1648 5099 S.
1667 5046 1886 5099 Bruno-

263 5144 357 5201 nis
380 5143 442 5196 in
471 5156 733 5194 eremum
776 5135 1085 5192 Carthasim
1116 5151 1342 5188 accessu
1372 5135 1693 5205 loquentes,
1747 5133 1888 5188 nihil

267 5247 507 5306 prorsus
529 5230 743 5283 referre
777 5225 1046 5280 dicuntur
1066 5223 1135 5276 de
1157 5223 1254 5276 illa
1271 5222 1526 5276 historia.
1563 5220 1714 5276 Licet
1731 5223 1887 5277 enim

271 5325 542 5377 auctores
563 5317 642 5371 illi
675 5313 851 5369 cozevi
902 5310 1118 5366 fuerint
1160 5313 1356 5364 sancto
1403 5310 1677 5377 Brunoni,
1725 5311 1889 5367 facile

272 5410 386 5466 fuit
417 5422 613 5461 casum
643 5404 804 5458 illum
832 5402 1148 5472 ignorasse,
1173 5398 1268 5470 qui
1286 5398 1381 5453 diu
1403 5402 1461 5453 et
1489 5404 1770 5470 quantum
1788 5417 1890 5471 p0-

275 5498 410 5563 tuit,
441 5493 665 5549 silentio
713 5507 937 5563 pressus
979 5487 1088 5541 fuit
1129 5490 1186 5540 et
1228 5487 1330 5541 sub
1380 5491 1602 5541 secreto
1641 5493 1892 5543 servatus

281 5586 526 5662 propter
541 5582 826 5638 honorem
841 5580 966 5633 tum
980 5574 1217 5647 insignis
1227 5574 1331 5630 viri
1348 5575 1445 5629 def
1447 5575 1750 5642 uncti,tum
1769 5577 1891 5647 ejus

1972 4424 2125 4497 apud
2154 4439 2260 4479 nos
2287 4425 2515 4478 tom.VI
2538 4425 2893 4497 Septembris
2924 4447 3056 4502 pag.
3087 4434 3189 4487 340
3221 4438 3279 4489 et
3309 4453 3469 4509 seqq.
3501 4439 3587 4494 di-

1974 4517 2065 4569 cta
2090 4516 2242 4580 sunt,
2272 4512 2516 4567 dilucide
2545 4516 2874 4570 ostendunt.
2911 4520 3079 4574 Plura
3104 4537 3220 4576 non
3253 4524 3424 4594 addo,
3457 4544 3588 4584 cum

1976 4603 2064 4657 vix
2095 4601 2411 4673 quidquam
2443 4602 2629 4672 magis
2657 4603 2729 4658 sit
2751 4605 3193 4679 obvium,quam
3225 4628 3386 4668 veras
3413 4615 3592 4673 histo-

1979 4691 2092 4746 rias
2125 4690 2277 4744 falsis
2307 4691 2838 4764 commentitiisque
2870 4696 3155 4767 adjunctis
3191 4699 3448 4759 invenire
3473 4723 3594 4762 cor-

1981 4781 2198 4852 ruptas.
2222 4779 2408 4849 Atque
2427 4778 2588 4849 hian
2601 4797 2690 4834 am
2711 4781 2872 4849 sit,ut
2892 4782 2950 4838 in
2975 4785 3136 4841 factis
3152 4788 3595 4859 historicis,con-

1983 4871 2074 4922 tra
2115 4883 2179 4920 ac
2227 4865 2510 4920 Launoius
2544 4867 2601 4921 in
2633 4885 2733 4923 sua
2766 4871 2844 4925 De
2880 4890 3011 4928 vera
3042 4892 3211 4931 causa
3252 4896 3503 4936 sucessus
3532 4883 3591 4938 S.

1986 4953 2268 5010 Brunonis
2308 4955 2366 5008 in
2411 4971 2674 5011 eremum
2707 4958 3107 5017 dissertatione
3154 4967 3291 5033 vult,
3320 4968 3400 5022 rei
3421 4973 3598 5040 gestae.

1988 5043 2299 5099 substantia
2346 5045 2418 5099 ab
2451 5046 2708 5116 ejusdem
2743 5049 3025 5121 adjunctis
3071 5053 3144 5108 sit
3169 5055 3595 5129 distinguenda,

1989 5137 2161 5205 atque
2196 5149 2313 5187 non
2346 5135 2617 5191 cantinuo
2646 5154 2714 5191 ex
2734 5155 2824 5205 eo,
2854 5141 3010 5211 quod
3031 5141 3151 5196 haec
3177 5142 3319 5198 falsa
3343 5144 3602 5214 sint,fal-

1989 5239 2114 5277 sam
2153 5222 2368 5294 pariter
2399 5239 2518 5278 esse
2562 5225 2744 5294 illam,
2799 5228 2870 5282 sit
2915 5245 3290 5301 consequens.
3344 5233 3502 5290 Falsa
3532 5254 3599 5292 ex

1984 5312 2109 5383 jam
2143 5310 2308 5365 dictis
2337 5315 2488 5379 sunt,
2514 5314 2720 5385 quibus
2754 5318 2908 5388 apud
2940 5316 3169 5373 Surium
3202 5320 3299 5375 SS.
3322 5322 3598 5382 Thebaea-

1991 5417 2119 5455 rum
2152 5403 2473 5472 martyrum
2502 5403 2685 5474 passio
2717 5410 2976 5473 ornatur,
3009 5426 3124 5462 nan
3157 5412 3311 5465 nulla
3329 5412 3601 5482 adjuncta

1991 5491 2229 5561 haecquo
2287 5490 2660 5545 nihilominus
2704 5511 2807 5565 pro
2835 5496 3152 5554 certissima
3182 5504 3266 5554 est
3307 5501 3601 5566 habenda.

2065 5583 2187 5634 {$77.
2213 5579 2368 5634 Idem
2384 5580 2608 5636 obtinet
2629 5581 2682 5636 in
2699 5583 2953 5655 pluribus
2974 5586 3098 5642 aliis
3115 5589 3359 5650 aliorum
3383 5596 3600 5667 marty-
