  <div class='ocr_page' id='page_1' title='image "/cluster/home/n/w/nwhite01/storage/ocr_20150623/152/hvd.32044054760103/119.png"; bbox 0 0 4224 6058; ppageno 0'>
   <div class='ocr_carea' id='block_1_1' title="bbox 580 304 3905 383">
    <p class='ocr_par' dir='ltr' id='par_1_1' title="bbox 580 304 3905 383">
     <span class='ocr_line' id='line_1_1' title="bbox 580 304 3905 383; baseline 0.007 -23"><span class='ocrx_word' id='word_1_1' title='bbox 580 315 687 372; x_wconf 79' lang='lat'>227</span> <span class='ocrx_word' id='word_1_2' title='bbox 1440 307 1499 363; x_wconf 83' lang='lat' dir='ltr'>S.</span> <span class='ocrx_word' id='word_1_3' title='bbox 1527 306 1875 364; x_wconf 81' lang='lat' dir='ltr'>BBUNONIS</span> <span class='ocrx_word' id='word_1_4' title='bbox 1916 304 2551 367; x_wconf 75' lang='lat' dir='ltr'>CARTHUSIANORUM</span> <span class='ocrx_word' id='word_1_5' title='bbox 2587 312 3054 372; x_wconf 82' lang='lat' dir='ltr'>INSTITUTORIS</span> <span class='ocrx_word' id='word_1_6' title='bbox 3799 323 3905 383; x_wconf 75' lang='lat'>228</span> 
     </span>
    </p>
   </div>
   <div class='ocr_carea' id='block_1_2' title="bbox 581 432 3905 517">
    <p class='ocr_par' dir='ltr' id='par_1_2' title="bbox 581 432 3905 517">
     <span class='ocr_line' id='line_1_2' title="bbox 581 432 3905 517; baseline 0.002 -17"><span class='ocrx_word' id='word_1_7' title='bbox 581 460 716 502; x_wconf 90' lang='lat' dir='ltr'>rum</span> <span class='ocrx_word' id='word_1_8' title='bbox 764 437 1046 513; x_wconf 83' lang='lat' dir='ltr'>agonibus</span> <span class='ocrx_word' id='word_1_9' title='bbox 1094 434 1333 509; x_wconf 83' lang='lat' dir='ltr'>aliisque</span> <span class='ocrx_word' id='word_1_10' title='bbox 1372 432 1537 489; x_wconf 89' lang='lat' dir='ltr'>factis</span> <span class='ocrx_word' id='word_1_11' title='bbox 1580 433 1882 500; x_wconf 81' lang='lat' dir='ltr'>historicis,</span> <span class='ocrx_word' id='word_1_12' title='bbox 1942 449 2187 506; x_wconf 90' lang='lat' dir='ltr'>quorum</span> <span class='ocrx_word' id='word_1_13' title='bbox 2211 437 2267 498; x_wconf 88' lang='grc' dir='ltr'><strong>Α</strong></span> <span class='ocrx_word' id='word_1_14' title='bbox 2298 437 2476 494; x_wconf 76' lang='lat' dir='ltr'>tantae</span> <span class='ocrx_word' id='word_1_15' title='bbox 2499 440 3500 516; x_wconf 88' lang='lat' dir='ltr'>multitudinishaudcapaci,factum</span> <span class='ocrx_word' id='word_1_16' title='bbox 3519 463 3662 517; x_wconf 89' lang='lat' dir='ltr'>esse,</span> <span class='ocrx_word' id='word_1_17' title='bbox 3693 450 3905 507; x_wconf 86' lang='lat' dir='ltr'>verosi-</span> 
     </span>
    </p>
   </div>
   <div class='ocr_carea' id='block_1_3' title="bbox 581 524 2195 607">
    <p class='ocr_par' dir='ltr' id='par_1_3' title="bbox 581 524 2195 607">
     <span class='ocr_line' id='line_1_3' title="bbox 581 524 2195 607; baseline -0.007 -19"><span class='ocrx_word' id='word_1_18' title='bbox 581 531 834 607; x_wconf 90' lang='lat' dir='ltr'>plurima</span> <span class='ocrx_word' id='word_1_19' title='bbox 855 546 922 584; x_wconf 88' lang='lat' dir='ltr'>ex</span> <span class='ocrx_word' id='word_1_20' title='bbox 943 525 1184 583; x_wconf 88' lang='lat' dir='ltr'>historia</span> <span class='ocrx_word' id='word_1_21' title='bbox 1203 529 1326 580; x_wconf 92' lang='lat' dir='ltr'>tum</span> <span class='ocrx_word' id='word_1_22' title='bbox 1355 542 1535 593; x_wconf 91' lang='lat' dir='ltr'>sacra,</span> <span class='ocrx_word' id='word_1_23' title='bbox 1571 526 1692 578; x_wconf 91' lang='lat' dir='ltr'>tum</span> <span class='ocrx_word' id='word_1_24' title='bbox 1727 524 1972 597; x_wconf 87' lang='lat' dir='ltr'>profana</span> <span class='ocrx_word' id='word_1_25' title='bbox 2002 524 2195 578; x_wconf 83' lang='lat' dir='ltr'>forent</span> 
     </span>
    </p>
   </div>
   <div class='ocr_carea' id='block_1_4' title="bbox 582 613 2193 687">
    <p class='ocr_par' dir='ltr' id='par_1_4' title="bbox 582 613 2193 687">
     <span class='ocr_line' id='line_1_4' title="bbox 582 613 2193 687; baseline -0.008 -8"><span class='ocrx_word' id='word_1_26' title='bbox 582 620 895 686; x_wconf 88' lang='lat' dir='ltr'>eradenda,</span> <span class='ocrx_word' id='word_1_27' title='bbox 939 617 985 672; x_wconf 88' lang='lat' dir='ltr'>si</span> <span class='ocrx_word' id='word_1_28' title='bbox 1021 616 1268 687; x_wconf 88' lang='lat' dir='ltr'>singula,</span> <span class='ocrx_word' id='word_1_29' title='bbox 1316 632 1443 687; x_wconf 71' lang='lat' dir='ltr'>quae</span> <span class='ocrx_word' id='word_1_30' title='bbox 1496 613 1650 669; x_wconf 80' lang='lat' dir='ltr'>falsis</span> <span class='ocrx_word' id='word_1_31' title='bbox 1708 613 2193 684; x_wconf 88' lang='lat' dir='ltr'>commentiisque</span> 
     </span>
    </p>
   </div>
   <div class='ocr_carea' id='block_1_5' title="bbox 581 702 2193 785">
    <p class='ocr_par' dir='ltr' id='par_1_5' title="bbox 581 702 2193 785">
     <span class='ocr_line' id='line_1_5' title="bbox 581 702 2193 785; baseline -0.008 -16"><span class='ocrx_word' id='word_1_32' title='bbox 581 709 866 785; x_wconf 86' lang='lat' dir='ltr'>adjunctis</span> <span class='ocrx_word' id='word_1_33' title='bbox 891 710 1022 762; x_wconf 91' lang='lat' dir='ltr'>sunt</span> <span class='ocrx_word' id='word_1_34' title='bbox 1056 705 1275 772; x_wconf 89' lang='lat' dir='ltr'>vestita,</span> <span class='ocrx_word' id='word_1_35' title='bbox 1304 703 1985 775; x_wconf 89' lang='lat' dir='ltr'>commentisfabulisque</span> <span class='ocrx_word' id='word_1_36' title='bbox 2000 702 2193 757; x_wconf 78' lang='lat' dir='ltr'>forent</span> 
     </span>
    </p>
   </div>
   <div class='ocr_carea' id='block_1_6' title="bbox 579 792 2191 866">
    <p class='ocr_par' dir='ltr' id='par_1_6' title="bbox 579 792 2191 866">
     <span class='ocr_line' id='line_1_6' title="bbox 579 792 2191 866; baseline -0.008 -8"><span class='ocrx_word' id='word_1_37' title='bbox 579 799 937 859; x_wconf 89' lang='lat' dir='ltr'>accensenda</span> <span class='ocrx_word' id='word_1_38' title='bbox 953 799 1051 851; x_wconf 93' lang='lat' dir='ltr'>aut</span> <span class='ocrx_word' id='word_1_39' title='bbox 1072 799 1228 851; x_wconf 92' lang='lat' dir='ltr'>certo</span> <span class='ocrx_word' id='word_1_40' title='bbox 1248 810 1352 866; x_wconf 90' lang='lat' dir='ltr'>pro</span> <span class='ocrx_word' id='word_1_41' title='bbox 1384 793 1539 849; x_wconf 83' lang='lat' dir='ltr'>falsis</span> <span class='ocrx_word' id='word_1_42' title='bbox 1568 792 1855 848; x_wconf 89' lang='lat' dir='ltr'>habenda.</span> <span class='ocrx_word' id='word_1_43' title='bbox 1870 794 2055 864; x_wconf 80' lang='lat' dir='ltr'>Atque</span> <span class='ocrx_word' id='word_1_44' title='bbox 2068 793 2191 846; x_wconf 55' lang='lat' dir='ltr'>haec</span> 
     </span>
    </p>
   </div>
   <div class='ocr_carea' id='block_1_7' title="bbox 580 880 2189 965">
    <p class='ocr_par' dir='ltr' id='par_1_7' title="bbox 580 880 2189 965">
     <span class='ocr_line' id='line_1_7' title="bbox 580 880 2189 965; baseline -0.007 -19"><span class='ocrx_word' id='word_1_45' title='bbox 580 891 837 965; x_wconf 86' lang='lat' dir='ltr'>quidem,</span> <span class='ocrx_word' id='word_1_46' title='bbox 868 903 995 959; x_wconf 81' lang='lat' dir='ltr'>quae</span> <span class='ocrx_word' id='word_1_47' title='bbox 1045 886 1115 940; x_wconf 93' lang='lat' dir='ltr'>de</span> <span class='ocrx_word' id='word_1_48' title='bbox 1145 884 1329 950; x_wconf 88' lang='lat' dir='ltr'>factis,</span> <span class='ocrx_word' id='word_1_49' title='bbox 1381 884 1452 938; x_wconf 91' lang='lat' dir='ltr'>ab</span> <span class='ocrx_word' id='word_1_50' title='bbox 1490 881 1611 954; x_wconf 90' lang='lat' dir='ltr'>ipso</span> <span class='ocrx_word' id='word_1_51' title='bbox 1667 881 1861 936; x_wconf 80' lang='lat' dir='ltr'>statim</span> <span class='ocrx_word' id='word_1_52' title='bbox 1901 880 1984 935; x_wconf 90' lang='lat' dir='ltr'>rei</span> <span class='ocrx_word' id='word_1_53' title='bbox 2015 886 2189 953; x_wconf 71' lang='lat' dir='ltr'>gesta:</span> 
     </span>
    </p>
   </div>
   <div class='ocr_carea' id='block_1_8' title="bbox 578 969 2193 1044">
    <p class='ocr_par' dir='ltr' id='par_1_8' title="bbox 578 969 2193 1044">
     <span class='ocr_line' id='line_1_8' title="bbox 578 969 2193 1044; baseline -0.007 -8"><span class='ocrx_word' id='word_1_54' title='bbox 578 979 744 1037; x_wconf 92' lang='lat' dir='ltr'>initio</span> <span class='ocrx_word' id='word_1_55' title='bbox 776 979 874 1032; x_wconf 91' lang='lat' dir='ltr'>aut</span> <span class='ocrx_word' id='word_1_56' title='bbox 903 977 1055 1029; x_wconf 90' lang='lat' dir='ltr'>certe</span> <span class='ocrx_word' id='word_1_57' title='bbox 1082 990 1199 1028; x_wconf 89' lang='lat' dir='ltr'>non</span> <span class='ocrx_word' id='word_1_58' title='bbox 1233 972 1329 1026; x_wconf 91' lang='lat' dir='ltr'>diu</span> <span class='ocrx_word' id='word_1_59' title='bbox 1354 974 1483 1044; x_wconf 92' lang='lat' dir='ltr'>post</span> <span class='ocrx_word' id='word_1_60' title='bbox 1512 971 1570 1024; x_wconf 88' lang='lat' dir='ltr'>in</span> <span class='ocrx_word' id='word_1_61' title='bbox 1601 971 1820 1025; x_wconf 86' lang='lat' dir='ltr'>litteras</span> <span class='ocrx_word' id='word_1_62' title='bbox 1839 969 2024 1024; x_wconf 89' lang='lat' dir='ltr'>missis</span> <span class='ocrx_word' id='word_1_63' title='bbox 2040 969 2193 1025; x_wconf 89' lang='lat' dir='ltr'>dicta</span> 
     </span>
    </p>
   </div>
   <div class='ocr_carea' id='block_1_9' title="bbox 577 1059 2189 1135">
    <p class='ocr_par' dir='ltr' id='par_1_9' title="bbox 577 1059 2189 1135">
     <span class='ocr_line' id='line_1_9' title="bbox 577 1059 2189 1135; baseline -0.009 -9"><span class='ocrx_word' id='word_1_64' title='bbox 577 1070 668 1127; x_wconf 91' lang='lat' dir='ltr'>hic</span> <span class='ocrx_word' id='word_1_65' title='bbox 683 1069 836 1135; x_wconf 89' lang='lat' dir='ltr'>sunt,</span> <span class='ocrx_word' id='word_1_66' title='bbox 871 1066 1055 1119; x_wconf 89' lang='lat' dir='ltr'>multo</span> <span class='ocrx_word' id='word_1_67' title='bbox 1089 1061 1275 1134; x_wconf 89' lang='lat' dir='ltr'>magis</span> <span class='ocrx_word' id='word_1_68' title='bbox 1304 1060 1362 1116; x_wconf 93' lang='lat' dir='ltr'>in</span> <span class='ocrx_word' id='word_1_69' title='bbox 1391 1060 1477 1128; x_wconf 90' lang='lat' dir='ltr'>iis,</span> <span class='ocrx_word' id='word_1_70' title='bbox 1507 1077 1635 1132; x_wconf 66' lang='lat' dir='ltr'>qua:</span> <span class='ocrx_word' id='word_1_71' title='bbox 1666 1060 1974 1114; x_wconf 83' lang='lat' dir='ltr'>traditione</span> <span class='ocrx_word' id='word_1_72' title='bbox 2022 1059 2189 1113; x_wconf 90' lang='lat' dir='ltr'>dum-</span> 
     </span>
    </p>
   </div>
   <div class='ocr_carea' id='block_1_10' title="bbox 576 1150 2192 1225">
    <p class='ocr_par' dir='ltr' id='par_1_10' title="bbox 576 1150 2192 1225">
     <span class='ocr_line' id='line_1_10' title="bbox 576 1150 2192 1225; baseline -0.009 -10"><span class='ocrx_word' id='word_1_73' title='bbox 576 1160 750 1224; x_wconf 85' lang='lat' dir='ltr'>taxat,</span> <span class='ocrx_word' id='word_1_74' title='bbox 784 1173 817 1210; x_wconf 86' lang='lat' dir='ltr'>a</span> <span class='ocrx_word' id='word_1_75' title='bbox 845 1152 929 1209; x_wconf 85' lang='lat' dir='ltr'>rei</span> <span class='ocrx_word' id='word_1_76' title='bbox 960 1155 1134 1225; x_wconf 79' lang='lat' dir='ltr'>gestae</span> <span class='ocrx_word' id='word_1_77' title='bbox 1166 1150 1389 1222; x_wconf 83' lang='lat' dir='ltr'>origine</span> <span class='ocrx_word' id='word_1_78' title='bbox 1412 1166 1516 1222; x_wconf 90' lang='lat' dir='ltr'>per</span> <span class='ocrx_word' id='word_1_79' title='bbox 1542 1164 1725 1203; x_wconf 90' lang='lat' dir='ltr'>unum</span> <span class='ocrx_word' id='word_1_80' title='bbox 1756 1150 2073 1203; x_wconf 80' lang='lat' dir='ltr'>alterumve</span> <span class='ocrx_word' id='word_1_81' title='bbox 2094 1151 2192 1202; x_wconf 92' lang='lat' dir='ltr'>aut</span> 
     </span>
    </p>
   </div>
   <div class='ocr_carea' id='block_1_11' title="bbox 574 1238 2191 1317">
    <p class='ocr_par' dir='ltr' id='par_1_11' title="bbox 574 1238 2191 1317">
     <span class='ocr_line' id='line_1_11' title="bbox 574 1238 2191 1317; baseline -0.009 -13"><span class='ocrx_word' id='word_1_82' title='bbox 574 1248 751 1304; x_wconf 88' lang='lat' dir='ltr'>etiam</span> <span class='ocrx_word' id='word_1_83' title='bbox 782 1261 885 1317; x_wconf 90' lang='lat' dir='ltr'>per</span> <span class='ocrx_word' id='word_1_84' title='bbox 911 1244 1077 1317; x_wconf 90' lang='lat' dir='ltr'>plura</span> <span class='ocrx_word' id='word_1_85' title='bbox 1104 1240 1310 1295; x_wconf 84' lang='lat' dir='ltr'>saecula</span> <span class='ocrx_word' id='word_1_86' title='bbox 1335 1238 1600 1305; x_wconf 90' lang='lat' dir='ltr'>deducta,</span> <span class='ocrx_word' id='word_1_87' title='bbox 1629 1241 1965 1304; x_wconf 90' lang='lat' dir='ltr'>noscuntur,</span> <span class='ocrx_word' id='word_1_88' title='bbox 1997 1238 2191 1291; x_wconf 92' lang='lat' dir='ltr'>locum</span> 
     </span>
    </p>
   </div>
   <div class='ocr_carea' id='block_1_12' title="bbox 572 1325 2190 1401">
    <p class='ocr_par' dir='ltr' id='par_1_12' title="bbox 572 1325 2190 1401">
     <span class='ocr_line' id='line_1_12' title="bbox 572 1325 2190 1401; baseline -0.007 -10"><span class='ocrx_word' id='word_1_89' title='bbox 572 1336 812 1391; x_wconf 82' lang='lat' dir='ltr'>habent.</span> <span class='ocrx_word' id='word_1_90' title='bbox 841 1330 959 1387; x_wconf 88' lang='lat' dir='ltr'>Etsi</span> <span class='ocrx_word' id='word_1_91' title='bbox 990 1328 1334 1401; x_wconf 90' lang='lat' dir='ltr'>enim,quod</span> <span class='ocrx_word' id='word_1_92' title='bbox 1355 1330 1581 1399; x_wconf 86' lang='lat' dir='ltr'>gestum</span> <span class='ocrx_word' id='word_1_93' title='bbox 1600 1329 1704 1393; x_wconf 91' lang='lat' dir='ltr'>est,</span> <span class='ocrx_word' id='word_1_94' title='bbox 1724 1326 1794 1380; x_wconf 92' lang='lat' dir='ltr'>ab</span> <span class='ocrx_word' id='word_1_95' title='bbox 1812 1325 2001 1397; x_wconf 90' lang='lat' dir='ltr'>iis,qui</span> <span class='ocrx_word' id='word_1_96' title='bbox 2026 1325 2082 1380; x_wconf 88' lang='lat' dir='ltr'>id</span> <span class='ocrx_word' id='word_1_97' title='bbox 2104 1327 2190 1380; x_wconf 87' lang='lat' dir='ltr'>vel</span> 
     </span>
    </p>
   </div>
   <div class='ocr_carea' id='block_1_13' title="bbox 571 1413 2191 1489">
    <p class='ocr_par' dir='ltr' id='par_1_13' title="bbox 571 1413 2191 1489">
     <span class='ocr_line' id='line_1_13' title="bbox 571 1413 2191 1489; baseline -0.007 -9"><span class='ocrx_word' id='word_1_98' title='bbox 571 1425 859 1489; x_wconf 88' lang='lat' dir='ltr'>viderunt,</span> <span class='ocrx_word' id='word_1_99' title='bbox 913 1420 1001 1475; x_wconf 93' lang='lat' dir='ltr'>vel</span> <span class='ocrx_word' id='word_1_100' title='bbox 1046 1436 1112 1473; x_wconf 90' lang='lat' dir='ltr'>ex</span> <span class='ocrx_word' id='word_1_101' title='bbox 1170 1416 1407 1472; x_wconf 89' lang='lat' dir='ltr'>oculatis</span> <span class='ocrx_word' id='word_1_102' title='bbox 1455 1415 1694 1470; x_wconf 83' lang='lat' dir='ltr'>testibus</span> <span class='ocrx_word' id='word_1_103' title='bbox 1744 1413 2070 1481; x_wconf 90' lang='lat' dir='ltr'>audierunt,</span> <span class='ocrx_word' id='word_1_104' title='bbox 2116 1415 2191 1469; x_wconf 90' lang='lat' dir='ltr'>ad</span> 
     </span>
    </p>
   </div>
   <div class='ocr_carea' id='block_1_14' title="bbox 573 1502 2185 1571">
    <p class='ocr_par' dir='ltr' id='par_1_14' title="bbox 573 1502 2185 1571">
     <span class='ocr_line' id='line_1_14' title="bbox 573 1502 2185 1571; baseline -0.007 -3"><span class='ocrx_word' id='word_1_105' title='bbox 573 1513 715 1568; x_wconf 91' lang='lat' dir='ltr'>alios</span> <span class='ocrx_word' id='word_1_106' title='bbox 740 1511 862 1566; x_wconf 84' lang='lat' dir='ltr'>viva</span> <span class='ocrx_word' id='word_1_107' title='bbox 891 1524 1027 1565; x_wconf 88' lang='lat' dir='ltr'>voce</span> <span class='ocrx_word' id='word_1_108' title='bbox 1056 1505 1391 1571; x_wconf 87' lang='lat' dir='ltr'>transmitti,</span> <span class='ocrx_word' id='word_1_109' title='bbox 1417 1506 1475 1558; x_wconf 91' lang='lat' dir='ltr'>et</span> <span class='ocrx_word' id='word_1_110' title='bbox 1500 1504 1570 1558; x_wconf 88' lang='lat' dir='ltr'>ab</span> <span class='ocrx_word' id='word_1_111' title='bbox 1592 1503 1679 1558; x_wconf 88' lang='lat' dir='ltr'>his</span> <span class='ocrx_word' id='word_1_112' title='bbox 1699 1502 1909 1557; x_wconf 90' lang='lat' dir='ltr'>deinde</span> <span class='ocrx_word' id='word_1_113' title='bbox 1933 1502 2007 1557; x_wconf 93' lang='lat' dir='ltr'>ad</span> <span class='ocrx_word' id='word_1_114' title='bbox 2025 1502 2185 1569; x_wconf 89' lang='lat' dir='ltr'>alios,</span> 
     </span>
    </p>
   </div>
   <div class='ocr_carea' id='block_1_15' title="bbox 472 1590 2256 1671">
    <p class='ocr_par' dir='ltr' id='par_1_15' title="bbox 472 1590 2256 1671">
     <span class='ocr_line' id='line_1_15' title="bbox 472 1590 2256 1671; baseline -0.01 -12"><span class='ocrx_word' id='word_1_115' title='bbox 472 1666 477 1671; x_wconf 42' lang='grc'><em>,</em></span> <span class='ocrx_word' id='word_1_116' title='bbox 573 1602 732 1657; x_wconf 89' lang='lat' dir='ltr'>nulla</span> <span class='ocrx_word' id='word_1_117' title='bbox 777 1599 929 1654; x_wconf 88' lang='lat' dir='ltr'>facta</span> <span class='ocrx_word' id='word_1_118' title='bbox 979 1593 1219 1650; x_wconf 89' lang='lat' dir='ltr'>notabili</span> <span class='ocrx_word' id='word_1_119' title='bbox 1265 1592 1606 1659; x_wconf 86' lang='lat' dir='ltr'>mutatione,</span> <span class='ocrx_word' id='word_1_120' title='bbox 1668 1590 1979 1663; x_wconf 80' lang='lat' dir='ltr'>propagari</span> <span class='ocrx_word' id='word_1_121' title='bbox 2022 1590 2188 1645; x_wconf 84' lang='lat' dir='ltr'>facile</span> <span class='ocrx_word' id='word_1_122' title='bbox 2253 1624 2256 1628; x_wconf 53' lang='grc' dir='ltr'>λ</span> 
     </span>
    </p>
   </div>
   <div class='ocr_carea' id='block_1_16' title="bbox 574 1679 2185 1763">
    <p class='ocr_par' dir='ltr' id='par_1_16' title="bbox 574 1679 2185 1763">
     <span class='ocr_line' id='line_1_16' title="bbox 574 1679 2185 1763; baseline -0.007 -18"><span class='ocrx_word' id='word_1_123' title='bbox 574 1691 769 1763; x_wconf 88' lang='lat' dir='ltr'>queat,</span> <span class='ocrx_word' id='word_1_124' title='bbox 787 1685 912 1741; x_wconf 83' lang='lat' dir='ltr'>ﬁeri</span> <span class='ocrx_word' id='word_1_125' title='bbox 948 1687 1147 1739; x_wconf 90' lang='lat' dir='ltr'>tamen</span> <span class='ocrx_word' id='word_1_126' title='bbox 1171 1682 1230 1737; x_wconf 92' lang='lat' dir='ltr'>id</span> <span class='ocrx_word' id='word_1_127' title='bbox 1247 1681 1356 1750; x_wconf 86' lang='lat' dir='ltr'>vix,</span> <span class='ocrx_word' id='word_1_128' title='bbox 1391 1698 1455 1735; x_wconf 92' lang='lat' dir='ltr'>ac</span> <span class='ocrx_word' id='word_1_129' title='bbox 1488 1697 1561 1735; x_wconf 89' lang='lat' dir='ltr'>ne</span> <span class='ocrx_word' id='word_1_130' title='bbox 1585 1679 1676 1734; x_wconf 89' lang='lat' dir='ltr'>vix</span> <span class='ocrx_word' id='word_1_131' title='bbox 1706 1679 1943 1751; x_wconf 88' lang='lat' dir='ltr'>quidem</span> <span class='ocrx_word' id='word_1_132' title='bbox 1974 1682 2185 1751; x_wconf 85' lang='lat' dir='ltr'>potest,</span> 
     </span>
    </p>
   </div>
   <div class='ocr_carea' id='block_1_17' title="bbox 2294 528 3906 597">
    <p class='ocr_par' dir='ltr' id='par_1_17' title="bbox 2294 528 3906 597">
     <span class='ocr_line' id='line_1_17' title="bbox 2294 528 3906 597; baseline 0.009 -15"><span class='ocrx_word' id='word_1_133' title='bbox 2294 528 2430 583; x_wconf 89' lang='lat' dir='ltr'>mile</span> <span class='ocrx_word' id='word_1_134' title='bbox 2458 530 2613 585; x_wconf 89' lang='lat' dir='ltr'>haud</span> <span class='ocrx_word' id='word_1_135' title='bbox 2626 531 2999 587; x_wconf 86' lang='lat' dir='ltr'>existimaret.</span> <span class='ocrx_word' id='word_1_136' title='bbox 3025 534 3240 589; x_wconf 87' lang='lat' dir='ltr'>Eadem</span> <span class='ocrx_word' id='word_1_137' title='bbox 3271 536 3419 591; x_wconf 86' lang='lat' dir='ltr'>forte</span> <span class='ocrx_word' id='word_1_138' title='bbox 3452 536 3522 592; x_wconf 92' lang='lat' dir='ltr'>de</span> <span class='ocrx_word' id='word_1_139' title='bbox 3548 540 3906 597; x_wconf 88' lang='lat' dir='ltr'>causaetiam</span> 
     </span>
    </p>
   </div>
   <div class='ocr_carea' id='block_1_18' title="bbox 2290 617 3906 696">
    <p class='ocr_par' dir='ltr' id='par_1_18' title="bbox 2290 617 3906 696">
     <span class='ocr_line' id='line_1_18' title="bbox 2290 617 3906 696; baseline 0.011 -26"><span class='ocrx_word' id='word_1_140' title='bbox 2290 617 2510 673; x_wconf 91' lang='lat' dir='ltr'>factum</span> <span class='ocrx_word' id='word_1_141' title='bbox 2538 619 2731 689; x_wconf 90' lang='lat' dir='ltr'>fuerit,</span> <span class='ocrx_word' id='word_1_142' title='bbox 2767 625 2848 689; x_wconf 90' lang='lat' dir='ltr'>ut,</span> <span class='ocrx_word' id='word_1_143' title='bbox 2873 625 2989 677; x_wconf 86' lang='lat' dir='ltr'>tres</span> <span class='ocrx_word' id='word_1_144' title='bbox 3019 623 3278 679; x_wconf 87' lang='lat' dir='ltr'>damnati</span> <span class='ocrx_word' id='word_1_145' title='bbox 3298 625 3754 696; x_wconf 85' lang='lat' dir='ltr'>vociferationes,</span> <span class='ocrx_word' id='word_1_146' title='bbox 3787 646 3906 687; x_wconf 90' lang='lat' dir='ltr'>non</span> 
     </span>
    </p>
   </div>
   <div class='ocr_carea' id='block_1_19' title="bbox 2290 707 3904 790">
    <p class='ocr_par' dir='ltr' id='par_1_19' title="bbox 2290 707 3904 790">
     <span class='ocr_line' id='line_1_19' title="bbox 2290 707 3904 790; baseline 0.009 -29"><span class='ocrx_word' id='word_1_147' title='bbox 2290 707 2473 763; x_wconf 89' lang='lat' dir='ltr'>tribus</span> <span class='ocrx_word' id='word_1_148' title='bbox 2500 708 2701 765; x_wconf 86' lang='lat' dir='ltr'>diebus</span> <span class='ocrx_word' id='word_1_149' title='bbox 2732 711 2986 780; x_wconf 87' lang='lat' dir='ltr'>diversis,</span> <span class='ocrx_word' id='word_1_150' title='bbox 3020 713 3121 768; x_wconf 91' lang='lat' dir='ltr'>sed</span> <span class='ocrx_word' id='word_1_151' title='bbox 3148 731 3261 769; x_wconf 92' lang='lat' dir='ltr'>uno</span> <span class='ocrx_word' id='word_1_152' title='bbox 3297 716 3621 790; x_wconf 89' lang='lat' dir='ltr'>eodemque</span> <span class='ocrx_word' id='word_1_153' title='bbox 3645 719 3904 787; x_wconf 86' lang='lat' dir='ltr'>rediisse,</span> 
     </span>
    </p>
   </div>
   <div class='ocr_carea' id='block_1_20' title="bbox 2292 797 3903 875">
    <p class='ocr_par' dir='ltr' id='par_1_20' title="bbox 2292 797 3903 875">
     <span class='ocr_line' id='line_1_20' title="bbox 2292 797 3903 875; baseline 0.009 -26"><span class='ocrx_word' id='word_1_154' title='bbox 2292 797 2592 853; x_wconf 70' lang='lat' dir='ltr'>memoria:</span> <span class='ocrx_word' id='word_1_155' title='bbox 2624 800 2988 869; x_wconf 86' lang='lat' dir='ltr'>prodiderint</span> <span class='ocrx_word' id='word_1_156' title='bbox 3028 803 3311 872; x_wconf 82' lang='lat' dir='ltr'>nonnulli,</span> <span class='ocrx_word' id='word_1_157' title='bbox 3342 820 3591 875; x_wconf 88' lang='lat' dir='ltr'>quorum</span> <span class='ocrx_word' id='word_1_158' title='bbox 3613 807 3785 865; x_wconf 89' lang='lat' dir='ltr'>Sutor</span> <span class='ocrx_word' id='word_1_159' title='bbox 3802 808 3903 864; x_wconf 91' lang='lat' dir='ltr'>lib.</span> 
     </span>
    </p>
   </div>
   <div class='ocr_carea' id='block_1_21' title="bbox 2292 884 3808 966">
    <p class='ocr_par' dir='ltr' id='par_1_21' title="bbox 2292 884 3808 966">
     <span class='ocr_line' id='line_1_21' title="bbox 2292 884 3808 966; baseline 0.01 -29"><span class='ocrx_word' id='word_1_160' title='bbox 2292 885 2410 938; x_wconf 70' lang='lat' dir='ltr'>[De</span> <span class='ocrx_word' id='word_1_161' title='bbox 2441 884 2554 940; x_wconf 90' lang='lat' dir='ltr'>vita</span> <span class='ocrx_word' id='word_1_162' title='bbox 2578 887 2972 957; x_wconf 87' lang='lat' dir='ltr'>Carthusiana,</span> <span class='ocrx_word' id='word_1_163' title='bbox 3004 893 3171 945; x_wconf 85' lang='lat' dir='ltr'>tract.</span> <span class='ocrx_word' id='word_1_164' title='bbox 3190 909 3249 961; x_wconf 82' lang='grc' dir='ltr'>ιι,</span> <span class='ocrx_word' id='word_1_165' title='bbox 3283 910 3408 966; x_wconf 89' lang='lat' dir='ltr'>cap.</span> <span class='ocrx_word' id='word_1_166' title='bbox 3444 898 3496 961; x_wconf 84' lang='lat'>2,</span> <span class='ocrx_word' id='word_1_167' title='bbox 3520 896 3808 952; x_wconf 86' lang='lat' dir='ltr'>meminit.</span> 
     </span>
    </p>
   </div>
   <div class='ocr_carea' id='block_1_22' title="bbox 2363 1026 3905 1101">
    <p class='ocr_par' dir='ltr' id='par_1_22' title="bbox 2363 1026 3905 1101">
     <span class='ocr_line' id='line_1_22' title="bbox 2363 1026 3905 1101; baseline 0.003 -20"><span class='ocrx_word' id='word_1_168' title='bbox 2363 1028 2486 1081; x_wconf 87' lang='lat'>3&#39;79.</span> <span class='ocrx_word' id='word_1_169' title='bbox 2537 1026 2604 1079; x_wconf 91' lang='lat' dir='ltr'>Et</span> <span class='ocrx_word' id='word_1_170' title='bbox 2646 1041 2803 1093; x_wconf 90' lang='lat' dir='ltr'>vero,</span> <span class='ocrx_word' id='word_1_171' title='bbox 2862 1041 2996 1080; x_wconf 90' lang='lat' dir='ltr'>cum</span> <span class='ocrx_word' id='word_1_172' title='bbox 3045 1026 3406 1083; x_wconf 90' lang='lat' dir='ltr'>horrendum</span> <span class='ocrx_word' id='word_1_173' title='bbox 3454 1029 3810 1101; x_wconf 85' lang='lat' dir='ltr'>prodigium,</span> <span class='ocrx_word' id='word_1_174' title='bbox 3857 1031 3905 1086; x_wconf 89' lang='lat' dir='ltr'>si</span> 
     </span>
    </p>
   </div>
   <div class='ocr_carea' id='block_1_23' title="bbox 2291 1114 3903 1190">
    <p class='ocr_par' dir='ltr' id='par_1_23' title="bbox 2291 1114 3903 1190">
     <span class='ocr_line' id='line_1_23' title="bbox 2291 1114 3903 1190; baseline 0.004 -23"><span class='ocrx_word' id='word_1_175' title='bbox 2291 1131 2548 1186; x_wconf 89' lang='lat' dir='ltr'>unquam</span> <span class='ocrx_word' id='word_1_176' title='bbox 2579 1115 2771 1168; x_wconf 90' lang='lat' dir='ltr'>locum</span> <span class='ocrx_word' id='word_1_177' title='bbox 2822 1114 3043 1181; x_wconf 88' lang='lat' dir='ltr'>habuit,</span> <span class='ocrx_word' id='word_1_178' title='bbox 3090 1116 3162 1170; x_wconf 90' lang='lat' dir='ltr'>ad</span> <span class='ocrx_word' id='word_1_179' title='bbox 3200 1132 3557 1188; x_wconf 87' lang='lat' dir='ltr'>anonymum</span> <span class='ocrx_word' id='word_1_180' title='bbox 3578 1118 3903 1190; x_wconf 87' lang='lat' dir='ltr'>primorum</span> 
     </span>
    </p>
   </div>
   <div class='ocr_carea' id='block_1_24' title="bbox 2295 1201 3901 1273">
    <p class='ocr_par' dir='ltr' id='par_1_24' title="bbox 2295 1201 3901 1273">
     <span class='ocr_line' id='line_1_24' title="bbox 2295 1201 3901 1273; baseline 0.005 -19"><span class='ocrx_word' id='word_1_181' title='bbox 2295 1201 2548 1273; x_wconf 90' lang='lat' dir='ltr'>quinque</span> <span class='ocrx_word' id='word_1_182' title='bbox 2563 1201 2873 1256; x_wconf 69' lang='lat' dir='ltr'>Carthusiae</span> <span class='ocrx_word' id='word_1_183' title='bbox 2886 1202 3146 1273; x_wconf 88' lang='lat' dir='ltr'>priorum</span> <span class='ocrx_word' id='word_1_184' title='bbox 3171 1203 3437 1258; x_wconf 85' lang='lat' dir='ltr'>Chronici</span> <span class='ocrx_word' id='word_1_185' title='bbox 3456 1209 3751 1261; x_wconf 87' lang='lat' dir='ltr'>auctorem</span> <span class='ocrx_word' id='word_1_186' title='bbox 3784 1209 3901 1262; x_wconf 90' lang='lat' dir='ltr'>tra-</span> 
     </span>
    </p>
   </div>
   <div class='ocr_carea' id='block_1_25' title="bbox 2292 1290 3903 1361">
    <p class='ocr_par' dir='ltr' id='par_1_25' title="bbox 2292 1290 3903 1361">
     <span class='ocr_line' id='line_1_25' title="bbox 2292 1290 3903 1361; baseline 0.004 -17"><span class='ocrx_word' id='word_1_187' title='bbox 2292 1290 2531 1357; x_wconf 89' lang='lat' dir='ltr'>ditione,</span> <span class='ocrx_word' id='word_1_188' title='bbox 2565 1291 2624 1345; x_wconf 92' lang='lat' dir='ltr'>in</span> <span class='ocrx_word' id='word_1_189' title='bbox 2655 1290 2958 1361; x_wconf 88' lang='lat' dir='ltr'>adjunctis,</span> <span class='ocrx_word' id='word_1_190' title='bbox 2991 1295 3056 1347; x_wconf 92' lang='lat' dir='ltr'>ut</span> <span class='ocrx_word' id='word_1_191' title='bbox 3105 1293 3344 1359; x_wconf 90' lang='lat' dir='ltr'>dictum,</span> <span class='ocrx_word' id='word_1_192' title='bbox 3395 1295 3798 1351; x_wconf 82' lang='lat' dir='ltr'>verosimiliter</span> <span class='ocrx_word' id='word_1_193' title='bbox 3821 1296 3903 1351; x_wconf 87' lang='lat' dir='ltr'>vi-</span> 
     </span>
    </p>
   </div>
   <div class='ocr_carea' id='block_1_26' title="bbox 2290 1380 3902 1455">
    <p class='ocr_par' dir='ltr' id='par_1_26' title="bbox 2290 1380 3902 1455">
     <span class='ocr_line' id='line_1_26' title="bbox 2290 1380 3902 1455; baseline 0.006 -22"><span class='ocrx_word' id='word_1_194' title='bbox 2290 1380 2451 1445; x_wconf 90' lang='lat' dir='ltr'>tiata,</span> <span class='ocrx_word' id='word_1_195' title='bbox 2493 1380 2841 1451; x_wconf 90' lang='lat' dir='ltr'>pervenerit,</span> <span class='ocrx_word' id='word_1_196' title='bbox 2900 1380 2980 1435; x_wconf 91' lang='lat' dir='ltr'>illi</span> <span class='ocrx_word' id='word_1_197' title='bbox 3010 1399 3169 1449; x_wconf 90' lang='lat' dir='ltr'>sane,</span> <span class='ocrx_word' id='word_1_198' title='bbox 3198 1384 3355 1455; x_wconf 89' lang='lat' dir='ltr'>quod</span> <span class='ocrx_word' id='word_1_199' title='bbox 3389 1383 3449 1438; x_wconf 93' lang='lat' dir='ltr'>in</span> <span class='ocrx_word' id='word_1_200' title='bbox 3502 1385 3655 1440; x_wconf 90' lang='lat' dir='ltr'>hisce</span> <span class='ocrx_word' id='word_1_201' title='bbox 3709 1387 3902 1442; x_wconf 88' lang='lat' dir='ltr'>minus</span> 
     </span>
    </p>
   </div>
   <div class='ocr_carea' id='block_1_27' title="bbox 2289 1468 3903 1537">
    <p class='ocr_par' dir='ltr' id='par_1_27' title="bbox 2289 1468 3903 1537">
     <span class='ocr_line' id='line_1_27' title="bbox 2289 1468 3903 1537; baseline 0.005 -15"><span class='ocrx_word' id='word_1_202' title='bbox 2289 1468 2613 1524; x_wconf 87' lang='lat' dir='ltr'>verosimile</span> <span class='ocrx_word' id='word_1_203' title='bbox 2658 1468 2978 1535; x_wconf 90' lang='lat' dir='ltr'>videbatur,</span> <span class='ocrx_word' id='word_1_204' title='bbox 3028 1472 3343 1537; x_wconf 88' lang='lat' dir='ltr'>mutantes,</span> <span class='ocrx_word' id='word_1_205' title='bbox 3373 1471 3606 1528; x_wconf 86' lang='lat' dir='ltr'>infausti</span> <span class='ocrx_word' id='word_1_206' title='bbox 3651 1474 3903 1530; x_wconf 88' lang='lat' dir='ltr'>doctoris</span> 
     </span>
    </p>
   </div>
   <div class='ocr_carea' id='block_1_28' title="bbox 2286 1557 3905 1631">
    <p class='ocr_par' dir='ltr' id='par_1_28' title="bbox 2286 1557 3905 1631">
     <span class='ocr_line' id='line_1_28' title="bbox 2286 1557 3905 1631; baseline 0.004 -19"><span class='ocrx_word' id='word_1_207' title='bbox 2286 1557 2810 1626; x_wconf 86' lang='lat' dir='ltr'>vociferationibus,</span> <span class='ocrx_word' id='word_1_208' title='bbox 2843 1574 2958 1613; x_wconf 93' lang='lat' dir='ltr'>non</span> <span class='ocrx_word' id='word_1_209' title='bbox 2996 1557 3117 1614; x_wconf 89' lang='lat' dir='ltr'>dies</span> <span class='ocrx_word' id='word_1_210' title='bbox 3146 1558 3396 1615; x_wconf 90' lang='lat' dir='ltr'>diversos</span> <span class='ocrx_word' id='word_1_211' title='bbox 3415 1564 3552 1629; x_wconf 81' lang='lat' dir='ltr'>tres,</span> <span class='ocrx_word' id='word_1_212' title='bbox 3574 1566 3638 1617; x_wconf 88' lang='lat' dir='ltr'>ut</span> <span class='ocrx_word' id='word_1_213' title='bbox 3666 1562 3905 1631; x_wconf 85' lang='lat' dir='ltr'>ille,sed</span> 
     </span>
    </p>
   </div>
   <div class='ocr_carea' id='block_1_29' title="bbox 2287 1646 3901 1721">
    <p class='ocr_par' dir='ltr' id='par_1_29' title="bbox 2287 1646 3901 1721">
     <span class='ocr_line' id='line_1_29' title="bbox 2287 1646 3901 1721; baseline 0.004 -20"><span class='ocrx_word' id='word_1_214' title='bbox 2287 1664 2470 1702; x_wconf 89' lang='lat' dir='ltr'>unum</span> <span class='ocrx_word' id='word_1_215' title='bbox 2515 1647 2793 1702; x_wconf 82' lang='lat' dir='ltr'>duntaxat</span> <span class='ocrx_word' id='word_1_216' title='bbox 2840 1664 2958 1701; x_wconf 92' lang='lat' dir='ltr'>non</span> <span class='ocrx_word' id='word_1_217' title='bbox 3012 1646 3206 1718; x_wconf 90' lang='lat' dir='ltr'>inepte</span> <span class='ocrx_word' id='word_1_218' title='bbox 3251 1649 3569 1721; x_wconf 87' lang='lat' dir='ltr'>assignasse</span> <span class='ocrx_word' id='word_1_219' title='bbox 3608 1651 3901 1720; x_wconf 88' lang='lat' dir='ltr'>videntur,</span> 
     </span>
    </p>
   </div>
   <div class='ocr_carea' id='block_1_30' title="bbox 572 1735 3901 1850">
    <p class='ocr_par' dir='ltr' id='par_1_30' title="bbox 572 1735 3901 1850">
     <span class='ocr_line' id='line_1_30' title="bbox 572 1735 3901 1850; baseline -0.005 -16"><span class='ocrx_word' id='word_1_220' title='bbox 572 1735 618 1834; x_wconf 61' lang='lat' dir='ltr'>si</span> <span class='ocrx_word' id='word_1_221' title='bbox 649 1794 740 1833; x_wconf 89' lang='lat' dir='ltr'>res</span> <span class='ocrx_word' id='word_1_222' title='bbox 756 1735 875 1850; x_wconf 54' lang='lat' dir='ltr'>’per</span> <span class='ocrx_word' id='word_1_223' title='bbox 924 1789 1107 1828; x_wconf 92' lang='lat' dir='ltr'>unum</span> <span class='ocrx_word' id='word_1_224' title='bbox 1137 1769 1382 1842; x_wconf 88' lang='lat' dir='ltr'>amplius</span> <span class='ocrx_word' id='word_1_225' title='bbox 1411 1769 1682 1824; x_wconf 69' lang='lat' dir='ltr'>saeculum</span> <span class='ocrx_word' id='word_1_226' title='bbox 1726 1767 1800 1822; x_wconf 92' lang='lat' dir='ltr'>ad</span> <span class='ocrx_word' id='word_1_227' title='bbox 1832 1767 1972 1823; x_wconf 88' lang='lat' dir='ltr'>alios</span> <span class='ocrx_word' id='word_1_228' title='bbox 2014 1772 2186 1840; x_wconf 91' lang='lat' dir='ltr'>atque</span> <span class='ocrx_word' id='word_1_229' title='bbox 2209 1760 2261 1819; x_wconf 92' lang='lat' dir='ltr'>B</span> <span class='ocrx_word' id='word_1_230' title='bbox 2286 1752 2703 1850; x_wconf 40' lang='lat'>3:13:11:</span> <span class='ocrx_word' id='word_1_231' title='bbox 2729 1738 3108 1850; x_wconf 41' lang='grc' dir='ltr'>ἓξὲξ)ῗὶ</span> <span class='ocrx_word' id='word_1_232' title='bbox 3134 1738 3607 1850; x_wconf 42' lang='grc' dir='ltr'>ξξξξδξξῖξξξ-ξξγθ</span> <span class='ocrx_word' id='word_1_233' title='bbox 3633 1756 3759 1850; x_wconf 44' lang='lat' dir='ltr'>“ne</span> <span class='ocrx_word' id='word_1_234' title='bbox 3786 1758 3901 1850; x_wconf 39' lang='lat' dir='ltr'>sive</span> 
     </span>
    </p>
   </div>
   <div class='ocr_carea' id='block_1_31' title="bbox 570 1856 2189 1928">
    <p class='ocr_par' dir='ltr' id='par_1_31' title="bbox 570 1856 2189 1928">
     <span class='ocr_line' id='line_1_31' title="bbox 570 1856 2189 1928; baseline -0.009 -5"><span class='ocrx_word' id='word_1_235' title='bbox 570 1867 711 1924; x_wconf 91' lang='lat' dir='ltr'>alios</span> <span class='ocrx_word' id='word_1_236' title='bbox 735 1863 1009 1920; x_wconf 90' lang='lat' dir='ltr'>continua</span> <span class='ocrx_word' id='word_1_237' title='bbox 1038 1860 1370 1926; x_wconf 87' lang='lat' dir='ltr'>traditione,</span> <span class='ocrx_word' id='word_1_238' title='bbox 1404 1859 1561 1912; x_wconf 92' lang='lat' dir='ltr'>nullo</span> <span class='ocrx_word' id='word_1_239' title='bbox 1589 1856 1884 1928; x_wconf 84' lang='lat' dir='ltr'>scripturae</span> <span class='ocrx_word' id='word_1_240' title='bbox 1915 1856 2189 1912; x_wconf 83' lang='lat' dir='ltr'>munimi-</span> 
     </span>
    </p>
   </div>
   <div class='ocr_carea' id='block_1_32' title="bbox 570 1947 2188 2019">
    <p class='ocr_par' dir='ltr' id='par_1_32' title="bbox 570 1947 2188 2019">
     <span class='ocr_line' id='line_1_32' title="bbox 570 1947 2188 2019; baseline -0.008 -7"><span class='ocrx_word' id='word_1_241' title='bbox 570 1974 643 2012; x_wconf 90' lang='lat' dir='ltr'>ne</span> <span class='ocrx_word' id='word_1_242' title='bbox 675 1955 926 2019; x_wconf 88' lang='lat' dir='ltr'>ﬁrmata,</span> <span class='ocrx_word' id='word_1_243' title='bbox 953 1948 1445 2015; x_wconf 88' lang='lat' dir='ltr'>transmittantur,</span> <span class='ocrx_word' id='word_1_244' title='bbox 1485 1947 1613 2001; x_wconf 87' lang='lat' dir='ltr'>Jam</span> <span class='ocrx_word' id='word_1_245' title='bbox 1653 1962 1810 2013; x_wconf 91' lang='lat' dir='ltr'>vero,</span> <span class='ocrx_word' id='word_1_246' title='bbox 1847 1962 1979 2000; x_wconf 92' lang='lat' dir='ltr'>cum</span> <span class='ocrx_word' id='word_1_247' title='bbox 2003 1962 2070 2000; x_wconf 88' lang='lat' dir='ltr'>ex</span> <span class='ocrx_word' id='word_1_248' title='bbox 2100 1963 2188 2000; x_wconf 92' lang='lat' dir='ltr'>su-</span> 
     </span>
    </p>
   </div>
   <div class='ocr_carea' id='block_1_33' title="bbox 568 2033 2182 2118">
    <p class='ocr_par' dir='ltr' id='par_1_33' title="bbox 568 2033 2182 2118">
     <span class='ocr_line' id='line_1_33' title="bbox 568 2033 2182 2118; baseline -0.009 -17"><span class='ocrx_word' id='word_1_249' title='bbox 568 2062 674 2118; x_wconf 89' lang='lat' dir='ltr'>pra</span> <span class='ocrx_word' id='word_1_250' title='bbox 691 2042 854 2099; x_wconf 91' lang='lat' dir='ltr'>dictis</span> <span class='ocrx_word' id='word_1_251' title='bbox 883 2036 1214 2112; x_wconf 88' lang='lat' dir='ltr'>prodigiosa</span> <span class='ocrx_word' id='word_1_252' title='bbox 1240 2036 1313 2090; x_wconf 91' lang='lat' dir='ltr'>do</span> <span class='ocrx_word' id='word_1_253' title='bbox 1332 2035 1490 2090; x_wconf 80' lang='lat' dir='ltr'>:toris</span> <span class='ocrx_word' id='word_1_254' title='bbox 1520 2033 1852 2089; x_wconf 88' lang='lat' dir='ltr'>Parisiensis</span> <span class='ocrx_word' id='word_1_255' title='bbox 1887 2034 2182 2100; x_wconf 85' lang='lat' dir='ltr'>anastasis,</span> 
     </span>
    </p>
   </div>
   <div class='ocr_carea' id='block_1_34' title="bbox 567 2124 2188 2199">
    <p class='ocr_par' dir='ltr' id='par_1_34' title="bbox 567 2124 2188 2199">
     <span class='ocr_line' id='line_1_34' title="bbox 567 2124 2188 2199; baseline -0.007 -10"><span class='ocrx_word' id='word_1_256' title='bbox 567 2132 613 2189; x_wconf 89' lang='lat' dir='ltr'>si</span> <span class='ocrx_word' id='word_1_257' title='bbox 672 2134 864 2187; x_wconf 89' lang='lat' dir='ltr'>locum</span> <span class='ocrx_word' id='word_1_258' title='bbox 910 2143 1169 2199; x_wconf 89' lang='lat' dir='ltr'>unquam</span> <span class='ocrx_word' id='word_1_259' title='bbox 1200 2124 1420 2191; x_wconf 88' lang='lat' dir='ltr'>habuit,</span> <span class='ocrx_word' id='word_1_260' title='bbox 1455 2126 1690 2177; x_wconf 90' lang='lat' dir='ltr'>centum</span> <span class='ocrx_word' id='word_1_261' title='bbox 1732 2124 1981 2195; x_wconf 90' lang='lat' dir='ltr'>amplius</span> <span class='ocrx_word' id='word_1_262' title='bbox 2019 2124 2188 2178; x_wconf 90' lang='lat' dir='ltr'>annis</span> 
     </span>
    </p>
   </div>
   <div class='ocr_carea' id='block_1_35' title="bbox 567 2210 2186 2292">
    <p class='ocr_par' dir='ltr' id='par_1_35' title="bbox 567 2210 2186 2292">
     <span class='ocr_line' id='line_1_35' title="bbox 567 2210 2186 2292; baseline -0.006 -16"><span class='ocrx_word' id='word_1_263' title='bbox 567 2223 881 2292; x_wconf 89' lang='lat' dir='ltr'>antequam</span> <span class='ocrx_word' id='word_1_264' title='bbox 911 2214 1116 2271; x_wconf 88' lang='lat' dir='ltr'>litteris</span> <span class='ocrx_word' id='word_1_265' title='bbox 1136 2212 1312 2267; x_wconf 88' lang='lat' dir='ltr'>fuerit</span> <span class='ocrx_word' id='word_1_266' title='bbox 1332 2210 2186 2283; x_wconf 90' lang='lat' dir='ltr'>mandata,contigerit,mirum</span> 
     </span>
    </p>
   </div>
   <div class='ocr_carea' id='block_1_36' title="bbox 565 2298 2189 2371">
    <p class='ocr_par' dir='ltr' id='par_1_36' title="bbox 565 2298 2189 2371">
     <span class='ocr_line' id='line_1_36' title="bbox 565 2298 2189 2371; baseline -0.007 -6"><span class='ocrx_word' id='word_1_267' title='bbox 565 2326 704 2364; x_wconf 89' lang='lat' dir='ltr'>sane</span> <span class='ocrx_word' id='word_1_268' title='bbox 750 2304 943 2371; x_wconf 89' lang='lat' dir='ltr'>fuerit,</span> <span class='ocrx_word' id='word_1_269' title='bbox 990 2301 1049 2357; x_wconf 93' lang='lat' dir='ltr'>ni</span> <span class='ocrx_word' id='word_1_270' title='bbox 1091 2302 1339 2356; x_wconf 90' lang='lat' dir='ltr'>multum</span> <span class='ocrx_word' id='word_1_271' title='bbox 1376 2298 1593 2365; x_wconf 88' lang='lat' dir='ltr'>vitiata,</span> <span class='ocrx_word' id='word_1_272' title='bbox 1629 2301 1967 2370; x_wconf 88' lang='lat' dir='ltr'>mutataque</span> <span class='ocrx_word' id='word_1_273' title='bbox 2000 2298 2058 2353; x_wconf 92' lang='lat' dir='ltr'>in</span> <span class='ocrx_word' id='word_1_274' title='bbox 2091 2300 2189 2354; x_wconf 87' lang='lat' dir='ltr'>ad-</span> 
     </span>
    </p>
   </div>
   <div class='ocr_carea' id='block_1_37' title="bbox 558 2386 2184 2469">
    <p class='ocr_par' dir='ltr' id='par_1_37' title="bbox 558 2386 2184 2469">
     <span class='ocr_line' id='line_1_37' title="bbox 558 2386 2184 2469; baseline -0.006 -17"><span class='ocrx_word' id='word_1_275' title='bbox 558 2395 795 2469; x_wconf 91' lang='lat' dir='ltr'>junctis,</span> <span class='ocrx_word' id='word_1_276' title='bbox 821 2410 948 2467; x_wconf 65' lang='lat' dir='ltr'>qua:</span> <span class='ocrx_word' id='word_1_277' title='bbox 980 2408 1113 2446; x_wconf 90' lang='lat' dir='ltr'>eam</span> <span class='ocrx_word' id='word_1_278' title='bbox 1169 2388 1447 2444; x_wconf 88' lang='lat' dir='ltr'>comitata</span> <span class='ocrx_word' id='word_1_279' title='bbox 1501 2387 1638 2454; x_wconf 90' lang='lat' dir='ltr'>sint,</span> <span class='ocrx_word' id='word_1_280' title='bbox 1694 2386 1768 2441; x_wconf 91' lang='lat' dir='ltr'>ad</span> <span class='ocrx_word' id='word_1_281' title='bbox 1823 2403 2184 2458; x_wconf 87' lang='lat' dir='ltr'>anonymum</span> 
     </span>
    </p>
   </div>
   <div class='ocr_carea' id='block_1_38' title="bbox 564 2474 2186 2559">
    <p class='ocr_par' dir='ltr' id='par_1_38' title="bbox 564 2474 2186 2559">
     <span class='ocr_line' id='line_1_38' title="bbox 564 2474 2186 2559; baseline -0.007 -19"><span class='ocrx_word' id='word_1_282' title='bbox 564 2485 889 2559; x_wconf 90' lang='lat' dir='ltr'>primorum</span> <span class='ocrx_word' id='word_1_283' title='bbox 939 2480 1195 2553; x_wconf 89' lang='lat' dir='ltr'>quinque</span> <span class='ocrx_word' id='word_1_284' title='bbox 1245 2475 1556 2531; x_wconf 83' lang='lat' dir='ltr'>Carthusiae</span> <span class='ocrx_word' id='word_1_285' title='bbox 1607 2474 1869 2546; x_wconf 90' lang='lat' dir='ltr'>priorum</span> <span class='ocrx_word' id='word_1_286' title='bbox 1921 2474 2186 2530; x_wconf 91' lang='lat' dir='ltr'>Chronici</span> 
     </span>
    </p>
   </div>
   <div class='ocr_carea' id='block_1_39' title="bbox 565 2563 2184 2642">
    <p class='ocr_par' dir='ltr' id='par_1_39' title="bbox 565 2563 2184 2642">
     <span class='ocr_line' id='line_1_39' title="bbox 565 2563 2184 2642; baseline -0.006 -13"><span class='ocrx_word' id='word_1_287' title='bbox 565 2576 884 2639; x_wconf 85' lang='lat' dir='ltr'>auctorem,</span> <span class='ocrx_word' id='word_1_288' title='bbox 912 2569 1007 2642; x_wconf 91' lang='lat' dir='ltr'>qui</span> <span class='ocrx_word' id='word_1_289' title='bbox 1038 2567 1259 2641; x_wconf 87' lang='lat' dir='ltr'>primus</span> <span class='ocrx_word' id='word_1_290' title='bbox 1288 2582 1419 2620; x_wconf 89' lang='lat' dir='ltr'>eam</span> <span class='ocrx_word' id='word_1_291' title='bbox 1451 2564 1748 2620; x_wconf 88' lang='lat' dir='ltr'>inlitteras</span> <span class='ocrx_word' id='word_1_292' title='bbox 1775 2563 1951 2631; x_wconf 88' lang='lat' dir='ltr'>misit,</span> <span class='ocrx_word' id='word_1_293' title='bbox 1983 2581 2184 2636; x_wconf 87' lang='lat' dir='ltr'>perve-</span> 
     </span>
    </p>
   </div>
   <div class='ocr_carea' id='block_1_40' title="bbox 564 2653 2186 2733">
    <p class='ocr_par' dir='ltr' id='par_1_40' title="bbox 564 2653 2186 2733">
     <span class='ocr_line' id='line_1_40' title="bbox 564 2653 2186 2733; baseline -0.006 -15"><span class='ocrx_word' id='word_1_294' title='bbox 564 2662 734 2719; x_wconf 86' lang='lat' dir='ltr'>nerit.</span> <span class='ocrx_word' id='word_1_295' title='bbox 761 2663 947 2733; x_wconf 80' lang='lat' dir='ltr'>Atque</span> <span class='ocrx_word' id='word_1_296' title='bbox 972 2658 1106 2712; x_wconf 90' lang='lat' dir='ltr'>hinc</span> <span class='ocrx_word' id='word_1_297' title='bbox 1131 2657 1258 2728; x_wconf 89' lang='lat' dir='ltr'>jam</span> <span class='ocrx_word' id='word_1_298' title='bbox 1285 2656 1375 2722; x_wconf 92' lang='lat' dir='ltr'>sit,</span> <span class='ocrx_word' id='word_1_299' title='bbox 1411 2658 1473 2710; x_wconf 93' lang='lat' dir='ltr'>ut</span> <span class='ocrx_word' id='word_1_300' title='bbox 1498 2654 1737 2709; x_wconf 90' lang='lat' dir='ltr'>dubium</span> <span class='ocrx_word' id='word_1_301' title='bbox 1770 2654 2088 2708; x_wconf 91' lang='lat' dir='ltr'>admodum</span> <span class='ocrx_word' id='word_1_302' title='bbox 2113 2653 2186 2709; x_wconf 91' lang='lat' dir='ltr'>sit</span> 
     </span>
    </p>
   </div>
   <div class='ocr_carea' id='block_1_41' title="bbox 563 2741 2187 2822">
    <p class='ocr_par' dir='ltr' id='par_1_41' title="bbox 563 2741 2187 2822">
     <span class='ocr_line' id='line_1_41' title="bbox 563 2741 2187 2822; baseline -0.006 -15"><span class='ocrx_word' id='word_1_303' title='bbox 563 2769 638 2807; x_wconf 91' lang='lat' dir='ltr'>an</span> <span class='ocrx_word' id='word_1_304' title='bbox 682 2751 727 2805; x_wconf 90' lang='lat' dir='ltr'>is</span> <span class='ocrx_word' id='word_1_305' title='bbox 744 2748 1008 2822; x_wconf 88' lang='lat' dir='ltr'>scriptor,</span> <span class='ocrx_word' id='word_1_306' title='bbox 1041 2747 1176 2801; x_wconf 92' lang='lat' dir='ltr'>dato</span> <span class='ocrx_word' id='word_1_307' title='bbox 1210 2744 1410 2811; x_wconf 88' lang='lat' dir='ltr'>etiam,</span> <span class='ocrx_word' id='word_1_308' title='bbox 1455 2742 1789 2815; x_wconf 84' lang='lat' dir='ltr'>prodigium</span> <span class='ocrx_word' id='word_1_309' title='bbox 1824 2759 1887 2797; x_wconf 90' lang='lat' dir='ltr'>re</span> <span class='ocrx_word' id='word_1_310' title='bbox 1906 2741 2030 2815; x_wconf 91' lang='lat' dir='ltr'>ipsa</span> <span class='ocrx_word' id='word_1_311' title='bbox 2060 2759 2187 2798; x_wconf 90' lang='lat' dir='ltr'>eve-</span> 
     </span>
    </p>
   </div>
   <div class='ocr_carea' id='block_1_42' title="bbox 561 2832 2185 2907">
    <p class='ocr_par' dir='ltr' id='par_1_42' title="bbox 561 2832 2185 2907">
     <span class='ocr_line' id='line_1_42' title="bbox 561 2832 2185 2907; baseline -0.006 -12"><span class='ocrx_word' id='word_1_312' title='bbox 561 2840 730 2906; x_wconf 89' lang='lat' dir='ltr'>nisse,</span> <span class='ocrx_word' id='word_1_313' title='bbox 756 2837 912 2893; x_wconf 88' lang='lat' dir='ltr'>falsis</span> <span class='ocrx_word' id='word_1_314' title='bbox 946 2837 1004 2891; x_wconf 94' lang='lat' dir='ltr'>id</span> <span class='ocrx_word' id='word_1_315' title='bbox 1035 2834 1319 2907; x_wconf 89' lang='lat' dir='ltr'>adjunctis</span> <span class='ocrx_word' id='word_1_316' title='bbox 1361 2849 1478 2888; x_wconf 92' lang='lat' dir='ltr'>non</span> <span class='ocrx_word' id='word_1_317' title='bbox 1510 2832 1783 2900; x_wconf 85' lang='lat' dir='ltr'>vestierit,</span> <span class='ocrx_word' id='word_1_318' title='bbox 1832 2848 1961 2904; x_wconf 67' lang='lat' dir='ltr'>quae</span> <span class='ocrx_word' id='word_1_319' title='bbox 2008 2832 2185 2887; x_wconf 85' lang='lat' dir='ltr'>tradi-</span> 
     </span>
    </p>
   </div>
   <div class='ocr_carea' id='block_1_43' title="bbox 559 2919 2181 2995">
    <p class='ocr_par' dir='ltr' id='par_1_43' title="bbox 559 2919 2181 2995">
     <span class='ocr_line' id='line_1_43' title="bbox 559 2919 2181 2995; baseline -0.006 -11"><span class='ocrx_word' id='word_1_320' title='bbox 559 2929 716 2984; x_wconf 80' lang='lat' dir='ltr'>tione</span> <span class='ocrx_word' id='word_1_321' title='bbox 746 2928 806 2982; x_wconf 91' lang='lat' dir='ltr'>in</span> <span class='ocrx_word' id='word_1_322' title='bbox 832 2926 985 2981; x_wconf 89' lang='lat' dir='ltr'>hisce</span> <span class='ocrx_word' id='word_1_323' title='bbox 1008 2925 1279 2995; x_wconf 90' lang='lat' dir='ltr'>corrupta</span> <span class='ocrx_word' id='word_1_324' title='bbox 1300 2921 1583 2976; x_wconf 89' lang='lat' dir='ltr'>didicerit.</span> <span class='ocrx_word' id='word_1_325' title='bbox 1608 2921 1714 2986; x_wconf 89' lang='lat' dir='ltr'>Qui</span> <span class='ocrx_word' id='word_1_326' title='bbox 1745 2921 1962 2974; x_wconf 85' lang='lat' dir='ltr'>factum</span> <span class='ocrx_word' id='word_1_327' title='bbox 1984 2919 2040 2975; x_wconf 91' lang='lat' dir='ltr'>id</span> <span class='ocrx_word' id='word_1_328' title='bbox 2058 2937 2181 2975; x_wconf 89' lang='lat' dir='ltr'>esse</span> 
     </span>
    </p>
   </div>
   <div class='ocr_carea' id='block_1_44' title="bbox 559 3008 2179 3089">
    <p class='ocr_par' dir='ltr' id='par_1_44' title="bbox 559 3008 2179 3089">
     <span class='ocr_line' id='line_1_44' title="bbox 559 3008 2179 3089; baseline -0.004 -18"><span class='ocrx_word' id='word_1_329' title='bbox 559 3019 1006 3089; x_wconf 83' lang='lat' dir='ltr'>queat,expono.</span> <span class='ocrx_word' id='word_1_330' title='bbox 1037 3010 1319 3069; x_wconf 88' lang='lat' dir='ltr'>Horrendi</span> <span class='ocrx_word' id='word_1_331' title='bbox 1344 3010 1492 3065; x_wconf 92' lang='lat' dir='ltr'>illius</span> <span class='ocrx_word' id='word_1_332' title='bbox 1520 3013 1755 3065; x_wconf 88' lang='lat' dir='ltr'>eventus</span> <span class='ocrx_word' id='word_1_333' title='bbox 1784 3008 2179 3064; x_wconf 88' lang='lat' dir='ltr'>substantiain</span> 
     </span>
    </p>
   </div>
   <div class='ocr_carea' id='block_1_45' title="bbox 557 3097 2178 3173">
    <p class='ocr_par' dir='ltr' id='par_1_45' title="bbox 557 3097 2178 3173">
     <span class='ocr_line' id='line_1_45' title="bbox 557 3097 2178 3173; baseline -0.006 -12"><span class='ocrx_word' id='word_1_334' title='bbox 557 3124 627 3161; x_wconf 89' lang='lat' dir='ltr'>eo</span> <span class='ocrx_word' id='word_1_335' title='bbox 651 3104 815 3161; x_wconf 89' lang='lat' dir='ltr'>unice</span> <span class='ocrx_word' id='word_1_336' title='bbox 833 3103 1057 3159; x_wconf 90' lang='lat' dir='ltr'>videtur</span> <span class='ocrx_word' id='word_1_337' title='bbox 1072 3101 1403 3167; x_wconf 89' lang='lat' dir='ltr'>consistere,</span> <span class='ocrx_word' id='word_1_338' title='bbox 1425 3100 1581 3173; x_wconf 89' lang='lat' dir='ltr'>quod</span> <span class='ocrx_word' id='word_1_339' title='bbox 1608 3099 1933 3166; x_wconf 90' lang='lat' dir='ltr'>defunctus,</span> <span class='ocrx_word' id='word_1_340' title='bbox 1954 3098 2051 3171; x_wconf 90' lang='lat' dir='ltr'>qui</span> <span class='ocrx_word' id='word_1_341' title='bbox 2083 3097 2178 3171; x_wconf 88' lang='lat' dir='ltr'>pie</span> 
     </span>
    </p>
   </div>
   <div class='ocr_carea' id='block_1_46' title="bbox 557 3187 2177 3268">
    <p class='ocr_par' dir='ltr' id='par_1_46' title="bbox 557 3187 2177 3268">
     <span class='ocr_line' id='line_1_46' title="bbox 557 3187 2177 3268; baseline -0.006 -18"><span class='ocrx_word' id='word_1_342' title='bbox 557 3194 617 3250; x_wconf 91' lang='lat' dir='ltr'>in</span> <span class='ocrx_word' id='word_1_343' title='bbox 637 3194 889 3268; x_wconf 89' lang='lat' dir='ltr'>speciem</span> <span class='ocrx_word' id='word_1_344' title='bbox 903 3190 1293 3262; x_wconf 87' lang='lat' dir='ltr'>vixerat,justo</span> <span class='ocrx_word' id='word_1_345' title='bbox 1313 3188 1640 3259; x_wconf 84' lang='lat' dir='ltr'>Deijudicio</span> <span class='ocrx_word' id='word_1_346' title='bbox 1658 3205 1716 3243; x_wconf 92' lang='lat' dir='ltr'>se</span> <span class='ocrx_word' id='word_1_347' title='bbox 1734 3187 2177 3258; x_wconf 88' lang='lat' dir='ltr'>accusatum,ju-</span> 
     </span>
    </p>
   </div>
   <div class='ocr_carea' id='block_1_47' title="bbox 555 3275 2174 3351">
    <p class='ocr_par' dir='ltr' id='par_1_47' title="bbox 555 3275 2174 3351">
     <span class='ocr_line' id='line_1_47' title="bbox 555 3275 2174 3351; baseline -0.006 -12"><span class='ocrx_word' id='word_1_348' title='bbox 555 3284 903 3351; x_wconf 88' lang='lat' dir='ltr'>dicatum,ac</span> <span class='ocrx_word' id='word_1_349' title='bbox 927 3280 1407 3345; x_wconf 90' lang='lat' dir='ltr'>condemnatum,</span> <span class='ocrx_word' id='word_1_350' title='bbox 1433 3275 1587 3330; x_wconf 87' lang='lat' dir='ltr'>trina</span> <span class='ocrx_word' id='word_1_351' title='bbox 1604 3276 1814 3330; x_wconf 83' lang='lat' dir='ltr'>emissa</span> <span class='ocrx_word' id='word_1_352' title='bbox 1827 3293 1857 3330; x_wconf 92' lang='lat' dir='ltr'>e</span> <span class='ocrx_word' id='word_1_353' title='bbox 1871 3275 2174 3344; x_wconf 87' lang='lat' dir='ltr'>feretro,in</span> 
     </span>
    </p>
   </div>
   <div class='ocr_carea' id='block_1_48' title="bbox 555 3365 2170 3445">
    <p class='ocr_par' dir='ltr' id='par_1_48' title="bbox 555 3365 2170 3445">
     <span class='ocr_line' id='line_1_48' title="bbox 555 3365 2170 3445; baseline -0.006 -17"><span class='ocrx_word' id='word_1_354' title='bbox 555 3390 669 3445; x_wconf 88' lang='lat' dir='ltr'>quo</span> <span class='ocrx_word' id='word_1_355' title='bbox 693 3373 820 3444; x_wconf 91' lang='lat' dir='ltr'>jam</span> <span class='ocrx_word' id='word_1_356' title='bbox 851 3370 1067 3445; x_wconf 87' lang='lat' dir='ltr'>positus</span> <span class='ocrx_word' id='word_1_357' title='bbox 1092 3371 1235 3435; x_wconf 90' lang='lat' dir='ltr'>erat,</span> <span class='ocrx_word' id='word_1_358' title='bbox 1268 3383 1425 3434; x_wconf 90' lang='lat' dir='ltr'>voce,</span> <span class='ocrx_word' id='word_1_359' title='bbox 1459 3365 1818 3420; x_wconf 88' lang='lat' dir='ltr'>adstantibus</span> <span class='ocrx_word' id='word_1_360' title='bbox 1831 3366 2170 3435; x_wconf 86' lang='lat' dir='ltr'>declararit;</span> 
     </span>
    </p>
   </div>
   <div class='ocr_carea' id='block_1_49' title="bbox 550 3450 2173 3527">
    <p class='ocr_par' dir='ltr' id='par_1_49' title="bbox 550 3450 2173 3527">
     <span class='ocr_line' id='line_1_49' title="bbox 550 3450 2173 3527; baseline -0.005 -9"><span class='ocrx_word' id='word_1_361' title='bbox 550 3462 704 3517; x_wconf 88' lang='lat' dir='ltr'>unde</span> <span class='ocrx_word' id='word_1_362' title='bbox 734 3450 973 3527; x_wconf 86' lang='lat' dir='ltr'>factum,</span> <span class='ocrx_word' id='word_1_363' title='bbox 1016 3462 1079 3513; x_wconf 92' lang='lat' dir='ltr'>ut</span> <span class='ocrx_word' id='word_1_364' title='bbox 1117 3457 1175 3512; x_wconf 90' lang='lat' dir='ltr'>S.</span> <span class='ocrx_word' id='word_1_365' title='bbox 1214 3458 1426 3522; x_wconf 90' lang='lat' dir='ltr'>Bruno,</span> <span class='ocrx_word' id='word_1_366' title='bbox 1486 3454 1582 3527; x_wconf 88' lang='lat' dir='ltr'>qui</span> <span class='ocrx_word' id='word_1_367' title='bbox 1644 3455 1865 3523; x_wconf 90' lang='lat' dir='ltr'>aderat,</span> <span class='ocrx_word' id='word_1_368' title='bbox 1908 3454 2173 3511; x_wconf 89' lang='lat' dir='ltr'>horribili</span> 
     </span>
    </p>
   </div>
   <div class='ocr_carea' id='block_1_50' title="bbox 555 3544 1919 3623">
    <p class='ocr_par' dir='ltr' id='par_1_50' title="bbox 555 3544 1919 3623">
     <span class='ocr_line' id='line_1_50' title="bbox 555 3544 1919 3623; baseline -0.01 -12"><span class='ocrx_word' id='word_1_369' title='bbox 555 3556 763 3611; x_wconf 83' lang='lat' dir='ltr'>eventu</span> <span class='ocrx_word' id='word_1_370' title='bbox 793 3551 1192 3623; x_wconf 81' lang='lat' dir='ltr'>compunctus,</span> <span class='ocrx_word' id='word_1_371' title='bbox 1228 3545 1287 3600; x_wconf 89' lang='lat' dir='ltr'>in</span> <span class='ocrx_word' id='word_1_372' title='bbox 1315 3560 1580 3600; x_wconf 91' lang='lat' dir='ltr'>eremum</span> <span class='ocrx_word' id='word_1_373' title='bbox 1603 3544 1919 3599; x_wconf 89' lang='lat' dir='ltr'>secesserit.</span> 
     </span>
    </p>
   </div>
   <div class='ocr_carea' id='block_1_51' title="bbox 623 3634 2173 3709">
    <p class='ocr_par' dir='ltr' id='par_1_51' title="bbox 623 3634 2173 3709">
     <span class='ocr_line' id='line_1_51' title="bbox 623 3634 2173 3709; baseline -0.003 -13"><span class='ocrx_word' id='word_1_374' title='bbox 623 3643 746 3696; x_wconf 86' lang='lat'>378.</span> <span class='ocrx_word' id='word_1_375' title='bbox 777 3639 925 3705; x_wconf 85' lang='lat' dir='ltr'>Quid</span> <span class='ocrx_word' id='word_1_376' title='bbox 956 3638 1001 3693; x_wconf 92' lang='lat' dir='ltr'>si</span> <span class='ocrx_word' id='word_1_377' title='bbox 1032 3653 1172 3709; x_wconf 90' lang='lat' dir='ltr'>ergo</span> <span class='ocrx_word' id='word_1_378' title='bbox 1193 3636 1342 3690; x_wconf 88' lang='lat' dir='ltr'>hanc</span> <span class='ocrx_word' id='word_1_379' title='bbox 1372 3634 1695 3702; x_wconf 90' lang='lat' dir='ltr'>historiam,</span> <span class='ocrx_word' id='word_1_380' title='bbox 1744 3634 2016 3691; x_wconf 90' lang='lat' dir='ltr'>omnibus</span> <span class='ocrx_word' id='word_1_381' title='bbox 2051 3635 2173 3692; x_wconf 90' lang='lat' dir='ltr'>fere</span> 
     </span>
    </p>
   </div>
   <div class='ocr_carea' id='block_1_52' title="bbox 552 3722 2175 3801">
    <p class='ocr_par' dir='ltr' id='par_1_52' title="bbox 552 3722 2175 3801">
     <span class='ocr_line' id='line_1_52' title="bbox 552 3722 2175 3801; baseline -0.005 -16"><span class='ocrx_word' id='word_1_382' title='bbox 552 3727 834 3801; x_wconf 90' lang='lat' dir='ltr'>adjunctis</span> <span class='ocrx_word' id='word_1_383' title='bbox 860 3726 1161 3791; x_wconf 87' lang='lat' dir='ltr'>nudatam,</span> <span class='ocrx_word' id='word_1_384' title='bbox 1186 3723 1422 3796; x_wconf 90' lang='lat' dir='ltr'>quidam</span> <span class='ocrx_word' id='word_1_385' title='bbox 1450 3722 1730 3795; x_wconf 85' lang='lat' dir='ltr'>temporis</span> <span class='ocrx_word' id='word_1_386' title='bbox 1761 3723 2062 3795; x_wconf 88' lang='lat' dir='ltr'>lapsu,quo</span> <span class='ocrx_word' id='word_1_387' title='bbox 2076 3722 2175 3795; x_wconf 92' lang='lat' dir='ltr'>qui</span> 
     </span>
    </p>
   </div>
   <div class='ocr_carea' id='block_1_53' title="bbox 550 3810 2172 3891">
    <p class='ocr_par' dir='ltr' id='par_1_53' title="bbox 550 3810 2172 3891">
     <span class='ocr_line' id='line_1_53' title="bbox 550 3810 2172 3891; baseline -0.005 -17"><span class='ocrx_word' id='word_1_388' title='bbox 550 3818 641 3891; x_wconf 88' lang='lat' dir='ltr'>adj</span> <span class='ocrx_word' id='word_1_389' title='bbox 652 3817 835 3872; x_wconf 90' lang='lat' dir='ltr'>unctis</span> <span class='ocrx_word' id='word_1_390' title='bbox 865 3814 1166 3880; x_wconf 90' lang='lat' dir='ltr'>nudatam,</span> <span class='ocrx_word' id='word_1_391' title='bbox 1190 3811 1427 3884; x_wconf 89' lang='lat' dir='ltr'>quidam</span> <span class='ocrx_word' id='word_1_392' title='bbox 1446 3810 1726 3882; x_wconf 88' lang='lat' dir='ltr'>temporis</span> <span class='ocrx_word' id='word_1_393' title='bbox 1750 3812 2053 3883; x_wconf 89' lang='lat' dir='ltr'>lapsu,quo</span> <span class='ocrx_word' id='word_1_394' title='bbox 2075 3811 2172 3883; x_wconf 90' lang='lat' dir='ltr'>qui</span> 
     </span>
    </p>
   </div>
   <div class='ocr_carea' id='block_1_54' title="bbox 551 3899 2171 3974">
    <p class='ocr_par' dir='ltr' id='par_1_54' title="bbox 551 3899 2171 3974">
     <span class='ocr_line' id='line_1_54' title="bbox 551 3899 2171 3974; baseline -0.004 -12"><span class='ocrx_word' id='word_1_395' title='bbox 551 3900 1546 3974; x_wconf 85' lang='lat' dir='ltr'>accidisset,exponerent,adjunctis</span> <span class='ocrx_word' id='word_1_396' title='bbox 1571 3917 1675 3972; x_wconf 91' lang='lat' dir='ltr'>pro</span> <span class='ocrx_word' id='word_1_397' title='bbox 1694 3899 1931 3955; x_wconf 87' lang='lat' dir='ltr'>arbitrio</span> <span class='ocrx_word' id='word_1_398' title='bbox 1950 3917 2171 3955; x_wconf 89' lang='lat' dir='ltr'>assum-</span> 
     </span>
    </p>
   </div>
   <div class='ocr_carea' id='block_1_55' title="bbox 553 3988 2166 4068">
    <p class='ocr_par' dir='ltr' id='par_1_55' title="bbox 553 3988 2166 4068">
     <span class='ocr_line' id='line_1_55' title="bbox 553 3988 2166 4068; baseline -0.004 -19"><span class='ocrx_word' id='word_1_399' title='bbox 553 3995 869 4068; x_wconf 84' lang='lat' dir='ltr'>ptis,iisque</span> <span class='ocrx_word' id='word_1_400' title='bbox 888 4009 1014 4063; x_wconf 64' lang='lat' dir='ltr'>quae</span> <span class='ocrx_word' id='word_1_401' title='bbox 1036 4007 1170 4044; x_wconf 87' lang='lat' dir='ltr'>vero</span> <span class='ocrx_word' id='word_1_402' title='bbox 1194 3989 1380 4059; x_wconf 90' lang='lat' dir='ltr'>magis</span> <span class='ocrx_word' id='word_1_403' title='bbox 1402 3988 1810 4042; x_wconf 86' lang='lat' dir='ltr'>existimabant</span> <span class='ocrx_word' id='word_1_404' title='bbox 1829 3988 2056 4056; x_wconf 90' lang='lat' dir='ltr'>similia,</span> <span class='ocrx_word' id='word_1_405' title='bbox 2076 4006 2166 4043; x_wconf 89' lang='lat' dir='ltr'>or-</span> 
     </span>
    </p>
   </div>
   <div class='ocr_carea' id='block_1_56' title="bbox 553 4076 2169 4151">
    <p class='ocr_par' dir='ltr' id='par_1_56' title="bbox 553 4076 2169 4151">
     <span class='ocr_line' id='line_1_56' title="bbox 553 4076 2169 4151; baseline -0.002 -14"><span class='ocrx_word' id='word_1_406' title='bbox 553 4083 773 4148; x_wconf 89' lang='lat' dir='ltr'>narint,</span> <span class='ocrx_word' id='word_1_407' title='bbox 804 4081 1040 4151; x_wconf 68' lang='lat' dir='ltr'>limoque</span> <span class='ocrx_word' id='word_1_408' title='bbox 1082 4076 1293 4131; x_wconf 91' lang='lat' dir='ltr'>deinde</span> <span class='ocrx_word' id='word_1_409' title='bbox 1324 4076 1403 4131; x_wconf 88' lang='lat' dir='ltr'>ita</span> <span class='ocrx_word' id='word_1_410' title='bbox 1445 4079 1651 4131; x_wconf 90' lang='lat' dir='ltr'>ornata</span> <span class='ocrx_word' id='word_1_411' title='bbox 1679 4076 1752 4130; x_wconf 88' lang='lat' dir='ltr'>ad</span> <span class='ocrx_word' id='word_1_412' title='bbox 1807 4093 2169 4149; x_wconf 83' lang='lat' dir='ltr'>anonymum</span> 
     </span>
    </p>
   </div>
   <div class='ocr_carea' id='block_1_57' title="bbox 552 4163 2167 4246">
    <p class='ocr_par' dir='ltr' id='par_1_57' title="bbox 552 4163 2167 4246">
     <span class='ocr_line' id='line_1_57' title="bbox 552 4163 2167 4246; baseline -0.002 -21"><span class='ocrx_word' id='word_1_413' title='bbox 552 4169 813 4246; x_wconf 88' lang='lat' dir='ltr'>proxime</span> <span class='ocrx_word' id='word_1_414' title='bbox 844 4166 1143 4222; x_wconf 90' lang='lat' dir='ltr'>laudatum</span> <span class='ocrx_word' id='word_1_415' title='bbox 1172 4163 1530 4237; x_wconf 85' lang='lat' dir='ltr'>pervenerit?</span> <span class='ocrx_word' id='word_1_416' title='bbox 1552 4164 1696 4218; x_wconf 84' lang='lat' dir='ltr'>Fieri</span> <span class='ocrx_word' id='word_1_417' title='bbox 1716 4181 1854 4219; x_wconf 91' lang='lat' dir='ltr'>sane</span> <span class='ocrx_word' id='word_1_418' title='bbox 1874 4182 1992 4221; x_wconf 92' lang='lat' dir='ltr'>non</span> <span class='ocrx_word' id='word_1_419' title='bbox 2020 4184 2167 4221; x_wconf 89' lang='lat' dir='ltr'>nun-</span> 
     </span>
    </p>
   </div>
   <div class='ocr_carea' id='block_1_58' title="bbox 553 4252 2168 4332">
    <p class='ocr_par' dir='ltr' id='par_1_58' title="bbox 553 4252 2168 4332">
     <span class='ocr_line' id='line_1_58' title="bbox 553 4252 2168 4332; baseline -0.003 -18"><span class='ocrx_word' id='word_1_420' title='bbox 553 4275 751 4332; x_wconf 90' lang='lat' dir='ltr'>quam,</span> <span class='ocrx_word' id='word_1_421' title='bbox 786 4259 848 4311; x_wconf 92' lang='lat' dir='ltr'>ut</span> <span class='ocrx_word' id='word_1_422' title='bbox 885 4254 1189 4326; x_wconf 89' lang='lat' dir='ltr'>scriptores</span> <span class='ocrx_word' id='word_1_423' title='bbox 1232 4268 1344 4321; x_wconf 87' lang='lat' dir='ltr'>res,</span> <span class='ocrx_word' id='word_1_424' title='bbox 1381 4269 1520 4325; x_wconf 89' lang='lat' dir='ltr'>quas</span> <span class='ocrx_word' id='word_1_425' title='bbox 1550 4252 1845 4324; x_wconf 56' lang='lat' dir='ltr'>fadjunctis</span> <span class='ocrx_word' id='word_1_426' title='bbox 1871 4253 2168 4310; x_wconf 88' lang='lat' dir='ltr'>destitutas</span> 
     </span>
    </p>
   </div>
   <div class='ocr_carea' id='block_1_59' title="bbox 2286 1823 3901 1884">
    <p class='ocr_par' dir='ltr' id='par_1_59' title="bbox 2286 1823 3901 1884">
     <span class='ocr_line' id='line_1_59' title="bbox 2286 1823 3901 1884; baseline 0.002 -4"><span class='ocrx_word' id='word_1_427' title='bbox 2286 1825 2467 1880; x_wconf 89' lang='lat' dir='ltr'>tribus</span> <span class='ocrx_word' id='word_1_428' title='bbox 2502 1823 2701 1878; x_wconf 89' lang='lat' dir='ltr'>diebus</span> <span class='ocrx_word' id='word_1_429' title='bbox 2736 1823 2968 1879; x_wconf 89' lang='lat' dir='ltr'>diversis</span> <span class='ocrx_word' id='word_1_430' title='bbox 2996 1827 3111 1879; x_wconf 92' lang='lat' dir='ltr'>tres</span> <span class='ocrx_word' id='word_1_431' title='bbox 3136 1824 3246 1880; x_wconf 63' lang='lat' dir='ltr'>illa;</span> <span class='ocrx_word' id='word_1_432' title='bbox 3268 1826 3707 1883; x_wconf 87' lang='lat' dir='ltr'>vociferationes</span> <span class='ocrx_word' id='word_1_433' title='bbox 3732 1828 3901 1884; x_wconf 69' lang='lat' dir='ltr'>factm</span> 
     </span>
    </p>
   </div>
   <div class='ocr_carea' id='block_1_60' title="bbox 2286 1911 3899 1987">
    <p class='ocr_par' dir='ltr' id='par_1_60' title="bbox 2286 1911 3899 1987">
     <span class='ocr_line' id='line_1_60' title="bbox 2286 1911 3899 1987; baseline 0.002 -19"><span class='ocrx_word' id='word_1_434' title='bbox 2286 1916 2628 1979; x_wconf 86' lang='lat' dir='ltr'>statuantur,</span> <span class='ocrx_word' id='word_1_435' title='bbox 2658 1911 2887 1984; x_wconf 86' lang='lat' dir='ltr'>integra</span> <span class='ocrx_word' id='word_1_436' title='bbox 2918 1917 3172 1981; x_wconf 90' lang='lat' dir='ltr'>maneat,</span> <span class='ocrx_word' id='word_1_437' title='bbox 3197 1918 3370 1987; x_wconf 90' lang='lat' dir='ltr'>atque</span> <span class='ocrx_word' id='word_1_438' title='bbox 3402 1915 3595 1983; x_wconf 66' lang='lat' dir='ltr'>illmsa,</span> <span class='ocrx_word' id='word_1_439' title='bbox 3622 1916 3706 1971; x_wconf 91' lang='lat' dir='ltr'>uti</span> <span class='ocrx_word' id='word_1_440' title='bbox 3731 1933 3899 1972; x_wconf 88' lang='lat' dir='ltr'>num.</span> 
     </span>
    </p>
   </div>
   <div class='ocr_carea' id='block_1_61' title="bbox 2287 2001 3897 2076">
    <p class='ocr_par' dir='ltr' id='par_1_61' title="bbox 2287 2001 3897 2076">
     <span class='ocr_line' id='line_1_61' title="bbox 2287 2001 3897 2076; baseline 0.003 -19"><span class='ocrx_word' id='word_1_441' title='bbox 2287 2001 2633 2075; x_wconf 68' lang='lat' dir='ltr'>praecedenti</span> <span class='ocrx_word' id='word_1_442' title='bbox 2661 2001 2813 2056; x_wconf 90' lang='lat' dir='ltr'>dicta</span> <span class='ocrx_word' id='word_1_443' title='bbox 2858 2001 3245 2057; x_wconf 88' lang='lat' dir='ltr'>consideranti</span> <span class='ocrx_word' id='word_1_444' title='bbox 3292 2004 3533 2076; x_wconf 88' lang='lat' dir='ltr'>patebit.</span> <span class='ocrx_word' id='word_1_445' title='bbox 3578 2006 3706 2060; x_wconf 84' lang='lat' dir='ltr'>Jam</span> <span class='ocrx_word' id='word_1_446' title='bbox 3736 2023 3897 2076; x_wconf 86' lang='lat' dir='ltr'>vero,</span> 
     </span>
    </p>
   </div>
   <div class='ocr_carea' id='block_1_62' title="bbox 2286 2090 3900 2166">
    <p class='ocr_par' dir='ltr' id='par_1_62' title="bbox 2286 2090 3900 2166">
     <span class='ocr_line' id='line_1_62' title="bbox 2286 2090 3900 2166; baseline 0.002 -20"><span class='ocrx_word' id='word_1_447' title='bbox 2286 2108 2419 2146; x_wconf 91' lang='lat' dir='ltr'>cum</span> <span class='ocrx_word' id='word_1_448' title='bbox 2466 2091 2525 2146; x_wconf 92' lang='lat' dir='ltr'>id</span> <span class='ocrx_word' id='word_1_449' title='bbox 2560 2091 2641 2145; x_wconf 90' lang='lat' dir='ltr'>ita</span> <span class='ocrx_word' id='word_1_450' title='bbox 2694 2090 2785 2157; x_wconf 92' lang='lat' dir='ltr'>sit,</span> <span class='ocrx_word' id='word_1_451' title='bbox 2846 2090 3336 2163; x_wconf 89' lang='lat' dir='ltr'>verosimiliusque</span> <span class='ocrx_word' id='word_1_452' title='bbox 3384 2092 3560 2148; x_wconf 88' lang='lat' dir='ltr'>etiam</span> <span class='ocrx_word' id='word_1_453' title='bbox 3599 2098 3900 2166; x_wconf 87' lang='lat' dir='ltr'>appareat,</span> 
     </span>
    </p>
   </div>
   <div class='ocr_carea' id='block_1_63' title="bbox 2285 2178 3899 2253">
    <p class='ocr_par' dir='ltr' id='par_1_63' title="bbox 2285 2178 3899 2253">
     <span class='ocr_line' id='line_1_63' title="bbox 2285 2178 3899 2253; baseline 0.002 -19"><span class='ocrx_word' id='word_1_454' title='bbox 2285 2179 2644 2235; x_wconf 90' lang='lat' dir='ltr'>horrendum</span> <span class='ocrx_word' id='word_1_455' title='bbox 2685 2178 3019 2251; x_wconf 88' lang='lat' dir='ltr'>prodigum,</span> <span class='ocrx_word' id='word_1_456' title='bbox 3052 2179 3098 2235; x_wconf 90' lang='lat' dir='ltr'>si</span> <span class='ocrx_word' id='word_1_457' title='bbox 3130 2197 3391 2253; x_wconf 90' lang='lat' dir='ltr'>unquam</span> <span class='ocrx_word' id='word_1_458' title='bbox 3441 2181 3733 2251; x_wconf 87' lang='lat' dir='ltr'>acciderit,</span> <span class='ocrx_word' id='word_1_459' title='bbox 3776 2199 3899 2239; x_wconf 91' lang='lat' dir='ltr'>non</span> 
     </span>
    </p>
   </div>
   <div class='ocr_carea' id='block_1_64' title="bbox 2286 2268 3902 2340">
    <p class='ocr_par' dir='ltr' id='par_1_64' title="bbox 2286 2268 3902 2340">
     <span class='ocr_line' id='line_1_64' title="bbox 2286 2268 3902 2340; baseline 0.002 -17"><span class='ocrx_word' id='word_1_460' title='bbox 2286 2269 2513 2340; x_wconf 89' lang='lat' dir='ltr'>publice</span> <span class='ocrx_word' id='word_1_461' title='bbox 2563 2284 2759 2323; x_wconf 90' lang='lat' dir='ltr'>coram</span> <span class='ocrx_word' id='word_1_462' title='bbox 2792 2268 3103 2323; x_wconf 90' lang='lat' dir='ltr'>innumera</span> <span class='ocrx_word' id='word_1_463' title='bbox 3132 2269 3329 2340; x_wconf 90' lang='lat' dir='ltr'>populi</span> <span class='ocrx_word' id='word_1_464' title='bbox 3359 2270 3749 2338; x_wconf 87' lang='lat' dir='ltr'>multitudine,</span> <span class='ocrx_word' id='word_1_465' title='bbox 3797 2272 3902 2327; x_wconf 90' lang='lat' dir='ltr'>sed</span> 
     </span>
    </p>
   </div>
   <div class='ocr_carea' id='block_1_65' title="bbox 2286 2356 3903 2430">
    <p class='ocr_par' dir='ltr' id='par_1_65' title="bbox 2286 2356 3903 2430">
     <span class='ocr_line' id='line_1_65' title="bbox 2286 2356 3903 2430; baseline 0.001 -17"><span class='ocrx_word' id='word_1_466' title='bbox 2286 2358 2440 2413; x_wconf 90' lang='lat' dir='ltr'>intra</span> <span class='ocrx_word' id='word_1_467' title='bbox 2469 2356 2717 2430; x_wconf 89' lang='lat' dir='ltr'>privatos</span> <span class='ocrx_word' id='word_1_468' title='bbox 2743 2357 2951 2411; x_wconf 91' lang='lat' dir='ltr'>domus</span> <span class='ocrx_word' id='word_1_469' title='bbox 2979 2356 3234 2412; x_wconf 88' lang='lat' dir='ltr'>defuncti</span> <span class='ocrx_word' id='word_1_470' title='bbox 3280 2357 3547 2430; x_wconf 89' lang='lat' dir='ltr'>parietes,</span> <span class='ocrx_word' id='word_1_471' title='bbox 3583 2360 3780 2430; x_wconf 89' lang='lat' dir='ltr'>paucis</span> <span class='ocrx_word' id='word_1_472' title='bbox 3799 2360 3903 2415; x_wconf 89' lang='lat' dir='ltr'>ad-</span> 
     </span>
    </p>
   </div>
   <div class='ocr_carea' id='block_1_66' title="bbox 2285 2444 3902 2521">
    <p class='ocr_par' dir='ltr' id='par_1_66' title="bbox 2285 2444 3902 2521">
     <span class='ocr_line' id='line_1_66' title="bbox 2285 2444 3902 2521; baseline 0.002 -21"><span class='ocrx_word' id='word_1_473' title='bbox 2285 2446 2586 2512; x_wconf 89' lang='lat' dir='ltr'>stantibus,</span> <span class='ocrx_word' id='word_1_474' title='bbox 2614 2444 2889 2513; x_wconf 87' lang='lat' dir='ltr'>evenisse,</span> <span class='ocrx_word' id='word_1_475' title='bbox 2920 2461 3025 2500; x_wconf 92' lang='lat' dir='ltr'>nec</span> <span class='ocrx_word' id='word_1_476' title='bbox 3055 2445 3102 2499; x_wconf 87' lang='lat' dir='ltr'>is</span> <span class='ocrx_word' id='word_1_477' title='bbox 3138 2463 3297 2513; x_wconf 93' lang='lat' dir='ltr'>sene,</span> <span class='ocrx_word' id='word_1_478' title='bbox 3327 2446 3423 2518; x_wconf 88' lang='lat' dir='ltr'>qui</span> <span class='ocrx_word' id='word_1_479' title='bbox 3453 2446 3592 2502; x_wconf 90' lang='lat' dir='ltr'>illud</span> <span class='ocrx_word' id='word_1_480' title='bbox 3624 2451 3681 2503; x_wconf 90' lang='lat' dir='ltr'>et</span> <span class='ocrx_word' id='word_1_481' title='bbox 3707 2451 3902 2521; x_wconf 83' lang='lat' dir='ltr'>poste-</span> 
     </span>
    </p>
   </div>
   <div class='ocr_carea' id='block_1_67' title="bbox 2284 2533 3907 2605">
    <p class='ocr_par' dir='ltr' id='par_1_67' title="bbox 2284 2533 3907 2605">
     <span class='ocr_line' id='line_1_67' title="bbox 2284 2533 3907 2605; baseline 0.002 -16"><span class='ocrx_word' id='word_1_482' title='bbox 2284 2534 2421 2589; x_wconf 92' lang='lat' dir='ltr'>riori</span> <span class='ocrx_word' id='word_1_483' title='bbox 2443 2535 2549 2589; x_wconf 90' lang='lat' dir='ltr'>hoc</span> <span class='ocrx_word' id='word_1_484' title='bbox 2564 2534 2739 2589; x_wconf 90' lang='lat' dir='ltr'>modo</span> <span class='ocrx_word' id='word_1_485' title='bbox 2771 2536 2830 2587; x_wconf 93' lang='lat' dir='ltr'>et</span> <span class='ocrx_word' id='word_1_486' title='bbox 2854 2550 2969 2588; x_wconf 93' lang='lat' dir='ltr'>uno</span> <span class='ocrx_word' id='word_1_487' title='bbox 2990 2533 3314 2605; x_wconf 87' lang='lat' dir='ltr'>eodemque</span> <span class='ocrx_word' id='word_1_488' title='bbox 3341 2534 3435 2589; x_wconf 90' lang='lat' dir='ltr'>die</span> <span class='ocrx_word' id='word_1_489' title='bbox 3463 2535 3679 2591; x_wconf 88' lang='lat' dir='ltr'>factum</span> <span class='ocrx_word' id='word_1_490' title='bbox 3693 2539 3907 2592; x_wconf 88' lang='lat' dir='ltr'>statue-</span> 
     </span>
    </p>
   </div>
   <div class='ocr_carea' id='block_1_68' title="bbox 2284 2622 3904 2695">
    <p class='ocr_par' dir='ltr' id='par_1_68' title="bbox 2284 2622 3904 2695">
     <span class='ocr_line' id='line_1_68' title="bbox 2284 2622 3904 2695; baseline 0.002 -18"><span class='ocrx_word' id='word_1_491' title='bbox 2284 2623 2379 2690; x_wconf 87' lang='lat' dir='ltr'>rit,</span> <span class='ocrx_word' id='word_1_492' title='bbox 2410 2623 2604 2695; x_wconf 91' lang='lat' dir='ltr'>inepte</span> <span class='ocrx_word' id='word_1_493' title='bbox 2638 2624 2890 2677; x_wconf 90' lang='lat' dir='ltr'>facturus</span> <span class='ocrx_word' id='word_1_494' title='bbox 2916 2622 3162 2690; x_wconf 88' lang='lat' dir='ltr'>videtur,</span> <span class='ocrx_word' id='word_1_495' title='bbox 3188 2624 3440 2678; x_wconf 90' lang='lat' dir='ltr'>maxime</span> <span class='ocrx_word' id='word_1_496' title='bbox 3477 2641 3609 2679; x_wconf 90' lang='lat' dir='ltr'>cum</span> <span class='ocrx_word' id='word_1_497' title='bbox 3643 2641 3748 2679; x_wconf 91' lang='lat' dir='ltr'>nec</span> <span class='ocrx_word' id='word_1_498' title='bbox 3764 2624 3904 2680; x_wconf 88' lang='lat' dir='ltr'>hinc</span> 
     </span>
    </p>
   </div>
   <div class='ocr_carea' id='block_1_69' title="bbox 2285 2711 3901 2784">
    <p class='ocr_par' dir='ltr' id='par_1_69' title="bbox 2285 2711 3901 2784">
     <span class='ocr_line' id='line_1_69' title="bbox 2285 2711 3901 2784; baseline 0.002 -19"><span class='ocrx_word' id='word_1_499' title='bbox 2285 2711 2632 2767; x_wconf 88' lang='lat' dir='ltr'>narrationis</span> <span class='ocrx_word' id='word_1_500' title='bbox 2673 2712 2994 2765; x_wconf 89' lang='lat' dir='ltr'>substantia</span> <span class='ocrx_word' id='word_1_501' title='bbox 3017 2728 3182 2767; x_wconf 90' lang='lat' dir='ltr'>num.</span> <span class='ocrx_word' id='word_1_502' title='bbox 3228 2712 3578 2784; x_wconf 87' lang='lat' dir='ltr'>praecedenti</span> <span class='ocrx_word' id='word_1_503' title='bbox 3605 2714 3901 2784; x_wconf 85' lang='lat' dir='ltr'>assignata</span> 
     </span>
    </p>
   </div>
   <div class='ocr_carea' id='block_1_70' title="bbox 2284 2800 3900 2873">
    <p class='ocr_par' dir='ltr' id='par_1_70' title="bbox 2284 2800 3900 2873">
     <span class='ocr_line' id='line_1_70' title="bbox 2284 2800 3900 2873; baseline 0.002 -19"><span class='ocrx_word' id='word_1_504' title='bbox 2284 2800 2544 2855; x_wconf 63' lang='lat' dir='ltr'>laedatur.</span> <span class='ocrx_word' id='word_1_505' title='bbox 2577 2802 2789 2854; x_wconf 89' lang='lat' dir='ltr'>Verum</span> <span class='ocrx_word' id='word_1_506' title='bbox 2803 2816 2999 2855; x_wconf 91' lang='lat' dir='ltr'>nonne</span> <span class='ocrx_word' id='word_1_507' title='bbox 3027 2800 3230 2854; x_wconf 90' lang='lat' dir='ltr'>saltem</span> <span class='ocrx_word' id='word_1_508' title='bbox 3247 2800 3325 2854; x_wconf 91' lang='lat' dir='ltr'>sic</span> <span class='ocrx_word' id='word_1_509' title='bbox 3356 2800 3578 2856; x_wconf 88' lang='lat' dir='ltr'>noviter</span> <span class='ocrx_word' id='word_1_510' title='bbox 3591 2802 3730 2873; x_wconf 86' lang='lat' dir='ltr'>quid</span> <span class='ocrx_word' id='word_1_511' title='bbox 3756 2818 3900 2857; x_wconf 88' lang='lat' dir='ltr'>con-</span> 
     </span>
    </p>
   </div>
   <div class='ocr_carea' id='block_1_71' title="bbox 2283 2888 3901 2962">
    <p class='ocr_par' dir='ltr' id='par_1_71' title="bbox 2283 2888 3901 2962">
     <span class='ocr_line' id='line_1_71' title="bbox 2283 2888 3901 2962; baseline 0.002 -20"><span class='ocrx_word' id='word_1_512' title='bbox 2283 2888 2482 2944; x_wconf 85' lang='lat' dir='ltr'>fictum</span> <span class='ocrx_word' id='word_1_513' title='bbox 2504 2888 2802 2943; x_wconf 87' lang='lat' dir='ltr'>attulerit?</span> <span class='ocrx_word' id='word_1_514' title='bbox 2830 2888 2940 2941; x_wconf 76' lang='lat' dir='ltr'>Nec</span> <span class='ocrx_word' id='word_1_515' title='bbox 2959 2888 3067 2942; x_wconf 89' lang='lat' dir='ltr'>hoc</span> <span class='ocrx_word' id='word_1_516' title='bbox 3087 2904 3154 2942; x_wconf 91' lang='lat' dir='ltr'>ex</span> <span class='ocrx_word' id='word_1_517' title='bbox 3179 2889 3387 2959; x_wconf 90' lang='lat' dir='ltr'>capite,</span> <span class='ocrx_word' id='word_1_518' title='bbox 3416 2892 3479 2942; x_wconf 92' lang='lat' dir='ltr'>ut</span> <span class='ocrx_word' id='word_1_519' title='bbox 3493 2893 3754 2962; x_wconf 88' lang='lat' dir='ltr'>apparet,</span> <span class='ocrx_word' id='word_1_520' title='bbox 3772 2891 3901 2961; x_wconf 85' lang='lat' dir='ltr'>ejus</span> 
     </span>
    </p>
   </div>
   <div class='ocr_carea' id='block_1_72' title="bbox 2280 2976 3897 3050">
    <p class='ocr_par' dir='ltr' id='par_1_72' title="bbox 2280 2976 3897 3050">
     <span class='ocr_line' id='line_1_72' title="bbox 2280 2976 3897 3050; baseline 0.002 -19"><span class='ocrx_word' id='word_1_521' title='bbox 2280 2977 2454 3032; x_wconf 86' lang='lat' dir='ltr'>fuerit</span> <span class='ocrx_word' id='word_1_522' title='bbox 2492 2977 2851 3050; x_wconf 85' lang='lat' dir='ltr'>repudianda</span> <span class='ocrx_word' id='word_1_523' title='bbox 2889 2976 3165 3031; x_wconf 88' lang='lat' dir='ltr'>narratio.</span> <span class='ocrx_word' id='word_1_524' title='bbox 3219 2978 3471 3032; x_wconf 88' lang='lat' dir='ltr'>Fuerunt</span> <span class='ocrx_word' id='word_1_525' title='bbox 3528 2978 3683 3033; x_wconf 90' lang='lat' dir='ltr'>enim</span> <span class='ocrx_word' id='word_1_526' title='bbox 3714 2979 3897 3035; x_wconf 87' lang='lat' dir='ltr'>etiam</span> 
     </span>
    </p>
   </div>
   <div class='ocr_carea' id='block_1_73' title="bbox 2199 3045 3900 3139">
    <p class='ocr_par' dir='ltr' id='par_1_73' title="bbox 2199 3045 3900 3139">
     <span class='ocr_line' id='line_1_73' title="bbox 2199 3045 3900 3139; baseline 0.001 -17"><span class='ocrx_word' id='word_1_527' title='bbox 2199 3045 2248 3106; x_wconf 75' lang='lat' dir='ltr'>C</span> <span class='ocrx_word' id='word_1_528' title='bbox 2279 3045 2623 3139; x_wconf 40' lang='lat' dir='ltr'>antiqui,q-ui</span> <span class='ocrx_word' id='word_1_529' title='bbox 2647 3066 2908 3121; x_wconf 87' lang='lat' dir='ltr'>damnati</span> <span class='ocrx_word' id='word_1_530' title='bbox 2948 3065 3387 3121; x_wconf 90' lang='lat' dir='ltr'>vociferationes</span> <span class='ocrx_word' id='word_1_531' title='bbox 3416 3070 3533 3121; x_wconf 87' lang='lat' dir='ltr'>tres</span> <span class='ocrx_word' id='word_1_532' title='bbox 3556 3066 3805 3121; x_wconf 88' lang='lat' dir='ltr'>diversas</span> <span class='ocrx_word' id='word_1_533' title='bbox 3835 3071 3900 3123; x_wconf 87' lang='lat' dir='ltr'>et</span> 
     </span>
    </p>
   </div>
   <div class='ocr_carea' id='block_1_74' title="bbox 2278 3153 3897 3226">
    <p class='ocr_par' dir='ltr' id='par_1_74' title="bbox 2278 3153 3897 3226">
     <span class='ocr_line' id='line_1_74' title="bbox 2278 3153 3897 3226; baseline 0 -15"><span class='ocrx_word' id='word_1_534' title='bbox 2278 3173 2393 3211; x_wconf 91' lang='lat' dir='ltr'>uno</span> <span class='ocrx_word' id='word_1_535' title='bbox 2423 3157 2746 3226; x_wconf 90' lang='lat' dir='ltr'>eodemque</span> <span class='ocrx_word' id='word_1_536' title='bbox 2765 3153 2876 3220; x_wconf 92' lang='lat' dir='ltr'>die,</span> <span class='ocrx_word' id='word_1_537' title='bbox 2901 3154 3117 3208; x_wconf 90' lang='lat' dir='ltr'>etinira</span> <span class='ocrx_word' id='word_1_538' title='bbox 3138 3154 3387 3225; x_wconf 87' lang='lat' dir='ltr'>privatos</span> <span class='ocrx_word' id='word_1_539' title='bbox 3407 3155 3612 3210; x_wconf 88' lang='lat' dir='ltr'>domus</span> <span class='ocrx_word' id='word_1_540' title='bbox 3634 3156 3897 3211; x_wconf 86' lang='lat' dir='ltr'>defuncti</span> 
     </span>
    </p>
   </div>
   <div class='ocr_carea' id='block_1_75' title="bbox 2275 3242 3895 3316">
    <p class='ocr_par' dir='ltr' id='par_1_75' title="bbox 2275 3242 3895 3316">
     <span class='ocr_line' id='line_1_75' title="bbox 2275 3242 3895 3316; baseline 0.001 -18"><span class='ocrx_word' id='word_1_541' title='bbox 2275 3244 2523 3316; x_wconf 89' lang='lat' dir='ltr'>parietes</span> <span class='ocrx_word' id='word_1_542' title='bbox 2553 3242 2825 3309; x_wconf 89' lang='lat' dir='ltr'>evenisse,</span> <span class='ocrx_word' id='word_1_543' title='bbox 2861 3242 3248 3297; x_wconf 89' lang='lat' dir='ltr'>crediderunt.</span> <span class='ocrx_word' id='word_1_544' title='bbox 3283 3243 3386 3296; x_wconf 86' lang='lat' dir='ltr'>Fas</span> <span class='ocrx_word' id='word_1_545' title='bbox 3420 3246 3505 3297; x_wconf 91' lang='lat' dir='ltr'>est</span> <span class='ocrx_word' id='word_1_546' title='bbox 3542 3243 3599 3297; x_wconf 93' lang='lat' dir='ltr'>id</span> <span class='ocrx_word' id='word_1_547' title='bbox 3620 3243 3895 3316; x_wconf 85' lang='lat' dir='ltr'>colligere</span> 
     </span>
    </p>
   </div>
   <div class='ocr_carea' id='block_1_76' title="bbox 2276 3330 3900 3404">
    <p class='ocr_par' dir='ltr' id='par_1_76' title="bbox 2276 3330 3900 3404">
     <span class='ocr_line' id='line_1_76' title="bbox 2276 3330 3900 3404; baseline -0.001 -16"><span class='ocrx_word' id='word_1_548' title='bbox 2276 3350 2349 3388; x_wconf 89' lang='lat' dir='ltr'>an</span> <span class='ocrx_word' id='word_1_549' title='bbox 2381 3335 2633 3397; x_wconf 89' lang='lat' dir='ltr'>auctore,</span> <span class='ocrx_word' id='word_1_550' title='bbox 2662 3331 2758 3403; x_wconf 87' lang='lat' dir='ltr'>qui</span> <span class='ocrx_word' id='word_1_551' title='bbox 2788 3330 3306 3398; x_wconf 87' lang='lat' dir='ltr'>Commentarium,</span> <span class='ocrx_word' id='word_1_552' title='bbox 3341 3348 3514 3403; x_wconf 89' lang='lat' dir='ltr'>quem</span> <span class='ocrx_word' id='word_1_553' title='bbox 3538 3333 3617 3387; x_wconf 88' lang='lat' dir='ltr'>De</span> <span class='ocrx_word' id='word_1_554' title='bbox 3642 3336 3900 3404; x_wconf 84' lang='lat' dir='ltr'>quatuor</span> 
     </span>
    </p>
   </div>
   <div class='ocr_carea' id='block_1_77' title="bbox 2274 3420 3895 3495">
    <p class='ocr_par' dir='ltr' id='par_1_77' title="bbox 2274 3420 3895 3495">
     <span class='ocr_line' id='line_1_77' title="bbox 2274 3420 3895 3495; baseline 0.001 -19"><span class='ocrx_word' id='word_1_555' title='bbox 2274 3421 2521 3495; x_wconf 88' lang='lat' dir='ltr'>paradisi</span> <span class='ocrx_word' id='word_1_556' title='bbox 2546 3420 2881 3476; x_wconf 90' lang='lat' dir='ltr'>ﬂuminibus</span> <span class='ocrx_word' id='word_1_557' title='bbox 2893 3420 2966 3475; x_wconf 90' lang='lat' dir='ltr'>ad</span> <span class='ocrx_word' id='word_1_558' title='bbox 2986 3420 3351 3491; x_wconf 85' lang='lat' dir='ltr'>purgandam</span> <span class='ocrx_word' id='word_1_559' title='bbox 3369 3420 3580 3475; x_wconf 63' lang='lat' dir='ltr'>animas</span> <span class='ocrx_word' id='word_1_560' title='bbox 3598 3420 3895 3478; x_wconf 84' lang='lat' dir='ltr'>civitatem</span> 
     </span>
    </p>
   </div>
   <div class='ocr_carea' id='block_1_78' title="bbox 2273 3509 3892 3583">
    <p class='ocr_par' dir='ltr' id='par_1_78' title="bbox 2273 3509 3892 3583">
     <span class='ocr_line' id='line_1_78' title="bbox 2273 3509 3892 3583; baseline 0.001 -17"><span class='ocrx_word' id='word_1_561' title='bbox 2273 3510 2579 3583; x_wconf 89' lang='lat' dir='ltr'>inscripsit,</span> <span class='ocrx_word' id='word_1_562' title='bbox 2637 3525 2904 3565; x_wconf 90' lang='lat' dir='ltr'>sermone</span> <span class='ocrx_word' id='word_1_563' title='bbox 2964 3509 3175 3564; x_wconf 90' lang='lat' dir='ltr'>Gallico</span> <span class='ocrx_word' id='word_1_564' title='bbox 3221 3509 3535 3565; x_wconf 85' lang='lat' dir='ltr'>contexuit.</span> <span class='ocrx_word' id='word_1_565' title='bbox 3584 3510 3763 3582; x_wconf 85' lang='lat' dir='ltr'>Hujus</span> <span class='ocrx_word' id='word_1_566' title='bbox 3813 3511 3892 3567; x_wconf 86' lang='lat' dir='ltr'>de</span> 
     </span>
    </p>
   </div>
   <div class='ocr_carea' id='block_1_79' title="bbox 2273 3598 3896 3665">
    <p class='ocr_par' dir='ltr' id='par_1_79' title="bbox 2273 3598 3896 3665">
     <span class='ocr_line' id='line_1_79' title="bbox 2273 3598 3896 3665; baseline -0.001 -10"><span class='ocrx_word' id='word_1_567' title='bbox 2273 3601 2555 3656; x_wconf 88' lang='lat' dir='ltr'>damnato</span> <span class='ocrx_word' id='word_1_568' title='bbox 2587 3600 2822 3654; x_wconf 90' lang='lat' dir='ltr'>doctore</span> <span class='ocrx_word' id='word_1_569' title='bbox 2858 3598 3274 3665; x_wconf 88' lang='lat' dir='ltr'>narrationem,</span> <span class='ocrx_word' id='word_1_570' title='bbox 3312 3598 3508 3653; x_wconf 90' lang='lat' dir='ltr'>Latine</span> <span class='ocrx_word' id='word_1_571' title='bbox 3545 3615 3579 3653; x_wconf 92' lang='lat' dir='ltr'>a</span> <span class='ocrx_word' id='word_1_572' title='bbox 3608 3615 3668 3652; x_wconf 88' lang='lat' dir='ltr'>se</span> <span class='ocrx_word' id='word_1_573' title='bbox 3699 3598 3896 3654; x_wconf 86' lang='lat' dir='ltr'>reddi-</span> 
     </span>
    </p>
   </div>
   <div class='ocr_carea' id='block_1_80' title="bbox 2272 3686 3887 3756">
    <p class='ocr_par' dir='ltr' id='par_1_80' title="bbox 2272 3686 3887 3756">
     <span class='ocr_line' id='line_1_80' title="bbox 2272 3686 3887 3756; baseline -0.002 -12"><span class='ocrx_word' id='word_1_574' title='bbox 2272 3693 2417 3756; x_wconf 90' lang='lat' dir='ltr'>tam,</span> <span class='ocrx_word' id='word_1_575' title='bbox 2456 3687 2739 3742; x_wconf 91' lang='lat' dir='ltr'>Launoius</span> <span class='ocrx_word' id='word_1_576' title='bbox 2786 3686 2845 3740; x_wconf 94' lang='lat' dir='ltr'>in</span> <span class='ocrx_word' id='word_1_577' title='bbox 2891 3702 2992 3741; x_wconf 89' lang='lat' dir='ltr'>sua</span> <span class='ocrx_word' id='word_1_578' title='bbox 3023 3688 3103 3741; x_wconf 92' lang='lat' dir='ltr'>De</span> <span class='ocrx_word' id='word_1_579' title='bbox 3135 3702 3271 3741; x_wconf 89' lang='lat' dir='ltr'>vera</span> <span class='ocrx_word' id='word_1_580' title='bbox 3310 3703 3481 3741; x_wconf 90' lang='lat' dir='ltr'>causa</span> <span class='ocrx_word' id='word_1_581' title='bbox 3535 3703 3786 3741; x_wconf 88' lang='lat' dir='ltr'>secessus</span> <span class='ocrx_word' id='word_1_582' title='bbox 3822 3686 3887 3742; x_wconf 88' lang='lat' dir='ltr'>S.</span> 
     </span>
    </p>
   </div>
   <div class='ocr_carea' id='block_1_81' title="bbox 2273 3774 3890 3845">
    <p class='ocr_par' dir='ltr' id='par_1_81' title="bbox 2273 3774 3890 3845">
     <span class='ocr_line' id='line_1_81' title="bbox 2273 3774 3890 3845; baseline -0.001 -13"><span class='ocrx_word' id='word_1_583' title='bbox 2273 3776 2554 3832; x_wconf 89' lang='lat' dir='ltr'>Brunonis</span> <span class='ocrx_word' id='word_1_584' title='bbox 2598 3776 2657 3829; x_wconf 92' lang='lat' dir='ltr'>in</span> <span class='ocrx_word' id='word_1_585' title='bbox 2705 3791 2966 3829; x_wconf 91' lang='lat' dir='ltr'>eremum</span> <span class='ocrx_word' id='word_1_586' title='bbox 2998 3774 3397 3830; x_wconf 87' lang='lat' dir='ltr'>dissertatione</span> <span class='ocrx_word' id='word_1_587' title='bbox 3426 3791 3552 3845; x_wconf 89' lang='lat' dir='ltr'>cap.</span> <span class='ocrx_word' id='word_1_588' title='bbox 3587 3778 3620 3829; x_wconf 82' lang='lat'><strong>2</strong></span> <span class='ocrx_word' id='word_1_589' title='bbox 3658 3774 3890 3842; x_wconf 84' lang='lat' dir='ltr'>recitat,</span> 
     </span>
    </p>
   </div>
   <div class='ocr_carea' id='block_1_82' title="bbox 2273 3862 3895 3937">
    <p class='ocr_par' dir='ltr' id='par_1_82' title="bbox 2273 3862 3895 3937">
     <span class='ocr_line' id='line_1_82' title="bbox 2273 3862 3895 3937; baseline -0.001 -16"><span class='ocrx_word' id='word_1_590' title='bbox 2273 3865 2657 3937; x_wconf 91' lang='lat' dir='ltr'>eamdemque</span> <span class='ocrx_word' id='word_1_591' title='bbox 2702 3864 2910 3919; x_wconf 90' lang='lat' dir='ltr'>deinde</span> <span class='ocrx_word' id='word_1_592' title='bbox 2963 3864 3021 3918; x_wconf 93' lang='lat' dir='ltr'>in</span> <span class='ocrx_word' id='word_1_593' title='bbox 3073 3862 3385 3917; x_wconf 82' lang='lat' dir='ltr'>Annalium</span> <span class='ocrx_word' id='word_1_594' title='bbox 3429 3863 3647 3918; x_wconf 86' lang='lat' dir='ltr'>ordinis</span> <span class='ocrx_word' id='word_1_595' title='bbox 3693 3863 3778 3918; x_wconf 89' lang='lat' dir='ltr'>sui</span> <span class='ocrx_word' id='word_1_596' title='bbox 3824 3863 3895 3919; x_wconf 91' lang='lat' dir='ltr'>li-</span> 
     </span>
    </p>
   </div>
   <div class='ocr_carea' id='block_1_83' title="bbox 2271 3952 3891 4025">
    <p class='ocr_par' dir='ltr' id='par_1_83' title="bbox 2271 3952 3891 4025">
     <span class='ocr_line' id='line_1_83' title="bbox 2271 3952 3891 4025; baseline -0.001 -16"><span class='ocrx_word' id='word_1_597' title='bbox 2271 3955 2441 4009; x_wconf 88' lang='lat' dir='ltr'>brum</span> <span class='ocrx_word' id='word_1_598' title='bbox 2473 3957 2746 4025; x_wconf 85' lang='lat' dir='ltr'>quartum</span> <span class='ocrx_word' id='word_1_599' title='bbox 2789 3953 3067 4006; x_wconf 90' lang='lat' dir='ltr'>hactenus</span> <span class='ocrx_word' id='word_1_600' title='bbox 3104 3968 3221 4005; x_wconf 91' lang='lat' dir='ltr'>non</span> <span class='ocrx_word' id='word_1_601' title='bbox 3268 3952 3564 4024; x_wconf 86' lang='lat' dir='ltr'>vulgatum</span> <span class='ocrx_word' id='word_1_602' title='bbox 3612 3968 3891 4008; x_wconf 80' lang='lat' dir='ltr'>sermone</span> 
     </span>
    </p>
   </div>
   <div class='ocr_carea' id='block_1_84' title="bbox 2270 4039 3890 4113">
    <p class='ocr_par' dir='ltr' id='par_1_84' title="bbox 2270 4039 3890 4113">
     <span class='ocr_line' id='line_1_84' title="bbox 2270 4039 3890 4113; baseline 0 -16"><span class='ocrx_word' id='word_1_603' title='bbox 2270 4046 2396 4097; x_wconf 88' lang='lat' dir='ltr'>tum</span> <span class='ocrx_word' id='word_1_604' title='bbox 2441 4041 2674 4105; x_wconf 88' lang='lat' dir='ltr'>Gallico,</span> <span class='ocrx_word' id='word_1_605' title='bbox 2717 4056 2830 4112; x_wconf 90' lang='lat' dir='ltr'>quo</span> <span class='ocrx_word' id='word_1_606' title='bbox 2882 4040 3151 4113; x_wconf 86' lang='lat' dir='ltr'>primitus</span> <span class='ocrx_word' id='word_1_607' title='bbox 3205 4040 3313 4093; x_wconf 92' lang='lat' dir='ltr'>fuit</span> <span class='ocrx_word' id='word_1_608' title='bbox 3358 4039 3702 4111; x_wconf 88' lang='lat' dir='ltr'>conscripta,</span> <span class='ocrx_word' id='word_1_609' title='bbox 3756 4044 3890 4097; x_wconf 86' lang='lat' dir='ltr'>tum</span> 
     </span>
    </p>
   </div>
   <div class='ocr_carea' id='block_1_85' title="bbox 2270 4128 3885 4200">
    <p class='ocr_par' dir='ltr' id='par_1_85' title="bbox 2270 4128 3885 4200">
     <span class='ocr_line' id='line_1_85' title="bbox 2270 4128 3885 4200; baseline -0.001 -14"><span class='ocrx_word' id='word_1_610' title='bbox 2270 4131 2446 4186; x_wconf 89' lang='lat' dir='ltr'>etiam</span> <span class='ocrx_word' id='word_1_611' title='bbox 2463 4129 2664 4184; x_wconf 90' lang='lat' dir='ltr'>Latino</span> <span class='ocrx_word' id='word_1_612' title='bbox 2682 4128 2874 4183; x_wconf 92' lang='lat' dir='ltr'>intulit</span> <span class='ocrx_word' id='word_1_613' title='bbox 2890 4128 3296 4183; x_wconf 87' lang='lat' dir='ltr'>Carthusianus</span> <span class='ocrx_word' id='word_1_614' title='bbox 3314 4130 3511 4183; x_wconf 90' lang='lat' dir='ltr'>noster</span> <span class='ocrx_word' id='word_1_615' title='bbox 3531 4145 3885 4200; x_wconf 86' lang='lat' dir='ltr'>anonymus.</span> 
     </span>
    </p>
   </div>
   <div class='ocr_carea' id='block_1_86' title="bbox 2339 4259 3889 4334">
    <p class='ocr_par' dir='ltr' id='par_1_86' title="bbox 2339 4259 3889 4334">
     <span class='ocr_line' id='line_1_86' title="bbox 2339 4259 3889 4334; baseline 0.001 -16"><span class='ocrx_word' id='word_1_616' title='bbox 2339 4265 2462 4319; x_wconf 87' lang='lat'>380.</span> <span class='ocrx_word' id='word_1_617' title='bbox 2494 4265 2680 4334; x_wconf 84' lang='lat' dir='ltr'>Atque</span> <span class='ocrx_word' id='word_1_618' title='bbox 2708 4259 2799 4315; x_wconf 91' lang='lat' dir='ltr'>hic</span> <span class='ocrx_word' id='word_1_619' title='bbox 2832 4260 3070 4333; x_wconf 89' lang='lat' dir='ltr'>quidem</span> <span class='ocrx_word' id='word_1_620' title='bbox 3108 4260 3166 4314; x_wconf 91' lang='lat' dir='ltr'>id</span> <span class='ocrx_word' id='word_1_621' title='bbox 3208 4260 3483 4329; x_wconf 90' lang='lat' dir='ltr'>facturus,</span> <span class='ocrx_word' id='word_1_622' title='bbox 3537 4261 3607 4317; x_wconf 91' lang='lat' dir='ltr'>de</span> <span class='ocrx_word' id='word_1_623' title='bbox 3647 4266 3889 4320; x_wconf 91' lang='lat' dir='ltr'>auctore</span> 
     </span>
    </p>
   </div>
   <div class='ocr_carea' id='block_1_87' title="bbox 551 4334 3891 4424">
    <p class='ocr_par' dir='ltr' id='par_1_87' title="bbox 551 4334 3891 4424">
     <span class='ocr_line' id='line_1_87' title="bbox 551 4334 3891 4424; baseline -0.003 -21"><span class='ocrx_word' id='word_1_624' title='bbox 551 4346 870 4412; x_wconf 89' lang='lat' dir='ltr'>inveniunt,</span> <span class='ocrx_word' id='word_1_625' title='bbox 900 4341 1182 4414; x_wconf 84' lang='lat' dir='ltr'>adjunctis</span> <span class='ocrx_word' id='word_1_626' title='bbox 1198 4341 1732 4415; x_wconf 88' lang='lat' dir='ltr'>verosimilibuspro</span> <span class='ocrx_word' id='word_1_627' title='bbox 1750 4342 1986 4399; x_wconf 88' lang='lat' dir='ltr'>arbitrio</span> <span class='ocrx_word' id='word_1_628' title='bbox 2010 4361 2168 4399; x_wconf 90' lang='lat' dir='ltr'>exor-</span> <span class='ocrx_word' id='word_1_629' title='bbox 2188 4334 2240 4394; x_wconf 89' lang='lat' dir='ltr'>D</span> <span class='ocrx_word' id='word_1_630' title='bbox 2267 4352 2399 4409; x_wconf 70' lang='lat' dir='ltr'>dicti</span> <span class='ocrx_word' id='word_1_631' title='bbox 2432 4348 2870 4416; x_wconf 76' lang='lat' dir='ltr'>commentarii,</span> <span class='ocrx_word' id='word_1_632' title='bbox 2916 4349 3015 4421; x_wconf 80' lang='lat' dir='ltr'>qui</span> <span class='ocrx_word' id='word_1_633' title='bbox 3045 4349 3105 4403; x_wconf 78' lang='lat' dir='ltr'>in</span> <span class='ocrx_word' id='word_1_634' title='bbox 3137 4348 3472 4404; x_wconf 73' lang='lat' dir='ltr'>Parisiensis</span> <span class='ocrx_word' id='word_1_635' title='bbox 3502 4351 3752 4424; x_wconf 75' lang='lat' dir='ltr'>prodigii</span> <span class='ocrx_word' id='word_1_636' title='bbox 3785 4352 3891 4407; x_wconf 70' lang='lat' dir='ltr'>ad-</span> 
     </span>
    </p>
   </div>
   <div class='ocr_carea' id='block_1_88' title="bbox 552 4430 2167 4503">
    <p class='ocr_par' dir='ltr' id='par_1_88' title="bbox 552 4430 2167 4503">
     <span class='ocr_line' id='line_1_88' title="bbox 552 4430 2167 4503; baseline -0.001 -13"><span class='ocrx_word' id='word_1_637' title='bbox 552 4439 694 4491; x_wconf 91' lang='lat' dir='ltr'>nent</span> <span class='ocrx_word' id='word_1_638' title='bbox 712 4476 725 4501; x_wconf 97' lang='lat'>,</span> <span class='ocrx_word' id='word_1_639' title='bbox 757 4436 856 4488; x_wconf 91' lang='lat' dir='ltr'>aut</span> <span class='ocrx_word' id='word_1_640' title='bbox 876 4431 1054 4487; x_wconf 90' lang='lat' dir='ltr'>etiam</span> <span class='ocrx_word' id='word_1_641' title='bbox 1077 4430 1381 4502; x_wconf 88' lang='lat' dir='ltr'>adjunctis,</span> <span class='ocrx_word' id='word_1_642' title='bbox 1416 4430 1622 4503; x_wconf 89' lang='lat' dir='ltr'>quibus</span> <span class='ocrx_word' id='word_1_643' title='bbox 1638 4448 1733 4486; x_wconf 91' lang='lat' dir='ltr'>eas</span> <span class='ocrx_word' id='word_1_644' title='bbox 1761 4432 1988 4487; x_wconf 89' lang='lat' dir='ltr'>vestitas</span> <span class='ocrx_word' id='word_1_645' title='bbox 2015 4433 2167 4488; x_wconf 90' lang='lat' dir='ltr'>inve-</span> 
     </span>
    </p>
   </div>
   <div class='ocr_carea' id='block_1_89' title="bbox 553 4519 2163 4592">
    <p class='ocr_par' dir='ltr' id='par_1_89' title="bbox 553 4519 2163 4592">
     <span class='ocr_line' id='line_1_89' title="bbox 553 4519 2163 4592; baseline -0.002 -13"><span class='ocrx_word' id='word_1_646' title='bbox 553 4523 741 4590; x_wconf 87' lang='lat' dir='ltr'>niunt,</span> <span class='ocrx_word' id='word_1_647' title='bbox 773 4537 921 4577; x_wconf 87' lang='lat' dir='ltr'>nova</span> <span class='ocrx_word' id='word_1_648' title='bbox 950 4519 1217 4592; x_wconf 70' lang='lat' dir='ltr'>alia,quas</span> <span class='ocrx_word' id='word_1_649' title='bbox 1241 4519 1923 4588; x_wconf 89' lang='lat' dir='ltr'>verosimilioracensent,</span> <span class='ocrx_word' id='word_1_650' title='bbox 1956 4521 2163 4576; x_wconf 92' lang='lat' dir='ltr'>substi-</span> 
     </span>
    </p>
   </div>
   <div class='ocr_carea' id='block_1_90' title="bbox 550 4608 2163 4683">
    <p class='ocr_par' dir='ltr' id='par_1_90' title="bbox 550 4608 2163 4683">
     <span class='ocr_line' id='line_1_90' title="bbox 550 4608 2163 4683; baseline -0.002 -14"><span class='ocrx_word' id='word_1_651' title='bbox 550 4612 737 4679; x_wconf 86' lang='lat' dir='ltr'>tuant,</span> <span class='ocrx_word' id='word_1_652' title='bbox 783 4612 1128 4682; x_wconf 88' lang='lat' dir='ltr'>argumento</span> <span class='ocrx_word' id='word_1_653' title='bbox 1170 4624 1290 4662; x_wconf 87' lang='lat' dir='ltr'>esse</span> <span class='ocrx_word' id='word_1_654' title='bbox 1335 4610 1525 4681; x_wconf 87' lang='lat' dir='ltr'>potest</span> <span class='ocrx_word' id='word_1_655' title='bbox 1579 4608 1637 4663; x_wconf 91' lang='lat' dir='ltr'>in</span> <span class='ocrx_word' id='word_1_656' title='bbox 1665 4609 1770 4663; x_wconf 90' lang='lat' dir='ltr'>hac</span> <span class='ocrx_word' id='word_1_657' title='bbox 1809 4609 1953 4683; x_wconf 91' lang='lat' dir='ltr'>ipsa,</span> <span class='ocrx_word' id='word_1_658' title='bbox 1987 4628 2163 4683; x_wconf 87' lang='lat' dir='ltr'>quam</span> 
     </span>
    </p>
   </div>
   <div class='ocr_carea' id='block_1_91' title="bbox 548 4697 2160 4770">
    <p class='ocr_par' dir='ltr' id='par_1_91' title="bbox 548 4697 2160 4770">
     <span class='ocr_line' id='line_1_91' title="bbox 548 4697 2160 4770; baseline -0.003 -12"><span class='ocrx_word' id='word_1_659' title='bbox 548 4704 888 4767; x_wconf 83' lang='lat' dir='ltr'>tractamus,</span> <span class='ocrx_word' id='word_1_660' title='bbox 927 4698 1171 4754; x_wconf 88' lang='lat' dir='ltr'>materia</span> <span class='ocrx_word' id='word_1_661' title='bbox 1199 4697 1688 4770; x_wconf 89' lang='lat' dir='ltr'>Chronographus</span> <span class='ocrx_word' id='word_1_662' title='bbox 1721 4698 2160 4768; x_wconf 87' lang='lat' dir='ltr'>Carthusiensis,</span> 
     </span>
    </p>
   </div>
   <div class='ocr_carea' id='block_1_92' title="bbox 548 4785 2162 4858">
    <p class='ocr_par' dir='ltr' id='par_1_92' title="bbox 548 4785 2162 4858">
     <span class='ocr_line' id='line_1_92' title="bbox 548 4785 2162 4858; baseline -0.003 -11"><span class='ocrx_word' id='word_1_663' title='bbox 548 4807 713 4848; x_wconf 92' lang='lat' dir='ltr'>num.</span> <span class='ocrx_word' id='word_1_664' title='bbox 746 4791 849 4845; x_wconf 87' lang='lat'>203</span> <span class='ocrx_word' id='word_1_665' title='bbox 883 4789 1256 4853; x_wconf 90' lang='lat' dir='ltr'>memoratus,</span> <span class='ocrx_word' id='word_1_666' title='bbox 1292 4785 1390 4858; x_wconf 90' lang='lat' dir='ltr'>qui</span> <span class='ocrx_word' id='word_1_667' title='bbox 1417 4786 1521 4841; x_wconf 91' lang='lat' dir='ltr'>sub</span> <span class='ocrx_word' id='word_1_668' title='bbox 1563 4786 1799 4842; x_wconf 86' lang='lat' dir='ltr'>Elizario</span> <span class='ocrx_word' id='word_1_669' title='bbox 1850 4787 2162 4843; x_wconf 80' lang='lat' dir='ltr'>Carthusiae</span> 
     </span>
    </p>
   </div>
   <div class='ocr_carea' id='block_1_93' title="bbox 546 4873 2160 4955">
    <p class='ocr_par' dir='ltr' id='par_1_93' title="bbox 546 4873 2160 4955">
     <span class='ocr_line' id='line_1_93' title="bbox 546 4873 2160 4955; baseline -0.002 -20"><span class='ocrx_word' id='word_1_670' title='bbox 546 4880 742 4955; x_wconf 88' lang='lat' dir='ltr'>priore</span> <span class='ocrx_word' id='word_1_671' title='bbox 766 4877 972 4932; x_wconf 68' lang='lat' dir='ltr'>saeculo</span> <span class='ocrx_word' id='word_1_672' title='bbox 1000 4877 1207 4948; x_wconf 90' lang='lat' dir='ltr'>quarto</span> <span class='ocrx_word' id='word_1_673' title='bbox 1236 4873 1460 4929; x_wconf 91' lang='lat' dir='ltr'>decimo</span> <span class='ocrx_word' id='word_1_674' title='bbox 1494 4873 1708 4929; x_wconf 89' lang='lat' dir='ltr'>ﬂoruit.</span> <span class='ocrx_word' id='word_1_675' title='bbox 1735 4875 1833 4930; x_wconf 88' lang='lat' dir='ltr'>Hic</span> <span class='ocrx_word' id='word_1_676' title='bbox 1857 4876 2015 4930; x_wconf 91' lang='lat' dir='ltr'>enim</span> <span class='ocrx_word' id='word_1_677' title='bbox 2036 4877 2160 4945; x_wconf 87' lang='lat' dir='ltr'>etsi,</span> 
     </span>
    </p>
   </div>
   <div class='ocr_carea' id='block_1_94' title="bbox 549 4963 2165 5042">
    <p class='ocr_par' dir='ltr' id='par_1_94' title="bbox 549 4963 2165 5042">
     <span class='ocr_line' id='line_1_94' title="bbox 549 4963 2165 5042; baseline -0.002 -18"><span class='ocrx_word' id='word_1_678' title='bbox 549 4984 727 5042; x_wconf 90' lang='lat' dir='ltr'>quam</span> <span class='ocrx_word' id='word_1_679' title='bbox 749 4965 903 5039; x_wconf 87' lang='lat' dir='ltr'>apud</span> <span class='ocrx_word' id='word_1_680' title='bbox 917 4979 1278 5036; x_wconf 79' lang='lat' dir='ltr'>anonymum</span> <span class='ocrx_word' id='word_1_681' title='bbox 1296 4963 1622 5034; x_wconf 89' lang='lat' dir='ltr'>primorum</span> <span class='ocrx_word' id='word_1_682' title='bbox 1642 4964 1898 5037; x_wconf 88' lang='lat' dir='ltr'>quinque</span> <span class='ocrx_word' id='word_1_683' title='bbox 1929 4965 2165 5022; x_wconf 88' lang='lat' dir='ltr'>Carthu-</span> 
     </span>
    </p>
   </div>
   <div class='ocr_carea' id='block_1_95' title="bbox 548 5051 2165 5129">
    <p class='ocr_par' dir='ltr' id='par_1_95' title="bbox 548 5051 2165 5129">
     <span class='ocr_line' id='line_1_95' title="bbox 548 5051 2165 5129; baseline -0.002 -16"><span class='ocrx_word' id='word_1_684' title='bbox 548 5060 647 5113; x_wconf 76' lang='lat' dir='ltr'>size</span> <span class='ocrx_word' id='word_1_685' title='bbox 660 5056 920 5129; x_wconf 91' lang='lat' dir='ltr'>priorum</span> <span class='ocrx_word' id='word_1_686' title='bbox 936 5053 1015 5109; x_wconf 88' lang='lat' dir='ltr'>Ch</span> <span class='ocrx_word' id='word_1_687' title='bbox 1024 5051 1204 5107; x_wconf 74' lang='lat' dir='ltr'>conici</span> <span class='ocrx_word' id='word_1_688' title='bbox 1224 5055 1522 5107; x_wconf 90' lang='lat' dir='ltr'>auctorem</span> <span class='ocrx_word' id='word_1_689' title='bbox 1544 5051 1671 5107; x_wconf 89' lang='lat' dir='ltr'>inve</span> <span class='ocrx_word' id='word_1_690' title='bbox 1680 5053 2165 5127; x_wconf 87' lang='lat' dir='ltr'>nerat,integram</span> 
     </span>
    </p>
   </div>
   <div class='ocr_carea' id='block_1_96' title="bbox 550 5141 2165 5213">
    <p class='ocr_par' dir='ltr' id='par_1_96' title="bbox 550 5141 2165 5213">
     <span class='ocr_line' id='line_1_96' title="bbox 550 5141 2165 5213; baseline -0.002 -11"><span class='ocrx_word' id='word_1_691' title='bbox 550 5147 623 5203; x_wconf 93' lang='lat' dir='ltr'>de</span> <span class='ocrx_word' id='word_1_692' title='bbox 659 5146 935 5199; x_wconf 90' lang='lat' dir='ltr'>damnato</span> <span class='ocrx_word' id='word_1_693' title='bbox 971 5143 1138 5197; x_wconf 92' lang='lat' dir='ltr'>docto</span> <span class='ocrx_word' id='word_1_694' title='bbox 1170 5141 1567 5196; x_wconf 90' lang='lat' dir='ltr'>narrationem</span> <span class='ocrx_word' id='word_1_695' title='bbox 1592 5141 1900 5213; x_wconf 90' lang='lat' dir='ltr'>adoptarit,</span> <span class='ocrx_word' id='word_1_696' title='bbox 1924 5145 2048 5198; x_wconf 82' lang='lat' dir='ltr'>hor.</span> <span class='ocrx_word' id='word_1_697' title='bbox 2066 5161 2165 5199; x_wconf 92' lang='lat' dir='ltr'>en-</span> 
     </span>
    </p>
   </div>
   <div class='ocr_carea' id='block_1_97' title="bbox 547 5230 2168 5304">
    <p class='ocr_par' dir='ltr' id='par_1_97' title="bbox 547 5230 2168 5304">
     <span class='ocr_line' id='line_1_97' title="bbox 547 5230 2168 5304; baseline -0.002 -12"><span class='ocrx_word' id='word_1_698' title='bbox 547 5237 686 5293; x_wconf 90' lang='lat' dir='ltr'>dam</span> <span class='ocrx_word' id='word_1_699' title='bbox 699 5237 896 5290; x_wconf 88' lang='lat' dir='ltr'>tamen</span> <span class='ocrx_word' id='word_1_700' title='bbox 908 5230 1210 5286; x_wconf 88' lang='lat' dir='ltr'>historiam</span> <span class='ocrx_word' id='word_1_701' title='bbox 1225 5247 1398 5304; x_wconf 89' lang='lat' dir='ltr'>quam</span> <span class='ocrx_word' id='word_1_702' title='bbox 1415 5246 1738 5302; x_wconf 84' lang='lat' dir='ltr'>anonymus</span> <span class='ocrx_word' id='word_1_703' title='bbox 1752 5231 1812 5286; x_wconf 90' lang='lat' dir='ltr'>in</span> <span class='ocrx_word' id='word_1_704' title='bbox 1824 5233 1954 5287; x_wconf 89' lang='lat' dir='ltr'>aula</span> <span class='ocrx_word' id='word_1_705' title='bbox 1968 5234 2067 5289; x_wconf 90' lang='lat' dir='ltr'>def</span> <span class='ocrx_word' id='word_1_706' title='bbox 2068 5252 2168 5289; x_wconf 88' lang='lat' dir='ltr'>un-</span> 
     </span>
    </p>
   </div>
   <div class='ocr_carea' id='block_1_98' title="bbox 547 5318 2165 5392">
    <p class='ocr_par' dir='ltr' id='par_1_98' title="bbox 547 5318 2165 5392">
     <span class='ocr_line' id='line_1_98' title="bbox 547 5318 2165 5392; baseline -0.005 -13"><span class='ocrx_word' id='word_1_707' title='bbox 547 5324 624 5380; x_wconf 90' lang='lat' dir='ltr'>cti</span> <span class='ocrx_word' id='word_1_708' title='bbox 640 5321 944 5392; x_wconf 88' lang='lat' dir='ltr'>contigisse</span> <span class='ocrx_word' id='word_1_709' title='bbox 964 5318 1161 5386; x_wconf 85' lang='lat' dir='ltr'>refert,</span> <span class='ocrx_word' id='word_1_710' title='bbox 1191 5319 1246 5373; x_wconf 91' lang='lat' dir='ltr'>in</span> <span class='ocrx_word' id='word_1_711' title='bbox 1276 5319 1521 5373; x_wconf 88' lang='lat' dir='ltr'>Ecclesia</span> <span class='ocrx_word' id='word_1_712' title='bbox 1545 5319 1756 5374; x_wconf 87' lang='lat' dir='ltr'>factam</span> <span class='ocrx_word' id='word_1_713' title='bbox 1770 5321 1965 5376; x_wconf 89' lang='lat' dir='ltr'>scribit</span> <span class='ocrx_word' id='word_1_714' title='bbox 1983 5340 1997 5390; x_wconf 89' lang='lat'><strong>;</strong></span> <span class='ocrx_word' id='word_1_715' title='bbox 2017 5324 2165 5379; x_wconf 83' lang='lat' dir='ltr'>hanc</span> 
     </span>
    </p>
   </div>
   <div class='ocr_carea' id='block_1_99' title="bbox 550 5408 2163 5482">
    <p class='ocr_par' dir='ltr' id='par_1_99' title="bbox 550 5408 2163 5482">
     <span class='ocr_line' id='line_1_99' title="bbox 550 5408 2163 5482; baseline 0.001 -15"><span class='ocrx_word' id='word_1_716' title='bbox 550 5416 765 5478; x_wconf 87' lang='lat' dir='ltr'>autem,</span> <span class='ocrx_word' id='word_1_717' title='bbox 795 5410 1079 5482; x_wconf 86' lang='lat' dir='ltr'>quantum</span> <span class='ocrx_word' id='word_1_718' title='bbox 1111 5409 1340 5478; x_wconf 90' lang='lat' dir='ltr'>opinor,</span> <span class='ocrx_word' id='word_1_719' title='bbox 1393 5408 1451 5462; x_wconf 89' lang='lat' dir='ltr'>in</span> <span class='ocrx_word' id='word_1_720' title='bbox 1498 5409 1773 5480; x_wconf 84' lang='lat' dir='ltr'>anonymi</span> <span class='ocrx_word' id='word_1_721' title='bbox 1831 5412 2163 5469; x_wconf 88' lang='lat' dir='ltr'>narratione</span> 
     </span>
    </p>
   </div>
   <div class='ocr_carea' id='block_1_100' title="bbox 540 5494 2161 5571">
    <p class='ocr_par' dir='ltr' id='par_1_100' title="bbox 540 5494 2161 5571">
     <span class='ocr_line' id='line_1_100' title="bbox 540 5494 2161 5571; baseline 0 -14"><span class='ocrx_word' id='word_1_722' title='bbox 540 5499 935 5557; x_wconf 79' lang='lat' dir='ltr'>mutationem</span> <span class='ocrx_word' id='word_1_723' title='bbox 986 5494 1198 5550; x_wconf 91' lang='lat' dir='ltr'>idcirco</span> <span class='ocrx_word' id='word_1_724' title='bbox 1246 5496 1466 5565; x_wconf 89' lang='lat' dir='ltr'>fecerit,</span> <span class='ocrx_word' id='word_1_725' title='bbox 1522 5498 1677 5571; x_wconf 90' lang='lat' dir='ltr'>quod</span> <span class='ocrx_word' id='word_1_726' title='bbox 1733 5497 1825 5552; x_wconf 89' lang='lat' dir='ltr'>hic</span> <span class='ocrx_word' id='word_1_727' title='bbox 1866 5499 1940 5554; x_wconf 87' lang='lat' dir='ltr'>ad</span> <span class='ocrx_word' id='word_1_728' title='bbox 1983 5499 2161 5558; x_wconf 85' lang='lat' dir='ltr'>ferale</span> 
     </span>
    </p>
   </div>
   <div class='ocr_carea' id='block_1_101' title="bbox 542 5583 2163 5660">
    <p class='ocr_par' dir='ltr' id='par_1_101' title="bbox 542 5583 2163 5660">
     <span class='ocr_line' id='line_1_101' title="bbox 542 5583 2163 5660; baseline 0.003 -17"><span class='ocrx_word' id='word_1_729' title='bbox 542 5583 933 5660; x_wconf 67' lang='lat' dir='ltr'>spectaculum</span> <span class='ocrx_word' id='word_1_730' title='bbox 957 5583 1148 5641; x_wconf 88' lang='lat' dir='ltr'>totam</span> <span class='ocrx_word' id='word_1_731' title='bbox 1160 5584 1281 5640; x_wconf 86' lang='lat' dir='ltr'>fere</span> <span class='ocrx_word' id='word_1_732' title='bbox 1316 5584 1691 5642; x_wconf 87' lang='lat' dir='ltr'>Parisiensem</span> <span class='ocrx_word' id='word_1_733' title='bbox 1723 5586 2011 5646; x_wconf 88' lang='lat' dir='ltr'>civitatem</span> <span class='ocrx_word' id='word_1_734' title='bbox 2027 5607 2163 5649; x_wconf 87' lang='lat' dir='ltr'>con-</span> 
     </span>
    </p>
   </div>
   <div class='ocr_carea' id='block_1_102' title="bbox 549 5667 2159 5755">
    <p class='ocr_par' dir='ltr' id='par_1_102' title="bbox 549 5667 2159 5755">
     <span class='ocr_line' id='line_1_102' title="bbox 549 5667 2159 5755; baseline 0.005 -22"><span class='ocrx_word' id='word_1_735' title='bbox 549 5671 766 5734; x_wconf 75' lang='lat' dir='ltr'>venisse</span> <span class='ocrx_word' id='word_1_736' title='bbox 795 5672 1018 5740; x_wconf 84' lang='lat' dir='ltr'>tradat,</span> <span class='ocrx_word' id='word_1_737' title='bbox 1052 5667 1264 5748; x_wconf 87' lang='lat' dir='ltr'>illeque</span> <span class='ocrx_word' id='word_1_738' title='bbox 1290 5672 1401 5732; x_wconf 89' lang='lat' dir='ltr'>hoc</span> <span class='ocrx_word' id='word_1_739' title='bbox 1430 5673 1490 5733; x_wconf 91' lang='lat' dir='ltr'>in</span> <span class='ocrx_word' id='word_1_740' title='bbox 1514 5676 1644 5733; x_wconf 87' lang='lat' dir='ltr'>aula</span> <span class='ocrx_word' id='word_1_741' title='bbox 1669 5674 1942 5750; x_wconf 89' lang='lat' dir='ltr'>defuncti,</span> <span class='ocrx_word' id='word_1_742' title='bbox 1963 5682 2159 5755; x_wconf 88' lang='lat' dir='ltr'>utpote</span> 
     </span>
    </p>
   </div>
   <div class='ocr_carea' id='block_1_103' title="bbox 2257 4438 3887 4515">
    <p class='ocr_par' dir='ltr' id='par_1_103' title="bbox 2257 4438 3887 4515">
     <span class='ocr_line' id='line_1_103' title="bbox 2257 4438 3887 4515; baseline -0.001 -18"><span class='ocrx_word' id='word_1_743' title='bbox 2257 4441 2471 4515; x_wconf 91' lang='lat' dir='ltr'>junctis</span> <span class='ocrx_word' id='word_1_744' title='bbox 2497 4440 2569 4495; x_wconf 89' lang='lat' dir='ltr'>ab</span> <span class='ocrx_word' id='word_1_745' title='bbox 2600 4454 2892 4510; x_wconf 84' lang='lat' dir='ltr'>anonymo</span> <span class='ocrx_word' id='word_1_746' title='bbox 2917 4438 3241 4510; x_wconf 89' lang='lat' dir='ltr'>primorum</span> <span class='ocrx_word' id='word_1_747' title='bbox 3274 4438 3531 4511; x_wconf 87' lang='lat' dir='ltr'>quinque</span> <span class='ocrx_word' id='word_1_748' title='bbox 3566 4439 3887 4497; x_wconf 70' lang='lat' dir='ltr'>Carthusiae</span> 
     </span>
    </p>
   </div>
   <div class='ocr_carea' id='block_1_104' title="bbox 2263 4527 3885 4605">
    <p class='ocr_par' dir='ltr' id='par_1_104' title="bbox 2263 4527 3885 4605">
     <span class='ocr_line' id='line_1_104' title="bbox 2263 4527 3885 4605; baseline 0 -19"><span class='ocrx_word' id='word_1_749' title='bbox 2263 4531 2524 4605; x_wconf 91' lang='lat' dir='ltr'>priorum</span> <span class='ocrx_word' id='word_1_750' title='bbox 2552 4527 2817 4584; x_wconf 85' lang='lat' dir='ltr'>Chronici</span> <span class='ocrx_word' id='word_1_751' title='bbox 2831 4530 3061 4582; x_wconf 91' lang='lat' dir='ltr'>auctore</span> <span class='ocrx_word' id='word_1_752' title='bbox 3082 4527 3516 4594; x_wconf 87' lang='lat' dir='ltr'>dissonat,hunc</span> <span class='ocrx_word' id='word_1_753' title='bbox 3528 4530 3804 4602; x_wconf 68' lang='lat' dir='ltr'>praefatur</span> <span class='ocrx_word' id='word_1_754' title='bbox 3820 4530 3885 4587; x_wconf 89' lang='lat' dir='ltr'>in</span> 
     </span>
    </p>
   </div>
   <div class='ocr_carea' id='block_1_105' title="bbox 2264 4616 3884 4688">
    <p class='ocr_par' dir='ltr' id='par_1_105' title="bbox 2264 4616 3884 4688">
     <span class='ocr_line' id='line_1_105' title="bbox 2264 4616 3884 4688; baseline -0.001 -12"><span class='ocrx_word' id='word_1_755' title='bbox 2264 4620 2505 4676; x_wconf 90' lang='lat' dir='ltr'>modum</span> <span class='ocrx_word' id='word_1_756' title='bbox 2560 4636 2573 4672; x_wconf 91' lang='lat'>:</span> <span class='ocrx_word' id='word_1_757' title='bbox 2610 4637 2641 4670; x_wconf 87' lang='grc'>‹‹</span> <span class='ocrx_word' id='word_1_758' title='bbox 2677 4616 2775 4672; x_wconf 82' lang='lat' dir='ltr'>llic</span> <span class='ocrx_word' id='word_1_759' title='bbox 2804 4620 2888 4672; x_wconf 91' lang='lat' dir='ltr'>est</span> <span class='ocrx_word' id='word_1_760' title='bbox 2915 4619 3115 4671; x_wconf 89' lang='lat' dir='ltr'>auctor</span> <span class='ocrx_word' id='word_1_761' title='bbox 3147 4617 3522 4688; x_wconf 90' lang='lat' dir='ltr'>manuscripti</span> <span class='ocrx_word' id='word_1_762' title='bbox 3562 4617 3772 4672; x_wconf 89' lang='lat' dir='ltr'>codicis</span> <span class='ocrx_word' id='word_1_763' title='bbox 3818 4619 3884 4675; x_wconf 90' lang='lat' dir='ltr'>in</span> 
     </span>
    </p>
   </div>
   <div class='ocr_carea' id='block_1_106' title="bbox 2262 4706 3881 4779">
    <p class='ocr_par' dir='ltr' id='par_1_106' title="bbox 2262 4706 3881 4779">
     <span class='ocr_line' id='line_1_106' title="bbox 2262 4706 3881 4779; baseline -0.001 -14"><span class='ocrx_word' id='word_1_764' title='bbox 2262 4709 2610 4765; x_wconf 90' lang='lat' dir='ltr'>membrana</span> <span class='ocrx_word' id='word_1_765' title='bbox 2636 4706 2873 4779; x_wconf 89' lang='lat' dir='ltr'>caprina</span> <span class='ocrx_word' id='word_1_766' title='bbox 2893 4707 3223 4761; x_wconf 88' lang='lat' dir='ltr'>charactere</span> <span class='ocrx_word' id='word_1_767' title='bbox 3240 4708 3298 4760; x_wconf 86' lang='lat' dir='ltr'>et</span> <span class='ocrx_word' id='word_1_768' title='bbox 3323 4706 3470 4778; x_wconf 86' lang='lat' dir='ltr'>stylo</span> <span class='ocrx_word' id='word_1_769' title='bbox 3500 4707 3790 4773; x_wconf 86' lang='lat' dir='ltr'>obsoletis,</span> <span class='ocrx_word' id='word_1_770' title='bbox 3816 4708 3881 4764; x_wconf 85' lang='lat' dir='ltr'>in</span> 
     </span>
    </p>
   </div>
   <div class='ocr_carea' id='block_1_107' title="bbox 2263 4794 3887 4867">
    <p class='ocr_par' dir='ltr' id='par_1_107' title="bbox 2263 4794 3887 4867">
     <span class='ocr_line' id='line_1_107' title="bbox 2263 4794 3887 4867; baseline -0.002 -14"><span class='ocrx_word' id='word_1_771' title='bbox 2263 4797 2491 4854; x_wconf 86' lang='lat' dir='ltr'>archivo</span> <span class='ocrx_word' id='word_1_772' title='bbox 2551 4796 2941 4851; x_wconf 70' lang='lat' dir='ltr'>Castellioneaz</span> <span class='ocrx_word' id='word_1_773' title='bbox 2991 4794 3228 4849; x_wconf 71' lang='lat' dir='ltr'>familia:</span> <span class='ocrx_word' id='word_1_774' title='bbox 3263 4794 3475 4867; x_wconf 89' lang='lat' dir='ltr'>reperti</span> <span class='ocrx_word' id='word_1_775' title='bbox 3508 4798 3565 4849; x_wconf 89' lang='lat' dir='ltr'>et</span> <span class='ocrx_word' id='word_1_776' title='bbox 3589 4795 3649 4850; x_wconf 88' lang='lat' dir='ltr'>in</span> <span class='ocrx_word' id='word_1_777' title='bbox 3677 4796 3887 4851; x_wconf 88' lang='lat' dir='ltr'>biblio-</span> 
     </span>
    </p>
   </div>
   <div class='ocr_carea' id='block_1_108' title="bbox 2264 4883 3886 4960">
    <p class='ocr_par' dir='ltr' id='par_1_108' title="bbox 2264 4883 3886 4960">
     <span class='ocr_line' id='line_1_108' title="bbox 2264 4883 3886 4960; baseline -0.001 -19"><span class='ocrx_word' id='word_1_778' title='bbox 2264 4887 2430 4941; x_wconf 88' lang='lat' dir='ltr'>theca</span> <span class='ocrx_word' id='word_1_779' title='bbox 2451 4884 2677 4957; x_wconf 88' lang='lat' dir='ltr'>collegii</span> <span class='ocrx_word' id='word_1_780' title='bbox 2707 4883 3005 4939; x_wconf 89' lang='lat' dir='ltr'>Societatis</span> <span class='ocrx_word' id='word_1_781' title='bbox 3046 4884 3177 4937; x_wconf 81' lang='lat' dir='ltr'>.lesu</span> <span class='ocrx_word' id='word_1_782' title='bbox 3209 4883 3473 4960; x_wconf 70' lang='lat' dir='ltr'>Metensis</span> <span class='ocrx_word' id='word_1_783' title='bbox 3499 4883 3673 4938; x_wconf 90' lang='lat' dir='ltr'>modo</span> <span class='ocrx_word' id='word_1_784' title='bbox 3703 4901 3886 4939; x_wconf 88' lang='lat' dir='ltr'>asser-</span> 
     </span>
    </p>
   </div>
   <div class='ocr_carea' id='block_1_109' title="bbox 2263 4971 3884 5044">
    <p class='ocr_par' dir='ltr' id='par_1_109' title="bbox 2263 4971 3884 5044">
     <span class='ocr_line' id='line_1_109' title="bbox 2263 4971 3884 5044; baseline 0 -15"><span class='ocrx_word' id='word_1_785' title='bbox 2263 4975 2398 5042; x_wconf 88' lang='lat' dir='ltr'>vati,</span> <span class='ocrx_word' id='word_1_786' title='bbox 2430 4974 2489 5028; x_wconf 92' lang='lat' dir='ltr'>in</span> <span class='ocrx_word' id='word_1_787' title='bbox 2539 4989 2651 5044; x_wconf 90' lang='lat' dir='ltr'>quo</span> <span class='ocrx_word' id='word_1_788' title='bbox 2684 4973 2929 5027; x_wconf 85' lang='lat' dir='ltr'>habetur</span> <span class='ocrx_word' id='word_1_789' title='bbox 2950 4971 3190 5027; x_wconf 88' lang='lat' dir='ltr'>historia</span> <span class='ocrx_word' id='word_1_790' title='bbox 3222 4971 3321 5025; x_wconf 89' lang='lat' dir='ltr'>illa</span> <span class='ocrx_word' id='word_1_791' title='bbox 3362 4971 3572 5026; x_wconf 87' lang='lat' dir='ltr'>Gallico</span> <span class='ocrx_word' id='word_1_792' title='bbox 3605 4988 3884 5030; x_wconf 86' lang='lat' dir='ltr'>sermone</span> 
     </span>
    </p>
   </div>
   <div class='ocr_carea' id='block_1_110' title="bbox 2263 5059 3884 5134">
    <p class='ocr_par' dir='ltr' id='par_1_110' title="bbox 2263 5059 3884 5134">
     <span class='ocr_line' id='line_1_110' title="bbox 2263 5059 3884 5134; baseline 0 -16"><span class='ocrx_word' id='word_1_793' title='bbox 2263 5061 2743 5134; x_wconf 88' lang='lat' dir='ltr'>conscripta.Ejus</span> <span class='ocrx_word' id='word_1_794' title='bbox 2763 5077 2896 5115; x_wconf 87' lang='lat' dir='ltr'>vero</span> <span class='ocrx_word' id='word_1_795' title='bbox 2915 5059 3256 5132; x_wconf 87' lang='lat' dir='ltr'>scriptorem</span> <span class='ocrx_word' id='word_1_796' title='bbox 3275 5059 3427 5114; x_wconf 90' lang='lat' dir='ltr'>inter</span> <span class='ocrx_word' id='word_1_797' title='bbox 3448 5059 3884 5118; x_wconf 88' lang='lat' dir='ltr'>Carthusienses</span> 
     </span>
    </p>
   </div>
   <div class='ocr_carea' id='block_1_111' title="bbox 2265 5148 3881 5220">
    <p class='ocr_par' dir='ltr' id='par_1_111' title="bbox 2265 5148 3881 5220">
     <span class='ocr_line' id='line_1_111' title="bbox 2265 5148 3881 5220; baseline -0.002 -12"><span class='ocrx_word' id='word_1_798' title='bbox 2265 5167 2652 5216; x_wconf 72' lang='lat' dir='ltr'>recensemus,</span> <span class='ocrx_word' id='word_1_799' title='bbox 2674 5149 2830 5220; x_wconf 86' lang='lat' dir='ltr'>quod</span> <span class='ocrx_word' id='word_1_800' title='bbox 2848 5148 3187 5220; x_wconf 81' lang='lat' dir='ltr'>profiteatur</span> <span class='ocrx_word' id='word_1_801' title='bbox 3210 5150 3387 5203; x_wconf 89' lang='lat' dir='ltr'>tatam</span> <span class='ocrx_word' id='word_1_802' title='bbox 3406 5163 3569 5202; x_wconf 89' lang='lat' dir='ltr'>suam</span> <span class='ocrx_word' id='word_1_803' title='bbox 3592 5149 3881 5205; x_wconf 86' lang='lat' dir='ltr'>narratio-</span> 
     </span>
    </p>
   </div>
   <div class='ocr_carea' id='block_1_112' title="bbox 2266 5236 3882 5310">
    <p class='ocr_par' dir='ltr' id='par_1_112' title="bbox 2266 5236 3882 5310">
     <span class='ocr_line' id='line_1_112' title="bbox 2266 5236 3882 5310; baseline -0.001 -14"><span class='ocrx_word' id='word_1_804' title='bbox 2266 5258 2401 5296; x_wconf 89' lang='lat' dir='ltr'>nem</span> <span class='ocrx_word' id='word_1_805' title='bbox 2435 5256 2469 5295; x_wconf 89' lang='lat' dir='ltr'>a</span> <span class='ocrx_word' id='word_1_806' title='bbox 2492 5238 2801 5310; x_wconf 62' lang='lat' dir='ltr'>grandaavo</span> <span class='ocrx_word' id='word_1_807' title='bbox 2825 5237 3275 5310; x_wconf 88' lang='lat' dir='ltr'>gravissimoque</span> <span class='ocrx_word' id='word_1_808' title='bbox 3306 5236 3482 5291; x_wconf 83' lang='lat' dir='ltr'>nostri</span> <span class='ocrx_word' id='word_1_809' title='bbox 3516 5237 3734 5292; x_wconf 90' lang='lat' dir='ltr'>ordinis</span> <span class='ocrx_word' id='word_1_810' title='bbox 3750 5255 3882 5295; x_wconf 88' lang='lat' dir='ltr'>m0-</span> 
     </span>
    </p>
   </div>
   <div class='ocr_carea' id='block_1_113' title="bbox 2265 5324 3882 5398">
    <p class='ocr_par' dir='ltr' id='par_1_113' title="bbox 2265 5324 3882 5398">
     <span class='ocr_line' id='line_1_113' title="bbox 2265 5324 3882 5398; baseline -0.001 -12"><span class='ocrx_word' id='word_1_811' title='bbox 2265 5331 2450 5386; x_wconf 88' lang='lat' dir='ltr'>nacho</span> <span class='ocrx_word' id='word_1_812' title='bbox 2484 5326 2783 5398; x_wconf 85' lang='lat' dir='ltr'>accepisse.</span> <span class='ocrx_word' id='word_1_813' title='bbox 2851 5326 3120 5380; x_wconf 89' lang='lat' dir='ltr'>Codicem</span> <span class='ocrx_word' id='word_1_814' title='bbox 3168 5342 3282 5380; x_wconf 87' lang='lat' dir='ltr'>non</span> <span class='ocrx_word' id='word_1_815' title='bbox 3341 5324 3607 5394; x_wconf 88' lang='lat' dir='ltr'>vidimus,</span> <span class='ocrx_word' id='word_1_816' title='bbox 3666 5327 3767 5382; x_wconf 89' lang='lat' dir='ltr'>sed</span> <span class='ocrx_word' id='word_1_817' title='bbox 3812 5346 3882 5384; x_wconf 85' lang='lat' dir='ltr'>ex</span> 
     </span>
    </p>
   </div>
   <div class='ocr_carea' id='block_1_114' title="bbox 2262 5413 3881 5487">
    <p class='ocr_par' dir='ltr' id='par_1_114' title="bbox 2262 5413 3881 5487">
     <span class='ocr_line' id='line_1_114' title="bbox 2262 5413 3881 5487; baseline 0 -13"><span class='ocrx_word' id='word_1_818' title='bbox 2262 5419 2722 5487; x_wconf 85' lang='lat' dir='ltr'>transsumptum</span> <span class='ocrx_word' id='word_1_819' title='bbox 2770 5415 2938 5486; x_wconf 88' lang='lat' dir='ltr'>hujus</span> <span class='ocrx_word' id='word_1_820' title='bbox 2965 5413 3217 5469; x_wconf 65' lang='lat' dir='ltr'>historiae</span> <span class='ocrx_word' id='word_1_821' title='bbox 3247 5413 3669 5483; x_wconf 85' lang='lat' dir='ltr'>testimonium,</span> <span class='ocrx_word' id='word_1_822' title='bbox 3706 5423 3881 5487; x_wconf 88' lang='lat' dir='ltr'>prout</span> 
     </span>
    </p>
   </div>
   <div class='ocr_carea' id='block_1_115' title="bbox 2263 5502 3877 5578">
    <p class='ocr_par' dir='ltr' id='par_1_115' title="bbox 2263 5502 3877 5578">
     <span class='ocr_line' id='line_1_115' title="bbox 2263 5502 3877 5578; baseline 0 -15"><span class='ocrx_word' id='word_1_823' title='bbox 2263 5524 2298 5563; x_wconf 88' lang='lat' dir='ltr'>a</span> <span class='ocrx_word' id='word_1_824' title='bbox 2326 5508 2392 5562; x_wconf 85' lang='lat' dir='ltr'>R.</span> <span class='ocrx_word' id='word_1_825' title='bbox 2428 5508 2489 5562; x_wconf 87' lang='grc' dir='ltr'>Ρ.</span> <span class='ocrx_word' id='word_1_826' title='bbox 2516 5504 2751 5560; x_wconf 89' lang='lat' dir='ltr'>Claudio</span> <span class='ocrx_word' id='word_1_827' title='bbox 2774 5503 2996 5559; x_wconf 88' lang='lat' dir='ltr'>Tifanio</span> <span class='ocrx_word' id='word_1_828' title='bbox 3031 5502 3328 5558; x_wconf 90' lang='lat' dir='ltr'>Societatis</span> <span class='ocrx_word' id='word_1_829' title='bbox 3359 5503 3511 5570; x_wconf 85' lang='lat' dir='ltr'>Jesu,</span> <span class='ocrx_word' id='word_1_830' title='bbox 3543 5503 3877 5578; x_wconf 67' lang='lat' dir='ltr'>Campania:</span> 
     </span>
    </p>
   </div>
   <div class='ocr_carea' id='block_1_116' title="bbox 2259 5592 3875 5670">
    <p class='ocr_par' dir='ltr' id='par_1_116' title="bbox 2259 5592 3875 5670">
     <span class='ocr_line' id='line_1_116' title="bbox 2259 5592 3875 5670; baseline 0 -18"><span class='ocrx_word' id='word_1_831' title='bbox 2259 5595 2565 5670; x_wconf 70' lang='lat' dir='ltr'>provinciae</span> <span class='ocrx_word' id='word_1_832' title='bbox 2586 5592 3292 5667; x_wconf 68' lang='lat' dir='ltr'>praeposito,etcollegium</span> <span class='ocrx_word' id='word_1_833' title='bbox 3314 5592 3560 5648; x_wconf 79' lang='lat' dir='ltr'>Metense</span> <span class='ocrx_word' id='word_1_834' title='bbox 3592 5594 3875 5652; x_wconf 85' lang='lat' dir='ltr'>lustrante</span> 
     </span>
    </p>
   </div>
   <div class='ocr_carea' id='block_1_117' title="bbox 2253 5678 3874 5752">
    <p class='ocr_par' dir='ltr' id='par_1_117' title="bbox 2253 5678 3874 5752">
     <span class='ocr_line' id='line_1_117' title="bbox 2253 5678 3874 5752; baseline -0.001 -9"><span class='ocrx_word' id='word_1_835' title='bbox 2253 5701 2409 5752; x_wconf 74' lang='lat' dir='ltr'>anno</span> <span class='ocrx_word' id='word_1_836' title='bbox 2472 5684 2605 5741; x_wconf 75' lang='lat'>1639</span> <span class='ocrx_word' id='word_1_837' title='bbox 2643 5680 2885 5746; x_wconf 86' lang='lat' dir='ltr'>missum</span> <span class='ocrx_word' id='word_1_838' title='bbox 2917 5678 3026 5739; x_wconf 87' lang='lat' dir='ltr'>fuit</span> <span class='ocrx_word' id='word_1_839' title='bbox 3065 5681 3139 5739; x_wconf 88' lang='lat' dir='ltr'>ad</span> <span class='ocrx_word' id='word_1_840' title='bbox 3174 5681 3236 5739; x_wconf 86' lang='lat' dir='ltr'>V.</span> <span class='ocrx_word' id='word_1_841' title='bbox 3270 5683 3332 5740; x_wconf 90' lang='lat' dir='ltr'>P.</span> <span class='ocrx_word' id='word_1_842' title='bbox 3357 5681 3628 5740; x_wconf 87' lang='lat' dir='ltr'>Carolum</span> <span class='ocrx_word' id='word_1_843' title='bbox 3646 5682 3702 5740; x_wconf 92' lang='lat' dir='ltr'>le</span> <span class='ocrx_word' id='word_1_844' title='bbox 3736 5684 3874 5743; x_wconf 88' lang='lat' dir='ltr'>Bret</span> 
     </span>
    </p>
   </div>
  </div>
