4224 6058
1800 266 1986 325 ΛαεΑ

3438 266 3558 326 ω

206 396 551 457 ﬁerthusie
573 396 781 453 Montis
829 395 934 452 Dei
964 395 1249 470 priorum,
1287 395 1381 451 hic
1428 394 1500 451 de
1546 394 1720 451 verbo
1742 396 1923 456 autA
1943 393 2198 453 nationis
2240 391 2601 449 evadendum
2626 390 2832 449 mundi
2861 390 3354 447 conversationem
3390 390 3555 454 dere-

216 487 494 554 aerbum,
525 502 602 541 ne
625 485 788 558 apice
814 484 1052 556 quidem
1076 483 1477 556 pratermisso,
1509 486 1609 538 aut
1635 482 1847 537 immu-

208 577 379 642 ΜΟ,
396 574 755 646 subjicimus,
777 576 839 628 ut
862 573 935 628 de
964 573 1089 645 ejus
1128 573 1494 645 antiquitate,
1539 576 1600 627 et
1635 568 1849 626 nostris

211 662 463 719 inillud
516 663 670 718 notis
721 663 905 717 lector
946 661 1142 717 sanius
1182 661 1506 732 certiusque
1541 660 1783 732 judicet.
1813 678 1843 707 ››

202 749 454 807 ’θαὶωὶθ
479 766 617 804 vero
648 751 995 821 conceptam
1027 749 1215 805 verbis
1233 749 1456 805 Gallicis
1472 749 1543 803 de
1564 748 1846 803 damnato

208 837 907 905 doctorenarrationem,
924 838 1127 893 Latina
1145 838 1323 893 etiam
1339 838 1509 908 hujus
1529 837 1755 908 adjecta
1775 834 1849 889 ad

204 927 448 984 ienlcem
465 924 971 1000 interpretatione,
990 925 1339 980 transcribit.
1358 925 1519 980 Hanc
1531 927 1718 980 solam
1737 924 1850 978 huc

200 1014 589 1070 transtulisse
611 1014 684 1069 ad
710 1014 1041 1069 institutum
1074 1030 1274 1069 meum
1304 1013 1615 1069 suﬁ'ecerit.
1650 1014 1848 1082 Itaque

212 1101 308 1159 sic
336 1102 544 1157 habet:
564 1101 1231 1175 «Narratur,quemdam
1246 1101 1473 1157 Parisiis
1502 1099 1847 1172 magistrum

198 1190 522 1246 exstitisse.
557 1190 655 1262 qui
687 1206 892 1245 omnes
918 1189 1227 1245 aliosillius
1238 1190 1522 1261 temporis
1539 1187 1849 1260 magistros

210 1278 467 1350 ingenio
488 1281 547 1333 et
558 1278 800 1333 scientia
812 1278 1142 1350 superabat.
1167 1278 1286 1346 Hic,
1315 1281 1487 1351 prout
1529 1275 1849 1349 apparebat

202 1366 502 1433 exterius,
526 1368 785 1421 honesta:
806 1369 933 1421 erat
961 1365 1615 1434 conversationismecin
1648 1381 1716 1419 eo
1748 1361 1847 1419 ulli

206 1444 825 1527 .deprehendebantur.
834 1454 1087 1526 perversi
1100 1471 1313 1521 mores,
1329 1458 1428 1509 aut
1438 1453 1845 1526 quodcumque

220 1547 401 1616 turpe
416 1542 642 1609 vitium,
674 1542 785 1596 nisi
806 1542 958 1596 forte
985 1542 1209 1597 vanitas
1239 1542 1313 1596 ob
1340 1541 1631 1614 insignem
1659 1539 1844 1594 scien-

200 1630 375 1686 tiam
394 1630 744 1685 eteximium
759 1630 1045 1700 judicum,
1068 1630 1276 1701 quibus
1294 1630 1590 1685 aDomino
1611 1627 1847 1700 egregie

1944 481 2230 553 linquere,
2271 484 2331 536 et
2373 481 2435 539 in
2461 479 2772 535 solitudine
2802 478 3008 543 duram
3037 495 3101 537 ac
3135 495 3392 533 severam
3420 478 3550 539 vita).

1945 570 2234 626 rationem
2263 569 2550 640 suscipere
2579 572 2639 624 et
2662 568 2844 627 obire.

1996 658 2364 715 382.«Divino
2384 656 2562 729 igitur
2574 656 2843 713 concitati
2857 655 3071 727 scriptu
3084 654 3142 709 iu
3159 653 3553 725 Burgundiam

1949 745 2023 802 ad
2046 747 2241 805 locum
2265 746 2556 801 desertum
2588 747 2647 800 et
2670 744 2972 811 incultum,
2988 743 3397 814 montibusque
3409 740 3559 813 obsi-

1950 837 2073 888 tum
2138 835 2533 904 perrexerunt,
2579 832 2676 887 ubi
2728 832 2881 888 inter
2925 834 3174 899 montes,
3216 829 3557 895 constructis

1898 944 1905 963 ο
1948 921 2184 987 cellulis,
2213 921 2481 992 religiose
2502 920 2820 977 admodum
2847 923 2906 975 et
2935 922 3161 977 austere
3179 919 3460 981 vixerunt.
3488 917 3561 985 Et

1948 1008 2028 1066 sic
2045 1008 2266 1080 perhos
2286 1009 2436 1064 viros
2462 1010 2578 1063 tres
2608 1010 2854 1075 sanctos,
2879 1011 2938 1061 et
2959 1024 3075 1073 eos,
3111 1006 3559 1079 quiexemplum

1948 1095 2178 1150 illorum
2201 1096 2399 1161 secuti,
2432 1096 2590 1151 idem
2608 1095 2736 1151 vitae
2762 1112 2944 1166 genus
2974 1095 3281 1160 duxerunt,
3308 1092 3480 1163 cozpit
3499 1094 3559 1157 et

1947 1185 2134 1241 adhuc
2165 1188 2295 1251 stat,
2326 1189 2386 1240 et
2414 1185 2749 1240 observatur
2777 1184 2919 1240 ordo
2948 1183 3382 1249 Carthusiensis,
3413 1181 3560 1247 sicut

1948 1289 1983 1327 a
2010 1272 2265 1344 quodam
2311 1290 2379 1326 ex
2405 1272 2725 1343 majoribus
2753 1276 2811 1326 et
2840 1272 3262 1343 antiquioribus
3291 1269 3553 1340 ejusdem

1948 1361 2188 1427 ordinis,
2216 1361 2339 1423 hinc
2382 1361 2583 1416 omnia
2631 1364 2927 1428 narrante,
2960 1377 3157 1423 coram
3183 1357 3422 1425 domina
3466 1356 3556 1423 te—

1946 1448 2110 1504 mina
2137 1448 2333 1504 Sancti
2354 1449 2513 1504 Pauli
2539 1449 2753 1507 comite
2769 1449 2981 1509 audivi.
3006 1469 3034 1497 »
3051 1450 3137 1504 lta
3148 1448 3325 1507 habet
3342 1449 3462 1500 tota
3481 1444 3555 1512 de

1945 1537 2197 1596 infausto
2234 1538 2470 1594 doctore
2503 1538 2754 1593 auctoris
2777 1538 2908 1597 libri
2929 1540 3009 1593 De
3026 1541 3274 1609 quatuor
3299 1532 3555 1597 Paradisi

1945 1625 2283 1681 ﬂuminibus
2299 1644 2330 1681 e
2350 1626 2710 1682 Carlhusiani
2722 1626 2900 1682 nostri
2915 1626 3197 1697 anonymi
3209 1625 3556 1694 interpreta-

206 1718 547 1773 tinstructus
594 1718 803 1773 fuerat.
867 1717 1128 1789 Contigit
1177 1734 1312 1773 vero
1371 1719 1493 1789 ejus
1560 1721 1845 1787 tempore,
1874 1714 2106 1775 Btione
2159 1716 2446 1783 narratio;
2494 1716 2801 1787 sequentia
2826 1718 3041 1780 autem,
3076 1719 3135 1768 ut
3158 1718 3408 1784 tempus,
3441 1727 3555 1782 quo

203 1808 292 1863 :nt
322 1810 464 1861 tres
502 1806 809 1877 praecipuae
864 1806 1195 1861 nobilitatis
1231 1805 1553 1860 scholastici
1602 1803 1847 1859 Parisios
1946 1803 2176 1858 circiter
2196 1804 2329 1859 libri
2344 1804 2494 1859 illius
2508 1808 2709 1859 auctor
2727 1804 3007 1869 ﬂoruerit,
3036 1803 3405 1868 determinet,
3425 1800 3557 1863 sub-

204 1894 559 1953 .studiorum
598 1910 770 1949 causa
798 1894 1162 1962 accederent,
1194 1894 1292 1966 qui
1347 1893 1652 1948 confestim
1682 1908 1742 1946 se
1786 1891 1847 1946 in
1942 1892 2219 1963 jungit:«
2231 1894 2541 1947 Auctorem
2572 1892 2923 1948 narrationis
2937 1892 3105 1963 hujus
3123 1891 3274 1949 circa
3291 1889 3558 1951 Gersonis

202 1981 600 2052 [disciplinam
623 1979 850 2051 prmfati
884 1980 1164 2051 magistri
1207 1980 1593 2047 tradiderunt,
1629 1978 1845 2051 quippe
1948 1981 2037 2035 vel
2055 1981 2335 2036 Antonini
2361 1984 2628 2053 tempora
2672 1985 2899 2035 tantum
2942 1981 3163 2048 vixisse,
3205 1983 3369 2051 putat
3411 1979 3559 2040 Mau-

202 2069 330 2142 qui
385 2069 653 2127 omnium
690 2068 939 2123 aliorum
991 2068 1403 2141 magistrorum
1416 2071 1564 2123 esset
1593 2067 1853 2123 eminen-

226 2157 511 2213 tissimus.

302 2247 434 2301 381.
464 2267 493 2296 α
522 2244 782 2317 Cumque
804 2245 909 2300 sub
942 2248 1317 2300 eovacassent
1341 2244 1853 2315 studiiis,postlon-

222 2350 375 2406 gum
408 2338 641 2403 tempus
670 2336 902 2388 motuus
918 2336 1006 2387 est
1034 2333 1151 2387 ille.
1170 2332 1334 2387 Unde
1362 2333 1611 2386 multum
1642 2330 1854 2386 contri-

216 2421 363 2479 stati
389 2420 680 2492 discipuli,
708 2437 882 2492 quem
914 2420 976 2474 in
996 2420 1113 2475 vita
1139 2420 1459 2475 dilexerant
1484 2418 1849 2491 magistrum,

208 2511 415 2567 etiam
463 2513 594 2580 post
634 2513 885 2563 mortem
924 2509 1216 2564 honorare
1259 2511 1588 2580 pergentes,
1620 2511 1886 2561 noctem.

227 2598 394 2654 illam
426 2597 580 2651 circa
606 2596 859 2651 defuncti
904 2612 1111 2667 corpus
1168 2612 1236 2650 ex
1266 2596 1497 2667 speciali
1545 2595 1853 2650 devotione

225 2687 463 2759 vigilias
498 2702 673 2758 agere
705 2684 1314 2752 constituerunt,Dicto
1344 2701 1477 2739 vero
1489 2688 1853 2739 mortuorum

228 2774 455 2841 ofﬁcio,
486 2773 853 2845 psalterrium
888 2773 1253 2838 inchoarunt,
1301 2772 1556 2842 Cumque
1598 2771 1854 2842 primum

226 2861 615 2920 absolvissent
660 2860 1020 2928 Matutinum,
1051 2859 1170 2914 sive
1198 2860 1576 2925 Nocturnum,
1625 2875 1853 2931 corpus,

1951 2068 2119 2123 noius
2168 2071 2226 2123 et
2276 2085 2343 2123 ex
2368 2068 2590 2124 duobus
2624 2068 2878 2140 conjicit,
2906 2086 2974 2123 ex
2998 2069 3211 2124 Gallica
3248 2067 3558 2132 locutione.

1951 2172 2129 2228 quam
2151 2157 2224 2211 ad
2252 2156 2485 2212 illorum
2506 2161 2737 2212 aetatem
2756 2157 3050 2229 pertinere
3076 2158 3215 2224 vult,
3232 2160 3287 2211 et
3304 2172 3369 2211 ex
3386 2153 3561 2209 modo

1948 2245 2250 2316 loquendi,
2287 2262 2462 2317 quem
2497 2246 2675 2300 etiam
2709 2245 3010 2301 contendit
3037 2245 3306 2300 notitiam
3332 2242 3564 2301 reinon-

1951 2332 2091 2387 dum
2116 2333 2253 2387 satis
2282 2337 2641 2404 compertam
2671 2337 2731 2388 et
2758 2337 3049 2404 receptam
3080 2332 3417 2402 importare.
3450 2328 3563 2391 Sed

1954 2420 2106 2475 docti
2142 2421 2239 2475 alii
2265 2422 2432 2476 aliter
2459 2422 2739 2476 sentiunt.
2775 2422 3041 2477 Claudius
3056 2420 3330 2488 Tifanius,
3360 2419 3560 2489 dequo

1951 2524 2146 2580 supra,
2179 2525 2245 2563 ex
2300 2510 2446 2580 stylo
2489 2512 2608 2563 tam
2665 2509 2923 2580 ejusdem
2964 2508 3331 2574 narrationis,
3387 2520 3563 2578 quam

1953 2596 2129 2650 totius
2159 2597 2372 2652 codicis
2421 2597 2646 2652 censuit
2697 2615 2817 2653 esse
2860 2598 3051 2653 seculi
3088 2597 3315 2653 decimi
3360 2593 3513 2650 tertii
3547 2611 3563 2662 ;

1954 2682 2129 2757 idque
2166 2685 2344 2739 etiam
2380 2686 2614 2757 probari
2661 2689 2852 2757 potest
2882 2703 2947 2741 ex
2976 2686 3065 2740 his
3096 2686 3327 2741 vocibus
3362 2683 3567 2739 subob-

1955 2773 2153 2840 scuris,
2186 2790 2328 2845 quas
2343 2773 2401 2827 in
2433 2774 2639 2851 eadem
2669 2774 3004 2829 narratione
3034 2773 3137 2845 (uti
3167 2773 3343 2829 etiam
3364 2777 3596 2826 revera‘

1957 2862 2017 2916 in
2030 2862 2137 2915 hac
2150 2861 2760 2931 occurunt)o‘ccurrere
2795 2863 2997 2918 asserit
3036 2861 3403 2933 Rayuaudus.
3440 2860 3567 2915 Una

228 2950 397 3024 quod
415 2950 513 3005 hic
535 2949 1101 3020 jacebatmortuum,
1134 2948 1317 3003 erexit
1336 2964 1396 3003 se
1426 2951 1485 3002 et
1509 2947 1768 3002 residens
1798 2947 1856 3001 in
1879 2997 1924 3024 η
1955 2952 2041 3004 est
2056 2949 2283 3015 Useille,
2317 2949 2846 3021 alteraGraigncur.
2894 2950 3388 3021 Primasignificat
3415 2946 3568 3019 Vigi-

1878 2997 1926 3056 C

212 3039 456 3096 feretro
498 3038 622 3093 haec
651 3037 828 3092 verba
872 3036 1112 3108 protulit
1140 3053 1154 3091 :
1191 3057 1221 3087 «
1253 3037 1468 3106 Equus
1492 3039 1595 3102 est,
1630 3035 1728 3106 qui
1760 3052 1857 3090 me
1880 3035 1926 3056 “‘
1955 3037 2116 3103 liam,
2135 3035 2421 3108 posterior
2439 3036 2729 3106 significat
2748 3039 3040 3109 Magnum.
3069 3037 3208 3101 Quae
3238 3036 3445 3090 ultima
3458 3050 3562 3093 vox

216 3125 572 3200 «judicavit.
580 3148 610 3175 n
620 3125 776 3180 Tunc
796 3125 855 3179 hi
874 3128 989 3179 tros
1001 3124 1191 3180 clerici
1214 3127 1271 3178 et
1284 3123 1446 3191 socii,
1475 3123 1573 3195 qui
1590 3123 1853 3191 aderant,

226 3215 394 3272 circa
421 3230 652 3285 corpus,
682 3212 789 3267 etsi
807 3212 1182 3267 vehementer
1196 3210 1515 3278 conterriti,
1557 3211 1855 3267 nihilomi-

228 3318 351 3358 nus
378 3301 458 3356 ab
483 3316 659 3369 opere
688 3298 783 3369 pio
798 3314 918 3353 non
938 3298 1300 3364 destiterunt,
1316 3298 1419 3353 sed
1440 3299 1688 3354 alterum
1705 3300 1855 3369 psal-

228 3389 375 3446 terii
402 3391 758 3443 nocturnum
786 3385 1074 3459 prosecuti
1102 3389 1256 3453 sunt,
1300 3402 1415 3458 quo
1453 3388 1702 3457 expleto,
1763 3387 1859 3442 de-

224 3477 427 3536 functi
457 3492 685 3546 corpus,
713 3474 856 3529 sicut
871 3474 1030 3544 prius
1050 3489 1293 3544 eregens
1323 3490 1383 3528 se
1409 3473 1585 3528 dixit:
1611 3496 1639 3523 «
1670 3475 1859 3529 Justus

230 3591 265 3620 a
288 3570 572 3636 etequus
583 3567 670 3619 est
692 3561 1813 3634 ille,quimejudicavitetcondemnavit.
1830 3584 1857 3611 ››

225 3654 397 3711 Tunc
430 3655 548 3706 tres
603 3651 687 3705 illi
745 3649 937 3705 clerici
969 3649 1158 3721 magis
1213 3649 1400 3704 adhuc
1456 3649 1858 3720 obstupefacti,

226 3757 424 3816 quam
440 3743 616 3794 antea
625 3736 1070 3805 fuerant,crucis
1084 3737 1319 3809 signum
1330 3737 1441 3792 sibi
1458 3736 1863 3807 imprimentes

232 3827 487 3885 tertium
515 3825 876 3880 Nocturnum
924 3823 1292 3879 devotissime
1335 3823 1706 3895 inceperunt;
1745 3840 1860 3896 quo

224 3917 501 3988 expleto,
522 3914 680 3970 idem
710 3928 916 3984 corpus
952 3912 1122 3968 tertio
1154 3916 1326 3984 caput
1373 3912 1621 3984 erigens,
1670 3913 1813 3969 dixit
1844 3929 1858 3967 :

233 4004 494 4059 «Justus
515 4006 574 4056 et
601 4018 798 4073 aequus
824 4003 910 4056 est
940 3999 1058 4068 ille,
1090 4000 1187 4071 qui
1209 4016 1305 4057 me
1327 3999 1606 4071 judicavit
1638 4002 1696 4055 et
1724 4016 1863 4055 con-

232 4117 271 4145 α
290 4090 603 4149 δθωωινίὶ
619 4093 677 4146 et
696 4088 1016 4146 terroribus
1029 4088 1248 4145 addixit
1259 4092 1317 4143 et
1336 4088 1592 4144 tradidit.
1621 4089 1865 4161 »Hisque

234 4179 445 4246 dictis,
464 4178 722 4234 defuncti
739 4193 947 4248 corpus
960 4176 1123 4248 quasi
1148 4176 1482 4235 subitaneus
1502 4176 1674 4231 turbo
1692 4176 1869 4233 .adve-

1957 3126 2017 3180 in
2050 3124 2258 3180 eodem
2274 3124 2460 3195 capite
2484 3124 2643 3179 citati
2677 3126 2892 3180 codicis
2907 3126 3212 3198 reperitur,
3238 3123 3336 3179 ubi
3366 3125 3566 3181 auctor

1954 3214 2079 3268 haec
2098 3213 2271 3267 verbo
2294 3212 2666 3267 Ecclesiastici
2701 3229 2714 3267 :
2741 3236 2770 3263 «
2813 3213 3039 3278 Quanto
3077 3228 3322 3283 magnus
3347 3229 3428 3279 es,
3457 3211 3564 3267 hu-

1958 3323 1988 3351 «
2022 3300 2258 3356 miliate
2292 3300 2353 3355 in
2385 3301 2676 3368 omnibus,
2696 3322 2725 3350 ››
2744 3300 2827 3356 sic
2854 3301 3131 3357 idiomate
3152 3301 3249 3355 illo
3277 3299 3567 3359 Gallicana

1958 3389 2142 3445 desito
2172 3389 2361 3455 vertit,
2385 3407 2417 3441 α
2444 3390 2523 3445 De
2555 3392 2682 3443 tant
2708 3389 2949 3445 humilie
2964 3392 3059 3460 toy
3075 3390 3221 3460 plus,
3247 3404 3476 3444 comme
3509 3390 3569 3440 tu

1959 3496 1993 3530 α
2012 3494 2168 3532 seras
2178 3476 2562 3549 Graigneur.»
2577 3478 2646 3531 Et
2664 3476 2722 3532 in
2736 3477 3135 3549 apographo,a
3150 3476 3391 3547 praefato
3412 3475 3571 3530 Clau-

1961 3564 2059 3620 dio
2095 3565 2171 3619 ad
2194 3565 2575 3621 Montem-Dei
2594 3565 2953 3633 transmisso,
2975 3565 3066 3619 hee
3082 3565 3270 3623 adhuc
3286 3563 3572 3621 dictiones

1963 3652 2377 3725 antiquissimae
2427 3655 2485 3707 et
2540 3653 2812 3708 obsoleta:
2870 3654 3175 3725 leguntur:
3210 3671 3244 3705 ι
3274 3650 3397 3715 Que
3428 3650 3574 3706 Dieu

1963 3759 1996 3794 α
2034 3740 2292 3807 absoille,
2317 3741 2378 3795 id
2398 3744 2502 3807 est,
2535 3742 2686 3796 Deus
2714 3741 2989 3796 absolvat.
3022 3759 3056 3793 >

2036 3830 2160 3884 383.
2184 3847 2217 3882 ς
2241 3829 2319 3883 Ex
2340 3828 2428 3883 his
2440 3829 2708 3885 omnibus
2718 3832 3014 3884 auctorem
3026 3828 3195 3899 huius
3224 3822 3574 3883 narratimis

1966 3933 2087 3972 esse
2099 3915 2694 3988 antiquiorem,quam
2705 3915 2927 3988 putavit
2946 3915 3251 3982 Launoius,
3287 3913 3422 3968 satis
3461 3910 3574 3969 evi-

1965 4004 2108 4060 dens
2142 4008 2245 4060 est.
2297 4004 2364 4058 Et
2403 4003 2590 4059 adhuc
2609 4003 2929 4059 evidentius
2969 4003 3100 4071 erit,
3130 4002 3175 4057 si
3207 4016 3480 4074 quaenam
3504 3998 3578 4056 sit

1964 4092 2089 4148 haec
2110 4091 2333 4148 femina
2358 4092 2554 4147 Sancti
2569 4091 2729 4148 Pauli
2745 4108 2949 4148 omnes
2974 4090 3390 4147 consideretur.
3414 4086 3580 4143 Haud

1967 4180 2232 4248 dubium,
2256 4180 2398 4252 quin
2435 4180 2734 4251 cujusdam
2768 4178 2995 4235 comitis
3017 4178 3209 4234 Sancti
3242 4177 3403 4233 Pauli
3435 4191 3579 4231 uxor

236 4270 421 4327 λίθω
443 4268 750 4339 abreptum
793 4282 861 4320 ex
898 4263 1163 4321 omnium
1193 4264 1372 4319 oculis
1399 4264 1731 4335 asportavit,
1760 4281 1868 4321 nec
1887 4277 1943 4336 1)
1968 4268 2162 4324 fuerit.
2178 4267 2489 4323 Historiam
2505 4267 2743 4323 familiae
2760 4267 3132 4323 dominorum
3149 4266 3219 4321 de
3237 4264 3581 4321 Castellione

236 4354 633 4427 deinde,quid
651 4355 726 4409 de
745 4370 815 4409 eo
845 4353 1064 4408 factum
1092 4352 1286 4419 fuerit,
1310 4352 1477 4409 reciri
1510 4353 1716 4425 potuit.
1778 4354 1865 4422 lli,

224 4461 388 4503 vero
418 4447 538 4499 tres
565 4442 882 4514 clerici,qui
912 4441 1039 4513 ejus
1064 4441 1300 4497 fuerant
1328 4440 1611 4512 discipuli,
1633 4444 1867 4513 stupore

243 4529 585 4591 vehementi
635 4528 963 4600 acerbeque
995 4527 1194 4583 dolore
1216 4528 1465 4598 perculsi
1493 4531 1627 4585 sunt
1650 4544 1718 4582 ex
1749 4532 1868 4584 tam

242 4618 475 4677 infelici
498 4617 760 4689 magistri
819 4616 1020 4674 existu.
1072 4615 1227 4671 Tunc
1254 4615 1330 4671 ad
1358 4616 1596 4688 propria
1624 4634 1684 4672 se
1723 4618 1867 4673 reci-

242 4705 777 4782 pientessciscitati
806 4708 942 4763 sunt
968 4720 1073 4777 per
1099 4708 1269 4760 notos
1288 4708 1347 4759 et
1359 4703 1695 4773 familiares,
1727 4722 1869 4777 qua-

198 4832 201 4839 ι
238 4794 481 4855 nonde
501 4810 670 4851 causa
685 4793 770 4848 vir
784 4791 1175 4864 tantuspcenis
1186 4791 1866 4851 mternisaddictusesset.

244 4887 329 4942 Et
354 4887 486 4955 post
502 4884 717 4937 factam
747 4882 1008 4937 sedulam
1048 4880 1483 4954 inquisitionem
1513 4880 1659 4937 nihil
1688 4897 1869 4953 agno-

220 4985 416 5031 .scere
446 4970 782 5038 potuerunt,
805 4966 961 5039 quod
972 4967 1532 5039 mortalepeCcatum
1552 4967 1870 5027 sewndum

230 5060 495 5121 uterne
546 5055 761 5113 indicia
807 5044 1188 5126 judican'dum
1222 5058 1403 5125 esset,
1461 5058 1702 5126 excepta
1724 5071 1873 5112 vana

238 5144 463 5220 gloria.
487 5143 675 5209 Quam
692 5143 778 5205 ob
807 5158 934 5198 rem
956 5143 1017 5198 hi
1038 5146 1151 5199 tres
1169 5142 1382 5210 clerici,
1413 5141 1517 5197 viri
1534 5143 1796 5215 potentia
1813 5146 1874 5199 et

230 5231 487 5308 generis
521 5232 825 5293 nobilitate
871 5231 1188 5303 conspicui,
1220 5234 1502 5301 concepto
1541 5230 1872 5289 divinorum

236 5321 612 5398 indiciorum
642 5320 883 5389 timore,
900 5318 1213 5381 communi
1243 5322 1503 5379 statuere
1526 5318 1874 5379 consilioad

224 5408 563 5471 .salvaadas
584 5409 808 5467 animas
827 5425 967 5469 suas
989 5409 1369 5480 δίψει-νομιῶ
1383 5406 1702 5480 periculum
1715 5408 1876 5465 dam-

1968 4371 2142 4428 super
2174 4355 2516 4423 Matronam,
2561 4372 2595 4410 a
2624 4355 2830 4427 quibus
2860 4354 3082 4427 antiqui
3111 4354 3352 4410 comites
3383 4351 3582 4411 Sancti

1969 4443 2154 4510 Pauli,
2177 4443 2250 4498 ab
2269 4443 2500 4499 Audrea
2520 4445 2607 4498 Du
2639 4442 2856 4498 Chenio
2873 4443 3090 4499 editam
3102 4441 3477 4516 perlegimus,
3514 4443 3586 4495 ,et

1969 4531 2124 4587 inter
2136 4531 2415 4586 comitum
2436 4530 2792 4586 SanctiPauli
2811 4548 3014 4586 uxores
3026 4531 3245 4586 nullam
3262 4529 3586 4602 reperimus

1972 4636 2123 4690 erga.
2139 4622 2403 4674 nostrum
2417 4619 2693 4675 Ordinem
2706 4618 2993 4691 drascipue
3008 4633 3362 4690 propensam
3373 4620 3587 4689 praeter

1964 4706 2208 4764 Mariam
2249 4706 2489 4761 Joannis
2523 4709 2569 4761 ll
2593 4706 2752 4762 ducis
2784 4707 3097 4762 Britannia:
3137 4710 3195 4761 et
3218 4705 3587 4763 Beatricisab

1972 4793 2186 4866 Anglia
2234 4794 2438 4862 filiam,
2470 4794 2745 4859 Cuidonis
2787 4797 2861 4849 lll
2914 4794 3142 4850 comitis
3190 4793 3384 4850 Sancti
3421 4790 3586 4849 Pauli

1971 4898 2233 4949 uxorem,
2286 4886 2537 4938 matrem
2585 4899 2720 4938 vero
2764 4883 3070 4951 Mathildis,
3109 4881 3337 4938 comitis
3379 4878 3587 4935 Valesii

1971 4971 2254 5043 conjugis,
2286 4974 2345 5025 et
2378 4988 2512 5027 cum
2524 4989 2593 5027 eo
2612 4972 2928 5027 Carthusiaa
2949 4970 3145 5027 Fontis
3173 4971 3361 5025 Beata:
3392 4967 3587 5025 Mariae

1972 5058 2334 5115 fundatricis.
2370 5060 2548 5116 Guido
2579 5061 2703 5132 ejus
2732 5060 2977 5116 maritus
3005 5059 3115 5114 fuit
3141 5074 3337 5113 comes
3386 5055 3589 5119 Sancti

1954 5172 1961 5193 ιν
1973 5147 2136 5204 Pauli
2155 5150 2285 5220 post
2302 5152 2556 5203 mortem
2568 5149 2828 5214 Joannes,
2842 5164 2958 5203 sua:
2970 5145 3438 5218 consanguineae,
3456 5142 3597 5201 filias

1975 5239 2035 5291 et
2061 5234 2309 5291 haeredis
2345 5236 2584 5292 Joannis
2612 5235 2838 5293 comitis
2851 5235 3148 5302 Blesensis,
3182 5232 3444 5305 ejusdem
3463 5229 3608 5289 Gui-

1976 5324 2145 5381 donis
2172 5324 2383 5396 patrui.
2412 5324 2569 5379 Hanc
2580 5325 2869 5380 Joannem
2882 5322 3035 5379 Petri
3045 5321 3273 5379 comitis
3288 5314 3625 5374 Alenconii

1977 5428 2218 5468 uxorem
2271 5412 2406 5487 (quo
2436 5414 2669 5467 mortuo
2699 5411 2822 5468 sine
2868 5410 3063 5468 liberis
3079 5426 3234 5467 anno
3263 5406 3413 5464 1283
3437 5400 3654 5457 vidua
