4224 6058
667 88 765 144 231
1519 84 1581 141 s.
1611 85 1957 143 BRUNONIS
1989 46 2626 146 caa'rnusmvoanu
2661 91 3130 149 nvsrrruroms
3377 116 3389 125 -
3870 106 3992 162 ωε

668 225 1225 298 remansit)primum
1239 224 1689 281 existimavimus
1706 243 1836 282 eam
1854 244 1974 283 esse
1991 228 2272 295 ,eminam
2299 219 2356 278 Α
2379 226 2575 267 comm
2600 214 2776 269 Maria
2798 215 2991 271 sane“
3023 218 3183 272 Pauli
3213 219 3446 285 comite:
3488 238 3616 293 (Ιιιαε
3639 224 3714 278 ad
3762 241 3990 284 annum

667 315 942 370 comitem
967 314 1348 380 SanctiPauli,
1364 313 1435 368 de
1454 330 1567 386 qua
1582 315 1640 369 in
1655 316 1898 386 prafata
1914 316 2268 381 narratione,

668 403 804 474 quia
825 402 933 456 fuit
949 418 1164 469 magna
1185 401 1536 455 benefactrix
1568 401 1879 457 Carthusiaa
1903 404 2062 458 vallis
2078 402 2273 458 Sancti

667 491 845 557 Petri,
868 495 925 545 et
946 489 1105 562 quasi
1144 490 1325 544 altera
1365 489 1656 543 fundatrix
1688 491 2041 557 Parisiensis,
2080 490 2139 544 in
2160 506 2276 561 qua

646 578 1103 650 'quatuordecim
1121 578 1291 632 cellas
1320 577 1622 632 aedificavit
1650 582 1708 631 et
1732 578 1968 633 dotavit.
2001 578 2115 633 Sed
2142 578 2277 632 licet

665 668 941 723 reditibas
965 666 1270 723 comitatus
1295 665 1486 722 Sancti
1522 666 1681 721 Pauli
1720 683 1900 738 usque
1944 667 2019 721 ad
2054 682 2274 721 annum

673 760 831 824 1291,
857 771 970 827 quo
987 754 1151 822 obiit,
1195 754 1370 808 fruita
1412 754 1606 820 fuerit,
1634 771 1919 826 nusquam
1952 758 2148 809 tamen
2170 769 2276 808 nec

668 846 730 900 in
761 843 1123 899 documentis
1152 842 1446 913 utriusque
1487 842 1820 910 Carthusias,
1863 860 1968 897 nec
2012 843 2072 897 in
2104 843 2278 898 citata

670 932 946 989 Duchcnii
966 932 1211 987 Historia
1234 931 1574 1001 reperimus,
1606 948 1734 986 eam
1758 932 1990 987 titulum
2038 932 2276 1003 gessisse

601 1060 616 1071 .
671 1022 897 1078 comitis
917 1021 1109 1075 Sancti
1136 1020 1317 1087 Pauli,
1351 1020 1451 1074 sed
1474 1023 1698 1075 tantum
1736 1020 2036 1075 Alenconii
2065 1024 2122 1075 et
2151 1022 2276 1076 Ble-

671 1126 885 1165 sarum.
908 1109 1094 1173 Quam
1125 1108 1200 1162 ob
1228 1124 1353 1162 rem
1394 1108 1543 1162 hanc
1584 1107 1864 1162 feminam
1896 1108 2191 1175 comitem,
2216 1108 2273 1162 in

670 1199 830 1269 cujus
856 1196 1165 1268 praesentia
1187 1196 1310 1250 haec
1339 1195 1593 1250 narratio
1633 1196 1784 1250 facta
1814 1200 1917 1263 est,
1951 1196 2277 1250 censuimus

674 1303 795 1341 esse
821 1285 1010 1356 potius
1031 1283 1335 1357 prazfatam
1358 1283 1616 1349 Mariam,
1666 1284 1825 1354 cujus
1858 1288 2126 1354 parentes
2160 1299 2278 1336 ma-

669 1375 846 1441 terni,
868 1389 1033 1444 reges
1057 1372 1320 1426 videlicet
1341 1370 1786 1442 Anglias,magni
1814 1371 2066 1426 fautores
2102 1368 2279 1425 nostri

672 1461 892 1517 ordinis
921 1459 1206 1514 exstitere.
1240 1459 1369 1513 Haec
1385 1462 1578 1512 autem
1598 1459 1867 1512 vixitcum
1890 1458 2148 1529 Guigone
2161 1473 2281 1512 ma-

2374 316 2555 371 usque
2593 300 2728 357 l339
2754 304 2930 358 vitam
2951 307 3253 375 protraxit,
3281 307 3647 378 intellexerit,
3662 312 3787 368 ﬁeri
3800 318 3990 386 potest

2373 391 2438 440 ut
2461 388 2568 443 hoc
2592 405 2712 445 non
2726 390 2825 445 diu
2851 396 2989 447 ante
3018 393 3171 448 hunc
3185 411 3405 450 annum
3422 397 3712 467 acciderit,
3739 417 3990 476 cumque

2374 473 2501 529 ﬁeri
2531 481 2727 547 queat,
2752 482 2815 533 ut
2844 496 2991 547 rem,
3015 496 3147 537 cum
3173 483 3426 554 primum
3458 501 3590 540 eam
3617 473 3914 557 audierat,—
3922 490 3985 545 in

2374 562 2591 619 litteras
2611 582 2730 620 non
2757 567 2997 637 miserit,
3031 570 3093 623 id
3112 570 3261 625 forte
3293 572 3570 628 duntaxat
3591 592 3745 631 anno
3763 577 3991 633 circiter

2382 653 2521 707 1350
2561 653 2799 723 fecerit;
2847 672 2961 727 quo
3005 660 3268 729 tempore
3314 661 3668 717 locutionem
3713 665 3988 722 Gallicam

2378 738 2450 794 ab
2474 757 2562 808 ea,
2599 758 2728 813 quae
2749 743 3017 800 Gersonis
3035 750 3204 802 mtate
3235 765 3333 804 seu
3359 753 3551 806 saeculi
3581 753 3989 827 decimiquinti
4026 742 4033 745 ’

2377 826 2542 883 initio
2602 830 2730 898 fuit,
2782 835 2903 886 tam
2952 833 3127 889 fuisse
3177 836 3486 906 diversam,
3542 844 3604 894 ut
3640 840 3797 908 idde,
3824 826 3989 900 itunc

2376 916 2654 986 primum,
2705 919 2804 991 qui
2834 920 2992 976 illam
3023 923 3306 992 adhibuit,
3336 927 3622 998 scripsisse
3664 934 3984 999 auctorem,

2376 1005 2721 1061 concludere
2746 1010 2999 1078 potuerit
3030 1011 3334 1081 Launoius,
3364 1015 3506 1069 mihi
3536 1020 3625 1071 sat
3664 1018 3988 1073 verosimile

2379 1107 2497 1146 non
2554 1100 2815 1165 apparet,
2867 1098 3024 1168 quod
3092 1100 3515 1173 quinquaginta
3561 1104 3840 1160 duntaxat
3887 1111 3989 1162 aut

2377 1180 2549 1250 paulo
2575 1182 2752 1237 etiam
2796 1185 3048 1254 plurium
3124 1203 3413 1244 annorum
3480 1193 3731 1263 spatium
3767 1193 3826 1248 in
3883 1195 3991 1249 lin-

2376 1284 2521 1339 guas
2545 1288 2646 1325 seu
2674 1272 2953 1329 idiomata
2979 1292 3099 1330 non
3137 1278 3320 1334 soleat
3348 1282 3572 1335 tantam
3602 1282 3989 1340 mutationem

2376 1355 2671 1414 inducere.

2447 1443 2575 1500 385.
2596 1449 2783 1520 Atque
2796 1450 2929 1505 hinc
2957 1453 3090 1523 jam,
3112 1453 3205 1521 sit,
3242 1457 3305 1508 ut
3333 1472 3440 1510 nec
3469 1456 3866 1514 indubitanter
3891 1460 3993 1515 ad-

670 1551 784 1605 rito
816 1551 889 1603 ab
921 1564 1074 1602 anno
1109 1550 1245 1603 1292
1274 1546 1349 1601 ad
1395 1562 1614 1600 annum
1648 1549 1804 1612 1337,
1837 1562 1952 1618 quo
1983 1547 2077 1601 ille
2110 1545 2273 1612 obiit,
2306 1530 2357 1588 Β
2378 1531 2600 1588 Ῑιεὲΐεΐθ
2650 1537 2834 1592 ausim
2873 1540 3121 1608 Tifanio,
3153 1543 3251 1613 qui
3300 1545 3718 1614 narrationem,
3751 1547 3825 1602 de
3873 1564 3991 1619 qua

656 1638 761 1692 τοιιί
794 1636 893 1691 diu
934 1634 1233 1707 superfuit,
1264 1633 1326 1688 in
1373 1633 1648 1688 viduitate
1693 1651 2063 1704 perseverans
2101 1650 2280 1704 usque

670 1726 743 1780 ad
771 1727 1044 1789 mortem,
1075 1739 1253 1794 quam
1279 1721 1524 1792 oppetiit
1545 1738 1698 1776 anno
1738 1724 1894 1777 1319.
1933 1722 2075 1776 Cum
2107 1721 2281 1792 igitur
2322 1752 2328 1757 -

668 1812 831 1866 istius
851 1810 1059 1866 codicis
1084 1810 1328 1880 scriptor
1350 1812 1674 1864 coastaneus
1708 1808 1882 1863 fuerit
1910 1809 2164 1881 praefatae
2190 1824 2281 1863 co-

670 1899 848 1966 mitis,
881 1899 1143 1969 hancque
1176 1896 1475 1951 historiam
1507 1897 1810 1968 acceperit,
1845 1901 1906 1951 ut
1936 1897 2151 1951 ibidem
2200 1900 2280 1950 te-

671 1990 873 2052 statur,
924 2002 957 2039 a
983 1985 1235 2057 quodam
1268 1983 1655 2039 Carthusiensi
1688 1986 1974 2039 monacho
2006 1984 2279 2056 antiquis-

672 2074 842 2140 simo,
860 2073 992 2128 hinc
1021 2072 1363 2143 colligimus,
1379 2071 1534 2126 hunc
1563 2072 1732 2125 fuisse
1749 2089 2056 2143 supparem
2077 2076 2273 2127 nostro

672 2178 987 2233 anonymo,
1020 2178 1114 2232 qui
1137 2159 1357 2232 primus
1384 2159 1684 2214 historiam
1703 2160 1926 2230 scriptis
1956 2159 2269 2225 mandavit,

671 2267 803 2306 eum
823 2250 949 2321 jam
978 2250 1041 2303 in
1067 2248 1272 2303 ordine
1298 2252 1494 2303 nostro
1509 2247 1698 2302 vivere
1728 2248 1981 2319 potuerit
2011 2252 2145 2302 ante
2168 2264 2271 2301 an-

676 2355 815 2393 num
851 2340 1007 2404 1280,
1045 2352 1110 2390 ac
1135 2335 1301 2408 proin
1328 2338 1505 2407 patet,
1537 2352 1663 2389 rem
1703 2335 1861 2389 illam
1887 2334 2273 2395 indubitatam

666 2428 791 2497 jam
835 2424 1007 2479 fuisse
1046 2425 1252 2479 saeculo
1285 2424 1509 2478 decimo
1564 2424 1755 2491 tertio,
1793 2423 1851 2477 id
1882 2427 1985 2489 est,
2018 2423 2184 2477 annis
2213 2426 2275 2477 ut

672 2514 991 2586 plurimum
1020 2512 1316 2585 octoginta
1336 2515 1463 2583 post
1499 2516 1750 2566 mortem
1779 2512 2065 2567 sociorum
2095 2511 2276 2566 sancti

678 2602 978 2667 Brunonis,
1010 2604 1070 2655 et
1097 2617 1165 2655 eo
1187 2604 1471 2670 tempore,
1507 2616 1621 2671 quo
1667 2599 2082 2654 Carthusiensis
2132 2599 2274 2654 ordo

675 2691 848 2762 coepit
871 2708 903 2744 e
933 2688 1210 2761 primaria
1230 2688 1405 2743 domo
1436 2688 1604 2742 latius
1634 2688 1947 2742 diffundi.»

746 2780 1005 2834 38$.Ha3c
1027 2777 1435 2833 Carthusianus
1481 2780 1677 2831 noster
1700 2794 2044 2847 anonymus,
2077 2779 2277 2847 ut,quo
2305 2808 2352 2867 Ο

675 2869 901 2926 circiter
919 2866 1531 2939 temporenarrationis
1541 2867 1804 2936 proxima
1815 2867 1923 2921 huc
1938 2865 2281 2937 transcripta

677 2962 876 3014 auctor
902 2955 1186 3022 ﬂoruerit,
1207 2953 1574 3009 determinet.
1603 2955 1671 3007 Et
1686 2971 1824 3008 sane
1847 2955 2016 3020 exiis,
2046 2969 2175 3025 quae
2205 2953 2277 3007 de

675 3046 966 3103 comitissa
1001 3044 1060 3098 S.
1096 3043 1257 3099 Pauli
1287 3043 1347 3097 in
1369 3043 1629 3097 medium
1655 3043 1908 3108 adducit,
1948 3046 2036 3097 sat
2061 3041 2278 3096 verosi-

677 3135 814 3188 mile
835 3130 1357 3204 apparet,ﬂoruisse
1371 3147 1505 3185 eum
1520 3132 1833 3185 autsaeculo
1852 3130 2019 3184 tertio
2050 3130 2275 3184 decimo

670 3223 795 3293 jam
816 3236 996 3292 prope
1021 3217 1550 3289 elapso,autpotius
1573 3222 1730 3285 tunc,
1760 3223 1808 3271 el
1840 3218 2061 3289 aliquot
2087 3216 2278 3271 saeculi

676 3310 936 3384 proxime
962 3306 1252 3378 sequentis
1277 3306 1463 3360 annis.
1502 3306 1615 3359 Nec
1635 3306 1988 3361 contrarium
2010 3306 2281 3360 evincunt

676 3394 1045 3454 duxeLaunoii
1056 3393 1670 3465 conjecturaa,quarum
1688 3394 2022 3448 alteramhic
2038 3394 2281 3465 scriptor

676 3484 888 3557 repetit
904 3483 1160 3538 aGallica
1173 3482 1481 3547 locutione,
1497 3483 1739 3536 alteram
1762 3499 1795 3536 a
1807 3482 1982 3537 modo
2006 3481 2277 3553 loquendi

674 3578 794 3629 tam
826 3574 997 3639 hunc,
1033 3588 1209 3643 quam
1241 3571 1402 3625 illam
1435 3570 1508 3625 ad
1531 3570 1797 3626 Gersonis
1825 3574 1884 3625 et
1913 3569 1970 3623 S.
1999 3569 2276 3624 Antonini

672 3666 903 3718 aetatem
919 3660 1208 3733 pertinere
1220 3658 1794 3727 contendens,Modus
1805 3659 1963 3713 enim
1979 3658 2276 3730 loquendi,

674 3768 848 3823 quem
874 3754 1075 3805 auctor
1116 3748 1375 3815 adhibet,
1409 3748 1677 3802 notitiam
1718 3747 1801 3831 rei
1851 3747 2113 3802 nondum
2144 3748 2279 3802 satis

675 3841 1039 3907 compertam
1070 3839 1128 3889 et
1146 3839 1462 3907 receptam,
1497 3838 1559 3889 ut
1594 3835 1712 3889 vult
1742 3834 2046 3900 Launoius,
2094 3834 2284 3905 reipsa

2377 1620 2491 1689 hic,
2541 1622 2973 1698 integrumque,
3005 1630 3134 1701 -qui
3192 1631 3342 1685 hanc
3398 1632 3659 1700 includit,
3726 1635 3992 1692 codicem

2377 1709 2568 1763 saeculi
2621 1713 2772 1767 tertii
2794 1714 3003 1770 decimi
3032 1733 3174 1783 esse,
3200 1735 3231 1772 e
3261 1720 3404 1787 solo,
3429 1736 3543 1792 quo
3564 1726 3766 1777 auctor
3786 1723 3987 1791 utitur,

2377 1798 2523 1868 stylo
2575 1801 2813 1855 censuit.
2866 1804 3061 1875 Neque
3109 1806 3268 1860 enim
3298 1808 3485 1873 video,
3536 1826 3637 1863 cur
3691 1810 3784 1864 hic
3831 1827 3989 1867 anno

2378 1885 2603 1943 circiter
2633 1892 2770 1945 1350
2799 1893 2927 1947 talis
2945 1894 3067 1949 fere
3095 1896 3283 1951 adhuc
3314 1914 3436 1951 esse
3486 1899 3794 1970 nequierit,
3844 1916 3989 1972 qua-

2378 1972 2447 2026 lis
2464 1973 2640 2030 fuisse
2670 1982 2903 2048 putatur
2931 1984 3136 2037 saeculo
3180 1985 3347 2038 tertio
3404 1984 3629 2040 decimo
3651 1987 3780 2057 jam
3825 2003 3991 2042 sene—

2375 2067 2569 2118 scente
2600 2082 2701 2120 seu
2727 2083 2882 2123 anno
2910 2074 3064 2137 l292,
3090 2076 3224 2126 ante
3258 2090 3431 2143 quem
3462 2075 3716 2130 narratio
3747 2075 3846 2129 illa
3903 2075 3991 2130 lit-

2375 2150 2807 2210 terismandata
2836 2159 3240 2214 verosimiliter
3284 2177 3403 2215 non
3462 2162 3588 2229 fuit,
3640 2168 3724 2217 uti
3773 2181 3842 2219 ex
3888 2164 3980 2231 iis,

2373 2254 2502 2309 quae
2522 2242 2710 2298 verbis
2749 2246 3011 2314 proxime
3059 2247 3310 2302 recitatis
3341 2250 3749 2306 Carthusianus
3789 2255 3990 2306 noster

2374 2344 2703 2401 anonymus
2729 2333 2918 2401 docet,
2940 2352 3191 2406 pronum
3206 2342 3289 2391 est
3318 2354 3542 2394 eruere.
3567 2340 3638 2394 Ut
3657 2344 3722 2395 ut
3742 2341 3836 2407 sit,
3854 2357 3986 2395 cum

2375 2419 2644 2474 eamdem
2676 2423 3070 2478 narrationem
3113 2426 3185 2480 ab
3210 2431 3463 2494 auctore,
3493 2428 3589 2499 qui
3621 2445 3751 2483 eam
3800 2429 3860 2483 in
3894 2429 3989 2483 lit-

2378 2508 2529 2562 teras
2589 2508 2765 2577 misit,
2834 2511 3008 2566 fuisse
3080 2516 3219 2567 tunc
3265 2515 3540 2585 primum,
3596 2533 3728 2571 cum
3789 2516 3986 2585 Maria,

2377 2595 2617 2651 Joannis
2646 2598 2687 2651 ΙΙ
2707 2598 2865 2653 ducis
2912 2600 3220 2656 Britannias
3269 2604 3388 2658 ﬁlia
3442 2603 3634 2659 Sancti
3676 2604 3836 2659 Pauli
3888 2620 3986 2659 co-

2379 2700 2503 2738 mes
2533 2690 2699 2753 esset,
2730 2704 2832 2742 seu
2861 2705 2930 2743 eo
2962 2691 3239 2761 temporis
3296 2692 3500 2763 spatio,
3543 2693 3698 2764 quod
3718 2693 3791 2747 ab
3831 2708 3989 2748 anno

2383 2775 2519 2828 1292
2546 2791 2723 2845 usque
2754 2775 2827 2830 ad
2863 2793 3081 2831 annum
3116 2781 3250 2834 1339
3310 2780 3577 2847 excurrit,
3639 2798 3671 2836 e
3719 2784 3990 2851 provecta

2380 2858 2696 2916 admodum
2737 2863 2921 2917 aetatis
2951 2864 3326 2921 Carthusiano
3358 2867 3636 2933 auditam,
3670 2883 3738 2921 ex
3778 2867 3988 2923 iisdem

2380 2945 2739 3002 Carthusiani
2772 2949 2949 3028 nostri
2979 2953 3256 3022 anonymi
3277 2954 3456 3021 verbi,
3491 2955 3665 3009 etiam
3700 2953 3989 3026 intelliga-

2378 3038 2493 3102 tur,
2526 3039 2755 3108 tempus
2773 3038 3186 3110 equidem,quo
3203 3041 3430 3095 circiter
3449 3042 3546 3097 illa
3561 3041 3802 3110 auctori,
3817 3058 3852 3096 a
3872 3057 3990 3114 quo

2378 3123 2601 3193 scriptis
2631 3125 2972 3197 consignata
3024 3127 3152 3192 fuit,
3197 3129 3599 3184 verosimiliter
3648 3129 3987 3197 innotuerit,

2378 3210 2680 3266 definitum
2696 3213 3002 3282 habemus;
3036 3216 3190 3286 quod
3200 3217 3553 3289 praecipuum
3574 3218 3665 3272 hic
3690 3222 3797 3283 est,
3815 3221 3988 3289 atque

2379 3300 2454 3353 ad
2475 3300 2795 3356 institutum
2817 3318 3072 3373 przesens
3087 3304 3207 3358 fere
3238 3306 3465 3373 sufﬁcit,
3488 3306 3621 3361 licet
3638 3306 3894 3373 interim,
3913 3322 3988 3360 an

2380 3394 2665 3458 provecta:
2696 3391 3013 3445 admodum
3045 3393 3228 3447 aztatis
3244 3393 3671 3460 Carthusianus,
3703 3412 3734 3449 e
3766 3411 3881 3466 quo
3898 3394 3990 3448 hic

2376 3472 2699 3533 luctuosam
2713 3478 3011 3533 historiam
3033 3479 3249 3547 didicit,
3274 3498 3391 3536 non
3409 3482 3607 3550 serius,
3638 3499 3813 3554 quam
3830 3485 3985 3537 octa-

2379 3569 2541 3641 ginta
2568 3571 2698 3640 post
2721 3567 3006 3622 sociorum
3038 3567 3095 3623 S.
3140 3569 3421 3625 Brunonis
3451 3571 3671 3625 obitum
3692 3570 3859 3625 annis
3888 3572 3991 3625 ﬂo-

2378 3657 2577 3723 ruerit,
2615 3656 2852 3711 dubium
2900 3657 3220 3712 admodum
3249 3658 3460 3715 idcirco
3498 3664 3796 3731 appareat,
3828 3659 3989 3731 quod

2381 3746 2603 3800 nullum
2615 3761 2685 3799 ex
2712 3744 2799 3799 his
2830 3745 2981 3799 ultra
3009 3761 3229 3800 annum
3264 3749 3397 3802 1145
3424 3747 3600 3802 vitam
3641 3746 3990 3819 protraxisse

2380 3832 2694 3900 inveniam,
2724 3832 2985 3904 fierique,
3022 3834 3106 3888 uti
3160 3850 3228 3889 ex
3255 3834 3377 3906 jam
3408 3835 3572 3890 dictis
3604 3851 3856 3907 pronum
3903 3838 3995 3892 est.

678 3925 972 3995 importet,
1006 3922 1267 3977 nondum
1298 3926 1496 3976 tamen
1516 3922 1649 3976 hinc
1683 3938 2040 3993 consequens
2061 3922 2189 3989 erit,
2222 3926 2287 3976 ut
2384 3937 2608 3988 eruere,
2636 3920 2805 3976 facile
2836 3922 3034 3995 possit,
3052 3926 3134 3990 ut,
3161 3922 3259 3995 qui
3278 3923 3579 3979 historiam
3599 3924 3800 3979 litteris
3819 3940 3996 3979 man-

677 4011 931 4068 narratio
982 4011 1104 4081 ejus
1134 4009 1207 4063 ad
1257 4008 1520 4064 Gersonis
1557 4011 1617 4063 et
1655 4007 1714 4063 S.
1747 4009 2023 4064 Antonini
2053 4013 2285 4065 aetatem
2386 4008 2560 4075 davit,
2584 4025 2715 4064 eam
2748 4025 2866 4064 non
2899 4013 3034 4064 ante
3064 4027 3284 4065 annum
3322 4015 3457 4067 1330
3472 4029 3539 4067 ex
3573 4013 3673 4084 illo
3702 4016 3993 4084 provecta:

674 4100 985 4172 pertineat,
1038 4098 1231 4168 itaque
1271 4096 1547 4151 duntaxat
1591 4097 1936 4151 existimavit
1975 4097 2282 4167 Launoius,
2306 4084 2360 4143 D
2395 4097 2585 4152 astatis
2614 4097 2997 4153 Carthusiano
3014 4099 3284 4154 audierit.
3313 4100 3491 4164 Quale
3514 4116 3689 4171 porro
3704 4100 3775 4155 de
3791 4101 4006 4171 prefat

674 4188 833 4259 quod
859 4188 1195 4251 Gersonem,
1225 4185 1320 4256 qui
1340 4184 1411 4239 de
1438 4184 1703 4257 prodigio
1725 4185 2041 4240 dubitantis
2068 4185 2189 4242 fere
2220 4187 2280 4241 in

674 4274 917 4329 modum
966 4273 1240 4345 loquitur,
1287 4272 1545 4343 primum
1582 4272 1754 4327 fuisse
1789 4273 1945 4339 velit,
1977 4273 2075 4345 qui
2111 4273 2171 4328 id
2219 4273 2281 4328 in

675 4362 897 4418 litteras
920 4361 1164 4415 miserit.
1198 4363 1299 4414 Ast
1328 4361 1386 4414 id
1407 4377 1587 4416 avero
1605 4361 1862 4416 alienum
1894 4377 2035 4429 esse,
2065 4379 2131 4416 ex
2153 4362 2280 4433 jam

674 4464 849 4521 supra
879 4448 1045 4503 dictis
1082 4448 1219 4503 satis
1249 4448 1448 4519 liquet.
1494 4448 1580 4502 Ad
1622 4448 1765 4514 haec,
1794 4464 1927 4502 cum
1972 4449 2278 4517 Launoius,

671 4538 916 4593 feralem
929 4537 1000 4592 de
1015 4536 1247 4592 doctore
1262 4537 1536 4591 damnato
1548 4536 1941 4590 narrationem
1951 4540 2283 4609 ,antequam

671 4643 709 4681 a
738 4626 987 4680 Gersone
1018 4623 1241 4695 scriptis
1275 4623 1735 4694 consignaretur,
1760 4624 1933 4686 fuisse
1950 4624 2279 4694 conﬁctam,

669 4714 945 4779 afﬁrmet,
979 4711 1180 4784 quidni
1210 4711 1281 4766 de
1331 4727 1418 4776 ea,
1460 4710 1632 4765 veluti
1662 4710 1734 4765 de
1778 4728 1842 4765 re
1866 4712 2128 4766 nondum
2148 4712 2282 4767 satis

667 4805 974 4873 comperta
1000 4800 1532 4872 receptaque,loqui
1550 4800 1927 4871 potuerit,qui
1940 4804 2074 4854 ante
2086 4800 2283 4856 Gerso-

665 4890 763 4946 nis
786 4894 1017 4945 aetatem
1036 4887 1356 4960 scripserit?
1378 4887 1543 4951 Quod
1564 4887 1739 4943 modo
1755 4888 1830 4942 ad
1846 4887 2280 4960 Gallicam,qua,

662 4976 745 5033 de
756 4979 915 5047 cujus
927 4979 1095 5031 aetate
1107 4975 1199 5030 hic
1220 4975 1780 5041 disserimus,auctor
1800 4975 2017 5029 libriDe
2035 4979 2284 5047 quatuor

648 5063 924 5121 Paradisi
937 5063 1275 5118 fluminibus
1284 5063 1483 5129 utitur,
1500 5062 1853 5118 locutionem
1870 5063 2280 5134 pertinet,cum

648 5152 737 5212 is,
753 5153 813 5202 ut
828 5149 1235 5204 Carthusianus
1250 5153 1445 5205 noster
1465 5164 1790 5221 anonymus
1817 5150 2004 5204 verbis
2017 5150 2277 5221 proxime

638 5230 2006 5309 recitatisdocet,feralem,quam‘suppeditat,de
2033 5237 2271 5293 doctore

616 5316 936 5377 damnat)
992 5320 1391 5379 narrationem
1454 5342 1485 5378 e
1543 5323 1918 5380 Carthusiano
1968 5324 2278 5396 grandaeva

0 5730 783 5909 Λ

2383 4186 2714 4241 narratione
2737 4185 3143 4242 Carthusianus
3163 4192 3360 4243 noster
3375 4189 3993 4261 anonymusjudicium

2381 4274 2549 4341 ferat,
2586 4289 2738 4328 nunc
2775 4274 2946 4329 habe.
3001 4297 3030 4324 (ι
3061 4275 3419 4345 Hujusmodi,
3475 4276 3683 4348 inquit,
3731 4276 3992 4332 narratio

2380 4361 2519 4416 satis
2547 4361 2801 4432 ingenua
2830 4377 2895 4416 ac
2906 4363 3129 4417 sincera
3155 4364 3399 4432 videtur,
3422 4364 3711 4436 totiusque
3735 4363 3993 4419 historias

2381 4449 2696 4503 medullam
2712 4465 2946 4520 prorsus
2974 4451 3218 4506 candide
3243 4452 3510 4523 exprimit
3521 4469 3589 4506 ex
3614 4452 3992 4524 antiquorum

2380 4537 2744 4592 testimoniis.
2772 4538 2854 4592 lbi
2881 4538 3038 4593 enim
3062 4540 3241 4594 habes
3281 4540 3609 4612 prodigium
3648 4541 3790 4596 illud
3840 4540 3993 4596 acci-

2381 4624 2529 4679 disse
2558 4624 2804 4693 Parisiis,
2828 4642 2933 4680 nec
2954 4643 3072 4681 non
3103 4627 3225 4698 ejus
3259 4628 3557 4684 occasione
3587 4628 3994 4684 Carthusiense

2382 4712 2705 4767 institutum
2720 4713 2984 4769 habuisse
3005 4714 3312 4786 originem.

2455 4802 2580 4855 386.
2609 4822 2638 4851 ‹‹
2668 4800 2843 4856 Trina
2864 4817 3094 4873 quoque
3124 4802 3457 4859 vociferatio
3474 4803 3816 4875 perhibetur
3836 4821 3871 4860 a
3900 4806 3993 4861 sol

2390 4887 2653 4943 damnati
2675 4888 2939 4960 magistri
2967 4889 3169 4944 amicis
3199 4891 3259 4946 in
3281 4892 3404 4962 ejus
3422 4892 3819 4949 domoaudita.
3834 4893 3990 4949 Nihil

2381 4992 2493 5047 que
2522 4975 2772 5031 occurrit
2787 4972 3223 5048 pristinaanostri
3234 4980 3512 5051 anonymi
3534 4980 3853 5036 narrationi
3870 4997 3997 5037 non

2382 5067 2836 5119 consentaneum
2854 5068 3049 5135 prater
3066 5066 3279 5121 trinam
3298 5066 3457 5121 illam
3469 5083 3673 5122 vocum
3688 5068 3994 5141 repetitio-

2380 5167 2540 5219 nem,
2568 5167 2747 5223 quam
2775 5168 2895 5206 non
2936 5152 3119 5208 tribus
3149 5153 3371 5221 diebus,
3405 5154 3511 5209 sed
3535 5156 3745 5211 eodem
3767 5157 3863 5211 die
3898 5159 3998 5212 ter

2380 5238 2597 5293 factam
2644 5238 2807 5294 dicit.
2850 5238 3017 5304 Quod
3045 5256 3183 5296 vero
3225 5241 3304 5295 ibi
3347 5244 3618 5297 narretur
3644 5243 3887 5299 cadaver
3914 5243 3997 5299 ab

2380 5326 2558 5381 oculis
2582 5325 2932 5382 adstantium
2978 5329 3135 5419 venti
3187 5328 3418 5385 turbine
3450 5331 3741 5387 sublatum
3798 5330 4002 5404 dispa-
