4026 6042
253 287 368 341 233

1839 275 2022 332 ACTA

3478 282 3586 339 234

257 408 466 476 ruisse,
509 406 730 463 nullam
775 404 888 460 fert
931 401 1470 470 contradictionem,
1511 417 1643 458 cum
1670 398 2150 465 'nosterAtineri
2196 400 2511 472 potuerunt
2537 397 2599 455 in
2639 398 2737 457 illo
2773 399 2963 458 coetu?
3002 399 3116 458 Sed
3164 400 3267 458 etsi
3319 401 3585 464 daremus

259 512 594 569 anonymus
624 498 681 549 et
695 494 790 550 alii
821 493 977 548 citati
998 496 1277 560 auctores,
1311 492 1449 563 quid
1471 492 1540 546 de
1568 491 1878 547 eo'factum

260 586 464 652 fuerit,
496 583 779 650 siluerint,
812 584 955 637 Nam
974 581 1114 636 illud
1134 581 1192 635 in
1211 580 1570 653 sterquilinio
1593 581 1878 653 sepultum

257 677 438 732 fuisse
470 673 574 729 soli
617 672 969 727 recentiores
1009 671 1330 726 meminere
1369 688 1436 725 ex
1469 668 1880 742 consequentia

259 761 499 831 idonea,
529 764 665 836 quia
705 761 1002 817 damnatio
1035 761 1155 831 ejus
1186 763 1343 815 certa
1371 763 1512 815 erat.
1549 778 1580 812 ›>
1631 761 1714 814 Ita
1744 758 1875 827 ille;

253 871 464 909 verum
483 855 609 925 plus
640 851 876 924 aliquid,
909 867 1084 923 quam
1128 849 1221 904 hic
1251 849 1524 920 assignet,
1563 849 1715 904 inter
1745 864 1880 902 ano-

257 943 426 1015 nymi
452 943 776 1016 primorum
802 941 1056 1012 quinque
1079 939 1392 994 Carthusiaa
1413 938 1676 993 Priorum
1701 938 1877 991 Chro-

256 1030 556 1102 nographi
613 1028 1032 1094 narrationem,
1075 1028 1382 1098 aliamque,
1430 1043 1605 1098 quam
1637 1025 1765 1080 libri
1799 1027 1878 1079 De

256 1123 516 1192 quatuor
547 1117 804 1173 Paradisi
836 1117 1173 1171 ﬂuminibus
1189 1119 1386 1170 auctor
1405 1115 1751 1187 suppeditat,
1774 1113 1881 1167 dis-

258 1208 527 1264 criminis
554 1206 885 1261 intercedit.
909 1207 1006 1260 Ille
1036 1206 1215 1271 enim,
1239 1207 1439 1259 contra
1459 1221 1522 1258 ac
1545 1204 1645 1258 abs
1667 1204 1775 1258 hoc
1791 1202 1876 1268 ﬁt,

258 1297 638 1352 innumeram
669 1293 868 1367 populi
913 1293 1348 1348 multitudinem
1372 1293 1443 1346 ad
1473 1292 1649 1346 ferale
1683 1291 1881 1346 docto-

258 1385 341 1440 ris
359 1385 518 1455 justo
534 1383 633 1438 Dei
646 1382 867 1453 judicio
886 1399 1006 1437 sese
1033 1382 1374 1436 damnatum
1392 1379 1706 1446 vociferati,
1729 1393 1884 1449 spec-

258 1474 523 1528 taculum
564 1471 874 1526 accurrisse
905 1470 1070 1542 eique
1103 1470 1247 1524 adeo
1278 1469 1543 1536 adfuisse,
1600 1484 1717 1522 non
1749 1467 1880 1521 obs-

260 1578 400 1616 cure
432 1559 672 1626 indicat,
707 1559 862 1630 quod
888 1558 1124 1613 interim
1164 1558 1500 1628 adjunctum
1540 1556 1584 1610 si
1617 1573 1651 1610 a
1679 1569 1879 1610 narra-

259 1650 427 1705 tione
485 1647 750 1713 abfuerit,
794 1647 984 1701 minus
1023 1646 1156 1700 hinc
1199 1646 1400 1701 evadet
1442 1645 1638 1699 istheec
1663 1643 1882 1698 creditu

261 1737 521 1793 difﬁcilis
548 1753 798 1808 veroque
831 1735 1127 1802 absimilis,
1175 1734 1257 1788 uti
1309 1751 1375 1789 ex
1401 1734 1530 1805 jam
1561 1733 1724 1788 dictis
1748 1733 1883 1790 satis

256 1830 444 1898 patet,
479 1825 780 1897 magisque
811 1825 997 1878 adhuc
1018 1827 1271 1896 patescet
1289 1840 1354 1877 ex
1385 1823 1454 1877 iis
1485 1839 1611 1894 qua:
1630 1823 1883 1878 dicturus

261 1931 419 1979 sum,
457 1915 763 1985 postquam
778 1929 905 1985 quas
939 1911 1572 1983 Launoio,praedictam
1605 1913 1882 1966 narratio-

261 2021 406 2060 nem
449 2008 513 2057 ut
556 2003 781 2057 futilem
844 2001 1196 2073 explodenti.
1243 2000 1653 2056 Carthusianus
1685 2005 1880 2056 noster

263 2109 596 2164 anonymus
637 2091 899 2164 opponit,
941 2093 1052 2145 huc
1092 2090 1524 2161 transcripsero.
1565 2089 1656 2145 Sic
1686 2090 1880 2162 itaque

263 2187 395 2256 post
432 2182 609 2236 verba
643 2181 905 2252 proxime
958 2180 1196 2235 recitata
1250 2179 1652 2252 prosequitur:
1686 2203 1713 2230 ‹‹
1745 2181 1884 2235 Lau-

262 2271 454 2338 noius,
486 2271 583 2342 qui
599 2274 859 2324 veterum
887 2273 945 2325 et
960 2270 1379 2324 modernorum
1424 2269 1883 2325 circumstantias

260 2360 591 2428 confundit,
635 2375 955 2430 eorumque
975 2357 1388 2413 dissonantiam
1417 2358 1611 2412 multis
1636 2375 1879 2430 exagge-

261 2449 442 2516 rat,in
463 2449 612 2503 hanc
625 2447 1022 2502 narrationem
1034 2447 1186 2501 velut
1203 2465 1234 2498 α
1259 2445 1517 2517 ineptam
1534 2447 1882 2518 plenamque

262 2537 660 2609 ignorantia)»
695 2537 942 2606 insurgit
987 2535 1266 2590 extribus
1323 2536 1617 2590 maxime:
1668 2535 1880 2606 primo,

263 2627 425 2700 quod
448 2646 482 2677 ‹‹
502 2625 975 2680 Adolescentibus
992 2642 1089 2679 seu
1121 2625 1303 2679 tribus
1319 2624 1539 2678 clericis
1563 2625 1649 2678 vel
1669 2625 1883 2678 schola-

265 2737 295 2764 »
329 2714 494 2768 ribus
518 2713 1029 2768 Carthusianorum
1060 2712 1279 2768 ordinis
1306 2712 1536 2766 initium
1565 2712 1812 2766 ascribat
1830 2729 1882 2779 ;››

265 2801 537 2857 Secundo
585 2803 740 2873 quod
777 2801 1034 2872 ejusdem
1083 2800 1299 2855 ordinis
1350 2800 1787 2854 «Furdamenta
1824 2799 1883 2854 in

267 2913 297 2940 ιν
331 2892 632 2946 montibus
662 2890 1012 2961 Burgundiae
1042 2889 1197 2961 jacta
1227 2889 1397 2944 fuisse
1435 2889 1685 2944 referat:
1715 2889 1884 2944 tertio

265 2999 300 3033 ›
336 2980 518 3052 quod,
551 2996 680 3050 quae
723 2979 793 3033 de
832 2979 1054 3033 sublato
1084 2978 1348 3050 magistri
1381 2978 1656 3033 cadavere
1689 2978 1884 3045 tradit,

267 3089 294 3119 n
331 3086 469 3123 cum
508 3068 740 3138 picturis
767 3071 825 3122 et
854 3067 1150 3140 parietinis
1181 3067 1517 3122 monasterii
1556 3067 1887 3122 Parisiensis

267 3178 296 3205 »ι
333 3174 457 3212 non
489 3157 858 3212 concordent.
889 3177 916 3204 »

344 3248 472 3301 387.
494 3245 614 3299 «Ad
628 3245 881 3316 primum
894 3244 1469 3316 respondemus,eam
1489 3244 1887 3300 narrationem

268 3334 448 3390 fuisse
473 3333 818 3388 verbotenus
838 3333 1203 3387 solummodo
1228 3332 1441 3387 factam
1464 3334 1534 3388 ab
1561 3333 1656 3388 illo
1689 3350 1890 3389 mona-

268 3425 408 3490 cho,
441 3427 501 3476 et
530 3423 659 3476 ideo
692 3421 904 3476 codicis
942 3422 1308 3492 scriptorum,
1335 3422 1432 3492 qui
1463 3422 1658 3476 forsan
1690 3439 1759 3477 ea
1790 3423 1888 3478 diu

263 3513 404 3585 post
427 3511 672 3581 scripsit,
731 3511 968 3565 fallente
1000 3510 1306 3576 momaria,
1348 3509 1516 3563 facile
1563 3511 1750 3581 decipi
1781 3528 1884 3582 po-

263 3601 470 3667 tuisse,
507 3600 649 3653 Nam
670 3599 944 3666 fatemur,
978 3598 1053 3652 ibi
1091 3599 1161 3652 de
1193 3599 1371 3653 tribus
1407 3600 1635 3653 tantum
1668 3599 1886 3655 clericis

265 3689 622 3744 nominatim
638 3687 1108 3753 commemorari,
1125 3704 1255 3741 cum
1279 3703 1478 3741 revera
1513 3690 1732 3758 septem
1760 3688 1884 3745 fue-

263 3778 408 3843 rint,
429 3778 658 3831 inclusis
679 3777 899 3831 duobus
927 3776 1104 3838 laicis,
1129 3776 1224 3847 qui
1257 3775 1475 3830 ordinis
1503 3775 1887 3833 fundamenta

263 3869 609 3940 posuerunt,
635 3882 778 3937 quos
805 3869 1004 3919 tamen
1027 3881 1228 3919 omnes
1260 3881 1378 3918 non
1411 3868 1635 3919 constat
1663 3871 1884 3937 specta-

264 3958 398 4010 culo
443 3954 711 4008 adfuisse.
754 3953 868 4009 Sed
925 3954 1136 4008 indene
1194 3957 1346 4008 rectc
1397 3952 1681 4009 inferatur
1711 3956 1885 4011 totius

265 4042 527 4098 historia:
558 4043 792 4108 falsitas,
812 4043 1081 4098 cordatus
1102 4043 1283 4097 lector
1305 4041 1544 4113 judicet.
1581 4045 1886 4116 Imo,quod

271 4131 354 4186 ibi
384 4131 458 4186 ab
490 4131 614 4185 aliis
642 4131 970 4186 auctoribus
997 4131 1299 4201 discrepat,
1345 4147 1412 4185 ex
1443 4135 1714 4186 contextu
1735 4133 1886 4203 ejus-

266 4221 406 4274 dem
445 4219 788 4274 narrationis
826 4220 948 4274 sine
977 4221 1174 4274 labore
1199 4219 1556 4274 conciliatur.
1585 4221 1700 4276 Etsi
1724 4222 1884 4277 enim

1981 491 2201 544 nullam
2223 506 2455 561 prorsus
2486 489 2566 544 ibi
2603 489 2729 544 ﬁeri
2767 490 3131 546 mentionem
3163 491 3270 548 nisi
3304 494 3373 548 de
3406 495 3585 552 tribus

1980 579 2218 645 clericis,
2255 596 2447 634 nonne
2476 578 2599 632 ﬁeri
2628 579 2816 651 potuit
2849 581 3006 651 quod
3037 597 3104 635 ex
3129 581 3227 636 illo
3260 585 3584 653 septenario

1979 684 2222 721 numero
2251 671 2367 721 tres
2398 667 2635 738 quidem
2677 672 2902 722 tantum
2932 668 3122 723 funeri
3156 670 3462 738 adfuerint,
3488 673 3589 729 sed

1979 756 2076 828 qui
2114 756 2254 810 alios
2295 761 2539 828 quatuor
2588 761 2786 828 postea
2826 775 2893 814 se
2941 775 3073 813 cum
3122 759 3182 814 in
3216 760 3588 818 solitudinem

1983 847 2259 901 traxerint
2281 845 2309 900 ‘2

2051 937 2173 992 388,
2205 958 2230 983 ‹‹
2257 934 2399 988 Nam
2426 950 2626 989 revera
2656 951 2753 988 eos
2776 933 2933 990 idem
2965 936 3093 991 vitae
3122 955 3304 1010 genus
3333 941 3592 1012 pluribus

1980 1023 2104 1078 aliis
2131 1023 2478 1093 persuadere
2517 1023 2760 1078 voluisse
2810 1024 3151 1095 conjicimus
3187 1045 3252 1081 ex
3289 1030 3589 1102 Radulpho

1980 1113 2038 1165 et
2063 1111 2272 1178 Fulcio,
2303 1128 2444 1183 quos
2475 1111 2683 1166 lucrari
2712 1114 2829 1166 Deo
2859 1118 3086 1168 sanctus
3114 1116 3344 1172 Brunno
3359 1117 3593 1173 adnisus

1980 1202 2188 1267 fuerat,
2208 1201 2383 1255 etiam
2406 1204 2534 1256 voto
2557 1217 2689 1256 cum
2704 1201 2784 1256 eis
2807 1203 3014 1258 emisso
3031 1203 3294 1260 habitum
3312 1206 3592 1262 induendi

1983 1289 2367 1344 monasticam
2393 1307 2406 1357 ;
2441 1289 2512 1343 de
2542 1290 2748 1361 quibus
2776 1290 3154 1346 nihilominus
3175 1293 3304 1364 jure
3339 1294 3590 1351 dubitari

1982 1382 2188 1450 potest,
2204 1396 2276 1432 an
2299 1382 2608 1449 praesentes
2629 1379 2845 1433 fuerint
2866 1382 3210 1450 spectaculo,
3237 1383 3594 1456 quandoqui-

1984 1467 2117 1522 dem
2145 1471 2202 1520 et
2228 1471 2360 1522 ante
2380 1467 2520 1522 illud
2530 1470 2822 1539 patratum
2853 1470 2964 1523 tale
2996 1472 3190 1524 votum
3209 1470 3462 1526 emisisse
3487 1489 3592 1545 po-

1983 1558 2236 1610 tuerunt.
2271 1558 2521 1611 Praetera
2563 1573 2631 1610 ex
2667 1559 2888 1627 septem
2937 1557 3142 1628 primis
3182 1560 3446 1616 Patribus
3478 1565 3594 1618 tres

1983 1647 2207 1700 tantum
2237 1645 2502 1700 videntur
2531 1645 2763 1716 proprie
2795 1646 2982 1700 clerici
3009 1647 3256 1716 dicendi,
3290 1666 3499 1721 nempe
3531 1651 3592 1706 S.

1906 1720 1958 1780 Β
1982 1735 2195 1801 Bruno,
2227 1734 2556 1789 Landuinus
2597 1738 2654 1789 et
2684 1735 2844 1806 Hugo
2869 1753 2883 1802 ;
2918 1752 3055 1790 nam
3085 1753 3153 1791 ex
3184 1720 3445 1808 quatuor
3469 1739 3595 1794 aliis

1985 1823 2096 1879 duo
2129 1827 2295 1877 erant
2326 1823 2586 1878 canonici
2605 1823 2797 1878 Sancti
2820 1824 2991 1890 Rufﬁ,
3019 1827 3076 1878 et
3103 1825 3214 1880 duo
3247 1826 3395 1882 laici.
3423 1828 3593 1882 Deni-

1983 1928 2093 1983 que
2110 1912 2168 1964 in
2189 1911 2285 1965 illa
2306 1911 2638 1965 narratione
2654 1911 2929 1983 magister
2954 1913 3048 1967 ille
3064 1913 3272 1968 dicitur
3293 1915 3594 1971 defunctus

1981 1999 2152 2054 fuisse
2185 2000 2302 2066 diu,
2337 2003 2642 2072 postquam
2677 2004 2791 2055 tres
2834 2001 2962 2056 illos
3010 2002 3245 2059 clericos
3285 2004 3590 2060 docuisset.

1983 2087 2072 2142 Sic
2097 2088 2256 2142 enim
2287 2088 2366 2142 ibi
2396 2088 2639 2159 legitur:
2676 2111 2703 2138 ‹‹
2738 2089 2805 2142 Et
2845 2093 3027 2160 quant
3065 2091 3146 2145 illi
3191 2096 3359 2147 orent
3387 2096 3505 2146 este
3538 2097 3597 2148 et

1988 2198 2014 2226 υ
2044 2178 2173 2232 lonc
2206 2180 2352 2231 téms
2397 2177 2524 2230 leur
2563 2178 2776 2232 mestre
2818 2183 3073 2246 mourut,
3103 2202 3129 2227 ››
3171 2180 3231 2233 id
3261 2184 3364 2248 est,
3397 2181 3593 2237 «Cum

1986 2290 2013 2317 ))
2045 2267 2234 2321 subeo
2256 2266 2626 2333 studuissent,
2670 2266 2768 2321 diu
2796 2271 2926 2338 post
2968 2268 3244 2340 magister
3267 2285 3468 2324 eorum
3500 2271 3595 2325 de-

1987 2378 2014 2404 »
2043 2356 2271 2410 functus
2297 2358 2401 2422 est,
2444 2355 2559 2410 sive
2598 2359 2661 2410 ut
2707 2356 3068 2412 reddidimus
3098 2375 3297 2429 supra:
3329 2361 3592 2431 Dumque

1985 2466 2012 2493 »
2047 2445 2148 2498 sub
2191 2461 2259 2499 eo
2303 2448 2600 2499 vacassent
2643 2445 2862 2512 studiis,
2909 2450 3037 2517 post
3066 2447 3323 2518 longum
3366 2451 3595 2520 tempus

1987 2554 2014 2582 ››
2042 2536 2303 2588 mortuus
2333 2537 2419 2588 est
2443 2533 2559 2588 ille.
2583 2554 2610 2582 »
2657 2533 2944 2588 Launoius
2977 2551 3112 2590 vero
3145 2536 3267 2590 haec
3308 2537 3483 2592 verbo
3515 2543 3596 2592 sic

1983 2621 2396 2694 interpretatur
2429 2639 2443 2678 :
2478 2646 2506 2673 «
2540 2622 2647 2687 Qui
2677 2639 2808 2676 cum
2849 2623 2976 2678 illos
3004 2624 3339 2696 aliquandiu
3370 2625 3594 2682 docuis-

1984 2715 2089 2778 set,
2110 2712 2252 2766 abiit
2280 2729 2310 2767 e
2330 2712 2494 2766 vita»
2524 2711 2637 2766 Sed
2675 2711 2736 2765 in
2767 2713 2873 2766 hac
2899 2713 3400 2786 interpretatione,
3434 2717 3596 2772 inviti

1988 2799 2249 2866 dicimus,
2293 2816 2412 2854 non
2458 2799 2568 2854 fuit
2607 2799 2862 2854 sincerus
2896 2818 2909 2868 ;
2945 2817 3083 2856 nam
3132 2825 3160 2852 «
3183 2803 3533 2875 Aliquandiu
3563 2824 3597 2858 ne

1986 2904 2103 2942 non
2117 2887 2403 2958 signiﬁcat
2416 2911 2444 2939 «
2464 2889 2822 2959 long-temps
2836 2910 2864 2937 »
2880 2889 2994 2943 sive
3013 2912 3041 2939 «
3071 2891 3180 2945 Per
3196 2893 3435 2963 longum
3455 2896 3600 2949 tem-

1910 3016 1957 3076 Ο
1987 2998 2014 3075 ἶ(
2043 2992 2170 3076 pus,
2196 2998 2222 3023 ››
2257 2977 2364 3076 sed
2393 2999 2430 3074 .«
2453 2976 2838 3076 P.er“aliquod
2887 2980 3134 3049 tempus.
3169 3000 3195 3027 »
3247 2979 3389 3035 Cum
3420 2981 3599 3054 igitur

1988 3065 2080 3119 ille
2109 3065 2285 3119 homo
2314 3064 2523 3118 obierit
2555 3064 2672 3132 diu,
2708 3067 3014 3137 postquam
3054 3067 3180 3122 illos
3216 3070 3333 3123 tres
3363 3071 3598 3126 clericos

1989 3152 2288 3218 docuisset,
2325 3170 2439 3208 non
2485 3157 2653 3207 erant
2698 3157 2830 3208 tunc
2864 3154 2944 3208 illi
2992 3155 3052 3208 in
3083 3159 3232 3212 statu
3263 3157 3600 3214 adolescentis

1989 3241 2180 3296 stricte
2211 3246 2462 3312 sumpto,
2495 3247 2558 3297 ut
2583 3242 2810 3298 videtur
2841 3247 3134 3314 sumptum
3167 3261 3201 3300 a
3231 3246 3506 3315 Launoio,
3537 3251 3600 3304 ut

1990 3331 2244 3385 narratio
2275 3332 2396 3386 haec
2451 3331 2590 3385 inde
2622 3330 2874 3402 ineptior
2907 3337 3233 3404 appareret.
3279 3335 3392 3390 Nec
3423 3336 3599 3393 etiam

1987 3420 2272 3474 scholares
2303 3423 2488 3486 erant,
2539 3420 2640 3474 sed
2671 3420 2783 3474 duo
2832 3437 2898 3474 ex
2929 3420 3066 3494 ipsis
3098 3422 3222 3492 jam
3253 3424 3516 3479 doctores
3542 3427 3601 3481 et

1988 3507 2269 3578 magistri,
2310 3510 2372 3561 ut
2415 3511 2638 3563 constat
2668 3509 2738 3563 de
2779 3509 2836 3563 S.
2871 3510 3139 3565 Brunone
3169 3513 3226 3565 et
3275 3512 3596 3575 Landuino.

1986 3596 2182 3666 Neque
2215 3595 2271 3649 id
2303 3595 2546 3667 impedit
2589 3596 2897 3668 quominus
2918 3598 3154 3669 quidam
3185 3616 3253 3654 ex
3283 3601 3409 3655 aliis
3435 3603 3600 3659 sociis

1987 3684 2044 3738 S.
2083 3683 2364 3739 Brunonis
2411 3686 2697 3740 scholares
2745 3686 2942 3741 forsan
2983 3690 3121 3741 tunc
3166 3687 3425 3757 fuerint;
3460 3708 3597 3748 nam

1987 3773 2100 3828 duo
2132 3773 2408 3844 Stephani
2435 3774 2571 3828 satis
2603 3775 2842 3844 juvenes
2874 3778 3059 3843 erant,
3099 3777 3196 3848 qui
3229 3779 3491 3834 nondum
3522 3781 3596 3836 ad

1987 3862 2371 3918 sacerdotium
2399 3867 2566 3918 erant
2595 3863 2870 3935 promoti.

2058 3954 2182 4008 389.
2215 3975 2243 4003 ‹‹
2276 3952 2426 4007 Nihil
2449 3969 2586 4025 ergo
2619 3952 2881 4024 ineptum
2909 3951 2969 4008 in
3000 3953 3106 4009 hac
3141 3955 3476 4014 narratione
3499 3973 3595 4014 oc-

1986 4047 2175 4099 curret
2201 4042 2516 4115 cuicunque
2551 4043 2771 4111 lectori,
2804 4043 3114 4098 verborum
3161 4045 3312 4100 illius
3363 4064 3595 4104 sensum

1985 4132 2237 4203 benigne
2251 4137 2308 4187 et
2321 4132 2442 4187 sine
2459 4133 2574 4187 ulla
2585 4132 2762 4187 animi
2777 4134 3150 4204 occupatione
3162 4134 3592 4208 interpr'etanti.

1987 4222 2276 4294 Quidquid
2294 4223 2368 4277 ad
2395 4224 2516 4277 haec
2547 4225 2838 4294 reponant
2866 4223 3198 4290 adversarii,
3235 4224 3478 4280 fundum
3507 4229 3591 4281 ta-

264 4312 473 4363 auctor
503 4308 680 4362 trium
720 4311 945 4363 tantum
980 4309 1038 4363 in
1068 4325 1235 4363 cursu
1261 4325 1378 4363 suae
1407 4309 1756 4365 narrationis
1769 4327 1886 4364 me-
1912 4314 1962 4373 D
1986 4311 2239 4377 men,uti
2266 4311 2688 4382 italoquamur,
2705 4310 2882 4381 ipsius
2901 4310 3154 4367 historiae
3186 4314 3421 4386 totaque
3443 4313 3592 4370 illius

265 4396 529 4463 minerit,
577 4398 770 4469 plures
799 4399 997 4451 tamen
1040 4397 1307 4452 ordinem
1339 4397 1646 4452 instituisse
1674 4397 1880 4466 innuit,

264 4502 400 4539 cum
437 4485 541 4539 sub
572 4485 750 4539 ﬁnem
781 4486 1062 4540 sermonis
1089 4486 1251 4540 addit
1280 4502 1294 4540 :
1330 4506 1360 4538 «
1401 4487 1467 4540 Et
1497 4503 1601 4558 par
1631 4502 1723 4541 ces
1742 4488 1884 4543 trois

265 4595 295 4624 π
331 4573 816 4635 saintshommes,
841 4578 898 4628 et
928 4591 1032 4646 par
1045 4591 1204 4642 ceux,
1224 4575 1320 4647 qui
1353 4575 1675 4645 préndrent
1695 4593 1884 4632 exem-

262 4683 293 4713 »θ
329 4663 428 4733 ple
457 4665 491 4715 ὰ
524 4679 650 4731 eux,
694 4666 752 4717 et
792 4663 1123 4734 vesquirent
1164 4666 1222 4717 et
1268 4666 1671 4718 converserent
1717 4683 1882 4738 aussy

262 4770 297 4803 ι
325 4749 560 4805 cemme
593 4768 720 4817 eux,
755 4751 842 4806 fut
863 4752 1243 4818 commencié,
1274 4755 1332 4807 et
1361 4756 1446 4808 est
1467 4769 1678 4808 encore
1700 4755 1882 4810 main-

260 4860 292 4890 ιι
337 4843 514 4894 tenue
544 4843 601 4893 et
638 4841 852 4911 gardée
879 4840 1098 4895 l’Ordre
1130 4842 1201 4894 de
1234 4841 1600 4909 Chartreuxe,
1620 4862 1652 4895 »
1682 4843 1741 4898 id
1773 4847 1877 4912 est,

259 4947 294 4982 ι
329 4929 399 4982 Et
430 4928 508 4982 sic
539 4946 644 5000 pex
673 4929 777 4982 hos
800 4928 950 4983 viros
971 4932 1088 4983 tres
1102 4933 1326 4984 sanctos
1348 4933 1406 4984 et
1430 4947 1547 4998 eos,
1582 4931 1678 5003 qui
1693 4949 1881 4987 exem-

259 5037 296 5070 ι
329 5018 494 5089 plum
532 5016 764 5071 illorum
816 5017 994 5072 secuti
1055 5021 1207 5085 sunt,
1249 5022 1306 5073 et
1343 5018 1500 5074 idem
1539 5036 1722 5092 genus
1750 5021 1880 5076 vita:

259 5127 290 5156 ι»
336 5106 646 5172 duxerunt,
681 5105 850 5177 caspit
873 5107 1128 5161 etadhuc
1158 5109 1270 5162 stat
1302 5111 1360 5162 et
1386 5109 1720 5163 observatur
1737 5110 1878 5166 ordo

259 5215 294 5248 ς
329 5193 770 5248 Carthusiensis.
805 5217 833 5244 n
899 5197 968 5249 Et
1005 5197 1306 5266 superius:
1371 5219 1399 5248 «
1422 5197 1559 5252 Lors
1606 5215 1698 5252 ces
1742 5198 1880 5253 trois

264 5306 295 5334 «
326 5283 508 5336 clercs
540 5286 597 5336 et
621 5283 710 5337 lor
731 5285 1096 5355 compagnie,
1131 5285 1226 5356 qui
1265 5285 1512 5340 estoient
1549 5286 1788 5341 cnviron
1828 5288 1881 5342 le

259 5391 296 5425 ne
327 5384 500 5439 corps
531 5387 543 5424 :
574 5371 731 5425 Tunc
779 5371 836 5424 hi
881 5374 995 5425 tres
1025 5372 1214 5426 clerici
1247 5376 1304 5427 et
1345 5374 1478 5428 socii
1517 5390 1741 5439 eorum,
1785 5375 1883 5446 qui

259 5480 296 5513 »
329 5463 502 5514 erant
534 5460 682 5516 circa
711 5477 980 5533 corpus.»
1006 5461 1206 5515 Nonne
1227 5465 1472 5534 quatuor
1491 5463 1609 5529 alii,
1633 5463 1728 5535 qui
1753 5481 1881 5518 cum

264 5549 466 5606 tribus
503 5548 594 5604 his
647 5549 867 5605 clericis
904 5549 1129 5605 initium
1179 5551 1365 5606 ordini
1409 5552 1715 5622 dederunt,
1747 5569 1884 5610 con-

706 5649 940 5706 Puaon.
976 5647 1129 5705 CLII.

1984 4399 2302 4454 substantia
2331 4402 2660 4454 constanter
2685 4400 3096 4470 perseverabit,
3129 4418 3235 4456 nec
3267 4402 3427 4457 illam
3457 4404 3589 4459 sub-

1982 4491 2202 4542 vertere
2232 4491 2505 4558 poterunt
2546 4490 2665 4540 tam
2708 4488 2860 4541 leves
2884 4488 2941 4542 in
2974 4489 3259 4559 adjunctis
3288 4491 3586 4548 dissonan-

1983 4577 2095 4632 tiae.
2115 4576 2274 4630 Haud
2289 4577 2422 4630 satis
2443 4592 2743 4647 possumus
2761 4577 2957 4630 mirari
2974 4578 3232 4646 Launoii,
3254 4579 3590 4653 viriperspi—

1982 4664 2280 4732 cacsisimi,
2315 4665 2375 4718 in
2420 4666 2527 4719 hac
2573 4665 2973 4721 observatione
3010 4667 3582 4738 inconsiderantiam,

1981 4753 2078 4825 qui
2105 4770 2234 4807 cum
2265 4753 2420 4824 prius
2442 4769 2568 4824 cap.
2603 4757 2624 4807 1
2662 4771 2777 4809 suae
2799 4755 3244 4824 Dissertationis,
3281 4755 3340 4812 in
3369 4759 3587 4829 exposi-

1980 4843 2467 4898 tionetestimonii
2495 4843 2647 4898 Petri
2682 4844 3329 4918 Cluniacensislegisset,
3359 4852 3416 4901 et
3444 4848 3581 4902 scri-

1978 4932 2201 5004 psisset,
2236 4931 2504 4986 «Servari
2527 4932 2587 4985 in
2618 4934 2966 5005 Burgundim
2993 4935 3258 5002 ﬁnibus,»
3281 4935 3396 4989 sive
3411 4958 3439 4985 «
3454 4953 3582 5007 par-

1984 5041 2011 5070 ››
2041 5021 2211 5085 tibus,
2243 5042 2269 5068 ››
2296 5022 2358 5074 ut
2403 5020 2538 5074 alibi
2579 5022 2810 5092 legitur,
2860 5045 2888 5072 «
2918 5023 3336 5093 professionem
3375 5041 3579 5095 quam-

1983 5130 2010 5158 ››
2039 5109 2194 5174 dam,
2226 5130 2254 5157 »
2310 5108 2372 5162 id
2429 5112 2534 5175 est,
2605 5109 3090 5175 Carthusiensem,
3155 5111 3406 5166 «multis
3458 5114 3583 5169 aliis

1983 5219 2010 5245 ››
2043 5198 2341 5252 monastici
2354 5198 2631 5268 propositi
2651 5199 3054 5261 sanctiorem,»
3079 5202 3136 5254 et
3156 5199 3214 5253 in
3228 5202 3582 5272 expositione

1981 5285 2295 5341 testimonii
2315 5287 2509 5341 Jacobi
2540 5287 2610 5341 de
2640 5287 2909 5354 Vitriaco,
2945 5289 3087 5342 «Est
3112 5288 3224 5343 alia
3253 5294 3581 5348 sanctorum

1986 5398 2013 5427 ››
2045 5377 2441 5448 congregatio,
2493 5392 2635 5447 quos
2686 5375 3112 5432 Carthusienses
3165 5380 3477 5450 appellent,
3521 5382 3580 5436 in

1988 5487 2015 5514 ››
2043 5465 2258 5519 ultimis
2309 5464 2655 5536 Burgundio:
2727 5465 3006 5536 partibus,
3043 5488 3070 5514 ››
3101 5467 3190 5522 hic
3212 5468 3585 5524 nihilominus

1975 5556 2279 5612 auctorem
2293 5553 2504 5611 codicis
2528 5552 2758 5627 ineptiae
2772 5555 2829 5613 et
2848 5554 3194 5629 ignorantiae
3219 5557 3590 5635 arguit,quod

3203 5657 3236 5713 8
