4224 6058
521 290 627 360 has

1346 296 1404 357 S.
1439 300 1784 357 BRUNONIS
1825 299 2460 358 CAll'l‘liUSIANORUM
2518 298 2984 357 lNSTlTUTORlS

3732 290 3841 347 236

520 426 907 485 fundamenta
942 423 1165 481 ordinis
1196 424 1256 481 in
1289 424 1636 498 Burgundiaz
1666 424 1962 480 montibus
1979 424 2135 496 jacta
2156 432 2212 490 Α
2233 442 2569 499 persuasum
2595 424 2807 480 idcirco
2831 423 3042 490 habeo,
3099 420 3276 495 quod,
3313 417 3520 492 quibus
3563 418 3691 472 tum
3722 415 3849 471 haec

522 516 696 572 fuisse
721 513 999 570 retulerit.
1036 513 1190 569 Licet
1228 515 1385 569 enim
1415 514 1592 585 Major
1622 512 1921 568 Carthusia
1957 512 2133 568 modo

522 605 702 661 sitain
724 603 1069 675 Delphinatu
1083 608 1400 669 censeatur,
1424 604 1563 658 olim
1590 606 1785 657 tamen
1808 601 1865 656 in
1880 603 2136 672 Burgun-

524 694 620 749 dia
646 692 1107 763 computabatur,
1124 692 1257 763 quia
1275 696 1332 746 et
1361 691 1651 747 Subaudia
1677 694 1733 744 et
1760 690 2136 761 Delphinatus

526 785 695 839 erant
721 784 912 854 partes
942 780 1147 835 veteris
1187 779 1551 852 Burgundiae.
1584 779 1747 834 Unde
1774 782 1830 833 et
1861 778 2134 833 astruitur

525 870 737 925 codicis
770 868 1128 925 Caslellionei
1161 868 1491 940 antiquitas,
1516 868 1675 939 cujus
1692 871 1890 922 auctor
1920 867 1963 922 si
1996 866 2131 921 scri-

522 958 724 1031 psisset
742 961 869 1029 post
899 974 1119 1012 annum
1150 958 1308 1024 1346,
1333 973 1446 1029 quo
1464 957 1549 1011 vel
1578 956 1731 1016 circa
1759 955 2133 1027 Delphinatus

522 1062 706 1118 regno
739 1045 991 1100 Francia:
1021 1044 1225 1099 ascribi
1252 1044 1441 1116 coepit,
1483 1044 1650 1099 aliter
1687 1044 1758 1098 de
1788 1043 2132 1115 Delphinatu

521 1134 743 1190 locutus
772 1133 988 1187 fuisset.
1020 1133 1108 1187 Ad
1139 1134 1170 1187 3
1192 1132 1319 1202 jam
1350 1132 1615 1204 superius
1645 1131 1845 1186 fecisse
1878 1130 2013 1185 satis
2039 1147 2129 1184 ar-

518 1221 824 1285 bitramur,
858 1236 989 1275 cum
1030 1219 1276 1275 diximus
1309 1219 1665 1275 recentiores
1693 1222 1945 1284 tantum,
1979 1218 2129 1272 inter

521 1327 666 1383 quos
708 1310 958 1383 picturas
1000 1310 1059 1362 et
1103 1308 1415 1380 parietinas
1465 1307 1745 1363 Cathusiaa
1799 1306 2131 1361 Parisiensis

521 1399 876 1465 ascribimus,
920 1397 1278 1452 adinvenisse
1309 1397 1640 1473 hujusmodi
1687 1398 2042 1467 sepulturam
2068 1396 2127 1450 in

518 1485 900 1558 sterquilinio,
922 1484 1056 1539 licet
1084 1484 1326 1549 similior
1351 1500 1485 1539 vero
1516 1484 1795 1551 videatur,
1829 1500 2002 1555 quam
2034 1484 2131 1537 illa

522 1575 810 1631 aturbine
853 1572 1187 1645 asportatio.
1237 1594 1265 1623 »
1302 1574 1431 1628 Haec
1468 1574 1622 1640 sunt,
1680 1588 1809 1643 quas
1852 1570 2125 1625 Launoio.

519 1662 949 1735 suppeditatam
976 1677 1010 1717 a
1038 1660 1169 1715 libri
1193 1663 1274 1717 De
1304 1664 1554 1734 quatuor
1591 1660 1845 1715 Paradisi
1875 1658 2127 1715 ﬂumini-

2232 517 2357 569 tum
2405 514 2502 569 illa
2564 515 2824 579 ornatur,
2881 514 3017 566 nata
3067 508 3182 564 sint
3240 524 3272 563 e
3323 507 3447 562 sola
3506 502 3843 569 traditione,

2233 604 2306 659 ad
2340 607 2568 677 tempus
2599 620 2799 676 usque,
2832 601 2989 674 quod
3038 616 3073 653 a
3102 598 3187 654 rei
3237 598 3415 670 gestae
3464 594 3689 666 origine
3712 609 3849 648 cen-

2230 695 2357 747 tum
2407 691 2652 765 amplius
2698 689 2865 745 annis
2932 688 3126 753 distat,
3181 685 3447 750 deducta,
3506 700 3657 756 quas,
3708 696 3845 736 cum

2230 781 2433 836 tandiu
2480 781 2694 852 absque
2724 778 3019 851 scripturae
3059 773 3384 830 munimine
3426 772 3614 838 durat,
3651 770 3845 826 facere

2232 870 2396 935 solet,
2423 870 2484 922 ut
2514 868 2587 923 ad
2618 867 2702 922 rei
2751 868 2927 938 gestae
2976 862 3355 919 substantiam
3405 859 3677 932 adjuncta
3720 874 3843 914 non

2231 973 2436 1030 paucu,
2466 973 2593 1029 quae
2622 955 2783 1010 initio
2815 956 2982 1009 erant
3007 954 3227 1024 ignota,
3247 949 3546 1006 accedant.

2305 1049 2427 1102 391.
2455 1046 2595 1100 Hinc
2626 1046 2760 1100 dato
2793 1044 2993 1111 etiam,
3026 1044 3349 1097 luctuosam
3380 1036 3641 1095 damnati
3670 1034 3847 1092 histo-

2228 1136 2377 1192 riam
2400 1132 2937 1202 accidisse,dubium
2964 1131 3106 1186 mihi
3121 1146 3353 1201 semper
3374 1128 3487 1183 erit
3500 1144 3575 1182 an
3595 1125 3839 1181 Sanctus

2231 1229 2445 1292 noster,
2471 1223 2629 1296 quod
2677 1226 2876 1278 tamen
2911 1237 2977 1275 ex
3008 1220 3138 1275 libri
3170 1221 3250 1274 De
3298 1220 3547 1291 quatuor
3581 1210 3840 1270 Paradisi

2229 1311 2566 1366 ﬂuminibus
2580 1308 2883 1364 naratione
2904 1324 3079 1381 supra
3099 1307 3210 1361 huc
3236 1303 3584 1377 transcripta
3603 1303 3836 1357 conclu-

2228 1399 2485 1454 dendum
2526 1402 2788 1471 apparet,
2834 1395 3074 1451 Parasiis
3126 1411 3384 1467 unquam
3431 1392 3675 1449 studerit
3725 1392 3840 1446 Du-

2227 1488 2388 1542 bium
2414 1488 2636 1554 itidem,
2660 1488 2835 1542 etiam
2855 1487 2965 1541 hoc
2981 1485 3138 1552 dato,
3165 1499 3396 1556 semper
3418 1480 3698 1546 manebit,
3731 1480 3843 1534 cle-

2228 1577 2554 1644 ricusne,an
2571 1576 2773 1631 doctor
2788 1574 3084 1641 exstiterit,
3103 1573 3199 1646 qui
3215 1571 3653 1628 damnationem
3671 1585 3841 1624 suam

2229 1665 2545 1721 astantibus
2570 1682 2601 1719 e
2631 1665 2845 1719 feretro
2873 1662 3280 1718 manifestavit.
3305 1663 3611 1717 Doctorem
3636 1661 3836 1713 tamen

514 1753 622 1808 bus
647 1755 878 1807 auctore
902 1749 1298 1805 narrationem
1344 1749 1516 1805 veluti
1561 1749 1820 1820 ineptam
1854 1748 2127 1819 ignoran-
2158 1734 2208 1793 Β
2228 1772 2363 1811 eum
2394 1770 2568 1827 supra
2595 1754 2938 1826 plerumque
2967 1751 3284 1819 nominavi,
3318 1750 3474 1822 quod
3494 1749 3602 1804 hoc
3616 1748 3780 1802 titulo
3805 1765 3839 1805 a

516 1841 725 1912 tiaeque
755 1840 1010 1911 plenam,
1064 1837 1418 1909 expladenti,
1471 1836 1877 1892 Carthusianus
1934 1840 2130 1892 noster

515 1944 841 2001 anonymus
868 1925 1132 1998 opponit.

593 2020 717 2073 390.
752 2018 819 2071 Et
846 2031 981 2071 vero
1003 2013 1599 2069 Launoiusimmerito
1621 2029 1759 2069 sane
1796 2030 1926 2069 eam
1961 2030 2128 2087 repu-

525 2106 644 2161 diat
680 2105 768 2159 vel
801 2120 868 2158 ex
898 2120 966 2157 eo
1003 2103 1157 2174 quod
1206 2102 1623 2159 Carthusiensis
1667 2103 1887 2158 ordinis
1924 2102 2127 2157 funda-

2228 1844 2552 1919 primorum
2574 1842 2827 1916 quinque
2845 1839 3157 1897 Carthusiaa
3168 1839 3429 1911 priorum
3444 1837 3839 1909 Chronologo,

2227 1932 2463 2005 aliisque
2493 1933 2646 1987 hunc
2676 1930 2882 1986 secutis
2911 1931 3170 1985 ornetur.
3221 1927 3335 1983 Etsi
3371 1928 3585 1999 itaque,
3620 1943 3734 1999 qua
3765 1925 3840 1982 de

2225 2021 2318 2076 hic
2355 2022 2733 2092 disputamus,
2785 2019 3039 2075 narratio
3082 2018 3154 2072 ab
3196 2034 3286 2084 ea,
3327 2032 3503 2088 quam
3539 2014 3838 2085 antiquior

2225 2109 2407 2167 sancti
2440 2110 2620 2164 nostri
2646 2108 2998 2180 biograpbus
3024 2107 3233 2180 aliique
3254 2106 3406 2161 hunc
3425 2103 3601 2160 secuti
3629 2119 3840 2176 suppe-

521 2196 721 2249 menta
743 2192 802 2246 in
847 2190 1197 2262 Burgundia:
1240 2190 1537 2245 montibus
1567 2191 1725 2262 jacta
1766 2191 2002 2259 referat,
2037 2193 2126 2247 vel

2226 2199 2432 2266 ditant,
2450 2198 2508 2252 in
2525 2197 2810 2269 adjunctis
2822 2196 3069 2262 differat,
3091 2194 3511 2268 repudiandam
3530 2198 3841 2265 propterea

518 2282 674 2354 quod
694 2280 926 2335 infausti
948 2278 1201 2334 doctoris
1218 2279 1460 2334 cadaver
1481 2297 1514 2334 a
1539 2280 1804 2335 damone
1827 2284 2125 2351 arreptum
2226 2305 2346 2343 esse
2377 2303 2731 2359 censequens
2757 2302 2874 2341 non
2899 2288 3002 2339 est.
3030 2285 3141 2339 Nec
3156 2287 3263 2352 est,
3283 2283 3441 2355 quod
3458 2299 3727 2355 reponas,
3750 2298 3841 2338 so-

516 2387 583 2426 ac
611 2371 919 2437 sublatum,
943 2371 1147 2423 contra
1172 2384 1237 2423 ac
1267 2368 1558 2423 Carthusae
1591 2369 1923 2424 Parisiensis
1942 2370 2123 2442 pictu-
2225 2378 2341 2433 lam
2365 2392 2507 2443 esse,
2534 2392 2661 2447 qua;
2684 2374 2933 2429 doctoris
2951 2373 3213 2428 damnati
3228 2372 3577 2446 prodigium,
3597 2388 3713 2426 ηοη
3736 2388 3842 2443 pu-

514 2459 593 2514 ris
622 2458 981 2529 exprimitur,
1006 2456 1279 2523 insinuet,
1306 2456 1450 2510 Vere
1482 2456 1640 2510 enim
1666 2460 1916 2524 montes,
1950 2457 2123 2528 Majo-

2224 2464 2497 2532 blice,sed
2515 2465 2666 2520 intra
2686 2463 2937 2534 privatas
2966 2462 3222 2517 defuncti
3246 2461 3403 2515 aedes
3417 2477 3615 2516 coram
3643 2459 3840 2532 paucis

513 2563 640 2601 rem
667 2544 1026 2601 Carthusiam
1044 2544 1712 2615 complectentes,sancti
1743 2546 1923 2599 nostri
1954 2548 2122 2600 aetate

2224 2553 2493 2609 accidisse
2509 2551 2862 2607 statuat.Etsi
2879 2552 3037 2606 enim
3055 2550 3113 2604 id
3132 2552 3208 2605 ita
3221 2550 3478 2617 sit,illam
3497 2553 3695 2604 auctor
3707 2548 3839 2603 libri

501 2635 589 2716 .ad
616 2636 871 2689 veterem
904 2632 1296 2703 Burgundiam
1329 2632 1685 2704 spectabant,
1724 2633 1804 2686 uti
1844 2634 2025 2705 liquet
2056 2650 2124 2689 ex

2224 2644 2302 2698 De
2318 2645 2564 2714 quatuor
2577 2641 2825 2714 paradisi
2840 2640 3239 2707 ﬂuminibus,a
3255 2656 3368 2711 quo
3387 2639 3446 2693 in
3471 2639 3689 2693 litteras
3701 2638 3839 2693 mis-

513 2723 583 2778 iis
607 2739 733 2795 quas
764 2722 823 2776 in
851 2720 1080 2776 Notitiis
1098 2720 1408 2775 Galliarum
1428 2721 1499 2775 ad
1521 2722 2125 2792 vocabulumBurgun-

2224 2748 2284 2785 sa
2303 2730 2431 2797 fuit,
2456 2747 2487 2784 e
2516 2734 2799 2801 provectae
2825 2730 3009 2784 mtatis
3038 2727 3512 2794 Carthusiano,ut
3526 2742 3700 2797 supra
3720 2726 3841 2780 dic-

513 2810 680 2866 diain
698 2810 957 2864 medium
974 2808 1204 2863 adducit
1228 2807 1497 2863 Valesius.
1520 2808 1684 2872 Quod
1700 2826 1835 2864 vero
1856 2809 1940 2864 de
1957 2810 2121 2865 dam-
2223 2809 2788 2876 tum,didicit.Quare
2810 2826 2940 2863 cum
2955 2808 3046 2862 hic
3066 2808 3308 2862 feralem
3334 2805 3633 2862 historiam
3648 2822 3680 2859 e
3697 2805 3836 2859 Car-

513 2898 635 2954 nati
674 2898 948 2953 cadavere
980 2913 1097 2951 non
1127 2896 1303 2963 idem,
1338 2896 1495 2969 quod
1533 2896 1593 2951 in
1624 2897 1935 2952 Carthusim
1963 2898 2114 2953 Pari-
2220 2896 3292 2970 thusianis,quibuscumvivebat,haud
3314 2896 3485 2951 dubie
3505 2893 3834 2960 audivisset,

510 2985 709 3086 siensis
751 2984 999 3086 picturis
1028 2984 1658 3086 "exprimiturtfactum
1698 2985 1927 3086 prodat,
1976 2986 2118 3041 nihil
2150 3026 2196 3086 Ο
2221 2989 2528 3046 debethaec
2547 2984 2864 3042 testimonii
2879 2985 3198 3040 multorum
3225 2984 3407 3039 instar
3435 2981 3837 3049 haberi,hinc-

509 3077 680 3149 plane
699 3074 772 3130 ad
786 3090 912 3129 rem
931 3073 1226 3142 facit,cum
1256 3072 1591 3128 Parisiensis
1604 3074 1918 3129 Carthusize
1944 3076 2118 3147 pictu-

507 3181 609 3231 rte,
639 3163 773 3219 dato
799 3162 996 3230 etiam,
1020 3162 1338 3217 Parisiense
1351 3161 1680 3233 prodigium
1703 3163 2118 3230 accidisse,non

508 3270 579 3309 ea
608 3254 864 3326 polleant
884 3252 1242 3318 auctoritate,
1267 3254 1349 3319 ut,
1365 3250 1666 3322 quodcum
1694 3251 1849 3306 hisce
1876 3255 2116 3324 pugnat,

509 3342 894 3414 rejiciendum
926 3338 1555 3412 sit.Necineptaetiam,
1585 3340 1656 3395 de
1677 3357 1792 3412 qua
1812 3339 1924 3407 hic,
1953 3357 2121 3412 repu-

508 3430 688 3485 tanda
713 3432 800 3484 est
833 3427 1113 3496 narratio,
1147 3427 1303 3499 quod
1331 3426 1516 3482 tribus
1542 3428 1998 3483 adolescentibus
2018 3447 2117 3484 seu

507 3518 727 3574 clericis
779 3534 880 3573 seu
931 3516 1287 3573 scholaribus
1338 3515 1856 3572 Carthusianorum
1902 3518 2119 3575 ordinis

507 3604 741 3663 initium
774 3605 1040 3661 ascribat.
1071 3605 1184 3660 Hos
1204 3604 1382 3672 enim,
1416 3620 1547 3660 cum
1574 3604 1633 3660 id
1662 3605 1948 3674 fecerunt,
1978 3607 2117 3663 ado-

508 3689 790 3751 lescentes
818 3710 936 3750 non
967 3693 1214 3766 amplius
1251 3692 1447 3761 fuisse,
1494 3693 1705 3749 innuit.
1742 3694 1830 3749 Ad
1863 3695 1983 3750 haec
2014 3695 2118 3750 etsi

506 3783 802 3841 horrendo
817 3783 1077 3839 damnati
1092 3784 1415 3854 spectaculo
1430 3785 1546 3838 tres
1569 3783 1849 3839 duntaxat
1872 3784 2119 3840 adfuisse

510 3872 724 3935 tradat,
753 3873 947 3944 plures
974 3874 1172 3926 tamen
1191 3871 1457 3927 ordinem
1484 3871 1811 3939 instituisse,
1842 3872 2120 3928 orationis

510 3965 781 4019 contextu
812 3961 1048 4029 indicat,
1078 3977 1185 4016 nec
1213 3978 1312 4017 eos
1349 3977 1553 4017 omnes
1593 3961 1937 4033 scriptorum
1977 3962 2121 4017 anti-

511 4067 762 4123 quorum
791 4051 957 4117 ullus,
986 4050 1082 4121 qui
1094 4049 1399 4121 spectaculi
1427 4049 1782 4117 meminerit,
1810 4056 2122 4121 praesentes

515 4138 707 4195 eidem
739 4137 981 4193 astitisse
1011 4138 1285 4192 afﬁrmat.
1312 4138 1426 4193 Sed
1457 4138 1563 4192 etsi
1589 4138 1648 4193 id
1669 4139 1929 4212 plerique
1951 4157 2019 4195 ex
2034 4140 2123 4196 his

517 4227 729 4285 diserte
765 4225 941 4283 etiam
994 4230 1334 4294 assererent,
1376 4227 1797 4283 consectarium
1848 4229 2126 4286 duntaxat

2218 3095 2329 3151 que
2357 3078 2427 3133 de
2443 3077 2671 3142 eadem,
2688 3074 2861 3131 veluti
2886 3074 3187 3146 apluribus
3204 3072 3433 3138 tradita,
3457 3087 3629 3145 supra
3653 3069 3837 3125 etiam

2217 3183 2346 3223 sum
2373 3168 2614 3221 locutus.
2638 3164 2890 3231 Accedit,
2923 3161 3259 3217 testimonia
3280 3164 3518 3233 antiqua
3535 3174 3708 3230 supra
3734 3157 3841 3214 ad-
3894 3154 3903 3159 ’

2218 3255 2409 3321 ducta,
2437 3272 2566 3326 quae
2590 3252 2919 3326 prodigium
2950 3250 3179 3323 publice
3203 3250 3421 3305 factum
3450 3251 3729 3315 statuunt,
3762 3263 3837 3302 ex

2218 3342 2496 3415 anonymi
2534 3342 2861 3413 primorum
2902 3340 3160 3412 quinque
3207 3337 3520 3394 Carthusiae
3546 3337 3833 3408 !priorum

2217 3430 2643 3503 chronographi
2692 3428 3026 3484 narratione
3060 3444 3181 3482 esse
3212 3429 3467 3498 accepta,
3516 3425 3836 3497 omniaque

2217 3520 2461 3593 proinde
2483 3520 2653 3574 simul
2696 3522 2929 3590 sumpta
2968 3516 3367 3572 testimonium
3394 3513 3836 3588 quodammodo

2219 3626 2336 3667 non
2373 3609 2479 3665 nisi
2510 3625 2691 3664 unum
2719 3606 3089 3663 constituere.
3116 3607 3244 3661 Jam
3270 3620 3407 3660 vero
3434 3620 3565 3659 cum
3594 3604 3719 3659 haec
3747 3601 3838 3660 ita

2217 3699 2353 3767 sint,
2376 3697 2630 3769 nihilque
2655 3698 2939 3768 praeterea
2958 3696 3163 3749 contra
3189 3691 3322 3748 libri
3348 3694 3427 3747 De
3456 3694 3703 3765 quatuor
3726 3705 3835 3762 pa-

2215 3786 2390 3844 radisi
2420 3785 2753 3842 ﬂuminibus
2770 3783 3165 3839 narrationem
3192 3781 3421 3848 militet,
3447 3797 3553 3835 nec
3577 3780 3840 3846 haec,nec

2218 3876 2437 3949 opinio,
2456 3892 2583 3948 quae
2615 3873 2675 3929 in
2694 3874 2802 3929 hac
2830 3871 3118 3944 praecipue
3133 3870 3432 3937 fundatur,
3463 3884 3707 3941 quaeque
3725 3869 3839 3923 Pa-

2219 3965 2457 4021 risiense
2488 3962 2821 4036 prodigium
2852 3978 2971 4016 non
3010 3959 3257 4032 publice,
3289 3958 3390 4014 sed
3413 3974 3613 4013 coram
3640 3955 3843 4030 paucis

2221 4054 2501 4110 duntaxat
2571 4053 2789 4109 factum
2864 4050 3081 4118 statuit,
3145 4046 3467 4120 rejicienda
3529 4049 3636 4113 est,
3680 4046 3845 4102 velut

2206 4140 2421 4216 'inepta
2450 4142 2788 4214 noviterque
2819 4139 3084 4195 conficta.

2226 4268 2450 4340 §XXIIL
2486 4265 2663 4333 Quam
2709 4265 2869 4340 ﬁdem
2909 4263 3400 4340 inereaturopin-io,
3442 4277 3561 4340 qna:
3609 4258 3842 4313 doctoris

515 4317 689 4384 foret,
714 4317 819 4371 hos
838 4315 991 4372 inter
1020 4318 1079 4371 et
1108 4315 1239 4370 libri
1264 4318 1345 4371 De
1377 4317 1627 4387 quatuor
1655 4316 1903 4388 paradisi
1933 4319 2123 4373 ﬂumi-

2226 4315 2255 4340 ὒ
2299 4315 2548 4393 άαπιηαῖἱ
2575 4315 2865 4392 αηαεῖαειήι
2898 4337 2953 4389 in
2971 4337 3131 4405 priva
3144 4335 3208 4387 tis
3226 4315 3400 4405 ‘hujus'
3426 4315 3629 4405 aedibus
3652 4347 3839 4405 coram

516 4406 687 4462 nibus
715 4408 1013 4461 auctorem
1035 4405 1093 4460 in
1126 4404 1411 4476 adjunctis
1432 4409 1627 4461 exacte
1650 4423 1768 4461 non
1794 4409 2122 4463 convenire.

516 4495 729 4550 Verum
760 4492 901 4565 quid
913 4497 1036 4549 tum
1062 4494 1165 4549 ?Id
1194 4494 1471 4551 duntaxat
1499 4498 1842 4566 argumento
1866 4497 2128 4563 est,hunc

519 4600 640 4642 non
661 4600 729 4638 ex
751 4584 958 4639 eodem
987 4584 1171 4653 fonte,
1192 4600 1223 4639 e
1250 4600 1363 4656 quo
1389 4583 1494 4653 illi,
1514 4584 1913 4653 hausisse,non
1932 4590 2127 4643 autem

519 4672 937 4741 narrationem,
957 4690 1132 4746 quam
1156 4672 1506 4745 suppeditat,
1526 4690 1561 4728 a
1578 4672 1933 4741 narratione,
1952 4692 2127 4747 quam

519 4762 626 4830 illi,
644 4762 704 4817 in
729 4762 1048 4818 substantia
1067 4779 1188 4818 esse
1203 4762 1511 4829 diversam,
1549 4765 1650 4818 aut
1674 4764 1825 4819 hanc
1854 4763 2065 4820 idcirco
2095 4782 2129 4820 a

518 4851 760 4907 veritate
787 4851 1029 4907 existere
1062 4850 1336 4906 alienam.
1367 4851 1562 4906 Potest
1590 4850 1770 4919 enim,
1806 4852 1886 4906 uti
1917 4869 1985 4908 ex
2003 4854 2127 4925 jam

517 4957 691 5013 supra
711 4939 877 4994 dictis
901 4939 1102 5012 liquet,
1124 4938 1468 4995 narrationis
1486 4939 1801 5012 cujuspiam
1813 4940 2130 4999 substantia

518 5027 746 5083 veritati
772 5044 895 5084 esse
924 5026 1280 5085 exactissime
1306 5044 1580 5095 consona,
1613 5029 1748 5083 licet
1775 5029 2007 5086 interim
2025 5032 2125 5088 ad-

511 5116 730 5187 junctis
755 5119 855 5172 aut
897 5120 1056 5172 certo
1107 5116 1265 5172 falsis
1304 5119 1405 5171 aut
1448 5115 1621 5171 dubie
1659 5116 1936 5173 duntaxat
1979 5120 2128 5176 veris

519 5203 595 5261 sit
624 5203 844 5260 vestita.
874 5206 941 5260 Et
955 5222 1086 5261 vero
1116 5203 1446 5277 hujusmodi
1476 5220 1596 5259 esse
1613 5204 1884 5275 adjuncta
1904 5207 2121 5276 omnia,

518 5308 650 5364 quae
690 5293 940 5349 vestiunt
986 5297 1110 5349 tum
1141 5292 1558 5359 narrationem.
1595 5309 1769 5364 quam
1802 5295 2122 5367 primorum

518 5381 774 5453 quinque
804 5382 1117 5438 Carthasim
1157 5382 1419 5455 priorum
1469 5382 1870 5456 Chronologus
1906 5386 2121 5458 aliique

517 5468 671 5523 hunc
693 5469 871 5525 secuti
901 5469 1294 5542 suppeditant,
1308 5473 1433 5525 tum
1448 5470 1717 5539 alteram,
1736 5488 1864 5543 qua:
1880 5472 2009 5528 libri
2041 5475 2121 5530 De

514 5557 762 5629 quatuor
813 5553 1064 5630 paradisi
1131 5557 1467 5618 ﬂuminibus
1530 5558 1752 5617 auctori
1795 5560 2119 5633 ascribitur,

2288 4412 2479 4482 paucis
2508 4409 2756 4463 accidisse
2782 4403 2990 4467 statuit;
3009 4413 3060 4461 et
3081 4405 3211 4477 quid
3239 4403 3452 4459 tandem
3475 4403 3650 4457 dehac
3673 4403 3841 4456 etiam

2298 4484 2376 4536 ita
2407 4480 2741 4535 considerata
2769 4477 3103 4533 censendum.

2298 4493 2376 4537 ita
2407 4493 2741 4535 conszaerala
2769 4493 3103 4533 censendum.

2296 4589 2423 4643 Non
2454 4603 2607 4653 raro,
2650 4603 2780 4658 quae
2817 4583 3130 4639 traditione
3173 4582 3449 4638 duntaxat
3498 4583 3839 4647 noscuntur,

2226 4676 2379 4732 facta
2407 4673 2699 4738 historica,
2731 4675 2796 4727 ut
2832 4675 2896 4727 ut
2934 4670 3220 4742 adjunctis
3248 4668 3404 4725 falsis
3446 4668 3672 4735 vestita,
3715 4668 3842 4724 veri

2229 4766 2406 4820 etiam
2451 4762 2669 4835 aliquid
2710 4760 3037 4833 complecti,
3067 4777 3099 4814 e
3142 4758 3307 4814 dictis
3334 4761 3362 4827 §
3390 4756 3651 4829 proxime
3683 4772 3840 4828 prte-

2229 4870 2422 4926 gresso
2454 4868 2705 4927 pronum
2736 4853 2822 4906 est
2848 4866 3071 4905 eruere.
3089 4850 3365 4903 Attamen
3394 4850 3477 4913 ut,
3506 4862 3635 4918 quae
3658 4844 3840 4901 modo

2229 4943 2300 4998 de
2332 4944 2592 4997 luctuosa
2614 4938 2875 4997 damnati
2906 4937 3146 4993 historia
3182 4936 3429 4993 dicenda
3456 4934 3550 4989 hic
3575 4936 3729 4999 sunt,
3753 4933 3846 4988 lu-

2227 5031 2508 5088 culentius
2527 5026 3204 5104 patescant,lubetadhuc
3224 5025 3555 5098 qumdam,a
3565 5021 3843 5094 presenti

2226 5121 2487 5177 instituto
2509 5137 2626 5177 non
2673 5117 2912 5174 omnino
2969 5115 3178 5182 aliena,
3230 5130 3359 5187 quas
3408 5110 3841 5184 Papebrochius

2226 5212 2422 5265 noster
2436 5206 2784 5283 suppeditat,
2821 5204 2879 5259 in
2917 5202 3177 5258 medium
3208 5202 3489 5276 proferre.
3513 5200 3613 5255 Hic
3640 5199 3842 5271 itaque

2223 5297 2282 5353 in
2301 5296 2415 5352 suis
2449 5296 2525 5351 ad
2555 5293 2976 5350 Exhibitionem
3008 5307 3272 5346 errorum
3323 5286 3838 5361 Responsionibus,

2222 5386 2461 5442 articulo
2497 5402 2610 5453 xxx,
2644 5399 2807 5450 num,
2858 5384 2943 5448 lO,
2983 5379 3064 5434 ita
3109 5378 3347 5434 scribit:
3406 5399 3435 5429 ‹‹
3463 5376 3835 5449 Contingit...

2222 5491 2395 5551 saepe,
2419 5471 2747 5530 traditionis
2767 5468 3149 5525 substantiam
3182 5468 3362 5523 talem
3408 5483 3553 5533 esse,
3587 5468 3671 5533 ut,
3703 5464 3842 5521 licet

2223 5550 2344 5622 non
2373 5560 2481 5622 nisi
2526 5561 2751 5617 temere
2783 5557 2959 5632 possit
2988 5554 3046 5613 in
3082 5553 3322 5612 dubium
3348 5552 3626 5622 revocari,
3653 5550 3835 5610 etiam
