4224 6058
171 247 280 304 237

1750 234 1933 294 ACTA

3391 239 3499 303 238

166 386 494 428 coaevorum
522 364 868 424 testimoniis
892 363 1195 435 destituta;
1228 364 1368 437 puta
1411 362 1567 438 quod
1590 364 1784 438 aliqua
1802 383 1857 441 Α
1880 363 2074 432 fuisse,
2104 360 2287 436 primi
2319 359 2441 436 ejus
2470 362 2606 421 socii
2653 361 2983 440 discipulive
3023 369 3358 443 sequacibus
3387 371 3500 428 suis

167 463 222 518 8.
253 462 459 518 Ursula
488 475 620 514 cum
653 455 904 529 plurima
927 457 1099 512 turba
1126 455 1412 510 sociarum
1447 472 1481 510 a
1523 454 1782 510 barbaris

162 553 338 607 fuerit
369 554 503 605 ante
529 548 687 603 urbis
718 546 1090 612 Coloniensis,
1114 547 1185 600 ab
1206 546 1272 600 iis
1299 546 1561 611 obsessae,
1587 561 1783 600 muros

163 642 489 706 interfecta,
513 642 649 706 etc.;
680 637 833 708 quod
860 635 917 690 S.
953 635 1252 706 Dionysuis
1276 635 1572 706 episcopus
1599 634 1784 688 Roma

162 732 372 786 missus
404 729 461 782 in
490 727 753 793 Galliam,
797 724 1022 780 Parisiis
1065 724 1241 779 fidem
1284 722 1698 794 praedicaverit,
1728 723 1785 776 et

160 837 264 876 suo
282 817 566 889 sanguine
584 814 956 886 consignarit,
972 813 1196 884 aliaque
1217 812 1427 867 similia
1445 830 1457 880 ;
1477 811 1781 883 contingit,

157 909 431 980 inquam,
464 922 635 977 saepe,
665 908 727 958 ut
770 920 857 970 ea,
893 919 1020 975 quae
1051 901 1253 974 prima!
1299 900 1624 955 traditionis
1653 900 1782 953 sub-

160 997 393 1051 stantiae
424 998 623 1067 postea
654 994 1015 1047 accesserunt
1044 994 1320 1063 tanquam
1359 1007 1424 1043 ex
1471 987 1784 1043 traditione

161 1091 261 1142 aut
291 1085 646 1140 revelatione
699 1083 782 1153 (ut
823 1082 1038 1135 factum
1073 1097 1174 1151 per
1204 1078 1649 1152 compositiones
1681 1077 1783 1131 Le-

161 1175 516 1248 gendarum,
562 1176 703 1244 puta
750 1170 1029 1240 Legenda:
1080 1169 1441 1241 Dionysianae
1485 1169 1672 1221 seculo
1706 1183 1782 1232 Ix,

162 1265 465 1320 Ursulanae
490 1263 678 1316 seculo
695 1260 793 1330 κῃ)
815 1259 1024 1314 merito
1043 1259 1395 1329 rejiciantur,
1429 1261 1488 1311 ut
1507 1255 1788 1310 recentio-

163 1371 298 1410 rum
343 1352 573 1408 somnia
601 1353 1068 1421 commentaque,
1099 1348 1206 1402 toti
1256 1351 1412 1401 retro
1455 1343 1785 1417 antiquitati

162 1444 371 1515 ignota
405 1457 420 1495 :
447 1440 856 1506 recentiorum,
906 1438 1166 1510 inquam,
1221 1452 1338 1491 non
1371 1433 1682 1506 respective
1713 1432 1787 1486 ad

165 1549 271 1587 nos
297 1530 477 1586 hodie
506 1529 776 1594 viventes,
829 1527 929 1582 sed
975 1525 1288 1598 respective
1337 1525 1411 1579 ad
1440 1539 1587 1589 rem,
1634 1523 1788 1592 ipsos

164 1620 391 1676 saeculis
407 1618 603 1673 multis
620 1633 1018 1690 preegressam,
1042 1636 1069 1663 »
1101 1616 1185 1669 Ita
1210 1613 1544 1678 rectissime,
1560 1615 1622 1665 ut
1646 1607 1790 1664 mihi

1882 454 2192 521 narrarint,
2223 456 2547 528 horumque
2593 455 2802 512 deinde
2848 460 3082 528 posteri,
3119 477 3180 514 re
3221 463 3498 534 temporis

1880 545 2041 614 lapsu
2073 544 2227 597 falsis
2249 545 2530 615 adjunctis
2547 549 2730 613 aucta,
2755 548 3086 618 prodigium
3115 550 3254 605 illud
3279 553 3503 621 publice

1883 633 2318 687 coraminﬁnita
2345 636 2768 706 propemodum
2787 637 2984 708 populi
3017 639 3388 695 multitudine
3410 659 3503 697 ac-

1883 721 2105 788 cidisse,
2160 722 2534 795 damnatique
2583 741 2747 779 voces
2792 727 2972 781 tribus
3015 729 3216 784 diebus
3271 731 3506 786 diversis

1883 810 2141 878 rediisse,
2175 812 2545 880 crediderint,
2580 813 2712 867 licet
2759 815 2993 870 interim
3036 818 3229 872 feralis
3268 821 3510 877 historia

1887 899 2039 954 intra
2067 901 2316 972 privatas
2348 902 2600 957 defuncti
2635 905 2786 959 aedes
2833 922 3029 961 coram
3063 909 3258 979 paucis
3297 909 3506 965 dunta-

1886 992 2000 1055 xat,
2060 1005 2305 1060 quorum
2355 1008 2501 1044 unus
2552 991 2750 1046 fuisset
2808 993 2865 1048 S.
2915 996 3128 1063 Bruno,
3187 997 3506 1067 accidisset,

1888 1079 2261 1151 damnatique
2287 1096 2470 1148 voces,
2506 1098 2622 1135 non
2661 1082 2840 1136 tribus
2885 1084 3083 1139 diebus
3118 1085 3372 1154 diversis,
3405 1087 3508 1144 sed

1887 1185 2002 1221 uno
2034 1169 2355 1239 eodemque
2381 1170 2638 1242 repetitae
2670 1172 2927 1227 fuissent.

1961 1259 2083 1310 394.
2121 1255 2267 1320 Quid
2298 1257 2342 1311 si
2364 1275 2502 1330 ergo
2536 1276 2626 1312 res
2649 1262 2949 1330 posteriori
2971 1263 3080 1317 hoc
3101 1266 3274 1320 modo
3298 1283 3504 1324 evene-

1887 1343 2009 1398 rit?
2068 1344 2238 1410 Sane,
2273 1344 2368 1417 qui
2414 1346 2494 1400 ita
2527 1363 2657 1401 vere
2706 1349 2916 1404 factam
2976 1355 3306 1421 autumarit,
3349 1356 3507 1413 haud

1887 1435 2135 1531 multum
2167 1451 2200 1488 a
2231 1435 2725 1490 verisimilitudine
2758 1439 2878 1510 ejus
2921 1440 3254 1497 abhorrebit
3283 1445 3502 1516 opinio,

1890 1524 2008 1575 imo
2038 1537 2170 1576 vero
2212 1524 2464 1592 potuerit
2497 1527 2782 1597 utcunque
2820 1528 3158 1584 verosimilis
3187 1532 3388 1588 videri.
3420 1536 3507 1589 Ita

1890 1613 2049 1680 puto,
2085 1611 2261 1680 quod,
2293 1614 2355 1664 ut
2376 1612 2501 1682 jam
2532 1630 2703 1684 supra
2749 1616 2882 1670 satis
2926 1618 3228 1687 insinuavi,
3261 1622 3502 1678 subinde

162 1709 442 1782 equidem
456 1705 993 1780 apparet,laudatus
1007 1703 1446 1777 Papebrochius,
1463 1701 1560 1773 qui
1580 1699 1790 1754 deinde
1816 1699 1866 1757 B
1891 1699 2064 1753 etiam
2095 1699 2216 1766 ﬁat,
2246 1703 2306 1753 ut
2326 1700 2475 1754 facta
2493 1701 2783 1770 historica,
2808 1704 3032 1760 etiamsi
3059 1708 3287 1764 silentio
3316 1728 3349 1765 a
3369 1710 3505 1766 scri-

162 1799 376 1854 eodem
410 1797 648 1852 articulo
682 1813 843 1850 num.
877 1797 940 1849 l3
970 1795 1092 1849 haec
1123 1793 1300 1848 etiam
1329 1792 1440 1846 huc
1472 1788 1789 1861 spectantia

159 1887 489 1960 suppediat:
512 1884 936 1940 Traditionibus
958 1883 1342 1955 popularibus,
1365 1879 1537 1935 sacris
1553 1879 1640 1932 vel
1660 1893 1789 1948 pro-

159 1976 406 2042 fanis...,
429 1976 766 2047 plerumque
782 1973 1034 2028 veritatis
1060 1971 1278 2043 aliquid
1304 1969 1494 2042 quoad
1522 1968 1783 2022 substan-

156 2066 303 2120 tiam
331 2065 547 2131 subest,
581 2064 682 2118 sed
710 2063 955 2117 multum
986 2061 1218 2116 furfuris
1247 2058 1555 2114 successive
1589 2072 1781 2127 asper-

155 2172 306 2221 sum,
363 2171 398 2209 a
451 2170 566 2226 quo
618 2152 849 2207 difﬁcile
907 2151 979 2205 sit
1047 2167 1142 2205 eas
1201 2149 1280 2204 sic
1328 2145 1664 2220 repurgari,
1719 2147 1783 2198 ut

154 2243 415 2299 hominis
445 2242 744 2316 prudentis
771 2241 1089 2295 intellectus
1115 2240 1203 2306 iis,
1240 2243 1514 2309 tanquam
1544 2238 1779 2290 eatenus

155 2333 350 2399 certis,
413 2333 558 2386 citra
609 2330 985 2386 formidinem
1045 2327 1366 2400 acquiescat
1408 2342 1420 2381 :
1457 2342 1521 2380 ac
1579 2327 1779 2396 postea

152 2439 320 2478 num.
353 2424 419 2476 l9
453 2421 628 2476 etiam
653 2421 762 2474 ista
791 2435 803 2473 :
836 2442 863 2469 «
896 2419 1092 2486 Fama,
1122 2416 1404 2490 principio
1437 2415 1777 2489 plerumque

154 2512 409 2566 minimo
443 2514 501 2565 et
530 2525 681 2580 saepe
710 2526 828 2564 non
860 2525 992 2563 vero
1027 2511 1172 2574 orta,

259 2599 570 2655 Mobilitate
590 2601 729 2668 viget
750 2601 985 2670 viresque
1008 2597 1238 2670 acquirit
1269 2593 1460 2657 eundo,

261 2689 457 2744 Parva
488 2696 628 2742 metu
652 2689 852 2759 primo,
877 2703 1002 2740 mox
1030 2703 1136 2740 sese
1167 2683 1364 2739 attollit
1389 2684 1445 2737 in
1473 2696 1639 2738 auras

262 2777 686 2848 lngrediturque
703 2775 812 2830 solo
839 2782 889 2829 et
919 2781 1079 2844 caput
1101 2776 1239 2828 inter
1255 2772 1440 2826 nubila
1473 2771 1669 2826 condit.

228 2870 357 2922 393.
389 2891 416 2916 ει
448 2866 662 2921 Eodem
689 2865 809 2919 fere
827 2865 1000 2919 modo
1017 2880 1076 2917 se
1098 2863 1274 2918 habet
1296 2861 1524 2916 traditio
1547 2860 1785 2931 popula-

151 2957 251 3011 ris.
286 2955 644 3026 Principium
662 2953 784 3024 ejus
813 2954 1154 3024 plerumque
1186 2953 1270 3004 est
1298 2951 1514 3005 factum
1548 2948 1780 3020 aliquod

153 3044 561 3109 memorabile,
584 3044 667 3097 vel
686 3042 840 3114 quod
853 3041 1042 3112 reipsa
1057 3039 1300 3111 contigit
1329 3039 1660 3111 aliquando,
1679 3037 1780 3092 sed

149 3152 323 3189 cursu
353 3133 632 3204 temporis
665 3132 871 3186 talibus
921 3129 1278 3185 ornamentis
1328 3131 1502 3199 atque
1552 3127 1776 3182 addita-

148 3224 367 3280 mentis
386 3223 668 3289 induitur,
702 3225 763 3275 ut
797 3220 1049 3293 seipsum
1081 3222 1281 3291 postea
1321 3216 1563 3272 miretur
1603 3219 1658 3270 et
1686 3215 1775 3270 vix

146 3315 466 3385 agnoscat;
494 3313 579 3365 vel
615 3310 768 3382 quod
785 3310 856 3364 ab
875 3307 1056 3363 otioso
1089 3305 1325 3378 ingenio
1349 3305 1560 3376 priscas
1580 3321 1774 3360 rerum

146 3404 409 3473 origines
443 3401 502 3455 in
534 3400 618 3454 sui
657 3414 962 3454 suorumve
1004 3394 1575 3450 commendationem
1608 3393 1772 3448 inda-

145 3493 362 3564 gantis,
395 3489 636 3561 ﬁngitur
660 3487 966 3560 contigisse
994 3503 1007 3552 ;
1045 3489 1102 3539 et
1131 3501 1164 3537 a
1211 3483 1318 3538 levi
1361 3484 1552 3554 vulgo,
1585 3482 1769 3551 avide,

146 3581 310 3653 quod
330 3582 514 3651 optat,
534 3577 840 3643 credende,
867 3576 1176 3645 adoptatur
1191 3589 1294 3644 pro
1319 3589 1473 3639 vero,
1495 3574 1550 3624 et
1567 3571 1772 3626 colitur

145 3686 249 3741 pro
278 3668 384 3722 tali
415 3684 520 3739 per
551 3667 732 3720 multa
762 3681 912 3736 saepe
965 3663 1190 3717 saacula.
1240 3660 1512 3732 Exempla
1543 3662 1662 3713 tam
1709 3658 1768 3713 in

144 3775 312 3812 saera
339 3772 520 3828 quam
547 3754 790 3827 profano
820 3751 1061 3807 historia
1091 3752 1386 3805 occurunt.
1424 3769 1452 3797 ››
1487 3749 1614 3802 Haec
1642 3765 1766 3802 om-

145 3847 242 3900 nia
274 3845 349 3899 de
381 3843 790 3898 traditionibus
821 3838 1266 3912 Papebrochius,
1297 3841 1354 3892 et
1373 3854 1531 3903 sane,
1564 3840 1627 3890 ut
1639 3837 1765 3907 jam

141 3935 280 4001 dixi,
306 3932 648 3987 rectissime.
685 3929 1097 3995 Quamobrem,
1126 3943 1258 3982 cum
1301 3925 1616 3981 secundum
1642 3927 1766 3981 haec

139 4040 258 4077 non
281 4039 417 4076 raro
452 4021 769 4090 contingat,
804 4022 886 4085 ut,
912 4016 1172 4089 quamvis
1197 4015 1531 4070 traditiones
1565 4017 1682 4081 aut,
1718 4013 1764 4068 si

137 4111 323 4166 mavis
371 4108 756 4172 narrationes,
799 4123 926 4178 qua:
957 4105 1091 4160 solis
1121 4103 1526 4159 traditionibus
1565 4119 1761 4174 super-

136 4203 460 4264 struuntur,
491 4196 834 4251 falsitatibus
865 4193 1128 4265 plurimis
1171 4193 1285 4247 sint
1333 4193 1580 4258 infectze,
1613 4208 1760 4245 verae

1889 1787 2148 1857 ptoribus
2180 1789 2448 1843 omnibus
2471 1794 2973 1861 contemporaneis
2990 1795 3104 1850 sint
3124 1815 3404 1869 supressa,
3427 1801 3501 1856 ad

1887 1893 2118 1948 eosque,
2144 1895 2178 1931 a
2199 1877 2402 1948 quibus
2417 1878 2650 1932 tandem
2671 1880 2876 1934 litteris
2888 1882 3049 1938 fuere
3069 1888 3497 1958 commendata,

1885 1967 2196 2022 traditione
2235 1966 2531 2033 duntaxat,
2562 1985 2688 2040 quae
2722 1975 2955 2025 centum
2984 1974 3230 2044 amplius
3270 1978 3437 2032 annis
3467 1998 3503 2036 a

1882 2055 1964 2109 rei
1979 2059 2154 2126 gesta:
2168 2055 2393 2128 origine
2407 2055 2596 2123 distet,
2621 2057 2837 2112 fuerint
2853 2062 3203 2130 transmissa,
3227 2081 3331 2135 pro
3348 2068 3498 2123 veris

1881 2144 1996 2198 sint
2024 2144 2309 2210 habenda,
2329 2161 2454 2210 nec,
2475 2161 2587 2216 quo
2618 2145 2808 2200 minus
2829 2148 3144 2204 Parisiense
3166 2154 3499 2225 prodigium

1880 2232 1924 2285 si
1957 2249 2074 2286 non
2105 2232 2349 2303 publice,
2379 2233 2479 2287 sed
2504 2250 2699 2288 coram
2730 2236 2925 2306 paucis
2955 2240 3181 2294 tantum
3205 2241 3357 2297 intra
3379 2243 3498 2315 pri-

1876 2325 2033 2375 vatas
2056 2320 2477 2377 defunctiazdes
2488 2321 2758 2378 accidisse
2774 2327 3074 2394 statuatur,
3099 2328 3282 2398 factis,
3306 2333 3501 2403 hujus-

1877 2409 2036 2463 modi
2065 2409 2351 2464 accenseri
2387 2414 2578 2482 queat,
2610 2411 2930 2468 universale
2956 2415 3027 2469 de
3058 2433 3126 2472 eo
3153 2419 3499 2491 scriptorum

1878 2496 2164 2564 omnium,
2199 2497 2296 2568 qui
2326 2497 2554 2570 integro
2572 2499 2858 2570 primo,et
2881 2503 3030 2558 forte
3043 2505 3218 2562 etiam
3246 2513 3496 2567 secundo

1878 2590 2005 2657 post
2032 2602 2156 2640 rem
2184 2590 2406 2658 gestam
2435 2589 2640 2642 saeculo
2681 2589 2910 2645 labente
2941 2592 3280 2664 ﬂoruerunt,
3313 2598 3499 2654 obstet

1881 2674 2195 2741 silentium,
2248 2679 2444 2746 utpote
2496 2677 2656 2747 cujus
2705 2677 2853 2732 ratio
2900 2696 3018 2734 non
3048 2680 3266 2755 inepta,
3301 2703 3335 2740 a
3363 2687 3498 2742 facti

1882 2763 2249 2834 ignoratione
2280 2765 2547 2836 repetita,
2577 2767 2813 2822 occurit.
2847 2768 2990 2824 Cum
3017 2771 3173 2827 enim
3210 2775 3498 2833 luctuosus

1881 2855 2136 2920 eventus,
2186 2853 2230 2907 si
2275 2870 2391 2909 non
2431 2855 2655 2925 publice
2701 2857 2990 2928 acciderit,
3041 2863 3375 2921 Guibertum
3425 2869 3496 2924 de

1881 2941 2016 2997 Novi
2024 2945 2198 3012 gente
2221 2942 2476 3014 aliosque
2491 2945 2796 3015 scriptores
2813 2949 3080 3022 antiquos
3098 2970 3268 3026 supra
3293 2973 3498 3013 recen-

1879 3031 2016 3086 sitos
2045 3029 2212 3084 facile
2243 3031 2423 3085 latere
2441 3033 2712 3102 potuerit,
2741 3053 2858 3091 non
2880 3041 2965 3092 est
2989 3057 3127 3095 sane
3160 3059 3261 3097 cur
3293 3061 3494 3101 eorum

1879 3117 1950 3173 de
1976 3118 2085 3173 hoc
2114 3119 2328 3175 mirum
2379 3121 2600 3176 accidat
2644 3123 2958 3194 silentium,
2995 3133 3094 3185 aut
3131 3149 3255 3187 rem
3290 3151 3356 3188 ex
3386 3136 3497 3191 hoc

1877 3206 2080 3262 falsam
2113 3223 2231 3262 esse
2264 3225 2594 3282 arguamus.
2620 3213 2706 3267 Ad
2727 3214 2870 3281 haec,
2901 3217 3007 3272 nisi
3023 3220 3338 3278 Parisiense
3368 3240 3500 3295 pro-

1877 3296 2120 3368 digium,
2154 3314 2267 3369 quo
2301 3298 2361 3352 in
2390 3316 2653 3355 eremum
2677 3307 2833 3358 actus
2859 3305 2930 3360 sit
2960 3307 3016 3361 S.
3055 3310 3265 3378 Bruno,
3298 3330 3496 3372 coram

1873 3387 2068 3459 paucis
2093 3389 2298 3442 saltem
2345 3389 2496 3444 intra
2521 3391 2770 3461 privatas
2813 3394 3065 3451 defuncti
3107 3401 3258 3455 aedes
3302 3403 3495 3461 locum

1871 3475 2134 3532 habuisse
2163 3477 2520 3544 admittatur,
2547 3484 2799 3550 oportet;
2817 3486 2976 3540 utvel
2997 3486 3228 3556 ipsimet
3254 3491 3493 3550 Carthu-

1870 3564 2014 3620 siani
2041 3565 2380 3620 horribilem
2407 3567 2707 3623 historiam
2734 3587 2800 3624 ex
2830 3574 2953 3627 toto
2983 3577 3385 3648 confinxerint,
3406 3585 3494 3639 vel

1871 3658 1932 3708 ut
1954 3655 2081 3725 jam
2112 3653 2182 3708 ab
2213 3654 2338 3708 aliis
2369 3656 2678 3712 confictam
2709 3659 3078 3732 adoptarint;
3111 3666 3366 3735 primum
3397 3688 3497 3729 au-

1869 3747 1986 3798 tem
2016 3742 2216 3798 fecisse
2245 3743 2395 3798 viros
2417 3745 2735 3816 religiosos,
2769 3749 3024 3805 veritatis
3045 3756 3488 3827 amantissimos,

1864 3832 2308 3905 fabularumque
2341 3849 2555 3900 osores,
2586 3835 2714 3906 quis
2743 3837 2911 3892 facile
2936 3838 2995 3894 in
3029 3841 3289 3898 animum
3321 3845 3488 3904 indu-

1865 3921 2004 3976 cat?
2034 3922 2121 3975 An
2153 3937 2294 3994 ergo
2334 3921 2394 3976 in
2426 3922 2673 3978 alterum
2717 3925 2869 3997 ipsos
2914 3927 3224 4003 impegisse
3268 3950 3487 3991 assere-

1864 4026 1996 4064 mus
2023 4011 2051 4062 ?

1936 4101 2057 4153 395.
2093 4121 2121 4149 «
2154 4098 2210 4153 Si
2241 4099 2435 4154 fabula
2456 4104 2557 4168 est,
2581 4100 2767 4174 inquit
2787 4103 2858 4160 de
2889 4105 3148 4163 damnati
3170 4110 3409 4168 historia
3424 4113 3484 4170 in

1863 4204 2058 4259 opere,
2095 4187 2248 4259 quod
2293 4189 2513 4243 ordinis
2555 4190 2972 4249 Carthusiensis
2999 4198 3250 4254 Annales
3280 4200 3480 4258 inscri-

137 4293 334 4342 tamen
370 4286 436 4340 in
483 4284 802 4339 substantia
856 4284 990 4350 sint,
1043 4285 1140 4336 aut
1188 4284 1341 4336 certe
1374 4279 1491 4335 veri
1545 4280 1834 4352 aliquidD
1864 4275 1993 4346 psit,
2022 4274 2119 4328 lib.
2151 4293 2188 4342 I,
2223 4292 2346 4346 cap.
2377 4280 2425 4344 l,
2462 4295 2622 4333 num.
2672 4284 2725 4334 ll
2765 4282 3051 4339 Massonus
3080 4303 3252 4358 supra
3282 4291 3478 4346 lauda-

137 4381 425 4447 quantum
457 4373 531 4428 ad
557 4375 704 4428 hanc
738 4373 1094 4438 contineant,
1134 4370 1257 4424 fieri
1287 4369 1455 4423 facile
1486 4371 1673 4439 potest
1703 4372 1764 4421 ut

141 4463 659 4518 Carthusianorum
687 4461 756 4516 de
788 4460 1100 4526 horrendo,
1121 4476 1234 4531 quo
1253 4457 1308 4512 S.
1341 4459 1530 4511 Bruno
1559 4457 1619 4510 in
1638 4472 1760 4510 ere-

142 4570 303 4606 mum
327 4553 526 4624 pulsus
547 4550 737 4616 fuerit,
756 4549 1020 4622 prodigio
1043 4546 1345 4602 Parisiensi
1365 4545 1620 4612 traditio,
1645 4547 1760 4609 aut,

139 4642 184 4693 si
231 4641 440 4706 mavis,
475 4639 752 4711 anonymi
783 4639 1104 4708 primorum
1150 4635 1420 4706 quinquze
1454 4632 1765 4688 Carthusiaa

142 4731 407 4800 priorum
441 4727 866 4799 chronographi
900 4725 1261 4795 aliorumque
1294 4739 1466 4795 supra
1507 4723 1764 4777 laudato-

144 4835 270 4874 rum
292 4821 645 4891 scriptorum
659 4818 730 4872 de
745 4816 952 4870 eodem
965 4814 1242 4881 narratio,
1267 4830 1298 4866 e
1333 4811 1643 4868 traditione
1670 4812 1767 4868 illa

142 4913 414 4988 primitus
426 4908 702 4980 profecta,
720 4907 776 4960 in
790 4903 1106 4959 substantia
1120 4920 1251 4958 vera
1266 4903 1356 4968 sit,
1373 4905 1470 4956 aut
1481 4905 1634 4956 certe
1650 4903 1765 4957 veri

140 5000 362 5076 aliquid
389 4999 674 5069 quantum
693 4995 779 5048 ad
811 4992 1189 5047 substantiam
1221 4989 1534 5057 contineat,
1559 4991 1664 5045 etsi
1694 4991 1766 5045 ad

141 5109 268 5146 eam
303 5105 425 5144 non
453 5101 635 5156 pauca
649 5083 919 5154 adjuncta
940 5082 1080 5136 falsa
1098 5098 1164 5136 eo
1187 5080 1572 5151 modo,quem
1598 5096 1769 5150 supra

143 5178 405 5253 exposui,
457 5173 734 5246 temporis
797 5173 960 5243 lapsu
1017 5170 1374 5226 accesserint.
1436 5171 1506 5224 Ut
1562 5169 1767 5224 clarius

147 5269 370 5341 loquar,
417 5263 544 5317 fieri
571 5265 757 5334 potest
785 5265 863 5328 ut,
897 5263 1161 5315 sanctum
1186 5263 1445 5312 nostrum
1477 5257 1767 5330 prodigio,

151 5376 261 5430 quo
285 5356 618 5418 defunctus,
653 5351 710 5405 in
747 5351 956 5408 feretro
982 5351 1108 5422 jam
1147 5348 1383 5420 positus,
1431 5347 1619 5418 primo
1653 5364 1771 5402 sese

155 5448 508 5508 accusatum,
563 5441 770 5495 deinde
789 5441 1113 5512 judicatum
1141 5453 1206 5491 ac
1232 5436 1469 5489 tandem
1501 5435 1774 5490 condem-

163 5540 382 5600 natum,
419 5529 735 5586 astantibus
766 5531 1129 5593 declarasset,
1167 5525 1227 5578 in
1262 5540 1521 5579 eremum
1553 5524 1777 5594 pulsum

1865 4367 1970 4431 tus,
2005 4383 2038 4419 a
2069 4365 2433 4436 quibusnam,
2469 4384 2683 4439 quaeso,
2700 4374 3019 4442 composita
3035 4375 3062 4430 ?
3086 4377 3250 4433 Certe
3271 4396 3387 4435 non
3406 4383 3478 4438 ab

1863 4455 2004 4521 aliis,
2033 4471 2206 4526 quam
2239 4472 2271 4509 a
2301 4457 2664 4512 saecularibus
2690 4460 3021 4518 hominibus
3040 4465 3148 4520 dici
3183 4473 3370 4538 potest
3389 4488 3481 4527 ex-

1864 4544 2134 4614 cogitata.
2172 4543 2435 4607 Quonam
2455 4550 2651 4600 autem
2673 4549 2848 4604 modo
2878 4568 2911 4605 a
2936 4553 3135 4623 primis
3157 4556 3479 4617 Carthusie-

1866 4631 1954 4685 nis
2008 4649 2072 4685 ac
2115 4632 2227 4686 suis
2267 4632 2474 4687 deinde
2523 4638 2938 4693 successoribus
2991 4642 3120 4696 talis
3170 4645 3383 4714 fabula,
3444 4667 3480 4706 a

1866 4721 2229 4776 saecularibus
2248 4721 2546 4791 fabricata,
2581 4741 2682 4796 pro
2709 4743 2772 4780 re
2795 4728 3087 4784 verissima
3117 4733 3340 4788 admitti
3371 4753 3476 4806 po-

1867 4810 1994 4878 tuit,
2028 4813 2086 4865 et
2111 4809 2429 4882 posteritati
2469 4829 2584 4867 suae
2619 4818 2736 4868 tam
2767 4816 3010 4873 ﬁrmiter
3036 4823 3093 4873 et
3123 4823 3334 4893 absque
3363 4827 3478 4882 ulla

1867 4916 2123 4972 unquam
2137 4899 2588 4956 contradictione
2606 4907 2703 4956 aut
2724 4906 3132 4963 reclamatione
3147 4913 3438 4968 transferri
3449 4915 3478 4969 ‘l

1867 4990 1929 5043 ld
1957 4989 2214 5060 profecto
2267 4990 2564 5044 moraliter
2608 4989 2955 5063 impossibile
2985 5013 3105 5050 esse
3151 5015 3322 5053 nemo
3355 5017 3474 5058 non

1867 5077 2038 5132 videt.
2077 5099 2103 5126 ››
2161 5078 2210 5130 Α
2269 5078 2471 5148 primis
2523 5084 2677 5134 certe
2723 5081 3130 5152 Carthusianis,
3185 5086 3243 5140 id
3291 5093 3395 5156 est,
3443 5109 3478 5146 a

1870 5167 1927 5222 S.
1957 5165 2239 5221 Brunonis
2267 5166 2431 5220 sociis
2473 5168 2748 5223 horumve
2780 5169 3063 5241 discipulis
3110 5175 3348 5230 feralem
3403 5179 3474 5232 de

1871 5255 2148 5310 damnato
2192 5257 2607 5322 narrationem,
2659 5258 2705 5311 si
2754 5259 2948 5312 fabula
2995 5261 3086 5329 sit,
3142 5281 3259 5318 non
3309 5265 3477 5320 fuisse

1875 5344 2230 5414 adoptatam,
2247 5348 2419 5418 atque
2433 5345 2503 5400 ad
2527 5349 2782 5415 posteros
2798 5349 3211 5420 transmissum,
3241 5354 3478 5425 quisque

1876 5432 2044 5487 facile
2070 5439 2342 5505 agnoscet
2370 5455 2383 5504 ;
2421 5449 2638 5499 verum,
2673 5434 2893 5506 inquiet
2922 5453 3039 5492 non
3063 5456 3259 5508 nemo,
3284 5442 3492 5514 quidni

1881 5522 2103 5579 factum
2129 5538 2248 5578 esse
2283 5528 2476 5599 queat,
2508 5523 2568 5576 ut
2601 5525 2935 5593 posterioris
2962 5529 3069 5585 aevi
3113 5528 3504 5597 Carthusiani,
