4224 6058
618 268 724 324 239

1440 254 1498 312 S.
1568 250 1914 310 BRUNONIS
1967 249 2598 309 CARTHUSLANORUM
2639 252 3105 309 lNSTlTUTORlS

3827 259 3936 314 2-10

618 395 680 451 id
695 397 799 461 est,
815 388 1130 464 quisaeculo
1142 383 1313 441 tertio
1336 382 1560 439 decimo
1575 381 1914 448 ﬂoruerunt,
1928 377 2227 434 historiam
2245 379 2304 440 Α
2325 375 2653 447 invenisset,
2681 378 2964 434 utfamuli
2981 379 3119 434 ante
3144 376 3580 448 nunciaverant,
3609 397 3842 438 aversus
3861 383 3936 438 ab

616 486 800 549 illam,
833 485 896 536 ut
924 483 986 534 ut
1014 473 1494 538 commentitiam,
1528 488 1632 543 pro
1665 487 1800 525 vera
1817 470 1887 524 ab
1912 468 2226 538 impostore

619 573 843 646 decepti
874 564 1248 639 acceperint?
1269 566 1389 618 lmo
1423 578 1554 616 vero
1586 560 1694 614 erit
1720 558 1993 623 fortassis,
2016 557 2111 628 qui
2136 556 2227 610 hic

617 667 1112 721 Blomenvennam
1145 649 1474 723 objiciat,in
1507 650 1773 703 contexta
1793 662 1899 701 ase
1923 646 1979 700 S.
2012 647 2228 699 Bruno-

614 755 704 810 nis
732 751 858 806 Vita
899 747 1010 802 tria
1047 745 1266 798 diversa
1298 741 1631 793 narrantem
1662 735 1945 806 prodigia,
1979 749 2224 806 quorum

613 858 796 898 unum
817 837 1050 910 quidem
1073 831 1232 888 omni
1266 827 1436 882 dubio
1473 826 1669 898 procul
1697 826 2094 878 commentum
2119 824 2222 886 est,

615 933 727 987 duo
758 944 891 982 vero
922 923 1168 994 reliquat
1197 913 1533 979 commenti,
1568 931 1639 968 ne
1671 913 1809 984 quid
1840 911 2221 982 pejusdicam,

610 1012 1114 1075 vehementissime
1134 1011 1266 1062 sunt
1284 1007 1561 1075 suspecta.
1587 1001 1717 1056 Tria
1734 1001 1830 1055 illa
1845 999 2110 1074 prodigia
2126 1016 2224 1054 seu

613 1108 802 1184 potius
825 1104 1066 1168 fabulas,
1096 1115 1168 1153 ne
1199 1095 1422 1151 sinistre
1454 1093 1524 1148 de
1560 1088 2226 1184 antiquisgarthusianis

611 1179 933 1271 suspicandi
965 1205 1163 1246 ansam
1196 1187 1416 1252 darem,
1450 1184 1508 1237 in
1541 1180 1796 1236 medium
1822 1179 1912 1233 hic
1941 1195 2058 1233 non

609 1265 763 1344 ferre
785 1283 1010 1339 animus
1069 1277 1325 1348 primum
1376 1274 1602 1338 fuerat;
1644 1286 1841 1324 verum
1894 1265 2224 1324 cumofﬁcii

613 1373 888 1434 meiratio
904 1371 1092 1440 exigat
1105 1371 1165 1420 ut
1179 1369 1300 1419 tam
1322 1380 1448 1434 quae
1480 1363 1699 1426 obesse,
1723 1376 1896 1432 quam
1932 1376 2058 1430 quae
2090 1374 2224 1429 pro-

613 1467 773 1522 desse
831 1457 1271 1517 Carthusianum
1313 1453 1384 1506 de
1437 1450 1701 1522 prodigio
1751 1465 1862 1520 quo
1921 1449 2110 1502 Bruno
2165 1447 2224 1500 in

615 1569 877 1613 cremum
917 1552 1072 1603 actus
1113 1544 1306 1609 fuerit,
1348 1539 1642 1600 traditioni
1691 1540 1929 1609 queunt,
1974 1535 2224 1590 studioso

612 1643 813 1700 lectori
843 1638 1166 1701 exhibeam,
1218 1649 1323 1687 nec
1354 1631 1507 1685 intra
1534 1643 1850 1699 paucorum
1903 1642 2109 1679 manus
2155 1624 2227 1677 sit

2325 465 2480 538 ipsis,
2509 470 2681 539 atque
2711 484 2843 522 cum
2877 466 3280 539 indignatione
3307 484 3629 525 recessurus
3652 470 3847 526 statim
3874 475 3938 526 ut

2326 556 2533 626 pedem
2566 556 2625 610 in
2656 555 2856 611 limine
2900 557 3107 629 posuit,
3158 560 3385 611 sanctus
3427 559 3619 614 Bruno
3650 575 3781 614 cum
3822 560 3938 615 suis

2325 644 3050 716 expergefactireverenter
3062 646 3393 718 episcopum
3415 647 3820 714 salutaverunt,
3843 649 3940 704 de-

2324 737 2483 787 votas
2513 733 2592 788 illi
2622 734 2936 806 gratiarum
2964 735 3219 790 actiones
3237 735 3552 790 referentes
3581 752 3685 807 pro
3708 736 3935 792 univer-

2325 821 2400 878 sis
2421 823 2710 878 beneﬁciis
2739 823 2846 878 sibi
2876 824 2947 878 ab
2979 841 3047 878 eo
3098 823 3337 879 collatis.
3370 825 3751 881 Consueverat
3778 825 3939 881 enim

2325 909 2443 983 ipse
2469 911 2765 984 episcopus
2819 912 2890 967 de
2934 912 3048 967 suis
3089 913 3453 969 facultatibus
3503 914 3583 969 eis
3625 915 3939 970 liberaliter

2325 1016 2588 1072 erogare,
2621 1004 2678 1055 et
2701 1001 2927 1072 singula
2957 1002 3278 1058 necessaria
3307 1002 3655 1059 ministrare.
3689 1006 3941 1060 Interro-

2324 1106 2468 1160 gans
2494 1094 2688 1145 autem
2714 1091 3013 1165 episc0pus
3037 1093 3386 1160 Brunonem,
3415 1093 3528 1149 ait:
3559 1093 3695 1158 Quaa
3717 1093 3836 1148 dies
3851 1095 3941 1148 est

2324 1178 2497 1234 hodie
2509 1179 2537 1234 ?
2549 1181 2622 1233 At
2639 1181 2733 1234 ille
2749 1181 3074 1252 respondit:
3096 1182 3397 1237 Dominica
3412 1182 3932 1255 Quinquagesimae.

2325 1268 2392 1322 Et
2421 1267 2717 1340 episcopus
2748 1286 2761 1324 :
2798 1269 3004 1336 Quare,
3058 1271 3264 1343 inquit,
3316 1272 3519 1326 tandiu
3566 1273 3830 1328 tardastis
3861 1274 3939 1330 ad

2322 1357 2630 1426 prandium
2644 1358 2670 1411 ‘P
2688 1358 2969 1413 Narrante
2992 1363 3186 1414 autem
3201 1361 3468 1415 Brunone
3480 1361 3743 1416 ordinem
3760 1365 3938 1433 gestae

2322 1443 2426 1510 rei,
2447 1449 2504 1498 et
2529 1446 2598 1500 de
2626 1446 3014 1517 disputatione
3036 1448 3352 1519 interipsos
3377 1450 3594 1517 habita,
3617 1451 3937 1523 episcopus,

2324 1533 2593 1589 accersito
2616 1536 2763 1590 clam
2795 1536 3186 1608 dispensatore
3215 1538 3420 1593 domus
3448 1556 3584 1607 suae,
3617 1541 3941 1612 interrogat

2326 1628 2519 1678 utrum
2548 1625 2767 1679 eaadem
2797 1626 2910 1680 sint
2935 1627 3022 1681 ha:
3047 1643 3247 1682 carnes
3277 1645 3417 1700 quas
3444 1629 3746 1685 Dominica
3765 1630 3944 1695 Quin-

613 1735 881 1790 contexta
909 1746 944 1782 a
991 1727 1420 1780 Blomenvenna
1468 1717 1646 1773 sancti
1700 1716 1877 1770 nostri
1929 1715 2073 1781 Vita,
2106 1714 2228 1785 ipsa
2254 1721 2304 1778 Β
2327 1713 2677 1785 quagesimze
2708 1713 3102 1770 ministrasset.
3135 1719 3209 1770 At
3230 1717 3323 1772 ille
3349 1719 3656 1790 diligenter
3686 1720 3946 1775 conside-

611 1819 904 1893 scriptoris
932 1816 1100 1886 hujus
1134 1813 1326 1877 verba,
1361 1808 1600 1880 praefata
1627 1805 1904 1860 miracula
1929 1821 2026 1858 seu
2042 1803 2229 1875 potius

612 1911 836 1968 fabulas
873 1901 1334 1975 complectentia,
1378 1899 1489 1975 huc
1522 1895 1862 1961 transcribo,
1911 1893 1982 1947 ad
2012 1893 2228 1946 calcem

617 1999 848 2063 deinde,
880 1999 1003 2050 tum
1031 2008 1158 2064 qua:
1189 2007 1255 2044 ex
1285 1987 1437 2042 hisce
1468 1989 1670 2041 contra
1693 1983 2008 2039 Parisiense
2039 1980 2230 2052 prodi-

617 2088 776 2161 gium
805 2084 1108 2138 difficultas
1129 2077 1366 2133 formari
1400 2079 1593 2148 queat,
1629 2078 1752 2127 tum
1795 2071 1934 2143 quid
1967 2071 2041 2125 ad
2078 2071 2228 2124 hanc

613 2172 951 2247 responderi
985 2170 1209 2234 debeat,
1243 2166 1586 2236 adjecturus.

687 2266 809 2320 396.
859 2261 947 2316 Sic
986 2260 1178 2330 itaque
1203 2256 1380 2311 habet
1428 2253 1520 2308 hic
1567 2250 1746 2306 sancti
1786 2249 1966 2305 nostri
1996 2249 2227 2320 biogra-

615 2356 800 2428 phus:
836 2374 863 2401 ‹‹
896 2350 1021 2404 Non
1069 2351 1154 2402 est
1200 2343 1426 2400 silentio
1459 2340 1926 2415 praetereundum
1980 2337 2136 2409 quod
2170 2336 2227 2390 in

614 2443 804 2516 primo
836 2440 1095 2511 ingressu
1125 2436 1186 2490 in
1218 2432 1596 2497 Carthusiam,
1631 2433 1942 2500 antequam
1961 2442 2227 2524 normam

612 2529 955 2586 sibivivendi
975 2525 1365 2588 instituissent,
1383 2520 1728 2593 stupendum
1751 2517 1961 2588 legitur
1981 2517 2230 2570 evenisse

616 2621 979 2677 miraculum.
1014 2617 1153 2671 Cum
1180 2612 1430 2684 quadam
1446 2610 1563 2664 vice
1579 2609 1779 2662 beatus
1805 2608 1964 2677 Hugo
1983 2623 2048 2659 ex
2068 2620 2231 2658 more

614 2727 778 2766 suam
807 2708 1131 2763 visitaturus
1155 2699 1428 2758 diocesim
1459 2698 1621 2771 (sicut
1642 2698 1698 2752 in
1721 2697 1981 2751 Adventu
2008 2699 2065 2749 et
2087 2694 2231 2758 Qua-

614 2798 940 2871 dragesima
965 2792 1357 2862 consueverat)
1396 2788 1741 2844 valediceret
1773 2786 2062 2850 fratribus,
2106 2801 2228 2839 eos-

616 2906 728 2961 que
776 2885 1164 2949 benediceret,
1220 2879 1482 2936 carnium
1542 2877 1854 2932 refectione
1881 2874 2072 2928 missa.
2108 2875 2231 2944 Ipsa

2327 1819 2483 1869 rans,
2516 1803 2749 1857 easdem
2781 1821 2900 1858 esse
2930 1805 3253 1860 reuunciat.
3285 1807 3441 1862 Tunc
3455 1809 3802 1880 stupefactus
3824 1809 3948 1881 epi-

2328 1907 2552 1964 scopus,
2585 1909 2888 1948 conversus
2915 1895 2986 1948 ad
3005 1895 3231 1961 fratres,
3260 1895 3340 1950 ait
3367 1913 3380 1950 :
3411 1897 3706 1964 Noveritis,
3735 1900 3946 1954 fratres

2328 1979 2444 2034 mei
2469 1980 2805 2047 charissimi,
2839 1981 2973 2052 quia
3012 1984 3185 2038 hodie
3233 1987 3319 2040 est
3365 1985 3509 2040 feria
3557 1990 3761 2058 quarta
3813 1991 3950 2060 post

2328 2067 2692 2124 Dominicam
2713 2071 3065 2125 Palmarum.
3096 2072 3353 2144 Cumque
3379 2074 3626 2129 ministri
3640 2075 3800 2146 jussu
3828 2076 3950 2148 epi-

2329 2156 2484 2227 scopi
2507 2173 2706 2212 carnes
2736 2159 2961 2214 auferre
2986 2161 3214 2223 vellent,
3243 2178 3376 2216 mox
3398 2166 3460 2217 ut
3482 2181 3578 2218 eas
3606 2165 3944 2236 tetigerunt,

2329 2264 2503 2301 versae
2531 2251 2664 2302 sunt
2689 2248 2746 2302 in
2781 2251 3096 2322 pulverem,
3129 2251 3470 2308 mirantibus
3501 2255 3717 2310 cunctis
3738 2259 3797 2310 et
3823 2259 3948 2311 stu-

2331 2337 2618 2410 pentibus.
2677 2338 2842 2402 Quod
2870 2356 3002 2394 cum
3042 2341 3339 2412 episcopus
3389 2343 3636 2411 vidisset,
3671 2363 3786 2400 una
3812 2362 3950 2401 cum

2331 2426 2552 2482 familia
2578 2445 2678 2482 sua
2708 2429 2868 2483 ﬂexis
2885 2431 3124 2501 genibus
3144 2431 3372 2486 veniam
3393 2450 3428 2487 a
3449 2439 3644 2490 sancto
3677 2437 3951 2491 Brunone

2332 2519 2390 2572 et
2417 2518 2688 2572 fratribus
2713 2519 3008 2575 humiliter
3037 2521 3328 2594 petierunt
3351 2541 3522 2596 super
3547 2525 3689 2580 falso
3701 2525 3948 2595 judicio,

2332 2624 2443 2678 quo
2481 2624 2577 2662 eos
2590 2608 2849 2678 judicare
2867 2614 3177 2680 coeperant.
3204 2613 3492 2668 Fratribus
3516 2632 3650 2670 vero
3672 2615 3824 2670 istud
3840 2617 3952 2671 fuit

2332 2697 2574 2764 occasio,
2628 2701 2689 2752 ut
2721 2699 2986 2754 carnibus
3014 2707 3292 2775 perpetuo
3321 2704 3606 2760 abstinere
3664 2723 3954 2780 propone-

2330 2790 2462 2840 rent
2487 2803 2499 2853 ;
2534 2787 2689 2858 quod
2721 2789 3111 2859 postmodum,
3134 2791 3258 2845 aliis
3288 2791 3578 2849 miraculis
3598 2796 3956 2852 succedenti-

2331 2875 2456 2942 bus,
2488 2876 2842 2932 strictissime
2869 2880 3148 2934 sancitum
3184 2897 3359 2952 usque
3390 2883 3562 2937 hodie
3587 2890 3836 2940 servant.

615 2976 916 3035 Dominica
945 2970 1459 3046 quinquagesimae,
1491 2969 1724 3065 peracto
1771 2964 1964 3064 divino
2015 2961 2227 3065 officio,
2258 3006 2305 3065 C
2405 2967 2528 3020 398.
2553 2965 2735 3065 «cal-io
2769 2984 3019 3065 namque
3051 2972 3320 3065 tempore.
3347 2972 3580 3065 quidam
3606 2973 3834 3065 juvenis
3853 2991 3954 3065 ge-

612 3077 758 3130 hora
821 3064 1070 3141 prandii,
1127 3059 1443 3118 benedictis
1498 3056 1655 3130 prius
1712 3054 1944 3118 mensis,
2004 3054 2230 3148 sanctus

614 3161 1016 3229 Bruno,homo
1039 3149 1307 3226 profundi
1327 3145 1534 3213 cordis,
1550 3146 1673 3200 loco
1691 3142 1950 3197 lectionis
1975 3141 2235 3195 admoni-

613 3255 834 3310 tionem
867 3241 1307 3301 saluberrimam
1333 3234 1649 3307 pr0posuit,
1685 3233 1836 3288 inter
1865 3231 1976 3285 alia
2007 3229 2228 3283 dicens:

615 3339 1017 3400 Attendamus,
1051 3347 1174 3396 oro,
1207 3329 1413 3382 fratres
1438 3322 1774 3388 charissimi,
1806 3321 1940 3392 quia
1968 3319 2234 3390 antiquus

615 3429 793 3488 hostis
824 3442 929 3481 nos
959 3419 1188 3490 decipit.
1220 3415 1492 3471 Venimus
1523 3412 1680 3466 enim
1707 3412 1766 3465 in
1800 3427 2058 3465 cremum
2089 3410 2236 3463 hanc

617 3520 692 3576 ad
711 3511 1111 3589 paenitentiam
1133 3504 1420 3577 agendam
1434 3518 1596 3557 more
1609 3500 1979 3589 antiquorum
2003 3501 2235 3589 Patrum

618 3587 778 3666 Pauli
807 3599 981 3675 primi
1013 3595 1290 3662 eremitaa,
1323 3591 1578 3657 Antonii,
1622 3589 1867 3656 Arsenii,
1913 3587 2234 3654 Hilarionis,

616 3691 906 3758 Macharii,
941 3693 1048 3744 etc.
1083 3681 1372 3755 Numquid
1393 3681 1451 3735 hi
1472 3679 1739 3734 carnibus
1761 3679 2153 3743 vescebantur,
2178 3679 2241 3728 ut

622 3805 728 3844 nos
783 3776 1104 3854 caapimus?
1155 3771 1596 3844 Responderunt
1634 3769 1706 3836 ei,
1739 3768 1836 3840 qui
1867 3768 1924 3822 in
1979 3765 2240 3837 opposita

613 3891 825 3934 “mensa
855 3868 1164 3926 sedebant:
1200 3865 1285 3917 An
1318 3877 1512 3915 sumus
1541 3875 1666 3925 nos,
1697 3856 2025 3912 venerande
2052 3858 2238 3922 Pater,

625 3963 878 4032 majores
907 3975 972 4012 ac
992 3954 1262 4010 meliores
1284 3946 1573 4020 apostolis,
1604 3945 1809 4016 quibus
1837 3944 2107 4015 prmcepit
2137 3945 2246 3998 Do-

628 4051 841 4114 minus,
874 4047 935 4099 in
967 4054 1371 4115 quamcunque
1404 4037 1644 4090 domum
1699 4033 2062 4092 intraveritis,
2109 4036 2240 4099 etc.,

629 4139 865 4197 edentes
892 4137 952 4189 et
987 4131 1268 4196 bibentes,
1303 4142 1430 4196 quae
1463 4123 1615 4192 apud
1641 4123 1765 4178 illos
1793 4125 1943 4176 sunt.
1978 4123 2244 4176 Brunone

627 4243 766 4283 vero
795 4238 925 4279 cum
955 4219 1086 4284 illis,
1120 4215 1216 4288 qui
1236 4215 1295 4268 in
1328 4229 1429 4267 sua
1458 4212 1736 4266 sedebant
1765 4227 1984 4278 mensa,
2018 4214 2245 4264 contra-

2335 3071 2475 3108 nere
2506 3054 2732 3121 nobilis,
2767 3056 3000 3127 egregie
3045 3057 3263 3124 doctus,
3306 3059 3366 3113 in
3405 3059 3579 3116 domo
3632 3062 3953 3118 Carthusiae

2334 3144 2686 3197 monachum
2731 3144 2977 3199 iuduens
3015 3147 3378 3202 laudabiliter
3410 3149 3469 3204 in
3511 3150 3730 3206 senium
3768 3170 3953 3224 usque

2331 3231 2485 3298 vixit,
2519 3231 2577 3286 in
2598 3232 2874 3304 spirituali
2901 3234 3014 3290 vita
3026 3236 3169 3291 adeo
3191 3238 3516 3308 proficiens,
3541 3245 3600 3295 ut
3629 3242 3955 3312 prophetiae

2337 3339 2566 3395 quoque
2597 3323 2860 3394 spiritum
2891 3325 3104 3379 habere
3138 3332 3479 3384 mereretur.
3507 3331 3592 3385 Ad
3626 3334 3956 3386 extremum

2337 3429 2469 3467 vero
2517 3413 2807 3466 confectus
2836 3415 2995 3469 senio
3053 3431 3183 3469 cum
3231 3417 3575 3488 aegritudine
3616 3420 3960 3490 gravissima

2339 3504 2652 3567 teneretur,
2684 3501 2909 3556 ardenti
2953 3503 3235 3558 desiderio
3267 3506 3430 3575 petiit
3471 3525 3504 3562 a
3555 3508 3765 3580 priore,
3819 3527 3960 3565 eum

2338 3589 2622 3654 visitante,
2657 3605 2857 3645 carnes
2887 3591 2991 3646 sibi
3023 3592 3359 3648 ministrari.
3411 3596 3484 3649 At
3511 3597 3604 3651 ille
3656 3602 3959 3670 reputans,

2340 3696 2494 3745 eum,
2532 3683 2740 3751 agente
2771 3680 2930 3734 senio
2957 3682 3046 3735 vel
3077 3682 3440 3753 aegritudine,
3492 3701 3609 3740 non
3643 3704 3762 3741 esse
3800 3705 3964 3742 sana:

2343 3768 2571 3834 mentis,
2596 3770 2694 3820 aut
2724 3773 2877 3822 certe
2909 3770 3128 3824 astutiis
3178 3773 3399 3844 antiqui
3427 3775 3605 3828 hostis
3654 3775 3834 3843 illudi,
3861 3777 3967 3832 illa

2341 3855 2460 3910 vice
2493 3856 2856 3911 dissimulans
2884 3858 3042 3912 abiit.
3076 3861 3208 3914 Post
3239 3864 3353 3915 tres
3372 3879 3504 3916 vero
3531 3863 3652 3917 dies
3679 3865 3969 3920 redeunte

2343 3945 2418 3998 ad
2445 3961 2506 3998 se
2540 3945 2756 4012 Priore,
2802 3945 3065 4001 infirmus
3095 3948 3376 4004 desiderio
3407 3953 3667 4006 carnium
3722 3957 3862 4007 aestu
3893 3970 3969 4007 ns

2347 4033 2504 4100 dixit,
2535 4051 2592 4088 se
2619 4034 2820 4106 gradia
2851 4035 2951 4089 Dei
3001 4053 3366 4108 nequaquam
3416 4044 3612 4095 mente
3645 4041 3966 4097 alienatum

2346 4123 2484 4178 talia
2510 4123 2712 4178 dixisse
2738 4142 2751 4192 ;
2776 4125 2872 4179 sed
2891 4127 3168 4196 quoniam
3189 4129 3377 4195 sciret,
3407 4147 3464 4184 se
3483 4148 3586 4202 pro
3613 4133 3969 4187 certomori-

2347 4217 2540 4268 turum
2571 4212 2678 4266 nisi
2707 4215 2966 4269 carnium
2998 4216 3103 4270 sibi
3134 4234 3264 4271 usus
3287 4221 3698 4275 concederetur
3725 4225 3816 4289 ;et
3836 4222 3972 4278 haec

629 4318 786 4375 rium
815 4309 1164 4372 tenentibus,
1187 4320 1365 4376 usque
1391 4303 1451 4357 in
1473 4317 1770 4372 vesperam
1795 4300 2100 4371 disputatio
2123 4317 2252 4370 pro-
2272 4293 2323 4351 D
2352 4302 2545 4356 dicens
2572 4302 2964 4356 obstetabatur
2992 4304 3271 4372 Priorem,
3304 4307 3411 4360 nisi
3429 4308 3583 4362 ocius
3604 4325 3704 4364 suo
3736 4309 3968 4364 deside-

633 4407 817 4460 tracta
841 4403 943 4455 est.
972 4395 1232 4453 Tandem
1257 4390 1481 4462 fatigati
1508 4390 1847 4444 inclinantes
1881 4405 1939 4443 se
1971 4405 2148 4460 usque
2179 4388 2251 4442 ad

637 4497 853 4547 terram
885 4483 1342 4544 obdormierunt.
1361 4481 1635 4534 Reversus
1654 4481 1848 4532 autem
1870 4495 1903 4531 a
1931 4477 2252 4532 visitatione

639 4580 939 4652 episcopus
969 4572 1124 4628 misit
1152 4569 1391 4624 nuncios
1420 4567 1493 4621 ad
1523 4569 1748 4620 sanctos
1777 4565 2000 4632 fratres,
2035 4567 2252 4638 signiti-

640 4686 777 4725 cans
799 4667 881 4722 eis
911 4664 981 4719 de
1010 4661 1196 4717 reditu
1226 4674 1351 4726 suo,
1383 4660 1439 4711 et
1494 4655 1648 4727 quod
1677 4671 1839 4709 more
1871 4655 2034 4710 solito
2087 4658 2256 4710 vellet

645 4754 930 4830 sequenti,
961 4753 1071 4806 hoc
1111 4753 1216 4816 est,
1248 4747 1341 4802 die
1388 4746 1575 4800 Cana:
1606 4743 1835 4798 Domini
1867 4761 2093 4799 sumere
2124 4761 2253 4799 cum

645 4847 727 4903 eis
751 4842 1090 4900 mandatum
1105 4852 1341 4892 novum.
1366 4833 1614 4888 Nuncius
1630 4836 1822 4887 autem
1846 4832 2142 4887 inveniens
2159 4850 2256 4888 eos

647 4932 1000 4990 dormientes
1015 4928 1177 4999 juxta
1212 4940 1458 4987 mensas,
1493 4922 1722 4976 intuens
1747 4920 1915 4974 simul
1947 4937 2146 4975 carnes
2175 4922 2260 4976 fu-

646 5025 872 5079 mantes
902 5033 1074 5089 supra
1101 5029 1352 5080 mensas,
1371 5010 1777 5066 scandalisatus
1793 5010 1976 5076 valde,
2001 5026 2257 5064 reversus

645 5106 997 5168 renuntiavit
1023 5103 1260 5159 domino
1291 5117 1392 5155 suo
1425 5116 1553 5171 qua:
1583 5099 1821 5154 viderat.
1849 5097 2039 5152 Atille
2073 5099 2257 5152 verbis

646 5198 797 5254 illius
827 5212 942 5249 non
971 5192 1214 5248 credidit
1241 5191 1425 5244 donec
1454 5187 1664 5242 nuncio
1689 5187 1938 5241 secundo
1974 5186 2257 5258 tertioque

647 5286 846 5349 misso,
873 5282 1032 5337 idem
1061 5278 1450 5334 nunciaretur.
1485 5297 1513 5324 ››

720 5375 844 5427 397.
877 5369 1236 5441 Stupefactus
1269 5366 1584 5439 episcopus,
1617 5379 1724 5418 nec
1749 5363 1932 5417 adhuc
1949 5363 2124 5418 ﬁdem
2155 5363 2254 5419 ad-

647 5459 852 5524 hibuit,
887 5459 1199 5527 dicensque
1236 5474 1250 5511 :
1301 5455 1414 5510 Nisi
1442 5455 1561 5526 ipse
1601 5453 1820 5520 videro,
1853 5469 1969 5507 non
1998 5453 2252 5521 credam,

643 5558 878 5607 ascenso
899 5559 1082 5622 equo,
1111 5544 1269 5600 venit
1311 5544 1372 5600 in
1416 5547 1698 5602 montem.
1731 5541 1835 5599 Ubi
1875 5559 2008 5598 eum
2058 5542 2257 5600 omnia

2351 4390 2437 4445 rio
2467 4390 2837 4456 satisfaceret,
2859 4391 2928 4443 de
2941 4409 3041 4446 sua
3059 4394 3318 4448 mortein
3347 4395 3644 4466 diejudicii
3673 4398 3970 4454 rationem

2353 4495 2411 4532 se
2440 4478 2798 4533 redditurum
2843 4480 3030 4534 sciret.
3065 4481 3278 4545 Quibus
3331 4485 3556 4552 auditis,
3592 4486 3754 4542 Prior
3777 4487 3972 4542 sciens

2354 4568 2648 4622 infirmum
2665 4568 2850 4623 virum
2866 4586 2985 4624 esse
3003 4576 3284 4640 sanctum,
3300 4577 3547 4629 multum
3563 4593 3972 4648 expavescens,

2354 4662 2698 4712 conventum
2733 4661 3063 4714 convocavit
3091 4665 3147 4716 et
3177 4679 3300 4717 rem
3332 4681 3566 4720 omnem
3593 4666 3870 4738 exposuit.
3895 4669 3978 4723 At

2355 4747 2436 4801 illi
2462 4747 2826 4802 concorditer
2853 4748 3247 4817 decreverunt,
3281 4756 3342 4806 ut
3368 4753 3428 4806 in
3446 4759 3703 4809 extrema
3725 4756 3978 4811 necessi-

2357 4839 2473 4890 tate
2503 4836 2810 4890 constituto
2830 4853 3031 4892 carnes
3061 4839 3542 4897 ministrarentur.
3574 4846 3978 4916 Interrogatus

2357 4924 2565 4978 deinde
2594 4925 2877 4993 infirmus,
2897 4945 3037 5000 quas
3081 4931 3439 5000 potissimum
3463 4949 3664 4988 carnes
3681 4933 3978 4991 desidera-

2355 5017 2462 5080 ret,
2490 5015 2805 5084 respondit,
2839 5018 3102 5089 perdicis.
3137 5019 3454 5094 Statimque
3484 5023 3668 5090 Prior,
3691 5024 3975 5079 accersito

2349 5103 2559 5173 juvene
2591 5103 2843 5175 quodam
2884 5107 3077 5163 nobile
3120 5111 3405 5166 monacho
3445 5112 3659 5168 novitio
3712 5113 3782 5168 de
3823 5115 3974 5169 Gra-

2357 5191 2655 5263 tianopoli,
2692 5193 2861 5263 jussit
2885 5198 2947 5248 ut
2977 5212 3011 5249 a
3039 5199 3403 5253 venatoribus
3452 5205 3744 5273 acceptam
3776 5203 3979 5274 perdi-

2357 5298 2483 5335 cem
2539 5282 2738 5336 afferet
2764 5282 3014 5340 inﬁrmo.
3041 5287 3138 5341 Ille
3186 5305 3320 5342 vero
3350 5288 3470 5344 sine
3519 5307 3685 5345 mora
3729 5307 3972 5362 perrex-

2355 5373 2478 5424 tum
2505 5374 2741 5441 propter
2769 5374 3077 5444 superioris
3106 5376 3516 5446 obedientiam,
3557 5382 3680 5434 tum
3724 5385 3971 5452 propter

2354 5459 2694 5516 charitatem
2707 5463 3176 5534 ergainﬁrmum,
3195 5467 3278 5540 cuj
3289 5485 3352 5522 us
3363 5467 3671 5543 discipulus
3681 5470 3889 5539 fuerat,
3905 5475 3970 5529 et
