4224 6058
201 214 299 268 ΞΗ

1776 209 1956 266 ACTA.

3423 212 3534 276 242

199 354 326 392 non
345 335 656 392 attendens
680 333 764 389 ire
821 337 1082 406 pontem,
1135 350 1239 408 per
1281 349 1453 406 quem
1494 333 1894 402 communisA
1923 339 2117 392 tamen
2151 337 2463 396 velidcirco
2501 339 2759 406 autum-0,
2811 337 2968 409 quod
3011 339 3132 392 tam
3163 337 3306 405 hac,
3346 353 3524 409 quam

200 430 328 482 erat
353 425 642 492 transitus,
675 441 848 496 super
861 440 1038 496 aquas
1053 423 1598 492 ambulans,ﬂumen
1633 427 1816 478 trans-

197 514 324 582 ivit,
361 514 739 586 celeriterque
771 513 1063 584 perdirem
1077 513 1283 569 attulit.

274 607 401 660 399.
441 627 470 655 ι(
497 603 680 669 Quam
717 620 844 658 cum
869 603 1032 658 Prior
1061 604 1278 675 optime
1307 606 1528 660 coctam
1558 604 1813 674 inﬁrmo,
1846 612 1853 620 '

197 697 490 766 praesente
506 697 814 761 conventu,
831 696 1254 766 praesentasset,
1271 694 1364 749 ille
1381 694 1742 766 suspiciciens
1755 695 1815 749 in

196 783 412 838 caelum
453 799 585 838 cum
637 781 908 854 lacrymis
943 782 1052 838 ait:
1097 782 1343 838 Domine
1395 784 1526 838 Jesu
1574 784 1814 852 Christe,

194 872 409 927 exaudi
439 887 536 927 me
564 874 927 942 peccatorem
954 871 1240 926 famulum
1269 876 1452 940 tuum,
1486 872 1820 944 suppliciter

196 965 542 1035 precantem
557 961 876 1017 bonitatem
899 965 1077 1029 tuam,
1092 965 1174 1028 ut,
1195 961 1240 1016 si
1260 961 1363 1016 iste
1377 966 1494 1016 tam
1510 962 1822 1017 vehemens

199 1051 495 1123 appetitus
526 1054 636 1106 tute
666 1055 751 1105 est
778 1051 1016 1122 placitus
1040 1050 1338 1118 voluntati,
1369 1051 1821 1124 proveniatmihi

202 1140 276 1194 ad
289 1141 540 1195 salutem
554 1141 809 1214 corporis
822 1145 880 1195 et
893 1141 1101 1195 anima:
1116 1142 1224 1196 hoc
1241 1140 1516 1195 edulium.
1536 1141 1634 1196 Sin
1659 1141 1818 1209 alias,

201 1228 713 1299 piissimeDomine
727 1230 822 1302 qui
850 1230 1266 1285 vitaaetmortis
1292 1234 1452 1285 tenes
1487 1231 1818 1302 imperium,

203 1317 468 1389 digneris
497 1319 629 1374 huic
659 1323 934 1374 creaturae
967 1323 1098 1387 tuae,
1132 1337 1260 1391 quae
1292 1321 1408 1375 mei
1431 1338 1601 1376 causa
1639 1319 1822 1376 occisa

203 1411 307 1473 est,
342 1407 740 1476 reddevitam,
802 1412 865 1462 ut
912 1409 1146 1463 avolans
1176 1409 1236 1463 in
1285 1409 1435 1465 viam
1491 1426 1654 1464 suam
1714 1425 1820 1463 nos

197 1496 457 1551 famulos
481 1500 608 1552 tuos
659 1513 1004 1568 cognoscere
1035 1497 1228 1566 faciat,
1285 1498 1648 1560 contrarium
1697 1513 1818 1553 esse

202 1585 490 1640 voluntati
513 1588 647 1652 tuas,
662 1603 756 1640 me
777 1587 864 1641 vel
880 1603 1282 1658 quemcunque
1297 1590 1509 1642 nostra;
1524 1585 1820 1658 religionis

1920 425 2197 496 primum,
2233 430 2701 498 utperpetuama
2731 427 2999 480 carnibus
3044 425 3454 480 abstinentiam
3489 443 3523 480 a

1920 514 2322 583 Carthusianis,
2348 516 2664 587 periculose
2687 515 2861 571 etiam
2877 514 3374 581 decumbentibus,
3412 531 3526 569 ser-

1915 604 2416 672 varisolitam,Deo
2436 605 2674 661 omnino
2695 604 2932 677 probari
2949 607 3151 660 contra
3178 604 3528 658 obtrectaro-

1916 711 2008 748 res
2019 695 2437 764 ostenderetur,
2454 696 2700 750 conficta
2718 695 2890 750 fuisse
2908 693 3228 761 videantur,
3246 692 3528 764 uniceque

1915 783 2068 838 hunc
2101 784 2161 839 in
2191 785 2369 840 ﬁnem
2394 803 2427 840 a
2448 785 2900 852 Blomenvenna,
2925 799 3055 846 cum
3080 782 3205 854 jam
3239 785 3373 837 ante
3399 781 3534 836 tuis-

1918 876 2046 927 sent
2066 873 2328 941 conﬁcta,
2355 873 2415 929 in
2457 891 2790 946 eam,quam
2811 871 3122 938 contexuit,
3151 871 3210 927 S.
3247 869 3531 926 Brunonis

1919 964 2105 1018 Vitam
2136 963 2251 1016 sint
2277 963 2531 1018 illata.At
2555 962 2940 1034 vero,inquiet
2979 977 3096 1018 non
3130 975 3465 1026 nemo,cum
3499 974 3531 1012 e

1920 1051 2240 1120 tribusillis,
2263 1069 2390 1124 quae
2406 1052 3038 1119 Blomenvennarefert,
3059 1049 3336 1124 prodigiis
3347 1062 3531 1102 unum

1921 1141 2174 1208 indubie,
2212 1141 2323 1196 duo
2349 1141 2569 1213 reliqua
2586 1141 2985 1196 verosimiliter
2997 1141 3110 1194 sint
3133 1137 3357 1202 ﬁctitia,
3393 1133 3535 1207 quid

1921 1229 1966 1284 si
1997 1247 2134 1301 ergo
2164 1230 2300 1285 olim
2324 1230 2498 1284 etiam
2519 1229 2736 1284 fuerint
2765 1229 2824 1283 in
2859 1228 3389 1290 Carthusianorum,
3414 1240 3532 1278 non

1921 1331 2079 1370 secus
2105 1320 2277 1389 atque
2294 1318 2353 1372 in
2366 1319 2612 1373 aliorum
2627 1319 2897 1373 ordinum
2922 1311 3535 1381 monasteriis,inventi

1920 1403 2024 1458 viri
2061 1405 2140 1475 pii
2190 1406 2445 1477 quidem,
2481 1407 2581 1462 sed
2629 1407 2798 1462 simul
2826 1406 2904 1460 ita
2935 1404 3238 1476 simplices,
3273 1406 3336 1456 ut
3386 1417 3537 1456 nova

1918 1507 2023 1564 pro
2055 1494 2292 1549 arbitrio
2314 1495 2598 1567 prodigia,
2623 1513 2749 1568 quia
2770 1497 2861 1550 vel
2891 1495 2964 1550 ad
2985 1493 3203 1548 ordinis
3233 1491 3317 1546 sui
3337 1492 3532 1562 splen-

1921 1581 2122 1636 dorem
2140 1584 2846 1656 commendationemque,
2860 1584 2947 1637 vel
2967 1582 3040 1636 ad
3064 1581 3164 1636 Dei
3179 1583 3539 1635 sanctorum-

197 1675 558 1730 monachum
598 1691 937 1746 quacunque
993 1676 1290 1731 occasione
1346 1677 1434 1730 vel
1483 1676 1819 1731 inﬁrmitate
1850 1660 1901 1720 Β
1919 1687 2029 1742 que
2048 1673 2295 1742 gloriam
2316 1674 2726 1739 conducerent,
2754 1670 3114 1728 comminisci
3141 1670 3248 1724 sibi
3268 1669 3354 1724 fas
3373 1673 3536 1740 puta-

201 1778 408 1816 carnes
423 1763 750 1818 comedere.
782 1764 1116 1836 Cumquein
1147 1764 1513 1822 conclusione
1544 1764 1819 1820 orationis

203 1867 432 1920 omnes,
451 1851 549 1923 qui
565 1852 826 1920 aderant,
842 1854 1270 1926 respondissent
1288 1855 1493 1922 Amen,
1513 1854 1662 1910 illico
1675 1854 1815 1922 avis,

203 1944 460 2012 recepta,
491 1940 622 2008 vita,
645 1941 855 2013 plumis
868 1943 1069 1997 vestita
1097 1942 1402 2015 repentino
1422 1944 1616 1998 volatu
1636 1943 1818 2015 dispa-

204 2029 338 2096 ruit,
365 2028 694 2085 videntibus
715 2031 931 2086 cunctis
954 2031 1050 2103 qui
1082 2031 1341 2099 aderant,
1376 2035 1433 2086 et
1457 2033 1818 2103 stupentibus

207 2133 270 2172 ac
300 2117 520 2188 gratias
535 2119 828 2190 agenticus
852 2121 990 2187 Deo,
1021 2119 1116 2191 qui
1138 2120 1274 2174 facit
1292 2120 1580 2176 mirabilia
1599 2137 1818 2194 magna

208 2206 266 2264 in
288 2208 435 2262 caelo
452 2211 511 2262 et
526 2207 585 2262 in
610 2211 783 2264 terra.
809 2209 933 2264 Alio
957 2209 1132 2264 etiam
1151 2213 1410 2281 tempore
1435 2227 1565 2264 cum
1579 2211 1816 2282 quidam

211 2296 466 2367 episcopi
497 2300 555 2352 et
591 2297 718 2364 alii,
739 2301 872 2352 ante
890 2298 1440 2371 Quinquagcsimam
1458 2299 1816 2356 Carthusiam

204 2383 796 2452 venientes,vidissent
816 2386 1096 2457 quosdam
1117 2403 1282 2441 senes
1295 2387 1530 2454 debiles,
1554 2388 1814 2444 carnium

203 2473 475 2528 carentia:
533 2473 644 2528 hoc
707 2475 1103 2542 attribuentes,
1158 2480 1507 2547 rogaverunt
1547 2477 1814 2533 Priorem

203 2562 638 2632 instantissime,
693 2567 754 2618 ut
779 2563 996 2620 debiles
1024 2565 1103 2619 illi
1149 2565 1220 2620 de
1268 2566 1556 2634 carnibus,
1609 2567 1815 2639 quibus

201 2655 351 2707 totus
375 2652 631 2707 mundus
647 2653 743 2708 illo
765 2653 826 2708 in
854 2658 1116 2725 tempore
1146 2659 1426 2724 uteretur,
1460 2657 1696 2729 aliquod
1717 2658 1815 2711 ha-

201 2739 410 2796 berent
427 2741 844 2810 refocillamen,
871 2743 1170 2811 addentes,
1201 2745 1414 2800 multos
1439 2746 1637 2800 doctos
1663 2746 1814 2801 viros

204 2833 258 2882 et
275 2829 538 2884 timuisse
560 2835 618 2885 et
634 2831 934 2886 timerede
955 2832 1138 2887 nimia
1157 2833 1216 2887 in
1231 2833 1338 2888 hoc
1349 2833 1567 2888 ordinis
1581 2834 1810 2890 duritia.

1917 1764 2067 1827 rent,
2100 1778 2278 1833 reque
2310 1762 2432 1834 ipsa
2457 1763 2633 1818 etiam
2663 1764 2871 1817 saaculo
2927 1761 3098 1815 tertio
3135 1758 3383 1825 decimo,
3417 1774 3533 1829 quo

1917 1849 2206 1920 prmcipue
2231 1852 2425 1921 plures
2445 1843 2654 1905 fabulis
2676 1848 2965 1921 ﬁngendis
2997 1864 3236 1918 operam
3267 1847 3326 1900 in
3351 1862 3539 1901 cano-

1917 1937 2030 1994 biis
2049 1938 2272 1995 dedisse
2304 1943 2638 2008 noscuntur,
2673 1939 2956 1994 nonnulla
2970 1936 3213 1992 subinde
3232 1935 3348 1990 sint
3375 1952 3534 1990 com-

1917 2029 2143 2084 menti?

1987 2119 2112 2172 401.
2147 2118 2294 2183 Quid
2325 2119 2370 2174 si
2397 2136 2427 2175 e
2459 2119 2806 2175 commentis
2821 2117 2930 2174 illis
2963 2135 3145 2173 unum
3177 2116 3250 2173 sit
3281 2115 3533 2172 doctoris

1918 2208 2198 2278 tantisper
2227 2208 2482 2275 redivivi,
2517 2209 2614 2281 qui
2655 2225 2776 2265 sese
2832 2209 3198 2276 damnatum,
3231 2206 3457 2279 publice
3503 2223 3535 2261 θ

1918 2294 2134 2352 feretro
2163 2298 2558 2368 proclamarit,
2591 2298 2953 2353 horrendum
2984 2297 3338 2370 prodigium,
3375 2296 3529 2350 dicto

1919 2387 2126 2442 smculo
2157 2387 2327 2442 tertio
2357 2389 2581 2443 decimo
2608 2388 2864 2460 primum
2895 2387 3118 2454 litteris,
3147 2387 3228 2441 uti
3257 2404 3326 2441 ex
3357 2401 3534 2456 supra

1919 2475 2084 2531 dictis
2114 2477 2315 2549 liquet,
2349 2481 2823 2534 commendatum
2849 2477 2877 2531 ‘2
2905 2477 3054 2540 Quid
3104 2476 3149 2530 si
3180 2475 3240 2531 id
3267 2479 3427 2540 tunc,
3473 2477 3536 2527 ut

1915 2564 2044 2619 vita:
2075 2567 2494 2636 austerissimaa,
2531 2585 2564 2622 a
2597 2567 2655 2622 S.
2699 2569 2968 2621 Brunone
3000 2565 3295 2631 institutas,
3358 2579 3534 2635 quam

1918 2654 2185 2709 nonnulli
2218 2655 2356 2710 olim
2402 2657 2739 2726 carpebant,
2784 2655 2932 2710 ratio
2962 2654 3323 2719 redderetur,
3358 2651 3535 2706 fuerit

1916 2744 2260 2798 conﬁctum?
2285 2745 2363 2799 Eo
2382 2744 2675 2798 deducunt
2701 2746 2884 2798 relata
2900 2761 2934 2797 a
2961 2744 3392 2797 Blomenvenna
3403 2755 3535 2812 pro-

1918 2830 2070 2900 digia
2083 2848 2182 2886 seu
2201 2832 2390 2904 potius
2417 2833 2716 2903 ﬁgmenta.
2749 2832 2983 2899 Verum,
3016 2830 3296 2902 quidquid
3309 2830 3400 2897 sit,
3426 2845 3532 2884 nec

202 2917 343 2972 Cum
364 2935 504 2974 vero
552 2919 716 2976 Prior
739 2922 1064 2977 nullatenus
1094 2922 1414 2990 assentiret,
1465 2927 1816 2994 rogaverunt
1841 2953 1888 3011 Ο
1915 2918 2040 2973 haec
2070 2920 2258 2975 facere
2294 2925 2535 2992 possunt
2561 2925 2622 2975 ut
2657 2921 2901 2975 feralem
2928 2920 3189 2974 damnati
3229 2919 3530 2974 historiam

199 3009 260 3060 ut
288 3007 494 3061 saltem
527 3023 630 3079 pro
659 3025 717 3064 se
742 3012 801 3064 et
825 3009 939 3063 suis
962 3010 1268 3065 comitibus
1287 3028 1488 3065 carnes
1518 3011 1634 3066 emi
1663 3011 1815 3066 face-

202 3099 310 3149 ret.
346 3094 497 3158 Quid
560 3097 790 3152 multa?
819 3098 1039 3170 Empta:
1101 3115 1303 3153 carnes
1337 3100 1810 3172 Carthusiamque

199 3184 462 3255 perlatae,
516 3185 726 3254 apertis
771 3187 1070 3241 sarcinulis
1113 3189 1500 3242 cernebantur
1537 3205 1712 3243 versae
1756 3187 1814 3242 in

197 3290 362 3329 veros
384 3278 444 3328 et
475 3275 726 3345 optimos
744 3276 946 3348 pisces,
969 3279 1180 3346 colore,
1209 3279 1407 3347 odore,
1435 3294 1660 3348 sapore.
1689 3278 1812 3342 Quo

195 3361 334 3429 viso,
369 3363 554 3430 Prior,
587 3364 842 3433 Videtur,
880 3365 1085 3438 inquit,
1112 3367 1246 3439 quia
1272 3384 1391 3422 non
1424 3371 1509 3422 est
1548 3369 1813 3422 voluntas

195 3450 451 3519 Domini,
500 3454 560 3506 ut
605 3453 872 3508 carnibus
917 3471 1154 3509 carnem
1197 3455 1538 3511 nutriamus.
1591 3456 1810 3512 Deinde

194 3539 382 3610 pisces
411 3539 558 3596 cocti
589 3541 893 3596 conventui
911 3547 969 3596 et
984 3543 1108 3597 aliis
1127 3547 1260 3597 sunt
1292 3544 1591 3616 propositi,
1638 3549 1809 3616 atque

193 3643 401 3682 eorum
421 3632 588 3699 gustu
613 3627 828 3684 infirmi
862 3647 926 3684 ac
947 3631 1163 3685 debiles
1194 3631 1377 3686 sanati
1399 3636 1456 3686 et
1477 3633 1806 3700 confortati,

192 3715 321 3770 Non
350 3716 722 3772 crediderunt
750 3718 1202 3790 episcopicarces
1217 3719 1274 3774 in
1291 3720 1472 3791 pisces
1485 3737 1805 3776 conversas.

196 3803 386 3860 donec
443 3805 736 3864 mit-lentes
775 3808 848 3862 ad
875 3809 1119 3863 macella
1150 3813 1208 3864 et
1237 3809 1672 3882 diligentissime
1716 3812 1805 3865 in-

193 3892 513 3964 quirentes,
541 3895 611 3950 de
641 3898 699 3949 te
729 3898 851 3952 tam
879 3897 1162 3968 stupenda
1187 3897 1616 3954 evidentissima
1648 3899 1808 3954 testi-

193 3980 398 4036 monia
426 3982 753 4040 audierunt.
783 4004 810 4033 ››

261 4071 392 4126 400.
421 4069 577 4126 Talia
589 4075 723 4127 sunt
743 4072 854 4128 tria
865 4073 1091 4130 diversa
1111 4091 1145 4130 a
1163 4075 1598 4149 Blomenvenna
1623 4078 1806 4132 relata

189 4157 466 4230 prodigia
495 4176 510 4214 :
543 4176 607 4216 ac
633 4159 886 4232 primum
917 4163 1153 4235 quidem
1180 4180 1248 4219 ex
1273 4164 1384 4230 his,
1417 4169 1480 4220 ut
1513 4166 1640 4237 jam
1667 4167 1801 4236 dixi,

1917 3023 2022 3078 pro
2034 3007 2355 3064 indubitato
2370 3014 2701 3064 commento
2717 3009 2981 3063 fabulave
2999 3007 3530 3082 habeam,magtime

1917 3095 1976 3150 in
2009 3098 2302 3167 opinione,
2324 3116 2439 3170 qua
2461 3098 2578 3165 illa,
2594 3099 2674 3153 uti
2715 3099 2806 3153 hic
2831 3098 3007 3152 modo
3032 3097 3116 3164 ﬁt,
3152 3113 3272 3151 non
3301 3095 3526 3167 publice

1917 3202 2112 3241 coram
2139 3187 2448 3242 innumera
2463 3187 2890 3260 propemodum
2905 3186 3101 3257 populi
3133 3184 3524 3251 multitudine,

1916 3276 2017 3330 sed
2047 3276 2200 3331 intra
2228 3277 2479 3348 privatos
2510 3278 2717 3333 domus
2745 3277 2999 3332 defuncti
3051 3276 3299 3348 parietes
3327 3291 3525 3330 coram

1912 3366 2108 3435 paucis
2133 3366 2408 3421 duntaxat
2438 3367 2590 3421 facta
2611 3366 2896 3420 statuitur.
2927 3365 3153 3419 Etenim
3176 3381 3282 3419 nec
3304 3365 3523 3430 omnia,

1912 3472 2040 3527 quae
2061 3456 2250 3511 saeculi
2282 3455 2491 3510 decimi
2516 3455 2666 3510 tertii
2700 3455 3004 3526 scriptores
3028 3454 3087 3509 in
3121 3455 3339 3509 litteras
3360 3453 3526 3508 mise-

1911 3548 2068 3611 runt,
2094 3544 2492 3599 commentitia
2518 3547 2671 3611 sunt,
2687 3560 2813 3611 nec,
2829 3544 2932 3598 etsi
2955 3544 3526 3614 triaprzememorata

1910 3633 2174 3706 prodigia
2205 3649 2302 3686 seu
2333 3632 2523 3704 potius
2553 3636 2888 3687 commenta
2937 3649 2970 3686 a
3000 3634 3431 3686 Blomenvenna
3460 3633 3521 3685 in

1912 3722 1968 3778 S.
2000 3719 2281 3775 Brunonis
2307 3720 2496 3774 Vitam
2513 3721 2624 3774 sint
2652 3720 2832 3788 illata,
2866 3738 2934 3775 ea
2963 3720 3258 3775 universus
3288 3721 3524 3774 Carthu-

1909 3811 2203 3865 sianorum
2233 3809 2373 3863 ordo
2405 3825 2511 3879 pro
2541 3808 2689 3862 veris
2715 3812 2814 3863 aut
2849 3809 3065 3862 habere
3111 3812 3210 3862 aut
3239 3824 3517 3878 umquam

1907 3898 2172 3953 habuisse
2205 3897 2677 3968 deprehenditur,
2693 3897 3052 3968 videturque,
3069 3895 3312 3967 proinde
3333 3897 3380 3950 is
3412 3912 3518 3949 nec

1906 4003 2010 4058 pro
2038 4003 2172 4042 vero
2204 3987 2379 4041 etiam
2410 3986 2872 4057 indubitatoque,
2909 3986 2990 4039 uti
3036 3989 3370 4040 constanter
3412 4001 3519 4055 per

1905 4077 2072 4147 plura
2085 4077 2292 4130 saecula
2315 4075 2439 4146 jam
2457 4074 2678 4142 habuit,
2698 4073 3000 4128 habiturus
3014 4073 3183 4128 fuisse
3199 4073 3516 4128 Parisiense

1904 4163 2256 4235 prodigium,
2291 4164 2334 4218 si
2366 4166 2760 4219 commentum
2793 4164 3091 4218 dumtaxat
3117 4163 3427 4235 fabulaque
3459 4163 3518 4217 id

190 4246 550 4304 omnidubio
579 4252 778 4322 procul
807 4253 1271 4308 commentitium
1292 4257 1397 4308 est.
1422 4255 1600 4327 Guigo
1623 4255 1800 4324 enim,
1827 4245 1881 4304 D
1906 4251 2118 4307 fuisset.
2141 4253 2212 4307 Ut
2241 4256 2305 4306 ut
2345 4251 2436 4319 sit,
2474 4252 2670 4322 opinio
2695 4251 2987 4324 equidem,
3047 4268 3173 4323 quas
3219 4251 3516 4306 Parisense

190 4334 430 4407 quintus
453 4336 954 4408 Carthusiae-Prior,
981 4340 1040 4396 in
1071 4341 1197 4397 Vita
1214 4341 1271 4397 S.
1292 4343 1567 4415 ﬁngente,
1584 4345 1804 4401 Gratia-

188 4425 515 4497 nopolitani
557 4428 830 4500 episcopi,
867 4429 1015 4484 illius
1046 4447 1164 4486 non
1218 4433 1530 4502 meminit;
1564 4434 1804 4491 dubium

188 4519 396 4574 autem
404 4517 627 4572 nullum
646 4518 895 4590 est,qm'n
907 4519 1238 4590 prodigium
1248 4521 1348 4592 huj
1357 4522 1806 4596 usmodi,u.t‘pote

187 4603 363 4662 simul
393 4609 448 4661 et
473 4606 550 4661 ad
573 4606 1038 4662 Carthusiensem
1049 4608 1315 4664 ordinem
1329 4614 1386 4664 et
1413 4611 1803 4684 ad-Hugonem

186 4693 790 4766 Gratianopolitanum
817 4696 1170 4770 episcopum,
1195 4699 1532 4772 quipartem
1567 4719 1684 4759 non
1702 4703 1808 4757 mi-

186 4781 420 4837 nimam
449 4782 514 4838 in
539 4800 610 4840 eo
629 4784 943 4851 habuisset,
973 4789 1256 4856 spectans,
1281 4787 1636 4861 b-iographus
1657 4789 1722 4858 is,
1757 4791 1803 4846 si

185 4870 528 4941 contigisset
544 4873 1091 4946 umquam,sciturus
1102 4875 1421 4948 scitumque
1438 4892 1803 4934 commemo-

185 4959 708 5022 raturusfuissetin
741 4962 1142 5028 lucubratione
1182 4980 1296 5036 qua
1325 4963 1383 5020 S.
1438 4965 1695 5038 Hugonis
1730 4967 1807 5021 vi-

191 5052 314 5104 tam
348 5064 592 5105 omnem
624 5054 900 5123 gestaque
935 5052 1111 5108 etiam
1158 5053 1350 5111 minus
1403 5055 1807 5111 memorabilia

188 5137 630 5209 diligentissime
644 5142 1092 5212 estcomplexus,
1112 5142 1276 5206 Quod
1299 5159 1432 5197 vero
1461 5143 1712 5214 pertinet
1731 5145 1806 5200 ad

189 5227 310 5282 duo
340 5227 456 5282 alia
476 5228 759 5302 prodigia,
791 5246 826 5285 a
856 5230 1282 5287 Blomenvenna
1299 5230 1517 5302 pariter
1550 5249 1807 5288 comme-

191 5320 446 5384 morata,
469 5320 611 5373 eunt
626 5321 684 5372 et
709 5318 852 5387 hac,
884 5321 949 5372 ut
964 5316 1089 5388 jam
1124 5317 1346 5387 monui,
1378 5319 1808 5376 verosimillime

190 5407 624 5479 commenta-ia;
652 5408 755 5465 etsi
781 5408 965 5478 enim,
995 5425 1112 5482 quo
1149 5408 1215 5464 id
1235 5409 1450 5465 invicte
1501 5410 1810 5481 probatum

192 5495 292 5564 sit,
341 5500 754 5571 argumentum
807 5503 902 5557 sat
927 5496 1201 5554 validum
1236 5497 1703 5569 haudisappeta-t,
1732 5500 1810 5559 ita

1904 4341 2236 4416 prodigium
2264 4341 2418 4396 inter
2465 4341 2718 4413 privatos
2744 4341 2951 4396 domus
2981 4340 3242 4396 defuncti
3268 4341 3527 4412 parietes

1903 4431 2122 4486 factum
2156 4430 2376 4498 statuit,
2405 4447 2439 4484 a
2461 4429 2959 4484 verisimilitudine
2981 4431 3165 4485 multo
3202 4429 3394 4484 minus
3419 4431 3520 4485 ab~

1905 4520 2124 4586 horret,
2158 4536 2332 4592 quam
2375 4535 2502 4590 qua:
2557 4519 2617 4573 id
2657 4519 2881 4591 publice
2932 4535 3132 4574 coram
3187 4519 3516 4574 innumera)

1905 4609 2331 4682 propemodum
2364 4607 2558 4680 populi
2594 4608 2962 4663 multitudine
3009 4607 3264 4663 evenisse
3289 4608 3512 4663 astruit.

1905 4700 2070 4752 Anne
2092 4697 2329 4752 interim.
2349 4697 2538 4770 reipsa
2569 4699 2828 4752 luctuosa
2851 4696 3109 4764 historia,
3137 4697 3252 4751 sive
3267 4697 3513 4768 publice,

1908 4787 2024 4842 sive
2063 4787 2216 4841 intra
2246 4786 2495 4858 privatos
2517 4787 2727 4842 domus
2774 4786 3027 4842 defuncti
3073 4785 3321 4858 parietes
3368 4785 3514 4839 acci-

1908 4876 2055 4932 disse
2076 4879 2376 4942 statuatur,
2418 4877 2609 4931 locum
2641 4893 2898 4949 unquam
2939 4875 3517 4942 habuerit,sanctum-

1907 4982 2017 5037 que
2045 4969 2307 5020 nostrum
2329 4964 2387 5019 in
2418 4982 2681 5020 eremum
2714 4965 3025 5037 impulerit,
3057 4963 3311 5019 studioso
3344 4963 3517 5016 lecto-

1908 5054 1957 5109 ri
1979 5071 2044 5108 ex
2069 5053 2358 5120 omnibus,
2387 5071 2514 5125 qua:
2539 5055 2664 5126 jam
2687 5055 2811 5109 fuse
2838 5054 2908 5108 de
2937 5069 3008 5108 ea
3040 5051 3326 5132 disputata
3359 5052 3514 5118 sunt,

1911 5142 2345 5213 dijudicandum
2371 5143 2656 5216 relinquo,
2691 5160 2807 5198 non
2831 5140 3262 5206 sufﬁcientibus,
3292 5141 3355 5192 ut
3370 5136 3518 5191 mihi

1913 5233 2182 5303 equidem
2209 5236 2466 5305 apparet,
2527 5233 2842 5287 rationibus
2896 5246 3068 5301 supra
3124 5225 3404 5289 addutc-is,
3456 5228 3524 5276 ut

1913 5320 2073 5376 illam
2102 5322 2190 5376 vel
2229 5325 2387 5377 certo
2425 5338 2619 5378 veram
2660 5322 2747 5375 vel
2793 5322 2947 5374 certo
2999 5319 3205 5374 falsam
3259 5327 3525 5388 pronum

1914 5409 2077 5468 tiam.
2113 5411 2328 5468 Rerum
2360 5412 2557 5477 modo,
2606 5409 2680 5464 ad
2707 5410 2928 5465 sectum
2960 5413 3227 5466 nostrum
3257 5401 3537 5478 spectan-

1915 5499 2084 5570 tium,
2116 5499 2326 5560 seriem
2346 5513 2780 5577 prosequamur.
