4026 6042
383 216 489 274 243

1202 213 1260 273 S.
1289 212 1635 277 BRUNONIS
1674 210 2305 278 CARTHUSIANORUM
2345 214 2813 276 INSTITUTORIS

3601 216 3707 276 244

384 344 416 412 §
450 342 622 398 XXIV.
651 340 918 418 Remisne,
940 359 1023 418 _an
1050 340 1517 418 Parisiissanctus
1542 348 1601 401 in
1649 345 2003 402 solitudinem
2024 345 2082 409 Α
2102 363 2277 418 quam
2306 347 2446 403 alias
2477 345 2704 403 Parisiis
2720 344 2980 401 docuerit
3005 361 3105 400 seu
3143 343 3485 418 magistrum
3502 344 3709 417 egerit.

459 417 741 487 secesserit,
769 414 1124 487 quandonamﬁ
1169 416 1224 472 id
1265 416 1478 486 fecerit,
1503 424 1554 472 et
1577 436 1650 473 an
1684 425 1809 473 tunc
1857 425 2003 473 recta

463 483 1025 541 Carthasim—eremum
1055 483 1268 541 adierit.

464 610 803 684 Anonymus
818 611 1139 683 primorum
1153 612 1407 685 quinque
1422 613 1732 670 Carthusiaa
1745 613 2003 688 priorum

393 701 800 773 chronologus,
833 700 930 773 qui
962 701 1233 773 prolixius
1274 702 1455 757 sancti
1512 703 1693 758 nostri
1725 704 2001 775 elogium,

391 788 520 844 vita:
547 788 1153 861 antiquiorisnomine,
1181 793 1245 845 ut
1261 807 1433 863 supra
1460 792 2002 859 monui,edendum,

390 878 703 945 contexuit,
737 878 1066 933 Franciscus
1098 895 1131 933 a
1162 881 1339 935 Puteo
1370 897 1467 935 seu
1490 882 2004 949 Puteanus,Petrus

392 965 842 1034 Blomenvenna,
875 966 1086 1038 aliique
1122 967 1473 1023 recentiores
1503 968 1624 1039 ejus
1674 969 2001 1041 b‘iographi,

389 1054 491 1126 qui
521 1054 839 1110 Parisiense
864 1055 1219 1127 prodigium,
1246 1073 1358 1128 quo
1391 1057 1592 1113 doctor
1607 1074 1729 1113 sese
1760 1058 2002 1113 damna-

388 1145 536 1210 tum,
570 1144 839 1198 eferetro
872 1144 1095 1216 publice
1141 1145 1481 1200 vociferatus
1532 1147 1624 1209 sit,
1671 1145 1733 1200 in
1784 1137 2005 1201 litteras

392 1231 693 1299 miserant,
725 1234 1079 1300 Brunonem,
1096 1238 1397 1306 postquam
1422 1235 1479 1289 id
1497 1235 1811 1304 accidisset,
1838 1237 2006 1291 vehe-

390 1321 751 1376 mentissima
770 1322 1274 1394 efficacissimaque
1290 1323 1488 1378 habita
1499 1323 1850 1391 oratione,ut
1864 1342 2009 1380 non-

391 1409 555 1477 nulli,
588 1410 683 1481 qui
715 1413 774 1465 et
819 1409 927 1482 ipsi
984 1411 1276 1466 horrendo
1325 1413 1617 1484 pectaculo
1670 1413 2003 1481 adfuissent,

391 1499 598 1553 saeculo
631 1498 900 1553 nuntium
929 1498 1224 1553 remittere
1257 1516 1486 1571 unaque
1515 1518 1646 1555 cum
1672 1501 1768 1556 illo
1799 1501 1858 1556 in
1880 1518 2004 1557 ere-

391 1602 554 1640 mum
581 1587 781 1641 sedere
812 1586 1192 1650 decreverint,
1236 1587 1508 1656 effecisse,
1542 1590 1841 1645 memoriae
1872 1606 2005 1662 pro-

2102 435 2352 503 Accedit,
2388 436 2540 509 apud
2565 451 2921 507 anonymum
2936 434 3259 507 primorum
3291 433 3545 506 quinque
3574 433 3713 488 Car-

2104 524 2306 579 thusizn
2338 524 2597 597 priorum
2626 523 3135 596 chronographum
3172 540 3271 577 seu
3314 522 3704 595 antiquiorem

2104 613 2282 668 sancti
2296 613 2893 685 nostribiographum,
2909 612 3005 683 qui
3027 610 3263 682 majoris
3293 611 3510 682 utique,
3535 626 3710 683 quam

2104 703 2534 756 Blomenvenna
2564 702 2775 774 aliique
2804 701 3177 766 recentiores,
3212 698 3566 754 auctoritatis
3602 702 3708 765 est,

2104 790 2395 846 sociorum
2417 790 2716 857 duntaxat,
2747 806 2864 845 non
2895 790 3090 844 autem
3106 789 3282 843 etiam
3301 787 3710 860 discipulorum

2105 877 2341 934 nomine
2379 878 2578 934 venire
2610 895 2727 945 eos,
2764 877 2838 932 ad
2864 894 3008 950 quos
3035 893 3069 931 a
3096 879 3292 932 sancto
3314 878 3442 947 post
3469 876 3711 930 feralem

2105 970 2374 1023 eventum
2398 967 2722 1023 orationem
2774 966 3034 1021 habitam
3070 964 3353 1038 perhibet.
3387 964 3460 1019 Ut
3496 966 3559 1018 ut
3617 964 3710 1030 sit,

2106 1057 2386 1128 quosdam
2415 1056 2684 1128 equidem
2716 1072 2782 1109 ex
2812 1054 2898 1123 iis,
2931 1070 3074 1127 quos
3092 1056 3318 1108 sanctus
3348 1052 3407 1106 in
3448 1068 3710 1107 eremum

2105 1163 2301 1203 secum
2350 1145 2625 1212 attraxit,
2681 1145 2802 1215 ejus
2857 1147 2990 1198 ante
3048 1142 3324 1198 exstitisse
3388 1142 3710 1214 discipulos,

2104 1238 2325 1307 hacque
2345 1234 2641 1291 occasione
2658 1233 2895 1299 factum,
2928 1234 2991 1286 ut
3021 1231 3103 1286 eis
3130 1231 3422 1286 secedenti
3442 1230 3711 1285 secumin

2107 1341 2370 1380 eremum
2396 1322 2697 1378 consilium
2716 1321 3029 1394 inspirarit,
3074 1321 3231 1374 nullo
3262 1321 3433 1390 plane
3454 1335 3485 1373 e
3524 1318 3712 1390 capite

2106 1429 2241 1468 vero
2254 1414 2492 1485 apparet
2509 1411 2791 1478 absimile,
2807 1409 3061 1464 maxime
3078 1426 3209 1463 cum
3224 1409 3453 1473 Remos,
3469 1405 3714 1462 docente

2105 1501 2322 1556 ibidem
2344 1502 2632 1566 Brunone,
2656 1500 2859 1571 ingens
2878 1498 3407 1569 undequaque,non
3438 1496 3614 1551 modo
3631 1495 3717 1550 in-

2107 1588 2473 1660 digenarum,
2494 1592 2580 1643 ast
2595 1588 2773 1643 etiam
2798 1589 3208 1641 extraneorum
3224 1584 3714 1656 alienigenarum-

391 1673 555 1729 dunt.
588 1675 657 1728 Et
682 1690 1005 1746 anonymus
1040 1675 1296 1747 quidem,
1325 1676 1421 1748 qui
1467 1680 1729 1732 sanctum
1778 1677 2007 1732 Parisiis
2033 1663 2085 1724 Β
2107 1693 2218 1749 que
2245 1676 2552 1731 multitudo
2582 1676 2802 1730 litteras
2828 1674 3086 1730 discendi
3117 1689 3256 1745 ergo
3285 1671 3715 1741 conﬂuverit,ut

390 1762 529 1817 tunc
556 1760 817 1818 docuisse
848 1780 965 1818 non
997 1763 1212 1831 scribit,
1240 1764 1411 1837 fuisse
1448 1765 1575 1819 illos
1607 1782 1810 1821 omnes
1838 1766 2006 1837 hujus

390 1849 575 1905 socios
604 1867 703 1905 seu
733 1852 1047 1906 familiares
1075 1851 1311 1920 indicat;
1343 1832 1694 1908 recentiores
1721 1870 1876 1921 vero,
1909 1853 2007 1926 qui

391 1940 726 1994 Brunonem
757 1942 883 1994 tum
928 1939 1145 1995 ibidem
1176 1940 1517 2012 magistrum
1557 1940 1737 2013 egisse
1782 1942 2002 2009 volunt,

396 2026 677 2097 quosdam
710 2027 884 2081 etiam
937 2044 1003 2081 ex
1035 2027 1145 2081 illis
1188 2028 1405 2082 faciunt
1455 2028 1625 2099 hujus
1678 2028 2001 2102 discipulos.

393 2114 582 2170 Verba
609 2116 720 2171 huc
748 2117 1067 2188 spectantia
1095 2120 1219 2172 tum
1251 2117 1546 2188 anonymi,
1572 2122 1698 2173 tum
1728 2120 2009 2175 recentio-

396 2220 551 2272 rum,
584 2221 682 2258 seu
707 2204 916 2276 potius,
949 2205 1068 2276 qui,
1101 2205 1257 2276 quod
1278 2204 1330 2259 ei
1348 2205 1554 2278 reliqui
1571 2208 1735 2261 exhis
1763 2223 2005 2263 consen-

394 2292 565 2360 tiant,
607 2292 870 2347 omnium
902 2294 1094 2347 locum
1123 2293 1366 2360 tenebit,
1416 2295 1863 2351 Blomenvenna;
1895 2297 2006 2351 huc

396 2381 743 2436 transcribo.
792 2382 1133 2454 Anonymus
1173 2382 1368 2455 itaque
1396 2399 1557 2438 num.
1593 2387 1623 2438 5
1651 2383 1730 2438 sic
1760 2384 1957 2440 scribit
1988 2400 2001 2439 :

402 2489 433 2520 ‹‹
471 2471 552 2524 Ea
576 2471 922 2541 tempestate
953 2473 1079 2525 erat
1106 2471 1186 2526 ibi
1218 2472 1496 2543 magister
1525 2472 1736 2540 Bruno,
1768 2473 2005 2528 natione

396 2558 803 2626 Theutonicus,
818 2559 889 2613 de
906 2559 1133 2615 civitate
1149 2559 1386 2615 Colonia
1405 2577 1522 2615 non
1539 2561 1790 2617 obscuris
1803 2578 2008 2633 paren-

396 2648 553 2704 tibus
582 2651 769 2715 natus,
793 2648 1053 2703 Ecclesiaa
1075 2649 1371 2704 Remensis
1392 2650 1699 2705 canonicus
1718 2654 1777 2705 et
1788 2650 2005 2705 ibidem

399 2738 726 2793 scholarum
742 2736 1017 2808 magister
1046 2736 1104 2791 in
1135 2738 1445 2810 theologia,
1477 2738 1575 2812 qui
1612 2738 2008 2813 suprascriptis

398 2826 631 2882 vocibus
645 2825 917 2897 (doctoris
933 2825 1290 2894 scilicet,sese
1309 2828 1671 2897 damnatum,
1695 2828 2007 2897 vociferati)

400 2915 707 3006 salubriter
734 2915 973 3006 territus
997 2918 1169 2987 atque
1204 2920 1581 2990 compunctus
1616 2919 1893 2973 allocutus
1925 2923 2011 2975 est
2030 2941 2074 3006 α

401 3004 681 3077 quosdam
700 3003 883 3058 socios
900 3003 976 3057 ibi
998 3007 1374 3074 praesentes,»
1396 3022 1482 3073 ac,
1514 3006 1755 3061 recitata
1775 3007 2005 3074 deinde,

401 3110 577 3167 quam
596 3093 668 3148 ad
683 3094 852 3147 hosce
883 3096 1111 3148 sanctus
1140 3094 1427 3162 habuerit,
1461 3095 1745 3164 oratione,
1779 3114 1940 3151 num.
1977 3100 2008 3152 8

402 3182 699 3254 subjungit
731 3198 744 3235 :
783 3204 811 3233 «
843 3183 938 3237 llis
967 3183 1052 3236 vel
1084 3182 1364 3238 similibus
1378 3184 1563 3239 verbis
1582 3187 1753 3257 atque
1775 3190 2007 3241 senten-

398 3271 736 3327 tiissanctus
755 3270 945 3325 Bruno
975 3270 1227 3341 seipsum
1257 3275 1317 3325 et
1346 3273 1628 3343 quosdam
1667 3274 1849 3329 socios
1868 3276 2008 3329 allo-

401 3375 586 3433 quens
613 3362 674 3413 et
724 3362 990 3414 exortans
1038 3360 1500 3416 deliberaverunt
1528 3361 1648 3433 ipse
1688 3366 1746 3418 et
1791 3380 1885 3418 sex
1915 3364 2012 3420 alii

401 3448 573 3523 probi
601 3447 708 3503 viri
736 3464 931 3502 secum
957 3448 1367 3503 abrenuntiare
1419 3451 1640 3505 mundo
1698 3456 1756 3507 et
1784 3452 2013 3525 pompis

402 3535 546 3608 ejus,
592 3539 651 3590 et
679 3535 751 3591 ad
779 3539 1120 3608 perpetuam
1162 3536 1562 3609 paenitentiam
1615 3540 2011 3612 peragendam

402 3623 585 3680 eremi
617 3624 844 3679 deserta
869 3625 1260 3696 competentia
1290 3643 1572 3698 quaareve,
1596 3648 1624 3679 »
1653 3632 1762 3683 etc.

469 3714 597 3769 403.
629 3713 1069 3786 Enmodo,quae
1097 3715 1527 3770 Blomenvenna
1567 3721 2007 3773 commemoret.

408 3824 439 3854 (ι
461 3801 715 3857 Territus
746 3800 941 3874 igitur,
998 3802 1205 3875 inquit,
1249 3805 1308 3857 et
1363 3804 1668 3860 salubriter
1708 3805 1786 3876 (S.
1819 3807 2010 3860 Bruno

402 3889 705 3963 nimirum)
761 3893 1161 3962 compunctus,
1218 3890 1430 3946 vocatis
1460 3892 1754 3947 nonnullis
1790 3910 1857 3948 ex
1902 3894 2010 3948 sibi

401 3978 592 4049 magis
608 3977 987 4032 familiaribus
999 3978 1164 4033 sociis
1174 3981 1347 4050 atque
1367 3978 1674 4050 discipulis,
1695 3981 1849 4035 inter
1868 3998 2011 4053 quos

403 4062 573 4120 erant
620 4063 896 4134 magister
936 4064 1284 4128 Lauduinus,
1315 4065 1413 4137 qui
1438 4070 1567 4137 post
1596 4084 1731 4122 eum
1789 4069 2009 4141 primus

402 4151 717 4208 Carthasim
731 4152 1051 4224 prioratum
1077 4154 1343 4226 suscepit,
1371 4154 1485 4210 duo
1528 4155 1825 4228 Stephani,
1863 4174 2010 4213 unus

2107 1780 2279 1836 supra
2308 1780 2470 1819 num.
2500 1767 2591 1818 171
2624 1762 2811 1818 docui.

2175 1855 2301 1908 404.
2331 1853 2542 1907 Verum
2575 1851 2755 1924 quaeri
2780 1850 2871 1905 hic
2893 1850 3018 1922 jam
3052 1853 3260 1923 potest,
3312 1847 3582 1904 Remisne
3639 1863 3714 1903 an

2108 1942 2334 1998 Parisiis
2375 1941 2434 1996 in
2496 1940 2865 1996 solitudinem
2910 1942 3140 1994 sanctus
3179 1938 3404 2005 abierit,
3459 1937 3716 2010 itemque

2108 2047 2220 2103 quo
2238 2047 2393 2085 anno
2424 2028 2484 2084 id
2494 2029 2714 2084 fecerit.
2732 2029 3185 2094 Blomenvenna,
3201 2028 3489 2081 Puteanus
3505 2026 3716 2098 aliique

2107 2118 2477 2185 recentiores,
2509 2117 2607 2191 qui
2628 2116 2687 2171 in
2714 2116 2771 2172 S.
2791 2116 3075 2171 Brunonis
3093 2116 3238 2183 Vita,
3268 2131 3443 2187 quam
3465 2131 3531 2169 ex
3553 2114 3715 2169 insti-

2106 2210 2230 2262 tuto
2259 2207 2632 2280 descripsere,
2669 2205 2840 2261 fuisse
2896 2205 3070 2272 hunc,
3104 2203 3331 2259 Parisiis
3384 2203 3712 2269 docentem,

2105 2296 2398 2352 horrendo
2421 2293 2655 2350 redivivi
2686 2293 2951 2366 prodigio
2971 2293 3031 2348 in
3050 2309 3312 2348 eremum
3330 2292 3558 2365 pulsum
3596 2294 3714 2346 tra-

2107 2386 2271 2452 dunt,
2304 2383 2532 2439 Parisiis
2560 2383 2736 2438 etiam
2788 2382 2972 2449 illum,
3020 2381 3351 2454 compositis
3402 2381 3593 2448 rebus,
3643 2395 3713 2435 eo

2106 2473 2419 2537 secessisse,
2456 2489 2574 2527 non
2605 2472 2844 2527 obscure
2870 2470 3150 2525 indicant.
3181 2469 3341 2524 Idem
3376 2471 3552 2525 etiam
3578 2468 3717 2523 facit

2108 2562 2400 2634 antiquior
2411 2563 2609 2615 noster
2623 2560 2974 2632 biographus
2986 2576 3087 2613 seu
3108 2558 3433 2629 primorum
3459 2557 3714 2630 quinque

2110 2650 2424 2708 Carthusize
2456 2649 2718 2721 priorum
2776 2647 3269 2719 chronographus,
3320 2646 3422 2701 etsi
3454 2646 3711 2701 interim.

2108 2739 2337 2796 Parisiis
2362 2738 2621 2803 docuisse
2674 2740 2960 2803 sanctum,
3011 2735 3311 2791 memoriae
3342 2750 3458 2789 non
3483 2734 3712 2805 prodat,

2108 2830 2192 2885 uti
2212 2830 2337 2901 jam
2350 2844 2485 2882 mox
2506 2825 2694 2881 docui.
2709 2825 2918 2879 Verum
2942 2825 3202 2891 Sanctus,
3218 2840 3349 2878 cum
3368 2823 3427 2878 in
3449 2839 3714 2878 eranum

2109 2918 2356 2985 secessit,
2408 2915 2601 2971 Remis
2624 2915 2976 2981 versabatur,
3018 2912 3260 2984 pristino
3312 2911 3527 2967 ibidem
3586 2914 3717 2984 post

2105 3006 2375 3064 Manassis
2400 3002 2832 3075 archiepiscopi,
2866 3001 3262 3074 expulsionem
3285 3000 3454 3055 statui
3484 3000 3712 3054 restitu-

2108 3102 2219 3154 tus.
2256 3099 2338 3150 Ita
2368 3095 2578 3149 docent
2607 3109 2712 3147 nos
2734 3091 2793 3145 hi
2850 3090 2946 3162 qui
2976 3106 3089 3162 quo
3131 3089 3382 3145 ecclesiae
3412 3088 3713 3143 cathedra-

2109 3182 2504 3241 lis‘Remensis
2534 3179 2797 3236 canonici
2828 3183 3026 3234 sancto
3062 3180 3461 3250 parentamnt,
3482 3176 3715 3232 titulum

2109 3275 2416 3331 funebrem
2467 3271 2620 3325 inter
2649 3268 3009 3325 recudendos
3051 3272 3140 3335 5'2,
3172 3285 3239 3323 ex
3287 3271 3451 3338 parte
3505 3265 3714 3322 consti-

2109 3365 2301 3430 tuunt,
2325 3363 2632 3433 sequentes
2662 3358 2733 3414 de
2782 3358 3051 3413 Brunone
3092 3356 3374 3424 versiculi,
3415 3372 3576 3411 num.
3614 3355 3718 3411 154

2111 3451 2296 3507 adhuc
2322 3448 2540 3505 recitati
2570 3465 2583 3502 :

2183 3539 2293 3607 Qui
2320 3556 2442 3594 cum
2465 3534 2775 3593 multimoda
2798 3540 2978 3590 nostra
2986 3533 3212 3605 polleret
3248 3536 3306 3588 in
3333 3532 3484 3597 urbe,

2251 3627 2609 3698 Solamenque
2636 3627 2745 3679 sius
2776 3631 2936 3696 atque
2982 3623 3139 3677 decus
3166 3624 3334 3692 ﬁeret,

2185 3714 2427 3788 Cumque
2444 3715 2650 3785 faveret
2669 3716 2720 3767 ei
2731 3713 2959 3783 fortuna
2975 3728 3079 3783 per
3105 3713 3309 3774 omnia,
3323 3710 3552 3784 jamque

2251 3803 2798 3874 Eunomia/erremus
2820 3800 3063 3856 omnibus
3093 3806 3143 3854 et
3169 3801 3394 3865 merito;

2179 3891 2430 3963 Namque
2456 3891 2708 3961 benignus
2731 3896 2846 3944 erat
2876 3890 3123 3961 omnique
3126 3890 3336 3960 peritus
3364 3889 3422 3942 in
3452 3892 3589 3951 arte,

2251 3978 2645 4050 Facundusque
2667 3979 2796 4032 satis
2832 3977 3137 4049 divitiisque
3153 3983 3365 4048 potens,

2182 4067 2378 4124 Omnia
2402 4068 2697 4139 postposuit
2725 4064 2959 4129 Christo,
2989 4065 3297 4138 nudumque
3314 4071 3520 4121 secutus

2251 4155 2548 4219 Christum,
2580 4171 2703 4210 cum
2723 4154 2907 4209 multis
2939 4156 3158 4225 suscipit
3184 4154 3325 4208 hunc
3346 4167 3567 4208 aremus.

399 4240 729 4313 Burgensis,
768 4241 914 4295 alter
969 4240 1208 4309 Diensis,
1267 4243 1439 4298 ambo
1497 4226 1758 4300 canonici
1817 4226 2234 4302 SanctiDJam
2261 4261 2418 4312 vero,
2445 4260 2578 4301 cum
2604 4244 2715 4299 hoc
2743 4243 2825 4299 ita
2881 4243 3113 4310 habeat,
3167 4242 3502 4298 Brunonem
3552 4254 3709 4309 sane,

397 4329 551 4397 Ruﬁ,
580 4329 741 4400 Hugo
758 4328 954 4396 etiam,
982 4345 1154 4401 quem
1167 4332 1539 4403 appellabant
1551 4334 2008 4405 capellanum,eo

400 4417 558 4490 quod
586 4418 740 4473 solus
769 4433 837 4471 ex
866 4417 948 4471 eis
978 4418 1284 4474 sacerdotis
1315 4419 1520 4475 officio
1552 4420 1910 4492 fungeretur,
1952 4426 2011 4479 et

400 4505 515 4561 duo
539 4505 689 4573 laici,
712 4505 971 4560 Andreas
999 4506 1213 4561 scilicet
1241 4511 1299 4561 et
1323 4508 1621 4576 Guarinus,
1674 4509 1773 4581 qui
1805 4527 2009 4567 omnes

396 4592 656 4666 praefatis
683 4592 1053 4649 horribilibus
1083 4594 1339 4650 defuncti
1368 4595 1716 4652 clamoribus
1737 4597 2010 4653 interfue-

390 4683 549 4750 rant,
564 4681 748 4736 hisvel
767 4680 1047 4736 similibus
1069 4682 1255 4738 verbis
1273 4700 1372 4739 eos
1397 4684 1850 4756 lacrymabiliter
1873 4685 2009 4741 aifa-

398 4772 492 4826 tus
510 4772 596 4825 est
621 4769 849 4825 dicens:
884 4769 929 4823 0
961 4769 1133 4825 amici
1158 4774 1217 4825 et
1248 4771 1490 4840 sodales,
1515 4776 1623 4828 etc.
1670 4794 1697 4822 »
1729 4774 1859 4829 Haec
1887 4773 2003 4843 ille,

400 4858 685 4931 quosdam
710 4874 779 4913 ex
814 4857 901 4926 iis,
934 4873 1078 4930 quos
1122 4857 1180 4914 S.
1217 4860 1405 4915 Bruno
1438 4864 1566 4932 post
1606 4861 1789 4916 visum
1842 4862 2003 4917 audi-

392 4948 638 5019 tumque
649 4945 1005 5001 horrendum
1024 4946 1355 5018 prodigium
1367 4949 1870 5004 vehementissima
1882 4967 2007 5005 ora-

393 5033 555 5091 tione
583 5034 761 5089 fuerit
787 5033 1010 5102 affatus,
1038 5035 1222 5090 sancti
1255 5035 1424 5106 huius
1466 5036 1639 5091 fuisse
1676 5037 2001 5110 discipulos,

392 5138 515 5178 non
545 5123 785 5178 obscure
814 5122 1012 5195 utique
1039 5123 1270 5178 docens.
1300 5124 1511 5178 Verum
1541 5124 1620 5191 id,
1649 5125 1782 5180 dato
1805 5127 2001 5193 etiam,

389 5209 731 5267 horribilem
744 5210 991 5265 doctoris
1003 5211 1261 5266 damnati
1272 5210 1573 5266 historiam
1584 5212 1772 5284 rcipsa
1782 5213 2007 5269 habuis-

394 5314 457 5354 se
499 5298 949 5366 locum,idcirco
974 5299 1115 5353 mihi
1132 5315 1340 5369 parum
1381 5298 1705 5354 verosimile
1740 5304 1999 5371 apparet,

394 5385 553 5456 quod
573 5385 1004 5441 verosimillime
1020 5389 1268 5454 sanctus,
1282 5388 1345 5440 ut
1376 5388 1405 5455 §
1426 5402 1523 5441 vm
1545 5386 1789 5454 ostendi,
1805 5403 1913 5442 nec
1932 5404 2001 5444 eo

389 5474 681 5545 tempore,
721 5489 835 5545 quo
865 5474 1153 5529 luctuosus
1181 5490 1343 5531 casus
1366 5472 1719 5547 contigisset,
1755 5491 1860 5533 nec
1890 5493 1999 5533 un-

2109 4335 2243 4389 dato
2269 4334 2467 4400 etiam,
2499 4348 2635 4387 eum
2667 4330 2955 4404 prodigio,
2987 4347 3102 4404 quo
3156 4331 3361 4386 doctor
3382 4347 3504 4404 sese
3547 4330 3712 4385 dam-

2109 4424 2310 4477 natum
2338 4421 2725 4487 denuntiaret,
2777 4418 3005 4474 Parisiis
3053 4421 3398 4491 praesentem
3447 4398 3731 4486 dstitisse,_

2105 4509 2354 4581 hincque
2385 4525 2506 4564 esse
2523 4508 2762 4575 factum,
2779 4510 2842 4562 ut
2862 4508 3070 4562 saeculo
3091 4507 3363 4563 nuntium
3401 4505 3711 4574 remiserit,

2106 4596 2167 4652 in
2193 4613 2457 4654 eremum
2479 4612 2749 4664 sese,non
2782 4595 3029 4663 Parisiis,
3052 4595 3154 4651 sed
3183 4594 3396 4663 Remis,
3429 4612 3543 4668 quo
3577 4594 3713 4650 hinc

2105 4685 2255 4741 facto
2279 4686 2407 4756 jam
2437 4684 2723 4758 prodigio,
2754 4700 2847 4739 res
2892 4701 3023 4739 suas
3051 4683 3506 4758 compositurum
3528 4682 3714 4738 redie-

2105 4773 2201 4840 rit,
2243 4773 2567 4841 contulisse,
2604 4771 3127 4841 verosimillimum,
3172 4789 3246 4828 ne
3301 4771 3492 4829 dicam
3539 4770 3711 4827 indu-

2105 4861 2288 4928 bium,
2315 4864 2573 4933 apparet.

2174 4950 2488 5020 405.Atque
2503 4949 2613 5004 hoc
2625 4947 2862 5020 quidem
2876 4948 3130 5020 primum
3145 4948 3424 5021 est,,quod
3435 4946 3714 5003 deﬁnien-

2105 5037 2244 5092 dum
2257 5036 2348 5091 hic
2363 5039 2526 5105 erat;
2556 5035 2712 5108 quod
2730 5037 2855 5107 jam
2884 5038 2957 5093 ad
2980 5037 3318 5104 secundum,
3335 5053 3436 5092 seu
3455 5036 3531 5091 ad
3558 5038 3710 5091 tem-

2103 5142 2228 5197 pus,
2252 5141 2366 5196 quo
2389 5128 2617 5180 sanctus
2644 5141 2930 5194 eremum,
2963 5126 3168 5181 saeculo
3200 5125 3419 5192 relicto,
3454 5123 3706 5198 petierit,

2103 5212 2356 5284 pertinet
2368 5211 2425 5266 in
2439 5212 2711 5284 opinione
2722 5213 3051 5286 eorum,qui
3068 5230 3173 5286 pro
3184 5215 3444 5269 luctuosa
3459 5212 3709 5269 doctoris

2104 5298 2367 5355 damnati
2394 5300 2631 5355 historia
2651 5302 2930 5375 pulsoque
2942 5302 3077 5357 hinc
3106 5301 3168 5358 in
3197 5318 3462 5358 eremum
3494 5300 3707 5368 S,Bru—

2102 5404 2257 5445 none
2282 5390 2453 5456 stant,
2477 5388 2539 5444 id
2552 5392 2707 5445 certe
2721 5392 2859 5445 ante
2879 5406 3099 5447 annum
3114 5390 3477 5447 t082circiter
3485 5390 3704 5447 factum

2100 5493 2221 5534 non
2254 5493 2399 5547 esse,
2423 5492 2656 5536 necesse
2672 5480 2781 5548 est,
2816 5493 2951 5537 cum
2976 5477 3326 5536 hoccirciter
3348 5494 3504 5537 anno
3524 5477 3705 5536 ferale
