4224 6058
192 323 300 378 2'25

1765 314 1946 377 ACTA

3407 327 3510 384 246

189 447 589 517 spectaculum
626 444 880 502 evenisse
907 446 1170 502 unanimi
1201 463 1494 502 consensu
1526 448 1803 515 scribant,
1827 453 1883 510 Α
1909 447 2117 519 seipso,
2139 447 2237 520 qui
2269 448 2330 503 id
2364 449 2581 520 pariter
2611 448 2832 517 fecerit,
2874 446 3112 505 indubia
3140 449 3417 521 loquitur,
3450 456 3515 506 ut

190 534 276 588 uti
309 539 426 589 tres
453 535 706 588 diversas
753 534 934 588 sancti
963 535 1144 588 nostri
1177 534 1350 602 Vitas,
1385 535 1805 589 commentario

189 623 324 677 huic
338 641 408 676 ex
426 624 588 678 dictis
604 623 957 689 subdendas,
972 623 1297 694 inspicienti
1315 624 1806 694 patescet.Verum

190 729 327 766 cum
361 713 556 767 feralis
597 712 839 767 historia
865 717 1023 766 certa
1069 729 1136 766 ex
1169 728 1343 782 supra
1372 713 1538 767 dictis
1564 729 1680 768 non
1714 713 1806 780 sit,

187 800 304 854 alia
333 800 446 866 via,
484 817 598 872 qua
627 802 715 854 vel
767 816 1021 854 secessus
1052 800 1111 854 S.
1143 800 1429 855 Brunonis
1456 801 1512 854 in
1542 817 1807 855 eremum

188 889 442 960 epocha,
475 891 565 942 vel
594 889 771 942 etiam
805 889 1085 942 duntaxat
1113 892 1505 959 tem-pus,ante
1519 889 1671 960 quod
1689 890 1808 943 ilth

188 976 289 1047 figi
316 977 474 1031 haud
501 980 698 1048 queat,
756 976 934 1030 tutius
987 977 1312 1048 certiusque
1363 976 1804 1044 determinetur,

188 1065 517 1120 necessario
574 1064 828 1119 ineunda
859 1069 964 1119 est.
1003 1065 1247 1119 Sanctus
1286 1069 1502 1132 noster,
1539 1065 1621 1119 uti
1658 1065 1809 1119 dicta

191 1158 219 1222 ξ
244 1171 343 1208 vm
379 1153 777 1217 manifestant,
801 1153 857 1206 in
885 1153 1191 1223 pristinum
1215 1154 1409 1208 Remis
1423 1156 1639 1208 statum
1673 1158 1806 1207 ante

189 1259 416 1296 annum
438 1245 564 1295 1081
604 1242 896 1295 restitutus
926 1258 1042 1295 non
1075 1243 1201 1307 fuit,
1233 1259 1298 1296 ac
1324 1242 1727 1313 proinde,cum
1741 1259 1807 1296 ex

189 1348 328 1385 mox
353 1330 520 1384 dictis
554 1347 672 1384 non
717 1330 876 1401 prius
937 1329 995 1383 in
1039 1347 1324 1394 eremum,
1357 1347 1531 1400 quam
1563 1347 1695 1383 cum
1750 1330 1808 1384 id

189 1419 412 1473 factum
427 1419 774 1484 fuisset,sese
790 1419 1531 1489 receperit,consectarium
1565 1419 1806 1472 omnino

190 1511 298 1573 est,
333 1510 400 1560 ut
429 1507 538 1560 hoc
565 1509 930 1576 postremum
961 1510 1094 1560 ante
1119 1507 1393 1561 eumdem
1424 1523 1643 1560 annum
1672 1509 1798 1561 1081

190 1613 310 1650 non
342 1596 577 1662 fecerit;
618 1599 681 1649 ut
727 1595 974 1666 proinde
1003 1613 1038 1650 a
1068 1613 1200 1650 vero
1243 1596 1470 1650 deviare
1505 1595 1808 1650 videantur

191 1684 456 1740 Historiae
487 1683 781 1738 litterariae
824 1683 1077 1737 Francia:
1111 1684 1437 1754 scriptores,
1468 1684 1605 1737 dum
1640 1683 1808 1753 hujus

191 1773 386 1844 operis
414 1772 500 1827 sui
528 1777 674 1826 tom.
711 1773 792 1836 IX,
814 1787 947 1842 pag.
978 1773 1101 1836 236,
1141 1771 1424 1825 Brunonis
1452 1771 1510 1824 in
1543 1787 1806 1825 eremum
1829 1764 1880 1824 B

191 1877 487 1915 secessum
513 1861 602 1914 vel
636 1877 789 1914 anno
818 1862 954 1913 1078
987 1860 1070 1913 vel
1091 1862 1245 1914 certe
1263 1863 1418 1924 tunc,
1443 1875 1574 1912 cum
1595 1858 1810 1912 Manas-

192 1965 279 2003 ses
307 1952 716 2003 exauctoratus
777 1948 1074 2002 Remensis
1125 1947 1587 2017 archiepiscopus
1629 1947 1810 2001 armis

192 2037 294 2090 sibi
353 2053 613 2091 asserere
648 2038 798 2091 male
838 2036 1186 2108 acquisitum
1248 2034 1807 2105 archiepiscopatum

193 2131 529 2192 conaretur,
590 2142 688 2180 seu
740 2141 894 2179 anno
941 2127 1073 2179 1080
1121 2123 1452 2195 contigisse,
1488 2123 1804 2176 afﬁrmant.

191 2215 303 2269 Nec
316 2217 551 2268 tantum
569 2213 786 2268 laudati
820 2212 1126 2283 scriptores
1139 2213 1319 2267 sancti
1335 2203 1514 2266 nbstri
1533 2211 1591 2264 in
1608 2210 1804 2265 solitu-

191 2303 680 2357 dinemsecessum
694 2303 819 2356 loco
833 2302 1008 2356 citato
1025 2301 1269 2355 nimium
1287 2303 1807 2365 maturant,verum

192 2391 370 2446 etiam
404 2391 612 2457 socios,
673 2390 770 2462 qui
823 2407 957 2444 eum
989 2390 1062 2444 ad
1108 2391 1257 2444 hanc
1288 2388 1548 2442 comitati
1587 2389 1738 2453 sunt,
1775 2403 1806 2440 e

191 2481 344 2534 clero
389 2478 683 2545 Remensi,
741 2479 904 2548 cujus
944 2493 1016 2531 an
1058 2494 1261 2531 eorum
1303 2477 1432 2531 illus
1480 2475 1674 2542 fuerit,
1723 2476 1809 2529 est

192 2567 753 2635 dubium,exstitisse
815 2569 1163 2621 asseverant.
1222 2568 1324 2620 Ast
1375 2565 1445 2620 de
1496 2565 1605 2618 hoc
1656 2563 1810 2617 infra

192 2657 478 2723 tractabo;
498 2673 651 2710 nunc
671 2655 730 2710 in
754 2658 1126 2726 tempus,quo'
1144 2653 1327 2708 sancti
1349 2653 1407 2708 in
1439 2652 1806 2707 solitudinem

191 2762 447 2800 secessus
461 2744 890 2811 acciderit,ante
905 2744 1107 2798 omnia
1123 2743 1529 2814 inquirendum
1540 2741 1810 2811 .Scripto—

191 2851 284 2889 res
307 2833 573 2905 proxime
596 2833 842 2901 laudati,
875 2832 972 2904 qui
1005 2833 1178 2898 hunc,
1205 2835 1268 2886 ut
1289 2832 1414 2901 jam
1431 2831 1805 2896 dictum,cum

196 2940 354 2977 anno
391 2925 530 2978 1080
552 2925 651 2976 aut
677 2921 855 2977 etiam
903 2939 1035 2976 cum
1080 2937 1233 2975 anno
1272 2923 1407 2975 1078
1428 2921 1806 2988 componunt,

196 3012 388 3109 facere
449 3009 502 3064 id
547 3011 835 3109 videntur,
872 3011 1028 3082 quod
1080 3009 1260 3064 sancti
1315 3025 1445 3063 cum
1488 3007 1808 3109 ‘lla‘dulpho
1837 3048 1883 3109 Ο

195 3099 377 3154 Viridi
416 3102 476 3153 et
496 3099 686 3154 Fulcio
716 3100 1014 3154 Monoculo
1041 3099 1112 3153 de
1144 3098 1300 3153 falsis
1325 3096 1524 3151 mundi
1559 3096 1806 3149 delecta-

194 3189 455 3245 tionibus
484 3191 884 3259 aeternumque
907 3187 1197 3241 duraturis
1226 3185 1351 3241 coeli
1381 3185 1605 3255 gaudiis
1636 3184 1807 3237 colla-

197 3278 444 3344 tianem,
465 3277 538 3330 de
549 3293 660 3347 qua
671 3276 795 3345 jam
827 3291 1002 3346 supra
1017 3275 1138 3328 fuse
1162 3277 1377 3338 actum,
1409 3290 1562 3327 anno
1584 3271 1811 3325 circiter

201 3369 338 3421 1077
366 3363 641 3419 accidisse
682 3366 958 3428 statuant,
1001 3363 1448 3431 Brunonemquc
1489 3359 1680 3426 simul,
1713 3358 1810 3429 qui

198 3470 316 3507 una
346 3469 481 3506 cum
514 3451 668 3505 hisce
696 3451 902 3504 saeculo
936 3449 1326 3514 renuntiandi,
1374 3447 1808 3502 monachicum-

199 3559 313 3614 que
361 3539 627 3594 habitum
688 3537 1019 3592 assumendi
1081 3540 1280 3591 votum
1332 3539 1456 3589 tum
1519 3535 1808 3601 emiserat,

201 3631 322 3684 Deo
346 3629 403 3682 id
435 3628 723 3682 exsolvere
758 3625 916 3680 haud
946 3624 1043 3679 diu
1074 3624 1376 3689 distulisse,
1411 3622 1809 3677 existimarint.

198 3719 300 3770 Ast
341 3719 542 3771 votum
601 3731 723 3769 sese
773 3731 892 3769 non
940 3712 1135 3767 statim
1190 3711 1534 3783 implevisse,
1569 3709 1816 3780 ipsemet

200 3807 434 3859 sanctus
466 3803 526 3857 in
553 3803 794 3873 epistola
820 3817 995 3872 supra
1025 3802 1150 3872 plus
1195 3801 1373 3854 semel
1418 3798 1667 3865 laudata,
1701 3814 1815 3869 qua

201 3893 273 3948 ad
333 3891 505 3962 hujus
537 3890 957 3945 exsolutionem
991 3889 1358 3959 Radulphum
1387 3887 1641 3942 Viridem
1678 3887 1813 3941 hor-

199 3985 353 4036 tatus
374 3983 484 4046 est,
515 3996 633 4034 non
663 3979 906 4039 obscure
937 3977 1174 4033 indicat.

266 4072 397 4126 406.
438 4070 498 4123 ln
551 4069 656 4123 hac
704 4068 865 4123 enim
911 4067 984 4123 ad
1015 4066 1390 4138 Rodulphum
1441 4064 1520 4120 sic
1568 4063 1808 4121 scribit:

198 4182 226 4209 α
259 4156 674 4213 Reminiscitur
693 4157 908 4228 quippe
937 4155 1166 4210 dilectio
1198 4158 1300 4209 tua
1325 4154 1500 4226 quod,
1539 4170 1670 4208 cum
1702 4171 1812 4225 ego

197 4251 257 4303 et
282 4250 351 4302 tu
372 4250 436 4301 et
465 4245 687 4300 Fulcius
708 4245 1041 4300 Monoculus
1059 4243 1315 4317 quadam
1332 4243 1425 4297 die
1437 4242 1606 4296 simul
1622 4241 1815 4297 fuisse-

1907 535 2153 605 proinde
2185 537 2667 607 promptitudine,
2702 554 2879 608 quam
2915 538 3102 591 Bruno
3132 537 3203 591 ad
3233 538 3346 591 voti
3371 539 3511 592 obli-

1908 623 2212 693 gationem
2242 625 2649 679 exsolvendam
2699 625 2978 691 attulerit,
3005 625 3220 678 laudati
3253 625 3514 679 Historiae

1908 712 2162 766 Franciee
2186 713 2492 783 scriptores
2505 713 2725 768 moveri
2759 730 2876 767 non
2893 713 3293 780 debuerint,ut
3313 713 3434 782 ejus
3456 713 3514 767 in

1909 816 2173 854 eremum
2235 801 2546 856 discessum
2598 803 2684 856 vel
2727 801 2857 872 ipsi,
2893 818 3006 873 quo
3053 805 3250 856 votum
3281 805 3516 856 satuunt

1907 888 2204 956 emissum,
2260 905 2412 943 anno
2459 891 2596 945 1078
2641 889 2965 960 afﬁgerent,
3019 894 3115 943 aut
3167 891 3323 943 certe
3368 889 3518 943 ultra

1908 992 2125 1030 annum
2153 979 2288 1031 1080
2322 993 2438 1030 non
2470 977 2788 1031 differrent.
2821 978 2933 1032 Nec
2953 981 3039 1032 est
3058 977 3235 1032 etiam
3269 994 3369 1031 cur
3389 977 3516 1048 quis

1908 1065 1982 1118 ob
2030 1065 2283 1120 Guiberti
2313 1066 2538 1120 abbatis
2580 1066 2944 1136 Novigentini
2995 1083 3167 1137 supra
3199 1065 3514 1136 szepissimo

1900 1154 2025 1224 jam
2053 1155 2269 1209 laudati
2301 1156 2708 1210 auctoritatam
2734 1156 2916 1210 sancti
2955 1156 3136 1210 nostri
3165 1156 3224 1208 in
3255 1155 3514 1210 solitudi—

1908 1260 2042 1297 nem
2077 1261 2358 1299 secessum
2393 1248 2527 1298 ante
2561 1261 2782 1299 annum
2829 1247 2957 1299 1081
2991 1243 3302 1314 contigisse
3329 1243 3518 1297 existi-

1907 1336 2047 1387 met.
2077 1332 2284 1386 Scribit
2306 1332 2542 1404 quidem
2569 1332 2661 1386 hic
2694 1333 2943 1402 scriptor
2973 1333 3074 1387 lib.
3100 1349 3115 1386 ι
3141 1331 3212 1386 de
3243 1331 3367 1385 Vita
3391 1348 3513 1396 sua,

1908 1437 2034 1492 cap.
2073 1425 2127 1475 11
2175 1439 2186 1476 :
2226 1422 2455 1491 «Hujus
2496 1438 2635 1492 ergo
2666 1421 2956 1493 (Maanssis
2993 1421 3295 1476 Bernensis
3336 1419 3518 1474 archi-

1907 1510 2157 1580 episcopi
2190 1509 2524 1580 Simoniaci)
2583 1527 2775 1565 mores
2836 1526 3068 1582 prorsus
3110 1509 3408 1581 improbos
3460 1511 3519 1562 et

1909 1600 2334 1670 stupidissimos
2351 1600 2585 1654 habitus
2616 1617 2750 1654 cum
2779 1600 2971 1655 omnis
3004 1601 3280 1654 honestus
3311 1599 3513 1653 horrc-

1907 1691 2016 1755 rct,
2061 1689 2249 1742 Bruno
2276 1689 2333 1742 in
2374 1689 2632 1743 Ecclesiis
2660 1691 2797 1742 tunc
2836 1689 3028 1743 Gallia:
3068 1686 3512 1757 opinatissimus.

1907 1795 2039 1832 cum
2064 1777 2189 1831 aliis
2218 1778 2560 1848 quibusdam
2594 1777 2965 1832 Remensium
2995 1777 3335 1831 clericorum
3359 1774 3520 1829 nobi-

1908 1867 2055 1921 libus
2099 1865 2329 1919 infamis
2359 1865 2506 1918 illius
2537 1865 2668 1919 odio
2701 1865 2939 1918 excessit
2970 1865 3041 1918 ab
3073 1865 3214 1918 urbe
3248 1861 3518 1916 Remensi

1909 1971 1974 2008 ac
2022 1953 2250 2019 deinde,
2309 1953 2603 2008 nonnullis
2652 1953 3028 2023 interpositis,
3078 1951 3392 2022 subjungit.
3443 1951 3518 2003 At

1907 2044 2120 2107 Bruno,
2182 2042 2324 2096 urbe
2380 2041 2670 2112 (Remensi
2725 2040 2960 2111 scilicet)
3014 2041 3260 2107 deserta,
3310 2038 3516 2094 saeculo

1909 2131 2081 2184 etiam
2106 2129 2517 2184 abrenuntiare
2550 2129 2846 2202 proponit,
2885 2129 2982 2200 qui
3015 2145 3251 2182 suorum
3285 2125 3520 2181 notitias

1908 2219 2152 2273 horrens
2205 2219 2279 2273 ad
2313 2218 2911 2288 Gratianopolitanum
2968 2216 3244 2288 processit
3296 2214 3523 2269 territo-

1910 2307 2082 2361 rium.
2106 2306 2186 2360 lbi
2212 2307 2270 2360 in
2302 2307 2481 2361 arduo
2509 2310 2567 2361 et
2598 2305 2917 2360 admodum
2949 2303 3193 2358 terribili
3238 2319 3515 2374 promon-

1908 2395 2078 2461 torio,
2103 2395 2177 2449 ad
2205 2395 2360 2467 quod
2391 2394 2796 2449 difficillimum
2830 2396 2889 2448 et
2917 2393 3080 2447 valde
3110 2392 3363 2446 insolens
3408 2389 3520 2444 iter

1907 2482 2259 2549 intenditur;
2288 2483 2391 2538 sub
2417 2499 2486 2538 eo
2519 2483 2697 2537 etiam
2728 2480 3196 2553 prmruptissimae
3236 2478 3394 2533 vallis
3416 2493 3516 2532 vo-

1907 2587 2047 2643 rago
2080 2570 2337 2636 dehiscit,
2360 2570 2622 2626 habitare
2657 2570 2938 2642 deligens,
2973 2567 3306 2641 hujusmodi
3323 2583 3517 2621 mores

1907 2659 2172 2725 instituit,
2205 2662 2264 2713 et
2290 2671 2563 2730 sequaces
2593 2659 2716 2728 ejus
2743 2657 3032 2730 hodieque
3054 2657 3132 2711 sic
3158 2655 3371 2710 vivunt.
3401 2676 3430 2703 »

1977 2750 2102 2803 407.
2136 2747 2369 2812 Verum,
2391 2746 2494 2801 etsi
2524 2745 2570 2800 is
2588 2745 2847 2816 scriptor,
2873 2745 2954 2800 uti
2991 2762 3060 2800 ex
3091 2743 3238 2799 illius
3259 2743 3370 2797 huc
3390 2742 3520 2813 jam

1908 2834 2267 2908 transcriptis
2321 2834 2507 2889 verbis
2556 2834 2756 2906 liquet,
2798 2833 2981 2888 sancti
3012 2832 3193 2887 nostri
3253 2849 3321 2887 ex
3378 2831 3519 2886 urbe

1911 2921 2180 2978 Remensi
2211 2921 2476 2976 discessni
2513 2938 2798 2975 secessum
2830 2920 2888 2974 in
2917 2919 3229 2975 Carthusize
3254 2934 3519 2972 eremum

1909 3010 2401 3083 subjungat,hunc
2415 3014 2618 3064 tamen
2648 3009 2800 3063 inter
2829 3010 2887 3062 et
2916 3007 3078 3061 illum
3100 3007 3323 3061 nullum
3349 3006 3520 3075 plane

1910 3103 2008 3154 aut
2038 3098 2411 3170 perexiguum
2448 3096 2726 3151 duntaxat
2762 3095 3040 3167 temporis
3068 3093 3320 3165 spatium
3347 3092 3521 3146 inter—

1909 3188 2160 3252 cessisse,
2194 3202 2294 3240 seu
2325 3186 2677 3251 Brunonem,
2711 3183 2906 3238 statim
2925 3186 3095 3254 atque
3119 3182 3192 3236 ob
3221 3180 3519 3252 improbos

1908 3273 2175 3332 Manassis
2217 3289 2410 3328 mores
2438 3273 2577 3327 urbe
2626 3271 2895 3326 Remensi
2929 3273 3266 3337 excesserat,
3304 3269 3363 3324 in
3395 3285 3514 3324 ere-

1911 3379 2074 3419 mum
2094 3361 2318 3428 abiisse,
2345 3378 2460 3416 non
2495 3360 2688 3424 edicit,
2717 3376 2824 3415 nec
2848 3361 3001 3414 salva
3015 3359 3275 3425 veritate,
3295 3357 3521 3413 edicere

1911 3452 1970 3507 id
2000 3451 2204 3521 potuit,
2238 3450 2318 3504 uti
2349 3467 2417 3504 ex
2447 3465 2622 3520 supra
2652 3448 2815 3504 dictis
2838 3452 2962 3502 tum
2995 3447 3066 3502 de
3094 3450 3514 3520 tempore,quo

1912 3543 2140 3594 sanctus
2171 3555 2237 3593 ex
2270 3538 2409 3592 urbe
2432 3537 2699 3590 Hemensi
2731 3536 2890 3603 abiit,
2916 3539 3040 3589 tum
3072 3535 3142 3590 de
3169 3536 3356 3603 rebus,
3383 3552 3518 3607 qua:

1914 3627 2123 3681 deinde
2141 3627 2334 3697 gessit,
2368 3642 2619 3696 pronum
2637 3629 2722 3679 est
2739 3641 2959 3679 eruere.
2994 3625 3067 3678 At
3086 3641 3242 3690 vero,
3277 3624 3520 3695 inquies,

1913 3714 2134 3769 nihilne
2167 3715 2342 3768 etiam
2375 3713 2528 3769 aliud
2573 3713 2892 3780 Guibertus,
2923 3713 3077 3767 unde
3104 3712 3285 3767 sancti
3315 3711 3373 3766 in
3405 3729 3518 3767 ere-

1914 3819 2078 3857 mum
2109 3819 2358 3856 secessus
2373 3805 2604 3871 tempus
2623 3805 2911 3872 utcunque
2935 3799 3310 3854 determinari
3324 3800 3520 3871 possit,

1912 3891 2269 3963 suppeditat?
2285 3890 2550 3946 Recitatis
2563 3889 2823 3962 proxime
2845 3888 2996 3944 binis
3018 3887 3264 3943 textibus
3275 3903 3513 3958 sequen-

1912 3978 1995 4034 tia
2009 3980 2182 4034 verba
2197 3977 2486 4033 interserit
2508 3995 2562 4032 :«
2579 3978 2764 4042 Quem
2783 3975 3520 4048 (Manassem)postmodum

1911 4084 2196 4141 proceres,
2245 4068 2426 4121 clerus
2445 4070 2616 4138 atque
2647 4067 3128 4136 Burgenses,cum
3152 4063 3225 4118 ab
3258 4064 3521 4135 Hugone,

1913 4155 2012 4229 qui
2041 4155 2263 4212 Diensis
2288 4155 2798 4226 agnominabatur,
2838 4151 3268 4225 archiepiscopo
3305 4152 3528 4223 Lugdu-

1914 4243 2102 4310 nensi,
2135 4242 2459 4314 apostolica:
2477 4242 2852 4313 sedislegato,
2887 4241 3009 4297 viro
3033 4241 3090 4296 in
3109 4241 3332 4297 femore
3355 4241 3523 4312 justi-

197 4353 334 4391 mns
381 4335 444 4389 in
499 4334 732 4389 hortulo
783 4304 1097 4405 adjacenti‘
1119 4331 1319 4387 domui
1359 4331 1518 4398 Adae,
1549 4329 1647 4384 ubi
1680 4333 1815 4385 tunc
1835 4304 1887 4362 D
1911 4331 2008 4388 tite
2029 4304 2340 4387 clarissimo
2362 4304 2727 4386 creberrimov
2749 4304 3122 4387 anathemate
3150 4304 3444 4398 feriretur,
3469 4334 3527 4385 et

196 4424 558 4496 hospitabar,
591 4422 662 4477 de
713 4422 872 4477 falsis
904 4420 1387 4477 oblectationibus
1429 4423 1488 4473 et
1545 4418 1815 4490 perituris

199 4513 407 4568 mundi
434 4512 605 4582 hujus
633 4511 861 4578 divitiis,
907 4526 1012 4565 nec
1046 4526 1163 4564 non
1209 4509 1280 4563 de
1311 4508 1584 4578 perennis
1614 4507 1814 4579 gloria:

199 4602 434 4673 gaudiis
481 4600 840 4672 aliquandiu,
871 4603 934 4654 ut
960 4598 1188 4670 opinor,
1221 4599 1624 4665 tractaremus,
1665 4595 1816 4651 unde

199 4692 397 4747 divino
456 4706 655 4745 amore
695 4690 978 4744 ferventes
1015 4686 1390 4758 promisimus
1443 4703 1507 4741 ac
1561 4685 1818 4741 vovimus

201 4777 445 4852 Spiritui
494 4780 692 4832 sancto
741 4777 801 4831 in
833 4775 1094 4848 proximo
1126 4774 1368 4847 fugitiva
1406 4773 1598 4828 saeculi
1648 4773 1818 4828 relin-

199 4884 380 4942 quere
396 4870 459 4922 et
474 4869 695 4921 aeterna
718 4869 1084 4936 captare,nec
1103 4880 1220 4920 non
1235 4863 1640 4918 monachicum
1659 4861 1819 4916 habi-

201 4959 325 5012 tum
351 4955 650 5026 recipere;
704 4953 859 5025 quod
913 4955 971 5007 et
999 4951 1057 5007 in
1093 4953 1276 5007 vicino
1308 4955 1610 5022 peractum
1647 4951 1814 5016 esset;

203 5048 310 5102 nisi
335 5051 478 5101 tunc
502 5043 720 5098 Fulcius
753 5043 1001 5098 Romam
1020 5041 1272 5107 abiisset,
1294 5041 1367 5095 ad
1391 5040 1549 5110 cujus
1565 5039 1816 5094 reditum

206 5133 545 5208 peragenda
565 5131 906 5199 distulimus,
932 5147 1045 5202 quo
1069 5145 1296 5184 moram
1311 5128 1558 5184 faciente
1581 5127 1818 5197 aliisque

207 5221 722 5279 intervenientibus
774 5219 978 5286 causis,
1045 5217 1268 5272 divinus
1321 5233 1487 5271 amor
1543 5215 1818 5286 elanguit,

206 5311 475 5385 refriguit
508 5309 759 5378 animus,
811 5309 1090 5379 {ervoque
1121 5305 1374 5360 evanuit.
1409 5323 1441 5357 »
1483 5305 1568 5358 Ita
1597 5306 1825 5358 sanctus

207 5405 426 5468 noster,
464 5398 564 5471 qui
590 5415 746 5467 sane,
789 5400 992 5469 utpote
1007 5394 1065 5449 in
1083 5393 1290 5465 plurali
1326 5408 1569 5447 numero
1604 5391 1822 5459 dicens,

207 5488 549 5563 peragenda
578 5487 921 5556 distulimus,
940 5482 1261 5541 nonsolum
1295 5481 1365 5535 de
1397 5480 1826 5554 Radulpho,qui

212 5579 329 5635 voti
357 5574 560 5634 emissi
590 5578 1012 5637 exsolutionem
1055 5567 1362 5633 distulerit,
1393 5566 1495 5624 sed
1547 5569 1725 5625 etiam
1756 5570 1826 5628 de

1913 4421 2009 4477 ille
2059 4437 2236 4476 manu
2267 4419 2503 4474 militari
2557 4422 2855 4476 thesauros
2913 4419 3164 4475 ecclesiae
3206 4419 3524 4492 dilapidare

1915 4510 2214 4575 niteretur,
2235 4524 2269 4562 a
2288 4507 2441 4574 sede,
2464 4525 2640 4580 quam
2659 4509 3522 4580 maleobsederat,pepularunt,

1914 4602 1973 4655 et
2000 4597 2165 4653 exilio
2196 4597 2482 4667 relegatus
2513 4600 2904 4661 aaterno,cum
2935 4615 2994 4653 se
3021 4598 3094 4652 ad
3125 4598 3525 4653 excommuni-

1915 4689 2104 4752 catum
2129 4689 2266 4740 tunc
2287 4685 2564 4756 temporis
2594 4686 2924 4741 Heinricum
2955 4681 3371 4758 imperatorem
3404 4687 3526 4759 ipse

1914 4775 2091 4831 etiam
2143 4773 2670 4828 excommunicatus
2719 4775 3072 4842 contulisset,
3122 4776 3229 4829 hac
3281 4776 3527 4846 illacque

1915 4861 2338 4927 oberrans,sine
2353 4862 2768 4918 communione
2791 4868 3084 4935 postremo
3098 4863 3432 4933 defungitur
3453 4880 3466 4928 ;
3500 4886 3530 4912 υ

1914 4968 2046 5008 cum
2083 4953 2277 5006 autem
2320 4949 2564 5021 scriptor
2598 4951 2693 5005 ille
2721 4951 2844 5006 hac
2881 4951 3086 5019 verbis,
3130 4968 3257 5022 qua:
3287 4952 3347 5004 et
3374 4947 3539 5002 binis

1916 5039 2038 5110 ejus
2084 5054 2246 5092 num.
2290 5039 2642 5108 praecedenti
2705 5041 2815 5094 huc
2864 5038 3220 5110 transcriptis
3279 5033 3552 5091 textibus

1917 5126 2475 5200 posteriorincludit,
2508 5127 2768 5199 proxime
2800 5127 3135 5198 praemittat,
3163 5121 3448 5181 Manassis
3479 5133 3572 5173 ex

1920 5216 2063 5270 urbe
2093 5214 2341 5287 sedeque
2391 5216 2659 5270 Remensi
2685 5214 3004 5286 expulsioni
3046 5214 3226 5269 sancti
3257 5207 3474 5267 nostri
3505 5207 3591 5260 in

1923 5319 2188 5358 eremum
2218 5321 2502 5360 secessum
2539 5303 2853 5374 postponit,
2888 5301 3137 5374 hincque
3170 5297 3304 5356 fieri
3341 5290 3614 5360 potest,

1926 5394 1992 5446 ut
2017 5391 2147 5448 huic
2161 5392 2320 5448 illam
2333 5391 2643 5466 praaivisse,
2676 5391 2977 5446 Guibertus
3001 5389 3256 5445 indicare
3290 5390 3469 5434 n0“
3499 5392 3634 5466 pe’

1932 5480 2078 5535 mini
2105 5479 2385 5550 videatur,
2419 5496 2484 5536 ac
2517 5477 2710 5548 proin,
2746 5479 2791 5535 si
2818 5477 3099 5551 scriptore
3132 5477 3241 5532 hoc
3277 5459 3680 5528 standum

1935 5569 2030 5637 sit,
2063 5569 2120 5624 S.
2147 5570 2341 5628 Bruno
2377 5571 2510 5626 ante
2533 5580 2757 5623 annum
2788 5569 2943 5634 1081,
2975 5569 3175 5639 utpote
3207 5554 3402 5616 ante
3450 5559 3719 5620 quem
