4026 6042
330 265 438 322 249

1897 253 2077 310 ACTA

3539 264 3641 318 250

327 405 436 462 per
466 383 916 443 Ecclesiasticum
966 380 1296 438 dicentem:
1351 400 1381 430 «
1429 379 1750 434 Laudemus
1795 375 2243 439 virosAdinem
2272 381 2584 448 secederet,
2636 380 2938 437 biennium
2989 382 3214 438 circiter
3260 401 3295 440 a
3321 384 3654 458 prodigiosa

328 500 360 527 ››
394 477 672 549 gloriosos
689 479 747 530 et
760 476 1029 546 parentes
1047 475 1272 526 nostros
1298 468 1356 523 in
1389 468 1764 541 generatione
1784 484 1938 520 sua.»

329 569 415 621 Ita
443 568 718 621 hactenus
736 565 829 619 ille
848 581 862 631 ;
885 562 1050 617 tacite
1069 561 1301 616 interim
1329 575 1666 630 agnoscens,
1685 558 1942 612 futurum

327 655 519 722 fuisse,
543 658 606 709 ut
639 653 962 716 Guibertus,
987 648 1284 704 Parisiensi
1309 647 1572 720 prodigio
1601 647 1659 700 in
1682 661 1943 700 eremum

325 745 554 816 pulsum
585 743 755 796 fuisse
801 740 858 795 S.
894 740 1245 803 Brunonem,
1277 738 1638 808 exploratum
1683 735 1941 801 haberet,

323 832 372 886 si
397 832 557 887 brevi
582 831 673 886 hic
699 830 758 885 in
788 830 968 895 illam,
1001 831 1305 900 postquam
1338 826 1530 879 feralis
1575 824 1813 879 historia
1838 840 1941 893 pu-

319 920 471 974 blice
503 918 802 985 evenisset,
837 935 958 971 sese
995 913 1298 987 receperit.
1331 915 1400 967 Et
1428 929 1586 980 sane,
1619 913 1659 966 si
1695 915 1940 977 sanctus,

319 1008 521 1063 statim
571 1011 743 1079 atque
772 1003 1104 1079 prodigium
1151 1002 1463 1069 accidisset,
1498 1006 1596 1056 aut
1625 1004 1776 1055 certe
1823 1017 1940 1054 non

321 1097 422 1152 diu
449 1099 581 1167 post
601 1096 658 1150 in
673 1111 932 1150 eremum
943 1135 956 1161 ,
969 1111 1062 1148 sex
1076 1091 1180 1148 sibi
1197 1090 1362 1146 sociis
1375 1091 1678 1161 adjunctis,
1693 1088 1940 1155 abiisset,

319 1186 521 1241 fuisset
554 1186 771 1257 utique,
805 1184 1002 1238 fecisse
1032 1184 1143 1238 hoc
1193 1181 1376 1246 illum,
1411 1181 1702 1236 horrendo
1735 1182 1941 1232 eventu

319 1275 659 1349 impulsum,
695 1273 965 1329 Guiberto
998 1272 1233 1344 aliisque
1289 1270 1499 1343 passim
1553 1268 1939 1333 notissimum,

319 1364 579 1420 maxime
601 1381 730 1418 cum
762 1365 990 1418 sanctus
1016 1378 1148 1415 cum
1177 1378 1273 1416 eos
1300 1377 1443 1432 quos
1469 1376 1662 1414 secum
1706 1358 1763 1410 in
1810 1355 1940 1410 soli-

319 1456 589 1509 tudinem
622 1453 872 1521 attraxit,
911 1456 1036 1507 tum
1076 1451 1236 1517 alios,
1278 1467 1394 1504 non
1425 1467 1635 1521 paucos
1678 1445 1939 1503 horribili

317 1544 418 1599 ido
441 1542 701 1599 damnati
729 1542 976 1598 doctoris
989 1542 1249 1613 exemplo
1265 1540 1336 1595 ad
1353 1539 1751 1611 poenitentiam
1769 1554 1944 1608 agen-

318 1633 458 1687 dam
491 1631 770 1699 excitarit,
803 1629 1299 1703 quemadmodum
1348 1646 1571 1693 omnes,
1616 1627 1711 1699 qui
1745 1625 1939 1699 prodi-

2047 470 2293 525 anastasi
2323 469 2692 525 siveritelabi.
2717 471 2828 525 Etsi
2862 471 3016 525 enim
3041 475 3465 543 anonymusille
3492 475 3652 529 chro-

2045 562 2308 630 nologus,
2342 576 2438 613 seu
2469 559 2762 629 antiquior
2792 563 2987 615 noster
3014 561 3381 633 biographus,
3413 563 3650 617 deﬁnito

2047 667 2201 704 anno
2240 652 2372 704 1084
2399 649 2680 704 Brunonis
2697 649 2753 702 in
2769 650 3079 705 Carthusire
3097 669 3354 705 eremum
3369 667 3652 706 secessum

2043 739 2319 807 innectat,
2350 757 2448 793 suo
2481 742 2676 793 tamen
2708 739 2989 794 scribendi
3021 741 3192 795 modo
3220 758 3336 795 non
3369 740 3563 807 efﬁcit,
3593 743 3656 794 ut

2044 829 2360 884 Parisiense
2391 828 2719 899 prodigium
2749 846 2901 882 anno
2933 831 3067 884 1082
3104 829 3422 883 necessario
3469 829 3540 882 sit
3563 828 3652 882 in-

2042 917 2644 973 nectendum.Etenim
2662 917 2720 971 id
2742 919 3023 971 relaturus
3035 921 3228 984 num,1
3252 917 3331 971 ita
3343 919 3650 971 memorat:

2045 1029 2074 1057 ‹‹
2122 1009 2291 1061 Anno
2344 1005 2658 1061 Dominicae
2712 1005 3126 1060 Incarnationis
3182 1008 3316 1060 1082
3364 1007 3452 1060 vel
3504 1005 3653 1060 circa

2041 1095 2226 1161 illum,
2256 1095 2393 1148 dum
2413 1097 2677 1148 solemne
2693 1094 2943 1148 studium
2971 1095 3207 1148 ﬂoreret
3236 1094 3482 1160 Parisiis,
3510 1110 3653 1166 pra:—

2042 1184 2205 1255 cipue
2236 1183 2294 1237 in
2327 1183 2688 1254 philosophia
2715 1187 2770 1238 et
2795 1183 3086 1254 theologia
3113 1183 3316 1252 etjure
3349 1181 3649 1249 canonico,

2042 1275 2185 1328 sicut
2239 1273 2589 1342 generaliter
2638 1272 2947 1336 consuevit,
2997 1274 3109 1325 tale
3154 1271 3485 1344 prodigium
3517 1273 3648 1343 (quo

2042 1362 2252 1416 scilicet
2286 1362 2485 1416 doctor
2511 1360 2839 1415 Parisiensis
2868 1360 3147 1431 tantisper
3185 1359 3485 1422 redivivus,
3527 1375 3648 1413 sese

2042 1451 2404 1516 damnatum,
2456 1455 2512 1505 et
2548 1449 2762 1504 feretro
2813 1449 3130 1504 astantibus
3159 1447 3532 1518 denuntiarit)
3573 1446 3651 1502 ibi

2041 1540 2248 1595 dicitur
2277 1540 2563 1594 accidisse.
2597 1561 2623 1587 »

2111 1630 2235 1683 413.
2273 1629 2606 1699 Prodigiosa
2631 1645 2768 1699 ergo
2799 1626 3047 1682 doctoris
3069 1626 3325 1682 damnati
3353 1625 3649 1694 anastasis,

316 1720 484 1791 gium
521 1723 913 1791 propugnant,
948 1718 1210 1773 unanimi
1247 1734 1527 1772 consensu
1558 1716 1936 1770 contendunt.
1965 1705 2014 1762 Β
2041 1717 2306 1788 spectatis
2337 1717 2425 1784 iis,
2459 1734 2585 1788 quae
2617 1715 2909 1787 antiquior
2939 1719 3135 1770 noster
3158 1715 3509 1787 biographus
3533 1731 3652 1768 me-

314 1811 392 1862 At
405 1826 563 1876 vero,
588 1810 667 1864 ait
694 1808 1102 1864 Carthasianus
1127 1809 1322 1861 noster
1342 1822 1685 1876 anonymus,
1712 1807 1939 1860 sanctus

316 1914 439 1951 non
470 1897 648 1968 prius,
682 1913 858 1969 quam
885 1913 1014 1950 cum
1046 1897 1171 1966 jam
1203 1893 1504 1949 biennium
1535 1895 1654 1947 fere
1685 1910 1718 1946 a
1748 1893 1940 1963 prodi-

315 1985 480 2057 giosa
510 1986 759 2041 doctoris
786 1984 1032 2040 anastasi
1061 1987 1209 2039 esset
1249 1985 1528 2054 elapsum,
1572 1983 1630 2036 in
1676 1999 1936 2036 eremum

315 2090 439 2129 sese
486 2074 723 2146 recepit,
772 2073 1021 2145 hincque
1073 2073 1132 2128 id
1188 2073 1388 2127 fecisse
1444 2071 1627 2137 illum,
1678 2070 1937 2126 horribili

314 2164 527 2217 eventu
557 2162 891 2233 impulsum,
924 2160 1210 2235 ignoravit
1240 2160 1559 2215 Guibertus.
1588 2160 1797 2214 Verum
1824 2157 1934 2226 cui,

313 2267 532 2321 quaeso,
575 2250 898 2305 verosimile
943 2252 1238 2322 appareat,
1283 2251 1635 2315 Brunonem,
1675 2247 1772 2319 qui
1811 2247 1934 2317 jam

312 2337 450 2393 inde
492 2355 559 2393 ex
589 2338 704 2393 voti
753 2339 969 2393 dudum
1002 2337 1192 2392 emissi
1235 2336 1517 2408 religione
1564 2337 1637 2391 ad
1675 2335 1936 2390 habitum

310 2427 698 2482 monasticam
730 2425 1150 2498 suscipiendum
1178 2426 1503 2492 tenebatur,
1525 2425 1769 2495 hincque
1795 2422 1936 2478 obli-

311 2514 535 2585 gationi
563 2515 887 2570 satisfacere
916 2514 1126 2569 diutius
1161 2513 1430 2568 differens
1466 2512 1742 2584 gravioris
1776 2528 1935 2566 novae

311 2602 570 2672 periculo
602 2620 723 2658 sese
757 2605 880 2657 erat
910 2602 1285 2674 expositurus,
1319 2619 1436 2656 non
1468 2600 1626 2673 prius
1654 2601 1713 2654 in
1743 2601 1938 2655 solitu-

312 2689 536 2758 dinem,
572 2708 747 2762 quam
779 2708 908 2746 cum
937 2690 1234 2745 biennium
1266 2690 1386 2744 fere
1417 2707 1451 2743 a
1478 2689 1766 2760 prodigio,
1799 2707 1932 2762 quo,

310 2780 377 2833 ut
405 2780 722 2850 loquuntur
752 2778 1035 2845 nonnulli,
1069 2779 1340 2834 animitus
1388 2778 1575 2833 fuerat
1607 2795 1932 2847 concussus,

310 2870 462 2921 esset
482 2869 763 2939 elapsum,
791 2867 1083 2922 secessisse
1105 2867 1132 2922 ‘I

382 2957 509 3011 412.
538 2955 601 3010 Id
628 2955 1045 3022 saneincenso,
1076 2955 1253 3027 quod,
1286 2954 1403 3010 viso
1433 2955 1694 3010 horribili
1709 2958 1931 3027 specta-

309 3044 463 3111 culo,
492 3045 839 3116 conceperit,
880 3043 1076 3099 salutis
1121 3047 1354 3099 aeternae
1407 3061 1717 3115 rerumque
1765 3046 1930 3099 cccle-

309 3133 487 3186 stium
517 3133 801 3187 desiderio
851 3132 1095 3187 minime
1146 3132 1433 3204 congruit.
1491 3133 1602 3187 Nec
1644 3134 1746 3199 est,
1778 3133 1933 3204 quod

307 3237 581 3291 reponas,
615 3223 776 3276 tanto
806 3221 1085 3292 temporis
1116 3221 1302 3292 spatio
1337 3221 1508 3276 rebus
1539 3221 1650 3275 suis
1696 3238 1931 3293 compo-

309 3309 539 3375 nendis,
571 3309 977 3381 parandisque,
1011 3327 1138 3381 qum
1167 3309 1239 3364 ad
1269 3326 1476 3364 novum
1505 3310 1932 3381 suscipiendum

308 3397 442 3452 vitae
477 3414 657 3469 genus
687 3415 828 3469 opus
877 3402 1062 3465 erant,
1114 3397 1428 3468 indiguisse
1485 3402 1766 3453 sanctum.
1817 3398 1930 3452 Etsi

309 3485 472 3540 enim
503 3485 883 3540 dubitandum
918 3502 1036 3540 non
1069 3485 1139 3539 sit
1166 3485 1304 3556 quin
1348 3488 1478 3557 post
1503 3485 1852 3556 prodigium,
1887 3485 1931 3540 si

308 3573 505 3644 reipsa
533 3575 723 3628 locum
745 3573 806 3627 id
846 3590 1103 3644 unquam
1135 3573 1354 3639 habuit,
1387 3573 1668 3644 temporis
1698 3573 1930 3645 aliquod

311 3661 587 3732 spatium,
619 3679 732 3734 quo
773 3678 865 3716 res
895 3679 1026 3715 suas
1067 3665 1463 3731 componeret,
1497 3663 1930 3734 necessariaque

313 3750 390 3805 ad
429 3767 644 3805 novum
688 3750 817 3805 vitae
863 3767 1045 3822 genus
1092 3753 1341 3820 pararet,
1374 3767 1504 3805 vere
1557 3750 1928 3822 impenderit,

313 3838 489 3893 fuisse
521 3841 717 3893 tamen
750 3838 891 3892 illud
931 3843 1028 3893 aut
1077 3855 1196 3894 esse
1243 3838 1502 3894 debuisse
1547 3840 1792 3895 duorum
1822 3840 1930 3895 cir-

315 3927 460 3981 citer
493 3944 803 3994 annorum,
852 3928 1010 3981 nulla
1040 3928 1279 3982 omnino
1328 3927 1474 3982 ratio
1521 3929 1740 3983 suadet.
1788 3928 1934 3992 Quid

316 4015 380 4069 ni
423 4015 580 4070 enim
633 4016 800 4071 bonis
857 4015 970 4071 suis
1018 4032 1141 4070 sese
1196 4015 1480 4083 abdicare,
1537 4017 1733 4071 amicis
1788 4019 1936 4072 vale-

317 4102 534 4172 dicere,
588 4121 902 4177 paucaque,
959 4121 1085 4176 quae
1137 4103 1211 4170 ci,
1277 4106 1705 4176 pauperrimam
1759 4105 1932 4161 vitam

318 4192 584 4259 ducturo,
645 4193 965 4248 necessaria
1016 4196 1207 4246 essent
1258 4193 1469 4257 futura,
1528 4210 1731 4265 parare
1790 4195 1932 4250 duo-

316 4299 451 4337 rum
515 4281 690 4336 etiam
762 4281 1036 4335 duntaxat
1092 4281 1337 4335 triumve
1403 4283 1689 4336 mensium
1749 4273 2006 4354 spatioD

317 4369 620 4442 potuerit?
659 4371 779 4435 Ast,
811 4368 999 4440 inquit
1039 4368 1444 4423 Carthusianus
1488 4375 1684 4425 noster
1713 4389 1933 4444 anony-

318 4474 470 4525 mus,
507 4459 768 4512 sanctum
810 4473 963 4511 anno
999 4459 1135 4512 1084
1176 4457 1488 4512 Carthusiae
1521 4475 1784 4514 eremum
1813 4478 1932 4517 esse

315 4546 666 4616 ingressum,
697 4544 1020 4617 primorum
1051 4544 1304 4615 quinque
1342 4545 1652 4600 Carthusiae
1673 4548 1932 4618 priorum

315 4635 708 4706 chronologus
725 4649 825 4686 seu
844 4632 1138 4703 antiquior
1165 4633 1345 4687 sancti
1373 4633 1553 4688 nostri
1584 4634 1934 4707 biographus

316 4739 484 4778 num.
523 4727 578 4778 11
614 4721 823 4777 diserte
853 4719 1049 4787 tradit,
1106 4720 1292 4792 eique,
1334 4722 1430 4792 qui
1460 4725 1587 4794 post
1614 4723 1935 4781 ﬂoruerunt

318 4810 679 4866 Carthusiani
711 4809 830 4875 alii,
873 4825 978 4881 pro
1009 4808 1341 4880 prodigiosa
1381 4810 1629 4866 doctoris
1671 4813 1931 4869 damnati

315 4898 567 4955 anastasi
591 4898 806 4964 testati,
849 4898 1089 4969 jamque
1132 4897 1190 4951 in
1224 4897 1480 4953 medium
1513 4900 1631 4967 ἓΧί
1680 4900 1932 4970 adducti,

317 4988 497 5042 etiam
523 4987 910 5042 consentiunt.
947 4986 1168 5052 Fateor,
1203 4987 1281 5040 sic
1309 4987 1524 5042 habet:
1563 5003 1764 5044 verum
1795 4991 1933 5062 quid

316 5079 442 5130 tum
464 5076 492 5130 ?
520 5074 793 5130 Sanctum
825 5074 1096 5146 equidem
1126 5077 1254 5144 post
1274 5074 1487 5129 factum
1513 5076 1845 5148 prodigium
1871 5081 1931 5135 in

314 5163 710 5232 solitudinem,
745 5163 816 5218 ab
843 5179 1040 5218 eremo
1069 5162 1443 5218 Carthasiana
1459 5163 1738 5220 diversam
1769 5172 1930 5223 ante-

315 5269 494 5324 quam
539 5252 685 5307 hanc
733 5252 943 5320 adiret,
976 5267 1094 5306 sese
1141 5268 1260 5305 non
1310 5250 1614 5320 abdidisse,
1668 5256 1931 5327 nuspiam

314 5341 594 5397 aﬂirmat.
626 5341 762 5408 Nec,
796 5340 898 5396 etsi
925 5340 982 5394 id
1015 5339 1352 5408 affirmaret,
1403 5356 1759 5414 consequens
1797 5361 1932 5417 pro-

313 5433 520 5501 pterea
549 5429 736 5497 ﬁeret,
769 5431 850 5497 ut,
883 5429 1150 5501 spectatis
1168 5428 1256 5496 iis,
1292 5445 1420 5501 quae
1459 5429 1508 5486 is
1535 5429 1779 5504 scriptor
1806 5451 1930 5496 me.

314 5516 525 5576 marite
552 5517 769 5591 prodit,
801 5520 1033 5576 sanctus
1057 5518 1276 5585 noster,
1308 5520 1622 5590 antequam
1646 5518 1714 5588 in
1735 5523 1932 5588 εοιίιιι.

2041 1805 2241 1861 moria:
2265 1805 2490 1878 prodit;
2525 1822 2641 1859 non
2676 1804 2914 1859 deﬁnito
2944 1821 3095 1858 anno
3118 1807 3274 1870 1082,
3305 1803 3404 1857 sed
3433 1803 3521 1857 vel
3541 1804 3651 1857 hoc

2038 1893 2160 1966 ipso
2188 1911 2364 1959 anno,
2385 1895 2471 1948 vel
2487 1909 2602 1948 uno
2625 1896 2722 1947 aut
2747 1894 2925 1947 altero
2945 1893 3204 1963 proxime
3219 1909 3316 1946 seu
3334 1906 3650 1963 praegresso

2037 1999 2135 2037 seu
2167 1986 2380 2050 secuto,
2415 1982 2623 2049 evenit,
2676 1999 2780 2035 nec
2833 1981 3149 2052 quidquam
3199 1979 3333 2034 alibi
3383 1978 3649 2044 occurrit,

2037 2071 2192 2143 quod
2223 2071 2461 2125 feralem
2506 2071 2664 2124 illam
2693 2069 3013 2134 historiam,
3054 2069 3097 2123 si
3125 2085 3384 2139 unquam
3426 2065 3651 2134 accidit,

2037 2159 2425 2214 determinato
2441 2175 2593 2213 anno
2612 2161 2747 2214 1082
2768 2161 2937 2228 cogat
2959 2157 3272 2212 innectere.
3292 2156 3436 2221 Quid
3451 2156 3493 2210 si
3513 2171 3652 2226 ergo

2037 2248 2154 2316 illa,
2189 2249 2231 2302 si
2258 2249 2518 2318 contigit,
2553 2247 2674 2320 ipso
2707 2265 2860 2302 anno
2898 2250 3053 2315 1083,
3080 2247 3152 2301 ad
3184 2248 3366 2301 finem
3387 2247 3507 2300 fere
3525 2245 3652 2315 jam

2036 2339 2329 2410 provecto,
2357 2336 2545 2406 reipsa
2597 2336 2795 2402 etiam,
2848 2336 2927 2390 uti
2979 2352 3046 2390 ex
3077 2335 3242 2389 dictis
3287 2333 3410 2388 fieri
3443 2335 3652 2405 potest,

2039 2425 2345 2497 contigisse
2383 2427 2684 2492 statuatur,
2717 2425 2797 2479 ita
2828 2441 2964 2478 sane
3010 2425 3158 2478 hanc
3188 2423 3343 2478 inter
3372 2425 3430 2477 et
3471 2419 3652 2476 sancti

2036 2514 2096 2570 in
2130 2514 2439 2570 Carthusiae
2490 2530 2750 2568 eremum
2805 2530 3109 2580 secessum,
3163 2512 3260 2584 qui
3301 2528 3368 2566 ex
3398 2509 3655 2565 dicendis

2037 2622 2189 2660 anno
2226 2606 2361 2659 1084
2391 2604 2543 2658 circa
2573 2604 2748 2671 diem,
2785 2603 2840 2658 S.
2864 2603 3068 2657 Joanni
3102 2601 3367 2674 Baptistae
3399 2616 3650 2665 sacrum,

2037 2692 2247 2760 evenit,
2282 2710 2401 2748 non
2450 2692 2751 2747 biennium
2801 2691 3045 2758 circiter,
3092 2690 3191 2744 sed
3222 2688 3429 2744 arctius
3476 2689 3651 2758 longe

2036 2781 2315 2853 temporis
2336 2782 2585 2852 spatium
2615 2781 3020 2845 intercesserit,
3055 2778 3211 2850 quod
3235 2780 3464 2832 sanctus
3479 2777 3650 2831 rebus

2034 2871 2148 2925 suis
2178 2869 2600 2940 componendis
2620 2869 3023 2941 parandisque,
3057 2885 3183 2939 qua-3
3215 2867 3288 2920 ad
3315 2863 3534 2920 consilii
3564 2863 3650 2919 sui

2035 2959 2460 3014 exsecutionem
2510 2961 2838 3028 opportuna
2869 2957 3277 3022 arbitrabatur,
3309 2953 3650 3026 impendere

2033 3047 2304 3119 potuerit,
2331 3047 2621 3118 quodque,
2643 3046 2686 3100 si
2716 3046 2942 3117 longius
2963 3045 3146 3099 adhuc
3167 3043 3445 3107 videatur,
3475 3057 3651 3112 quam

2034 3139 2153 3191 uta
2184 3139 2379 3190 sancto
2413 3135 2582 3189 rebus
2613 3136 2726 3187 suis
2757 3132 3173 3205 componendis
3204 3129 3650 3200 necessariisque

2032 3226 2162 3282 vitae
2194 3223 2503 3280 eremiticze
2558 3223 2974 3293 amplectandaz
3019 3220 3290 3293 parandis
3317 3219 3649 3291 impensum

2031 3315 2203 3370 fuisse
2232 3314 2517 3381 credatur,
2569 3311 2831 3369 contrahi
2871 3309 3056 3364 adhuc
3103 3313 3292 3382 potest
3327 3305 3647 3363 differendo

2033 3403 2206 3460 etiam
2241 3403 2313 3458 ad
2339 3419 2560 3456 annum
2585 3418 2763 3473 usque
2801 3401 2934 3454 1084
2967 3398 3283 3453 Parisiense
3315 3393 3647 3468 prodigium

2032 3495 2230 3561 utpote
2271 3491 2424 3562 quod
2455 3507 2561 3545 nec
2606 3487 2922 3543 necessario
2954 3491 3087 3542 ante
3116 3487 3270 3541 hunc
3315 3500 3534 3539 annum
3581 3499 3649 3536 ex

2022 3579 2150 3649 jam
2202 3579 2364 3634 dictis
2394 3577 2683 3633 acciderit.
2714 3577 2954 3648 Quoquo
2982 3575 3156 3630 modo
3199 3573 3393 3645 itaque
3421 3588 3513 3626 res
3541 3571 3644 3625 ha-

2031 3667 2185 3735 beat,
2213 3666 2435 3721 biennii
2485 3665 2709 3720 circiter
2754 3665 3002 3735 spatium
3051 3679 3270 3718 annum
3301 3661 3474 3726 inter,
3535 3675 3647 3730 quo

2032 3759 2259 3810 sanctus
2287 3755 2346 3809 in
2368 3753 2677 3810 Carthasim
2691 3769 2952 3808 eremum
2970 3750 3128 3816 abiit,
3162 3747 3525 3821 prodigiique
3547 3747 3652 3802 Pa-

2032 3844 2283 3900 risiensis
2315 3843 2592 3915 epocham
2646 3840 3049 3906 intercessisse,
3084 3837 3238 3892 exiis
3264 3853 3390 3908 quae
3423 3851 3646 3905 anony-

2033 3950 2161 3988 mus
2191 3931 2516 4004 primorum
2532 3929 2785 4002 quinque
2800 3926 3110 3984 Carthusiae
3127 3925 3385 3997 priorum
3406 3924 3649 3978 chrono-

2032 4022 2198 4093 logus
2220 4040 2316 4076 seu
2345 4021 2637 4092 antiquior
2654 4016 2832 4073 sancti
2851 4017 3029 4072 nostri
3058 4015 3408 4088 biographus
3427 4028 3650 4068 memo-

2032 4113 2132 4167 rim
2164 4111 2375 4183 prodit,
2411 4125 2767 4180 consequens
2806 4124 2924 4162 non
2956 4109 3060 4160 est.
3093 4107 3277 4176 Atque
3300 4102 3356 4158 id
3386 4101 3648 4175 quidem,

2035 4217 2141 4254 nec
2168 4197 2457 4254 immerito
2482 4199 2554 4254 ob
2575 4199 2704 4268 jam
2735 4197 2906 4262 dicta,
2927 4193 3250 4258 statuimus,
3269 4191 3646 4247 Cartliusiano

2034 4293 2228 4343 nostro
2244 4303 2535 4358 anonymo
2550 4287 2752 4352 dantes
2775 4283 3072 4356 tantisper,
3093 4286 3355 4338 sanctum
3382 4284 3648 4337 nostrum

2032 4393 2165 4430 cum
2193 4375 2412 4430 mundo
2442 4373 2822 4429 valedicturus
2870 4372 3063 4426 Remis
3092 4369 3346 4437 excessit,
3400 4373 3559 4424 recta
3586 4370 3646 4426 in

2035 4463 2345 4520 Carthusia:
2373 4478 2635 4517 eremum
2660 4459 2973 4528 secessisse,
3007 4477 3106 4514 seu
3131 4459 3204 4514 ad
3235 4458 3292 4513 S.
3318 4459 3646 4531 Hugonem,

2032 4551 2629 4623 Gratianapolitanum
2673 4549 3030 4621 episcopum,
3063 4566 3097 4604 a
3143 4565 3255 4622 quo
3284 4547 3347 4603 in
3391 4549 3541 4604 hanc
3580 4561 3647 4601 ex

2035 4641 2288 4697 dicendis
2315 4642 2515 4695 ductus
2544 4639 2670 4706 fuit,
2701 4655 2822 4693 sese
2849 4638 3176 4694 contulisse.

2104 4732 2229 4785 414.
2258 4730 2472 4784 Verum
2501 4730 2750 4794 sanctus,
2774 4730 3088 4799 antequam
3118 4727 3227 4782 hoc
3255 4727 3489 4792 faceret,
3522 4723 3650 4780 soli-

2032 4819 2295 4874 tudinem
2329 4834 2362 4872 a
2391 4815 2704 4872 Carthusiaa
2754 4833 2950 4872 eremo
2998 4815 3283 4872 diversam
3315 4813 3540 4878 adiisse,
3583 4812 3647 4866 in

2034 4924 2216 4979 eaque
2259 4905 2594 4978 aliquandiu
2632 4908 3024 4962 commoratus
3072 4903 3241 4960 fuisse
3289 4901 3532 4957 videtur.
3563 4901 3649 4954 Ita

2034 4995 2312 5066 opinandi
2355 5011 2555 5050 ansam
2595 5010 2694 5049 seu
2723 4993 3170 5050 fundamentum
3215 4989 3476 5062 praebent
3502 4987 3647 5043 varii

2032 5084 2303 5138 funebres
2322 5083 2503 5137 sancti
2533 5083 2723 5150 Tituli,
2754 5083 2835 5138 uti
2867 5080 3043 5137 etiam
3083 5077 3436 5136 Mabillonius
3461 5076 3521 5133 in
3547 5093 3642 5133 or-

2034 5171 2182 5226 dinis
2211 5171 2296 5226 sui
2327 5171 2684 5226 Benedictini
2701 5170 3038 5238 Annalibus,
3065 5167 3164 5224 lib.
3184 5183 3331 5233 vax,
3361 5183 3524 5222 num.
3549 5168 3638 5222 66.

2033 5260 2132 5313 Hic
2162 5259 2319 5315 enim
2355 5259 2602 5330 scriptor
2649 5258 2887 5320 ibidem,
2924 5257 2994 5312 de
3024 5258 3222 5312 sancto
3273 5259 3490 5322 nostro,
3542 5253 3640 5327 qui

2033 5347 2392 5404 Carthusiam
2421 5348 2642 5413 adiens,
2675 5343 2875 5416 magni
2927 5343 3180 5401 nominis
3219 5343 3547 5410 eremitam,
3594 5339 3641 5396 si

2031 5437 2463 5502 Blomenveuna
2479 5452 2555 5492 ex
2569 5433 2817 5498 Henrico
2850 5432 3048 5492 Calcar
3069 5435 3232 5494 recte
3250 5434 3436 5501 notet,
3459 5430 3529 5492 in
3550 5429 3641 5488 via

2029 5523 2397 5596 consuluerit,
2423 5535 2754 5594 seeran
2776 5520 3018 5591 faciens,
3041 5520 3180 5594 hac.
3196 5518 3498 5597 sequentia
3512 5533 3646 5596 pm-
