4224 6058
611 111 707 165 251

1456 109 1516 165 S.
1548 108 1892 166 BRUNONIS
1934 108 2565 169 CARTHUSIANORUM
2604 113 3068 168 lNSTlTUTORlS

3820 113 3927 168 252

609 230 696 287 dit
724 231 1056 288 memoriae:
1093 251 1122 286 ς
1141 231 1390 297 Quinam
1414 233 1485 289 sit
1504 234 1599 289 ille
1619 234 2215 307 magninominisere-
2234 243 2288 301 Α
2312 237 2410 292 sive
2467 238 2889 292 Beverlacensis
2947 235 3276 304 canonicus,
3349 239 3546 292 sancto
3581 238 3928 308 parentavit,

609 320 773 388 mita,
799 338 970 392 quem
997 322 1189 376 Bruno
1218 322 1487 377 adeundo
1519 323 1878 378 Carthusiam
1907 326 2211 391 consuluit,

611 425 784 463 nemo
806 410 1183 476 hactenus,ne
1206 409 1443 481 quidem
1464 411 2093 479 divinando,assecutus
2110 417 2212 467 est.

610 495 999 567 Conjiciebam
1033 499 1306 568 aliqando
1339 499 1511 553 fuisse
1547 499 1905 572 Stephanum
1939 503 2215 556 Tiernen-

611 601 756 652 sem,
793 586 888 657 qui
928 589 1052 640 tum
1089 587 1294 641 Mureti
1357 588 1510 658 apud
1568 589 1898 644 Lemovicos
1949 607 2066 645 non
2096 591 2216 644 sine

611 674 809 746 magni
842 673 1096 728 nominis
1154 675 1313 729 fama
1354 675 1712 730 eremiticam
1742 677 1917 732 vitam
1947 696 2077 733 cum
2105 679 2218 733 suis

610 764 836 835 agebat.
853 765 925 816 At
941 764 1284 834 quibusdam
1318 766 1712 819 monumentis
1738 767 2084 835 adducor,ut
2105 786 2222 823 cre-

610 851 935 918 dam,illum
957 852 1155 922 magni
1181 852 1432 907 nominis
1445 853 1751 908 eremitam
1766 873 1882 910 non
1900 856 2076 911 alium
2100 874 2219 911 esse

610 957 786 1012 quam
819 941 1154 1008 Robertum,
1180 941 1450 995 abbatem
1476 942 1922 1012 Molismensem,
1944 947 2136 1000 Exstat
2162 946 2218 999 in

607 1027 756 1083 illius
785 1029 1120 1084 monasterii
1173 1030 1454 1085 tabulario
1501 1031 1775 1086 Bainardi
1815 1034 1886 1087 de
1920 1035 2118 1102 Barro,
2165 1036 2222 1088 et

604 1117 881 1172 Johannis
912 1118 981 1172 de
1028 1119 1272 1173 Laniaco
1326 1120 1547 1186 charta,
1602 1138 1716 1192 qua
1764 1125 2035 1177 «terram
2070 1121 2221 1193 apud

610 1225 640 1256 ‹‹
676 1204 1272 1274 Siccam-Fontanam,
1332 1209 1526 1262 labore
1585 1209 1890 1264 hominum
1922 1230 1954 1263 »
2009 1211 2219 1282 partim

607 1314 636 1344 »
661 1295 786 1365 jam
824 1293 1282 1364 complanatam,
1317 1314 1347 1347 δ
1393 1297 1667 1352 laudante
1719 1299 1978 1353 Valentio
2010 1299 2220 1353 comite

605 1382 879 1438 Brenensi
912 1385 969 1435 et
1015 1382 1301 1449 Barrensi,
1347 1385 1506 1455 cujus
1553 1417 1578 1436 ι
1617 1387 1725 1441 hoc
1758 1391 2155 1442 casamentum
2191 1409 2218 1436 »

606 1474 750 1538 erat,
780 1471 1032 1525 ecclesia:
1063 1470 1409 1526 Molismensi
1439 1475 1768 1530 conferunt.

674 1561 799 1614 415.
839 1579 867 1612 α
896 1559 1036 1614 Cum
1067 1577 1200 1615 vero
1229 1562 1466 1616 ecclesia
1504 1563 1609 1616 loci
1645 1564 1813 1626 illius,
1843 1581 2015 1635 quam
2047 1565 2221 1619 mdiﬁ-
2246 1555 2296 1612 Β

603 1667 632 1697 ››
666 1652 935 1702 caverant
966 1650 1164 1702 Petrus
1197 1651 1254 1702 et
1286 1649 1642 1718 Lambertus,
1677 1651 1934 1723 discipuli
1960 1653 2219 1724 magistri

602 1757 630 1785 »
658 1737 962 1803 Brunonis,
993 1737 1089 1808 qui
1115 1753 1244 1790 cum
1277 1753 1344 1791 eo
1387 1737 1445 1791 in
1481 1740 1767 1794 territorio
1819 1741 1916 1795 illo
1945 1746 2129 1807 erant,
2163 1744 2221 1796 et

603 1846 634 1876 »
670 1825 964 1879 eremitice
988 1824 1264 1891 vixerant,
1295 1825 1562 1881 adomno
1589 1828 1839 1883 Roberto
1872 1828 2220 1899 Lingonensi

606 1935 634 1965 ››
670 1914 936 1985 episcopo
964 1912 1022 1966 in
1061 1913 1284 1967 honore
1315 1913 1500 1968 beata":
1529 1932 1760 1986 semper
1783 1917 2018 1988 virginis
2033 1920 2219 1974 Maria:

607 2023 637 2052 »
671 2001 1385 2071 dedicaretur,atriumque
1419 2003 1878 2073 benediceretur,
1915 2008 2221 2078 praadictus

609 2111 639 2141 »
674 2106 869 2145 comes
883 2089 1106 2143 etidem
1135 2090 1468 2161 Beynardus
1487 2096 1545 2144 et
1566 2095 1846 2148 Acelenus
1871 2111 2002 2149 cum
2029 2097 2222 2153 multis

609 2200 639 2230 »
671 2179 796 2234 aliis
829 2184 1142 2252 praesentes
1160 2180 1413 2235 fuerunt.
1444 2203 1471 2229 ››
1520 2183 1594 2236 Ex
1627 2183 1830 2253 quibus
1858 2183 2217 2256 intelligitur,

605 2269 940 2324 Brunonem
983 2269 1138 2339 apud
1185 2268 1776 2339 Siccam-Fontanam,
1822 2273 1917 2344 qui
1951 2274 2107 2328 locus
2137 2278 2223 2329 est

605 2357 860 2413 dicecesis
877 2357 1276 2428 Lingonensis,
1292 2357 1350 2411 in
1367 2358 1834 2414 archidiaconatu
1867 2361 2023 2414 Barri
2051 2379 2223 2432 super

599 2445 827 2513 Albam,
858 2446 1195 2517 aliquandiu
1229 2446 1522 2501 eremitice
1539 2447 1739 2502 vixisse
1769 2465 1900 2503 cum
1930 2449 2221 2520 praadictis

602 2536 773 2590 Petro
801 2539 859 2589 et
889 2535 1198 2590 Lamberto
1234 2535 1410 2606 ipsius
1441 2535 1731 2606 discipulis
1763 2541 1821 2592 et
1854 2538 1923 2591 de
1954 2538 2218 2608 proximo

602 2624 901 2678 consulere
932 2624 1206 2694 potuissse
1240 2624 1578 2678 Rotbertum
1609 2625 2032 2679 Molismensem
2050 2627 2220 2681 abba-

607 2715 749 2779 tem,
773 2713 971 2784 magni
1005 2715 1127 2766 tum
1159 2712 1430 2778 nominis,
1473 2713 1570 2785 qui
1616 2713 1978 2768 eremiticam
2004 2715 2217 2785 passim

600 2799 775 2899 vitam
802 2800 1481 2899 agebatﬁullapraadicio
1505 2801 1889 2857 instrumento
1906 2803 2220 2874 apponitur
2247 2842 2293 2899 Ο

604 2888 887 2944 Chronica
915 2892 1088 2956 nota;
1118 2890 1217 2943 sed
1249 2890 1322 2943 ad
1343 2890 1670 2959 marginem
1707 2891 2015 2944 recentiori
2043 2908 2221 2945 manu

602 2977 878 3050 ascriptus
932 2982 1016 3033 est
1071 2995 1257 3032 annus
1313 2981 1465 3045 1081,
1524 2979 1619 3050 qui
1666 2980 1917 3051 tempori
1971 2996 2221 3034 secessus

601 3067 884 3121 Brunonis
914 3067 1176 3137 apprime
1222 3067 1530 3122 convenire
1576 3071 1784 3138 potest.
1841 3068 1956 3121 Nec
2008 3069 2215 3133 obstat,

605 3155 760 3226 quod
792 3153 1096 3208 Rotbertus
1127 3154 1453 3224 Lingonum
1469 3156 1675 3226 praesul
1699 3157 1755 3208 et
1789 3155 1910 3225 ipse
1935 3155 2220 3210 Brunonis

603 3241 912 3313 discipulis,
933 3241 1028 3312 qui
1052 3243 1525 3297 Siccae-Fontanus
1563 3243 1872 3297 eccsesiam
1915 3243 2216 3310 dedicavit,

607 3346 726 3386 non
743 3333 878 3385 ante
891 3348 1110 3385 annum
1145 3334 1278 3386 1085
1303 3332 1451 3385 hanc
1469 3332 1666 3386 sedem
1684 3331 1902 3386 inierit.
1928 3333 2070 3386 Nam
2096 3333 2220 3387 haec

604 3418 888 3474 dedicatio
920 3419 1218 3490 aliquanto
1269 3422 1399 3491 post
1431 3436 1718 3475 recessum
1753 3419 2040 3475 Brunonis
2068 3421 2220 3475 facta

606 3509 711 3562 est.
742 3506 906 3562 Certe
961 3508 1215 3562 Brunoni
1254 3507 1447 3562 Remis
1495 3501 1956 3578 Gratianopolim
1985 3508 2218 3563 adeunti

603 3595 835 3652 obvium
848 3598 971 3650 erat
985 3595 1343 3651 Molismense
1359 3597 2066 3669 monasterium,adeoque
2081 3598 2218 3652 Rot-

599 3684 796 3740 bertus
816 3685 937 3756 ejus
960 3685 1155 3752 abbas,
1184 3702 1357 3757 quem
1382 3687 1570 3740 nullus
1590 3689 1712 3740 tum
1727 3685 2102 3740 eremitarum
2122 3688 2222 3740 aut

601 3774 1048 3840 monachorum,
1108 3774 1182 3828 ad
1212 3775 1631 3845 perfectionem
1691 3774 1804 3828 illis
1854 3773 1912 3827 in
1966 3775 2220 3846 partibus

603 3861 1235 3928 contendentium,non
1252 3865 1542 3916 rectorem
1571 3862 1645 3916 ad
1665 3861 1873 3916 ducem
1893 3862 2108 3916 habere
2121 3879 2217 3916 cu-

601 3949 815 4021 piebat.
852 3970 880 3998 ››
911 3951 994 4004 Ita
1024 3949 1200 4004 illeze
1233 3949 1410 4003 titulis
1432 3953 1628 4004 autem
1657 3949 2016 4017 funebribus,
2051 3967 2081 4004 e
2100 3951 2220 4022 qui-

602 4037 728 4105 bus,
760 4041 1025 4094 sanctum
1077 4041 1236 4092 recta
1297 4038 1355 4092 in
1402 4038 1785 4106 Carthusiam,
1831 4055 1962 4092 cum
1997 4039 2216 4094 mundo

2315 327 2648 380 hexametro
2681 326 2958 379 duntaxat
2989 327 3471 396 pentametroque
3501 329 3746 380 constat.

2385 415 2491 468 Det
2506 417 2679 484 pietas
2714 412 2920 468 Christi
2943 413 3059 479 tibi,
3105 411 3316 474 Bruno,
3348 412 3490 484 quod
3519 416 3782 468 meruisti.

2377 502 2580 556 Factus
2600 506 2656 556 in
2679 503 2777 556 hac
2804 504 2913 555 vita
2939 502 3225 555 monachus
3233 504 3410 572 prius,
3439 501 3565 555 hinc
3585 505 3821 556 eremita.

2319 592 2584 659 Quartus,
2612 608 2711 645 seu
2757 593 2854 645 143
2909 591 3061 645 inter
3090 590 3471 652 recudendos,
3521 608 3694 662 quem
3733 593 3932 644 sancto

2320 681 2631 736 Castrensis
2677 679 2734 734 S.
2769 680 2920 733 Petri
2963 679 3208 734 ecclesia
3231 677 3540 750 inscripsit,
3574 679 3728 734 hisce
3760 679 3937 750 potis-

2318 769 2529 824 simum
2558 767 2846 823 versiculis
2877 767 3198 838 concipitur
3227 783 3239 821 :

2393 857 2578 911 Gloria
2594 858 2890 927 justorum,
2922 856 3113 910 solatia
3145 855 3254 909 sola
3290 872 3502 910 reorum

2463 947 2653 1001 Bruno
2682 947 2794 1017 fuit
2823 948 3019 1013 vivens,
3041 963 3252 1016 parque
3280 944 3430 998 dolor
3459 947 3714 1000 moriens.

2395 1036 2579 1090 Totius
2597 1036 2726 1089 cleri
2745 1035 2924 1099 decus,
2942 1035 3210 1104 exemplar
3239 1051 3446 1111 quoque
3477 1036 3591 1087 veri

2461 1124 2616 1178 Mors
2639 1124 2788 1177 dolor
2808 1125 3023 1193 eripuit,
3052 1123 3180 1175 dum
3206 1121 3380 1176 Pater
3413 1122 3677 1176 occubuit.

2390 1213 2632 1284 E/fectus
2675 1213 2962 1266 monachus
2995 1214 3170 1286 prius,
3219 1212 3345 1267 hinc
3370 1213 3690 1282 eremitaque
3739 1215 3934 1271 rectus,

2465 1302 2660 1356 Gratia
2689 1319 2896 1355 summa
2913 1301 3018 1355 Dei
3031 1303 3358 1372 propitietur
3385 1302 3451 1355 ei.

2322 1390 2564 1445 Sanctus
2593 1391 2811 1462 itaque,
2847 1391 2928 1444 uti
2979 1407 3045 1444 ex
3074 1391 3228 1444 hisce
3248 1390 3374 1460 jam
3408 1389 3660 1443 recitatis
3680 1385 3936 1441 funebri-

2318 1479 2423 1533 bus
2453 1479 2631 1533 titulis
2677 1481 2797 1549 ejus
2836 1481 3097 1550 apparet,
3150 1477 3502 1533 monachum
3533 1476 3690 1547 prius
3744 1474 3936 1528 induit

2319 1568 2570 1640 egitque,
2601 1584 2775 1640 quam
2805 1568 2981 1621 vitam
3013 1567 3369 1622 eremiticam
3410 1565 3584 1619 fuerit
3609 1565 3926 1634 amplexus.

2319 1659 2402 1711 Ita
2422 1655 3155 1727 scilicet,quemadmodum
3175 1653 3432 1708 Historia:
3449 1651 3926 1707 litterariaeFran-

2319 1747 2420 1801 ciae
2452 1747 2758 1816 scriptores
2790 1749 2932 1799 tom.
2966 1745 3048 1808 IX,
3083 1761 3216 1815 pag.
3249 1745 3352 1798 237
3385 1743 3710 1808 observant,
3730 1739 3927 1794 titulo-

2317 1851 2450 1889 rum
2481 1835 2707 1888 illorum
2736 1838 2996 1887 auctores
3027 1832 3329 1902 designare
3358 1831 3645 1885 voluerint
3673 1832 3927 1900 tempus,

2321 1940 2433 1994 quo
2451 1925 2697 1986 sanctus,
2727 1925 3039 1992 antequam
3057 1920 3114 1974 in
3136 1919 3448 1974 Carthusiae
3479 1934 3743 1973 eremum
3772 1932 3930 1970 sece-

2323 2011 2506 2077 deret,
2563 2010 2933 2065 solitudinem
2964 2008 3323 2075 inhabitavit,
3354 2024 3474 2074 seu,
3523 2007 3679 2079 quod
3718 2005 3928 2060 eodem

2319 2100 2541 2165 recidit,
2576 2099 2948 2153 solitudinem
2982 2115 3016 2151 a
3046 2096 3358 2151 Carthusize
3389 2112 3587 2150 eremo
3616 2095 3926 2158 diversam,

2321 2191 2639 2258 antequam
2669 2187 2727 2241 in
2758 2187 2905 2240 hanc
2937 2203 3056 2240 sese
3079 2185 3338 2250 abderet,
3370 2186 3633 2237 sanctum
3661 2185 3929 2236 nostrum

2321 2276 2688 2341 inhabitasse,
2720 2275 3013 2345 vitamque
3046 2274 3103 2327 in
3135 2290 3204 2326 ea
3233 2271 3636 2326 monachicam
3681 2269 3931 2324 duxisse.

2391 2367 2516 2420 417.
2537 2366 2619 2418 lta
2632 2364 2751 2417 fere
2768 2365 3050 2434 quantum
3082 2361 3154 2415 ad
3176 2360 3557 2415 substantiam
3581 2358 3680 2424 illi,
3717 2357 3936 2412 adden-

2320 2457 2405 2508 tes
2424 2453 2601 2506 etiam
2621 2453 2833 2518 locum,
2866 2451 2924 2504 in
2943 2467 3056 2522 quo
3091 2452 3340 2519 sanctus,
3371 2451 3684 2518 antequam
3713 2447 3770 2499 in
3792 2446 3932 2499 Car-

2319 2541 2521 2596 thusiaa
2547 2557 2806 2594 eremum
2825 2537 3136 2605 secederet,
3171 2536 3506 2608 aliquandiu
3526 2535 3634 2590 fuit
3656 2537 3930 2600 versatus,

2321 2629 2800 2684 Siccae-Fontanus
2829 2625 3200 2682 solitudinem
3246 2625 3542 2679 exstitisse.
3569 2624 3636 2676 Et
3665 2625 3930 2677 sanctum

2321 2736 2457 2772 sane
2480 2718 2538 2771 in
2553 2718 3000 2786 hac,antequam
3017 2713 3376 2768 Carthusiam
3395 2710 3929 2782 adierit,aliquanto

2321 2805 2598 2878 temporis
2627 2803 2809 2874 spatio
2841 2802 3146 2868 habitasse,
3179 2801 3322 2855 mihi
3355 2803 3443 2854 sat
3475 2799 3818 2864 verosimile,
3853 2814 3929 2852 ne

2321 2893 2507 2949 dicam
2560 2895 2804 2956 certum,
2864 2890 3103 2955 faciunt,
3165 2906 3294 2961 quae
3338 2886 3716 2952 Mabillonius,
3752 2902 3930 2957 quem

2320 2983 2494 3037 etiam
2527 2981 2584 3034 in
2615 2979 2878 3050 margine
2910 2978 3169 3044 laudant,
3203 2979 3329 3032 loco
3346 2993 3517 3048 supra
3541 2973 3784 3030 citatoin
3804 2990 3930 3027 me-

2321 3071 2480 3125 dium
2524 3067 2774 3123 adducit.
2806 3067 3019 3121 Verum
3059 3082 3190 3120 cum
3233 3082 3302 3119 ex
3332 3066 3486 3118 hisce
3519 3063 3755 3129 ibidem,
3809 3079 3930 3116 non

2320 3157 2742 3222 monachicam,
2784 3155 2883 3209 sed
2920 3153 3283 3209 eremiticam
3321 3153 3599 3206 duntaxat
3627 3150 3802 3205 vitam
3833 3149 3937 3204 du-

2318 3247 2460 3300 xisse
2479 3247 2704 3299 sanctus
2725 3242 3098 3313 intelligatur,
3125 3257 3238 3313 qua
3267 3241 3493 3296 ratione
3519 3237 3744 3293 veritati
3789 3253 3930 3291 con-

2319 3337 2534 3407 gruunt
2564 3332 2711 3387 tituli
2745 3330 2946 3386 diversi
2970 3331 3239 3384 funebres
3261 3329 3520 3399 proxime
3550 3325 3933 3396 recitati,qui-

2319 3423 2423 3477 bus
2460 3425 2792 3476 Brunonem
2825 3419 3014 3490 primo
3049 3418 3423 3484 monachum,
3474 3432 3538 3470 ac
3571 3415 3779 3470 deinde
3810 3430 3934 3467 ere-

2320 3512 2524 3566 mitam
2557 3510 2774 3564 factum
2806 3525 2926 3561 esse
2968 3506 3290 3560 docemur?
3322 3504 3576 3559 Difficilis
3628 3519 3767 3557 sane
3821 3502 3932 3556 im-

2319 3600 2670 3671 plicatasque
2703 3596 2864 3650 valde
2886 3595 2976 3649 hic
3000 3595 3184 3648 nodus
3214 3593 3456 3647 videtur.
3488 3592 3698 3646 Verum
3723 3589 3862 3662 quid
3877 3591 3925 3645 si

2319 3691 2545 3744 sanctus
2582 3703 2616 3740 a
2674 3684 3012 3739 monachico
3054 3682 3276 3748 habitu,
3308 3697 3482 3753 quem
3514 3696 3668 3746 mox,
3697 3695 3831 3733 cum
3861 3677 3924 3734 in

2316 3775 2786 3831 Siccse-Fontanze
2815 3771 3186 3826 solitudinem
3235 3786 3359 3824 sese
3415 3769 3660 3836 abdidit,
3686 3767 3916 3821 indueri

2319 3865 2508 3936 primo
2547 3861 2782 3934 quidem
2829 3860 3165 3927 monachus,
3191 3857 3434 3914 eremita
3473 3873 3608 3912 vero
3637 3859 3766 3928 post
3791 3872 3826 3910 a
3851 3855 3930 3909 vi-

2318 3951 2486 4007 vendi
2518 3967 2746 4017 norma,
2781 3964 2957 4021 quam
2998 3951 3056 4001 et
3084 3951 3222 4002 tunc
3257 3945 3465 4001 deinde
3494 3945 3791 4015 amplexus
3829 3943 3924 4010 sit,

2318 4040 2499 4095 factus
2527 4039 2698 4093 fuisse
2719 4038 2776 4092 in
2809 4036 3062 4108 praefatis
3079 4036 3256 4090 titulis
3287 4033 3623 4088 funebribus
3641 4033 3862 4086 dicatur
3893 4031 3923 4086 ‘?

599 4126 888 4195 valedixit,
920 4144 1038 4182 non
1057 4127 1368 4194 secessisse,
1403 4126 1687 4193 existimo,
1720 4127 1943 4197 primus
1974 4127 2032 4182 S.
2067 4126 2218 4181 Petri
2242 4127 2294 4185 D
2320 4128 2469 4193 Quid
2506 4127 2551 4182 si
2578 4127 2754 4181 etiam
2784 4125 2842 4180 id
2869 4123 3152 4196 ﬁat,quod
3194 4123 3252 4177 in
3296 4121 3642 4178 Molismensi
3663 4120 3917 4188 abbatia,

598 4213 912 4270 Trecorum
951 4220 1056 4285 est,
1090 4217 1401 4290 locumque
1458 4216 1610 4272 inter
1632 4216 1889 4272 edendos
1914 4218 1981 4272 47
2012 4221 2219 4274 tenens

600 4301 681 4358 sic
717 4303 893 4358 habet
925 4322 939 4360 :

674 4391 748 4448 Ut
779 4393 992 4449 Titulus
1020 4393 1169 4462 dicit,
1204 4394 1395 4449 mundi
1426 4395 1730 4449 tentamina
1755 4395 1884 4448 vicit

751 4482 943 4538 Bruno
965 4485 1049 4537 vir
1074 4485 1282 4555 sapiens
1302 4483 1454 4556 iussa
1475 4482 1584 4537 Dei
1609 4483 1840 4552 faciens.

669 4575 884 4649 Sprevit
914 4589 1033 4645 apes
1063 4572 1283 4634 multas,
1308 4571 1413 4626 sibi
1434 4587 1534 4625 nec
1557 4571 1671 4640 fuit
1690 4571 1802 4624 ulla
1829 4569 2107 4640 facultas;

737 4664 847 4720 Sed
871 4660 1134 4736 quidquid
1144 4662 1347 4732 potuit,
1380 4660 1646 4730 fratribus
1667 4659 1924 4714 exhibuit.

670 4753 841 4824 Fugit
871 4751 938 4806 ab
967 4751 1067 4804 hac
1091 4751 1224 4813 vita;
1252 4749 1540 4803 monachus
1564 4748 1629 4817 ﬁt
1647 4755 1695 4802 et
1727 4748 1849 4802 hinc
1869 4751 2107 4804 eremita.

741 4841 892 4896 Dum
913 4842 986 4894 sic
1001 4839 1283 4906 abstinuit,
1315 4855 1481 4908 regna
1500 4836 1621 4908 poli
1638 4838 1854 4903 meruit,
1887 4840 1997 4891 etc.

671 4930 797 4984 416.
831 4928 1150 4995 Secundus,
1195 4926 1293 5000 qui
1325 4925 1670 4982 monialium
1700 4924 1872 4979 Tituli
1899 4923 1956 4979 S.
1983 4925 2218 4981 Joannis

2321 4216 2794 4272 Siccae-Fontanaa
2807 4211 3097 4268 solitudini
3113 4211 3317 4272 vicina,
3342 4209 3530 4282 reipsa
3541 4209 3891 4264 monachum
3902 4250 3916 4274 ,

2319 4304 2657 4360 monachico
2679 4303 2855 4357 etiam
2875 4301 3076 4356 habitu
3097 4297 3690 4371 assumpto,egerit,ac
3711 4296 3923 4352 deinde

2318 4397 2443 4449 tum
2457 4393 2517 4448 in
2529 4391 3009 4447 Siccae-Fontanm
3022 4388 3351 4454 solitudine,
3378 4391 3504 4441 tum
3523 4386 3581 4440 in
3601 4385 3916 4440 Carthusize

2319 4482 2711 4553 Calabriaeque
2743 4479 2954 4534 eremis
2993 4477 3120 4532 vitta
3146 4476 3455 4532 eremiticze
3484 4491 3609 4529 sece
3654 4473 3880 4528 dederit
3899 4473 3930 4528 ‘2

2319 4570 2468 4626 Sane
2512 4573 2576 4624 ut
2619 4572 2979 4641 postremum
3022 4566 3129 4621 hoc
3168 4563 3663 4619 verosimillimum
3697 4563 3920 4632 putem,

2318 4659 2512 4714 aciunt
2563 4661 2689 4712 tum
2720 4655 2856 4711 dicti
2893 4655 3042 4709 tituli
3071 4654 3365 4720 funebres,
3417 4656 3542 4706 tum
3586 4653 3787 4705 votum
3834 4649 3925 4704 in—

2318 4745 2530 4802 duendi
2546 4745 2963 4810 monachum,a
2975 4745 3170 4797 sancto
3186 4759 3254 4796 ex
3273 4741 3438 4796 dictis
3453 4744 3588 4794 ante
3599 4738 3874 4794 emissum
3916 4754 3932 4806 ;

2317 4839 2382 4890 ut
2402 4837 2596 4890 autem
2618 4834 2961 4887 alterutrum
2980 4833 3286 4897 astruatur,
3318 4829 3558 4884 suadere
3569 4825 3748 4882 etiam
3769 4825 3925 4880 vide-

2318 4925 2432 4990 tur,
2452 4939 2564 4995 quo
2589 4924 2786 4976 sancto
2809 4921 2880 4974 ab
2913 4919 3173 4974 Ecclesia:
3201 4935 3300 4973 seu
3331 4917 3577 4973 abbatis;
3593 4915 3920 4972 Molismen-

2320 5011 2395 5066 sis
2432 5028 2533 5065 seu
2588 5009 2977 5064 Molerniensis
3037 5007 3334 5062 monachis
3376 5008 3744 5077 parentatum
3789 5003 3923 5070 fuit,

2319 5098 2576 5154 funebris
2604 5098 2818 5165 titulus,
2853 5098 3003 5152 inter
3057 5095 3416 5151 recudendos
3449 5097 3538 5150 40.
3575 5094 3687 5148 Hoc
3736 5091 3926 5154 enim.

2320 5187 2775 5242 miliarissimum
2829 5185 2935 5240 sibi
2977 5184 3150 5240 fuisse
3190 5184 3247 5240 S.
3277 5186 3659 5249 Brunonem,-
3696 5179 3924 5236 laudati

2318 5276 2590 5332 monachi
2607 5275 2881 5348 produnt.
2906 5296 2928 5326 ι
2957 5271 3786 5345 Nostrisinquiunt,versiculis,
3822 5267 3925 5341 qui

2317 5363 2648 5422 habitamus
2658 5363 2997 5421 Molernium
3011 5359 3288 5420 addentes
3301 5360 3584 5433 vobis,qui
3597 5360 3730 5418 estis
3739 5356 3930 5426 Turri,

555 5017 870 5086 Baptistae
892 5020 998 5082 est,
1017 5017 1256 5088 locoque
1276 5018 1342 5071 68
1359 5014 1684 5081 recudetur,
1714 5012 1882 5067 binos
1898 5013 2070 5070 hosce
2102 5032 2218 5071 una

541 5119 737 5166 cum
767 5105 890 5158 aliis
919 5103 1215 5158 nonnullis
1263 5102 1666 5175 complectitur
1687 5100 1994 5156 versiculos
2023 5119 2036 5156 :

683 5187 832 5241 Vivit
860 5190 1034 5244 adhuc
1064 5190 1280 5255 Bruno,
1311 5192 1418 5247 sibi
1443 5191 1682 5246 traditur
1710 5206 1743 5242 a
1773 5187 1946 5244 Patre
1974 5191 2109 5244 vita.

669 5267 911 5332 Clericus
939 5281 1046 5349 ipse
1069 5279 1206 5350 fuit,
1233 5277 1298 5344 ﬁt
1324 5279 1633 5342 monachus,
1646 5278 1770 5334 hinc
1799 5278 2039 5332 eremita.

449 5352 842 5435 φθαίη,
872 5361 1024 5420 inter
1052 5363 1415 5426 recudendos
1447 5366 1570 5434 139,
1590 5383 1704 5440 quo
1718 5365 2003 5423 Albertus.
2035 5364 2223 5421 Eccle-

325 5657 680 5739 “fl
