4026 6042
308 249 419 302 253

1890 245 2070 303 ACTA

3534 251 3641 306 254

309 369 752 439 innotescimus,
777 372 936 444 quod
970 387 1074 446 pro
1104 371 1350 428 Domino
1382 373 1652 427 Brunone
1678 375 1926 444 patrono
1945 376 2001 434 Α
2028 371 2280 427 conﬁnio
2319 372 2544 428 dimcesi
2591 370 2812 427 Diensis
2848 375 2935 426 est
2989 371 3182 428 civitas
3221 373 3640 446 Gratianopolis

313 463 528 528 vestro,
574 464 772 515 nostro
828 465 1024 516 autem
1086 461 1557 526 familiarissimo,
1617 461 1927 515 missarum

314 548 601 603 solemnia
630 549 827 605 diebus
854 550 1095 622 triginta
1127 550 1540 605 celebravimus
1565 568 1578 618 ;
1613 549 1789 605 etiam
1807 550 1928 621 ejus

314 637 976 693 obitusanniversarium
1003 639 1158 694 diem
1181 639 1241 693 in
1273 641 1533 710 catalogo
1556 639 1801 694 fratrum
1830 655 1930 692 n0-

307 727 568 780 strorum
598 727 1040 798 conscripsimus
1059 749 1111 782 .»

382 815 507 869 418.
561 818 633 870 At
661 833 818 882 vero,
865 816 1112 888 inquies,
1167 816 1273 872 etsi
1308 817 1636 889 primorum
1669 817 1926 888 quinque

307 901 625 958 Carthusiae
638 904 898 975 priorum
911 906 1302 977 chronologus
1322 923 1422 961 seu
1435 905 1726 976 antiquior
1744 905 1927 959 sancti

307 991 492 1045 nostri
503 990 852 1064 biographus
863 993 1071 1064 aliique
1088 993 1438 1049 recentiores
1452 1011 1568 1049 non
1583 993 1923 1065 impediant,

307 1095 426 1150 quo
459 1080 650 1134 minus
675 1081 990 1136 Parisiense
1017 1083 1371 1154 prodigium,
1393 1084 1437 1137 si
1466 1100 1720 1154 unquam
1741 1081 1924 1136 conti-

309 1166 419 1236 git,
453 1168 604 1222 ultra
641 1186 862 1223 annum
893 1172 1030 1226 {082
1064 1174 1238 1242 queat
1267 1170 1501 1238 differri,
1537 1170 1814 1225 stantibus
1836 1172 1920 1224 ta-

307 1272 449 1310 men
476 1256 560 1322 iis,
595 1275 722 1329 qua:
750 1260 1024 1326 scribunt,
1049 1263 1280 1314 sanctus
1303 1264 1520 1326 noster,
1548 1277 1680 1314 cum
1712 1259 1918 1313 saeculo

304 1345 597 1412 valedixit,
636 1350 794 1402 recta
838 1348 896 1402 in
942 1348 1304 1403 Carthusiam
1347 1348 1639 1402 secessisse
1672 1348 1915 1412 videtur,

305 1450 414 1487 nec
444 1434 602 1500 alibi,
637 1440 950 1507 antequam
985 1453 1052 1492 eo
1084 1455 1209 1492 sese
1235 1437 1545 1504 conferret,
1585 1436 1918 1507 aliquandiu

304 1537 428 1575 esse
452 1526 865 1578 commoratus.
898 1524 1148 1591 Etenim,
1184 1528 1244 1579 ut
1272 1525 1343 1578 ab
1383 1524 1694 1595 antiquiori
1723 1527 1918 1578 nostro

303 1609 626 1681 biographo
641 1611 882 1666 ducatur
896 1611 1149 1678 initium,
1166 1630 1299 1668 mox
1313 1613 1425 1679 hic,
1449 1611 1730 1667 recensita
1743 1627 1917 1682 quam

2029 464 2199 531 atque
2227 479 2284 515 in
2319 479 2387 515 ea
2417 463 2619 515 beatus
2636 462 2821 532 Hugo,
2858 460 3119 529 ejusdem
3151 460 3389 516 civitatis
3421 462 3637 531 episco-

2031 564 2152 618 pus,
2171 567 2342 620 quem
2357 550 2691 620 frequenter
2709 547 2953 603 vidimus
2966 550 3022 602 et
3041 547 3438 619 cognoscimus
3456 547 3641 602 virum

2029 637 2223 708 utique
2269 641 2552 703 sanctum,
2601 639 2824 707 justum
2856 639 2912 690 et
2956 640 3177 690 rectum
3223 651 3286 688 ac
3332 634 3638 688 timentem

2030 726 2234 793 Deum,
2276 727 2458 781 virum
2493 728 2549 781 in
2596 727 2756 782 omni
2800 726 3007 779 virtute
3041 724 3415 779 exercitatum
3467 726 3639 793 atque

2027 815 2366 884 perfectum.
2406 819 2456 870 Is
2483 817 2660 870 habet
2699 816 2756 870 in
2781 803 3007 869 dioecesi
3038 830 3140 867 sua
3180 816 3408 868 montes
3436 809 3636 864 altissi-

2026 919 2173 971 mos,
2203 904 2262 958 in
2285 905 2489 976 quibus
2515 907 2647 958 sunt
2679 903 2906 958 deserta
2925 903 3049 956 loca
3074 901 3345 972 plurima,
3375 899 3446 954 ab
3473 897 3636 953 omni

2025 991 2332 1047 hominum
2357 993 2600 1048 transitu
2623 996 2680 1047 et
2711 991 3000 1047 consortio
3023 992 3306 1061 separata,
3327 1005 3392 1043 ac
3407 1005 3511 1059 per
3525 988 3636 1041 hoc

2025 1080 2098 1134 ad
2125 1081 2528 1150 pceniteutiam
2554 1081 2842 1152 agendam
2875 1077 3497 1135 accommodatissima.
3523 1078 3633 1131 Iste

2023 1169 2221 1236 etiam,
2251 1172 2514 1242 exemplo
2541 1173 2596 1224 et
2628 1168 2863 1224 monitis
2895 1170 2966 1223 ad
2997 1167 3397 1238 paenitentiam
3430 1181 3634 1220 omnes

2023 1255 2289 1325 invitans,
2314 1260 2370 1312 in
2400 1260 2649 1314 adventu
2682 1261 2900 1324 nostro,
2932 1258 2975 1311 si
3001 1258 3185 1328 ipsum
3205 1255 3629 1322 accesserimus,

2020 1346 2296 1416 gaudebit
2327 1350 2384 1401 et
2435 1348 2549 1402 voti
2577 1351 2875 1418 compotes
2917 1346 3105 1399 faciet.
3149 1347 3244 1398 Est
3272 1343 3427 1398 enim
3459 1357 3633 1412 supra

2020 1440 2261 1494 modum
2279 1440 2423 1510 pius,
2449 1439 2736 1510 benignus
2757 1441 2814 1492 et
2833 1436 3173 1491 misericors.
3202 1435 3312 1488 Nos
3337 1450 3493 1498 vero,
3533 1429 3630 1503 qui

2019 1528 2191 1595 viam,
2214 1546 2327 1600 qua
2347 1529 2418 1582 ad
2446 1545 2577 1582 eum
2597 1528 2730 1593 itur,
2759 1529 3092 1598 frequenter
3113 1519 3630 1588 ambulavimus,ad

2019 1614 2205 1687 ipsum
2236 1633 2330 1671 vos
2360 1617 2567 1671 ducere
2598 1618 2887 1682 valemus;
2915 1637 2940 1663 »
2972 1631 3036 1668 ac
3068 1613 3278 1666 deinde
3305 1611 3403 1682 qui
3435 1612 3625 1664 Bruno

297 1701 554 1764 sanctus,
613 1699 729 1753 viso
762 1699 1040 1754 horrabili
1097 1701 1420 1771 pectaculo,
1469 1698 1753 1764 habuerit,
1789 1715 1917 1753 ora-
1944 1708 1994 1766 B
2019 1705 2254 1776 ejusque
2285 1705 2441 1772 socii,
2461 1706 2703 1776 probato
2732 1720 2864 1758 mox
2890 1701 3153 1757 omnium
3194 1699 3440 1766 calculis,
3475 1696 3631 1769 quod

296 1785 462 1840 tione
512 1786 593 1840 ita
623 1789 992 1859 prosequitur
1021 1807 1033 1844 :
1094 1812 1122 1839 ‹‹
1155 1790 1250 1843 His
1288 1791 1375 1843 vel
1421 1789 1700 1843 similibus
1734 1787 1919 1842 verbis

297 1877 474 1946 atque
494 1875 795 1931 sententiis
811 1877 1061 1947 seipsum
1081 1882 1140 1932 et
1153 1878 1436 1950 quosdam
1459 1878 1600 1932 alios
1619 1878 1917 1948 alloquens

298 1967 357 2016 et
401 1964 714 2020 exhortans
751 1966 1218 2022 deliberaverunt
1260 1967 1378 2039 ipse
1408 1970 1466 2021 et
1503 1983 1597 2021 sex
1633 1966 1726 2020 alii
1751 1966 1915 2036 probi

298 2051 403 2104 viri
425 2069 622 2106 secum
653 2053 1063 2109 abrenuntiare
1096 2055 1316 2109 mundo
1350 2058 1408 2108 et
1441 2054 1664 2126 pompis
1694 2054 1834 2124 ejus,
1857 2057 1915 2108 et

297 2137 372 2192 ad
401 2144 745 2211 perpetuam
769 2142 1172 2213 paenitentiam
1191 2143 1584 2215 peragendam
1608 2143 1789 2197 eremi
1820 2142 1915 2196 de-

296 2231 450 2282 serta
466 2231 861 2301 competentia
883 2249 1162 2303 quaerere,
1185 2235 1242 2286 et
1255 2232 1489 2298 ibidem,
1505 2231 1712 2286 relictis
1729 2230 1913 2285 omni-

301 2315 409 2370 bus
440 2318 652 2373 divitiis
693 2324 750 2374 et
790 2320 1003 2376 deliciis
1035 2324 1092 2375 et
1127 2321 1441 2376 honoribus
1483 2322 1653 2392 hujus
1682 2321 1908 2387 mundi,

303 2407 565 2476 accipere
609 2407 844 2477 singulis
873 2427 1069 2465 cruces
1109 2428 1236 2464 suas
1271 2413 1328 2464 et
1368 2411 1588 2464 nudum
1623 2410 1908 2463 Christum

296 2495 461 2566 sequi
478 2512 586 2565 per
597 2500 817 2551 arctam
838 2498 1010 2553 vitam
1032 2516 1159 2570 quae
1176 2499 1331 2553 ducit
1348 2499 1420 2553 ad
1436 2499 1631 2565 vitam,
1654 2500 1711 2551 et
1731 2498 1908 2551 latam

298 2600 365 2638 ac
387 2585 701 2656 spatiosam
725 2586 1011 2656 deserere,
1047 2605 1174 2659 quae
1195 2591 1485 2642 amatores
1515 2590 1573 2642 et
1597 2590 1907 2641 sectatores

294 2672 500 2726 mundi
520 2673 866 2742 perducitad
895 2675 1174 2747 supplicia
1195 2676 1621 2731 damnatorem.
1656 2677 1724 2729 Et
1751 2675 1901 2741 ideo,

293 2757 429 2828 quia
467 2760 772 2816 audierant
804 2763 1025 2818 famam
1065 2764 1382 2819 sanctitatis
1435 2764 1617 2819 sancti
1650 2764 1905 2836 Hugonis

290 2846 544 2920 episcopi
567 2850 1103 2922 Gratianopolitani,
1135 2853 1228 2925 qui
1243 2854 1401 2925 prius
1423 2854 1614 2924 aliquo
1637 2857 1903 2924 tempore

291 2933 552 3003 ejusdem
586 2939 846 3009 magistri
875 2942 1155 2996 Brunonis
1192 2943 1250 2996 in
1283 2942 1491 2997 scholis
1529 2943 1782 2996 creditur
1811 2959 1900 2995 so-

291 3021 410 3075 cius
441 3024 712 3091 extitisse,
745 3031 942 3082 sancto
975 3028 1190 3101 Spiritu
1221 3029 1560 3100 inspirante,
1587 3046 1903 3101 proposue-

291 3113 429 3162 runt
449 3111 523 3165 ad
554 3119 944 3170 memoratum
970 3121 1234 3172 sanctum
1262 3120 1593 3189 episcopum
1615 3119 1783 3174 simul
1815 3135 1903 3172 ac-

293 3198 499 3254 cedere
535 3205 593 3255 et
608 3203 868 3273 ejusdem
894 3206 1166 3261 auxilium
1184 3211 1241 3262 et
1261 3208 1561 3262 consilium
1585 3209 1897 3279 requirere,

292 3291 356 3342 ut
384 3289 441 3342 in
465 3290 589 3360 ejus
621 3292 866 3361 dioecesi,
902 3312 1077 3367 quam
1109 3297 1418 3352 audierant
1449 3297 1642 3351 multis
1663 3297 1901 3352 desertis

291 3378 588 3433 montibus
613 3381 935 3449 abundare,
964 3389 1328 3439 mererentur
1355 3386 1546 3440 locum
1578 3401 1900 3456 congruum

286 3456 635 3524 obtinere,in
651 3477 764 3531 quo
781 3478 946 3516 suum
960 3466 1220 3518 sanctum
1237 3467 1293 3518 et
1304 3465 1528 3519 salubre
1542 3464 1899 3535 propositum

280 3549 522 3616 possent
561 3547 787 3603 effectui
819 3551 1172 3622 mancipare.
1221 3552 1453 3624 Septem
1502 3552 1677 3624 igitur
1717 3554 1898 3609 sancti

280 3631 390 3686 viri
419 3649 596 3704 supra
623 3637 820 3708 scripti
848 3638 1126 3710 praedicta
1165 3640 1235 3694 de
1265 3640 1529 3695 causa'ad
1556 3640 1897 3710 praedictum

279 3724 548 3776 sanctum
571 3723 928 3796 episcopum,
962 3727 1106 3782 duce
1129 3731 1328 3783 sancto
1357 3729 1593 3799 Spiritu,
1627 3746 1898 3800 pervene-

278 3812 440 3863 runt.
471 3832 500 3858 ››
553 3811 694 3867 Cum
739 3813 916 3885 igitur
960 3817 1230 3886 orationi,
1273 3834 1307 3872 a
1352 3817 1409 3873 S.
1456 3819 1722 3874 Brunone
1767 3822 1898 3889 post

276 3897 614 3970 prodigium
629 3902 998 3971 habitse,mox
1013 3905 1178 3977 hujus
1189 3906 1894 3980 sociorumqueHugonem

276 3986 594 4043 accedendi
615 3991 938 4061 consilium,
964 3995 1347 4068 proximeque
1377 3999 1651 4052 saeculum
1669 3998 1740 4052 ad
1771 4015 1894 4052 san-

274 4076 438 4128 ctum
453 4076 602 4131 hunc
617 4080 950 4152 episcopum
968 4100 1284 4149 accessum,
1309 4085 1517 4139 nullius
1532 4103 1764 4158 prorsus
1783 4088 1888 4155 rei,

275 4180 409 4235 quae
423 4167 1030 4237 mediaintercesserit,
1051 4173 1350 4227 mentione
1365 4174 1533 4240 facta,
1554 4175 1759 4244 subjun
1768 4179 1886 4245 gat,

2017 1791 2169 1846 hisce
2189 1793 2372 1846 verbis
2401 1792 2726 1856 includitur,
2753 1790 3045 1860 utriusque
3066 1787 3342 1858 Stephani
3367 1784 3626 1850 consilio,

2017 1880 2090 1935 ad
2113 1881 2420 1951 Hugonem
2451 1878 3047 1950 GratianOpolitanum
3073 1876 3427 1947 episcopum,
3455 1874 3627 1928 rebus

2015 1969 2129 2022 suis
2150 1959 2499 2041 compositis,
2537 1969 2920 2038 consultaque,
2939 1967 2999 2020 in
3025 1966 3114 2020 via
3144 1964 3343 2035 magni
3375 1963 3626 2018 nominis

2013 2058 2277 2124 eremita,
2335 2076 2456 2113 sese
2515 2056 2882 2122 contulerint,
2936 2055 3196 2124 enponit,
3239 2054 3396 2108 nulla
3427 2053 3621 2124 plane,

2013 2165 2140 2219 quas
2170 2149 2400 2203 illorum
2448 2147 2521 2201 ad
2551 2147 2704 2200 hunc
2747 2144 2994 2200 accessui
3036 2141 3340 2215 praaiverit,
3369 2156 3625 2195 commo-

2009 2237 2249 2292 rationis
2275 2236 2384 2291 alio
2409 2237 2466 2290 in
2485 2237 2609 2290 loco
2629 2233 2925 2290 mentione
2944 2233 3116 2288 facta.
3142 2233 3426 2286 Puteanus
3447 2245 3620 2302 porro

2010 2325 2068 2378 in
2093 2325 2337 2391 edenda,
2371 2342 2545 2396 quam
2580 2321 2962 2388 concinnavit,
2984 2321 3164 2376 sancti
3194 2319 3319 2374 Vita
3335 2320 3406 2374 ad
3434 2335 3623 2373 amus-

2009 2415 2116 2469 sim
2151 2416 2272 2469 fere
2299 2415 2702 2487 (nequeenim,
2735 2429 2869 2467 eum
2891 2409 3130 2466 consulti
3162 2407 3220 2462 in
3249 2407 3336 2461 via
3363 2405 3619 2460 eremitas

2010 2519 2126 2557 non
2161 2502 2514 2568 meminisse,
2549 2503 2864 2574 quidquam
2898 2499 2969 2554 ad
2999 2514 3172 2570 quam
3203 2495 3293 2550 hic
3310 2494 3465 2564 facit)
3491 2495 3615 2548 Blo-

2009 2606 2351 2645 menvennae
2398 2591 2700 2655 consonat,
2755 2592 2818 2643 ut
2863 2586 3107 2658 proinde
3139 2587 3260 2638 tam
3300 2582 3616 2636 secundum

2005 2680 2177 2734 hosce
2214 2679 2395 2734 sancti
2448 2679 2629 2734 nostri
2689 2677 3061 2749 biographus,
3119 2690 3252 2728 cum
3299 2670 3616 2726 secundum

2004 2769 2273 2835 alterum,
2294 2784 2458 2834 num,
2481 2767 2727 2837 prreccd.
2748 2767 3138 2820 memoratum
3163 2778 3262 2816 seu
3289 2759 3614 2833 primorum

2003 2857 2261 2929 quinque
2302 2856 2613 2911 Carthusiaa
2663 2855 2922 2926 priorum
2969 2852 3390 2922 chronologum
3423 2849 3612 2902 Bruno

2004 2948 2240 3018 ejusque
2276 2945 2432 3011 socii,
2465 2961 2600 2998 cum
2641 2944 2846 2997 saeculo
2875 2941 3152 2996 nuncium
3185 2937 3457 2993 remisere
3484 2951 3608 2989 ere-

2007 2993 2236 3018 νπηι..-
2276 2993 2432 3011 -__-_,
2469 2993 2600 2998 η---
2642 2993 2842 2997 ψη--
3147 2993 3150 2994 ν

1934 2993 2283 3105 σηιιηηῳιρ
2306 3035 2545 3104 petiere,
2568 3036 2724 3086 recta
2740 3049 2861 3085 sese
2893 3031 2965 3084 ad
2993 3031 3295 3100 Hugonem
3310 3026 3608 3079 Gratiano-

2001 3124 2326 3197 politanum
2341 3122 2733 3194 episcopum,a
2750 3137 2862 3192 quo
2878 3137 2944 3174 ex
2958 3116 3212 3172 dicendis
3233 3110 3608 3169 inCarthusia:

2001 3214 2375 3269 solitudinem
2419 3213 2575 3267 haud
2625 3213 2808 3266 multo
2861 3212 2990 3283 post
3052 3206 3206 3262 ducti
3255 3205 3438 3270 fuere,
3486 3215 3609 3256 sese

2001 3301 2368 3358 contulerint.

2070 3393 2412 3447 420.Verum
2429 3408 2558 3446 cum
2577 3393 2864 3445 Puteanus
2884 3391 2941 3444 et
2957 3390 3385 3443 Blomenvenne
3403 3380 3608 3439 saeculo

2000 3482 2238 3536 demum
2259 3484 2414 3535 sexto
2430 3480 2654 3535 decimo
2672 3495 2836 3535 suam
2856 3479 2926 3534 de
2939 3480 3135 3533 sancto
3149 3473 3611 3530 lucubrationem

2001 3568 2374 3634 elaborarint,
2407 3568 2607 3639 hisque
2653 3567 2948 3638 antiquior
2988 3566 3315 3638 primorum
3353 3560 3608 3633 quinque

2001 3656 2311 3712 Carthusiae
2330 3656 2590 3728 priorum
2616 3657 3006 3726 chronologus
3033 3671 3152 3708 non
3176 3653 3332 3725 prius
3351 3668 3420 3706 ex
3435 3664 3610 3721 supra

1997 3746 2180 3814 dictis,
2213 3761 2388 3816 quam
2415 3761 2546 3798 cum
2567 3744 2693 3814 jam
2712 3743 2850 3798 anni
2872 3742 3119 3813 amplius
3148 3743 3382 3795 centum
3405 3755 3439 3792 a
3465 3738 3604 3792 Bru-

1994 3833 2164 3899 nonis
2192 3833 2382 3886 essent
2412 3831 2570 3886 obitu
2600 3831 2796 3902 elapsi,
2823 3830 3103 3895 ﬂoruerit,
3137 3826 3487 3882 recentiores
3511 3840 3604 3878 re-

1995 3920 2384 3991 motioresque
2405 3919 2475 3974 ab
2500 3919 2595 3990 huj
2607 3937 2670 3974 us
2688 3919 2747 3973 in
2770 3917 3082 3974 Carthusiaa
3099 3929 3364 3971 eremum
3380 3927 3604 3968 secessu

1995 4026 2198 4065 omnes
2243 4013 2394 4078 sunt,
2433 4027 2608 4082 quam
2654 4011 2718 4063 ut
2769 4007 2836 4063 iis
2882 4022 3184 4079 umquam,
3233 4019 3362 4076 qum
3395 4002 3466 4058 de
3491 3991 3602 4056 hoc

1993 4101 2251 4166 narrant,
2297 4098 2474 4152 fidem
2515 4101 2732 4153 certam
2784 4099 2957 4168 atque
2998 4093 3382 4149 indubitatam
3413 4090 3602 4146 facere

1992 4185 2228 4256 possint,
2251 4185 2466 4239 nedum
2481 4185 2711 4256 quando
2728 4201 2860 4240 cum
2877 4181 3187 4255 antiquiori
3200 4180 3332 4236 ﬁdei
3356 4181 3601 4250 integra:

271 4258 540 4344 sanctum
571 4272 730 4323 sane,
773 4258 923 4314 facto
964 4261 1264 4316 Parisiensi
1301 4263 1588 4334 prodigio,
1631 4267 1788 4318 recta
1816 4264 1889 4318 ad
1911 4258 1963 4316 D
1989 4277 2370 4328 monumento
2400 4279 2680 4344 pugnant;
2701 4276 2891 4330 locum
2910 4272 3226 4328 autemhoc
3239 4272 3598 4344 postremum

271 4340 578 4412 Hugonem
624 4346 1217 4420 Gratianopolitanum
1241 4352 1570 4424 episcopum
1603 4370 1662 4406 se
1692 4356 1890 4407 contu-

269 4427 428 4497 lisse,
461 4447 535 4486 ne
566 4432 702 4487 alibi
744 4437 877 4489 ante
911 4437 1248 4508 aliquandiu
1277 4457 1400 4494 esse
1427 4445 1881 4509 commoratum,

269 4532 394 4571 non
427 4519 664 4575 obscure
685 4521 920 4590 indicat,
937 4525 1017 4579 uti
1041 4527 1300 4598 quisque,
1341 4532 1625 4600 quantum
1653 4531 1880 4603 opinor,

264 4619 397 4658 rem
439 4608 656 4662 attente
683 4611 1074 4679 considerans,
1099 4615 1264 4668 facile
1297 4620 1593 4686 agnoscet.

337 4693 466 4746 419.
489 4693 602 4750 Nec
622 4697 813 4753 minus
838 4701 990 4754 clare
1007 4701 1066 4756 id
1084 4701 1272 4772 ipsum
1291 4703 1509 4758 indicat
1532 4705 1592 4759 in
1611 4708 1880 4763 contexta

261 4797 374 4835 ase
392 4783 571 4837 sancti
594 4787 773 4842 nostri
792 4789 918 4843 Vita
938 4790 1386 4846 Blomenvenna.
1407 4793 1677 4850 Oratione
1695 4797 1876 4866 enim,

263 4884 384 4940 qua
419 4871 759 4940 Bruno,viso
791 4877 1049 4933 doctoris
1077 4879 1337 4934 damnati
1364 4885 1878 4952 spectaculo,voca-

261 4961 359 5012 tos
389 4959 465 5013 ad
491 4977 615 5016 sese
637 4979 669 5017 e
715 4964 1003 5037 discipulis
1052 4968 1168 5023 suis
1196 4969 1690 5044 familiaribusque
1734 4992 1878 5030 non-

259 5047 456 5101 nullos
493 5049 773 5107 allocutus
821 5057 995 5126 atque
1045 5055 1119 5110 ad
1147 5058 1552 5126 pamitentiam
1584 5062 1874 5130 agendam

259 5134 606 5193 adhortatus
631 5139 883 5210 primum
912 5143 1105 5210 fuerit,
1135 5147 1435 5214 recensita,
1467 5148 1609 5203 duos
1632 5148 1874 5221 Stepha-

261 5238 393 5310 nos,
455 5225 807 5298 Burgensem
847 5246 1049 5285 unum.
1097 5231 1365 5288 Diensem
1419 5237 1685 5304 alterum,
1732 5255 1877 5310 quos

257 5309 422 5366 hisce
451 5320 736 5383 accenset,
763 5317 843 5372 ita
874 5319 1063 5389 primo
1089 5321 1390 5392 loquentes
1414 5322 1672 5379 inducit:
1707 5326 1873 5382 «Non

257 5399 443 5472 longe
485 5418 520 5456 a
560 5403 786 5460 civitate
829 5407 1126 5476 Valentize,
1178 5410 1268 5464 cui
1319 5414 1581 5466 nostrum
1615 5413 1875 5471 adhaeret

257 5491 689 5549 monasterium
717 5492 898 5552 sancti
937 5496 1066 5552 Rufi
1092 5513 1276 5573 prape
1306 5497 1526 5557 ﬂuenta
1549 5500 1774 5560 Rodani
1812 5503 1872 5574 in

1985 4360 2077 4415 hic
2109 4360 2640 4416 obtinet.Sanctum
2666 4363 2844 4427 enim,
2865 4359 3253 4432 antequamin
3287 4355 3596 4413 Carthusiae

1985 4464 2247 4503 eremum
2279 4465 2399 4503 sese
2431 4448 2694 4516 abderet,
2717 4448 2774 4502 in
2796 4448 3268 4504 Siccae-Fontenae
3289 4443 3598 4501 solitudine

1980 4536 2158 4592 vitam
2176 4538 2533 4592 cremiticam
2553 4539 2888 4609 aliquandiu
2904 4538 3126 4605 dixisse,
3157 4537 3597 4607 antiqua,quam

1981 4626 2166 4681 verbis
2186 4643 2359 4698 supra
2403 4627 2654 4682 recitatis
2700 4627 3060 4683 Mabillonius
3106 4626 3323 4693 laudat,
3359 4639 3594 4679 monas-

1978 4713 2108 4768 terii
2137 4715 2509 4770 Molismensis
2539 4716 2741 4771 charta
2777 4716 2990 4789 prodit,
3034 4731 3140 4769 nec
3168 4714 3283 4768 ullo
3315 4729 3381 4767 cx
3405 4709 3591 4782 capite

1975 4804 2137 4856 vetus
2159 4803 2267 4857 hoc
2298 4807 2615 4876 sanctoque
2645 4807 2844 4860 nostro
2876 4805 3097 4876 aequale
3136 4801 3590 4857 monumentum

1975 4890 2402 4962 supposititium
2421 4892 2748 4966 spuriumve
2768 4897 3026 4966 apparet.
3053 4891 3141 4947 Ad
3159 4892 3282 4946 hzec
3309 4885 3588 4958 opinioni,

1975 4995 2103 5050 quae
2132 4985 2417 5047 sanctum,
2453 4998 2585 5036 cum
2617 4982 2839 5037 mundo
2866 4980 3153 5048 valedixit,
3186 4980 3244 5034 in
3278 4975 3589 5033 Carthusiaa

1975 5083 2239 5122 eremum
2269 5085 2387 5124 non
2415 5072 2574 5124 recta
2603 5069 2918 5136 secessisse,
2949 5068 3168 5134 statuit,
3187 5067 3366 5122 etiam
3381 5063 3584 5135 Guigo,

1975 5156 2207 5227 quintus
2240 5156 2552 5212 Carthusiaa
2583 5157 2762 5228 prior,
2801 5157 2860 5211 in
2883 5155 3204 5226 conscripta
3231 5172 3266 5210 a
3289 5171 3348 5209 se
3380 5153 3438 5210 S.
3473 5152 3586 5207 Hu-

1973 5243 2139 5314 gonis
2196 5245 2718 5316 Gratianopolitani
2766 5242 3017 5317 episcOpi
3045 5243 3172 5298 Vita
3215 5243 3582 5313 suffragatur.

1973 5331 2224 5400 Etenim,
2249 5333 2346 5388 ubi
2394 5333 2676 5388 Brunonis
2699 5332 3102 5403 sociorumque
3134 5332 3257 5403 ejus
3289 5330 3424 5402 (adi,
3458 5347 3588 5403 quas

1973 5435 2042 5474 ex
2090 5437 2159 5476 ea
2208 5437 2371 5477 num.
2431 5423 2536 5477 422
2587 5421 2700 5476 huc
2725 5421 3202 5490 transcribentur,
3261 5419 3458 5487 verba)
3510 5418 3588 5475 ad

1973 5508 2278 5580 nugonem
2342 5524 2634 5567 accessum
2691 5508 2894 5580 refert,
2942 5509 3025 5567 ita
3063 5511 3136 5568 de
3165 5509 3274 5567 illis
3337 5512 3582 5572 scribit:
