4224 6058
503 241 604 293 255

1353 238 1410 294 S.
1453 235 1792 294 BBUNONIS
1834 233 2474 292 CARTHUSIANORUM
2504 237 2970 296 lNSTlTUTORlS

3721 244 3828 297 258

495 361 1623 431 «Quaerebantautemlocum,eremiticm
1635 363 1761 418 vitae
1776 377 2115 432 congruum,
2141 364 2194 421 Α
2219 363 2246 428 §
2277 361 2424 414 XXV.
2457 360 2650 416 Sancti
2677 363 2747 415 ad
2766 365 3074 433 Hugonem,
3111 362 3673 435 Gratianopolitanum
3697 381 3832 435 epis-

493 451 860 522 necdumque
877 455 1273 522 repererant.»
1299 452 1514 517 Quibus
1530 452 1719 508 verbis
1736 469 1853 506 non
1876 451 2115 504 obscure

499 538 734 606 indicat,
781 540 1110 594 Brunonem
1159 541 1395 611 ejusque
1427 542 1630 606 socios,
1680 544 1993 610 antequam
2041 538 2114 592 ad

496 627 800 698 Hugonem
827 627 1133 696 venissent,
1162 646 1400 701 Operam
1427 631 1553 701 jam
1585 629 1808 683 dedisse
1833 632 1896 682 ut
1921 630 2112 682 locum

499 715 810 770 eremiticee
845 716 972 770 vitae
1009 720 1209 786 aptum
1241 717 1567 772 invenirent
1598 735 1611 785 ;
1640 717 1774 770 hinc
1805 720 2000 771 autem
2027 717 2110 782 fit,

499 803 688 876 primo
702 804 1030 876 quidem,ut
1042 821 1218 860 avero
1232 805 1486 860 alienum
1501 805 2114 872 videatur,Brunonem

500 891 735 963 ejusque
751 892 950 960 socios,
969 910 1099 947 cum
1123 897 1250 964 post
1265 894 1593 965 prodigium
1611 895 1736 965 jam
1746 893 1873 962 jam
1893 893 2113 947 mundo

501 981 834 1035 valedicturi
888 986 1098 1048 essent,
1148 982 1446 1037 communi
1492 983 1748 1048 consilio,
1797 985 1859 1035 ut
1895 981 2112 1036 laudati

503 1084 636 1123 mox
696 1067 998 1142 biographi
1059 1070 1287 1138 docent,
1330 1071 1609 1138 statuisse,
1665 1070 1738 1125 ad
1788 1071 2110 1141 Hugonem,

502 1157 1098 1227 Gratianopolitanum
1131 1161 1486 1232 episcopum,
1504 1163 1566 1213 ut
1580 1161 1652 1213 ab
1681 1176 1748 1214 eo
1775 1158 1833 1212 in
1860 1157 2115 1213 dicecesis

501 1245 1045 1316 Gratianopolitanae
1081 1249 1374 1302 montibus
1407 1250 1598 1303 locum
1645 1247 1954 1301 eremiticze
1985 1246 2112 1300 vitae

503 1336 704 1403 aptum
735 1333 1136 1403 impetrarent,
1161 1353 1280 1390 sese
1307 1337 1592 1402 conferre;
1627 1335 1836 1389 deinde
1866 1350 2020 1399 vero,
2055 1336 2116 1386 ut

502 1421 758 1487 velhinc,
787 1427 1049 1477 sanctum
1079 1427 1362 1490 nostrum,
1382 1429 1695 1494 antequam
1714 1423 1784 1477 ad
1814 1423 2114 1493 Hugonem

505 1509 890 1576 accederet,in
909 1510 1380 1566 Siccae-Fontanm
1395 1511 1942 1582 solitudine,quo,an
1961 1512 2117 1563 locus

503 1597 596 1652 hic
625 1598 751 1652 vita:
779 1600 1087 1654 eremiticae
1118 1604 1284 1672 aptus
1303 1604 1468 1667 esset,
1498 1601 1838 1670 exploraret,
1857 1599 2116 1669 aliquan-

2288 449 2494 502 colmm,
2540 450 2790 506 accessus,
2843 435 3023 505 quales
3079 436 3192 504 ejus
3235 436 3442 506 fuerint
3476 439 3624 496 socii,
3672 444 3726 490 et
3754 454 3828 492 an

2288 510 2411 557 tunc
2439 505 2726 558 sacerdotio
2749 507 2991 560 initiatus
3015 509 3289 562 exstiterit.

2288 626 2428 680 Cum
2459 630 2688 682 sanctus
2724 632 2940 695 noster,
2995 646 3206 701 sexque
3259 629 3380 701 ejus
3429 629 3588 696 socii,
3620 629 3830 702 quibus

2214 715 2331 781 ille,
2361 718 2422 769 ut
2447 720 2710 787 apparet,
2756 717 3067 772 eremiticae
3096 718 3224 773 vitae
3265 717 3618 773 desiderium
3650 718 3830 790 inspi-

2214 804 2587 870 rarat,locum
2611 805 2888 859 hactenus
2902 806 3034 860 huic
3047 805 3173 860 vitae
3201 806 3403 877 generi
3434 805 3570 860 satis
3597 810 3827 876 aptum,

2215 895 2276 945 ut
2300 895 2363 945 ut
2385 892 2692 964 diligenter
2719 893 3042 965 quaesitum,
3061 893 3602 962 haudinvenissent,
3635 898 3697 949 ut
3723 895 3832 949 Hu-

2215 997 2430 1051 gonem
2460 982 2701 1036 tandem
2740 983 3341 1054 Gratianopolitanum
3370 982 3726 1055 episcopum,
3766 984 3832 1037 ut

2215 1069 2286 1123 ab
2318 1085 2408 1136 eo,
2443 1070 2513 1123 de
2541 1071 2699 1139 cujus
2750 1071 3050 1125 virtutibus
3097 1073 3268 1142 plane
3315 1070 3540 1124 eximiis
3586 1071 3833 1142 vitazque

2214 1159 2514 1212 sanctitate
2543 1159 2932 1225 inaudierant,
2957 1161 3149 1214 locum
3183 1159 3496 1230 quemdam
3529 1160 3830 1230 proposito

2216 1262 2315 1299 suo
2335 1245 2605 1298 idoneum
2624 1245 3025 1318 impetrarent,
3048 1248 3592 1317 perveneruntﬂaec
3605 1247 3833 1319 aliaque

2217 1335 2496 1387 nonnulla
2523 1334 2606 1387 fas
2622 1338 2706 1388 est
2737 1335 3007 1405 colligere
3031 1352 3096 1389 ex
3129 1335 3405 1406 Guigone,
3458 1335 3660 1407 quinto
3696 1336 3832 1390 Car-

2214 1422 2418 1475 thusiaa
2447 1422 2658 1493 priore,
2701 1421 2760 1477 in
2790 1423 2969 1477 sancti
3019 1423 3168 1477 illius
3198 1423 3465 1478 antistitis
3497 1424 3645 1491 Vita,
3674 1425 3832 1496 apud

2217 1527 2322 1564 nos
2354 1513 2496 1564 tom.
2525 1512 2544 1564 Ι
2576 1511 2786 1581 Aprilis
2803 1512 2958 1565 edita
2979 1529 3142 1566 num.
3182 1516 3237 1566 11
3276 1511 3356 1566 ita
3379 1512 3696 1567 scribente:
3726 1536 3753 1564 ‹‹
3767 1515 3832 1567 In

2215 1597 2304 1650 his
2331 1597 2592 1668 (Sanctus
2609 1599 2792 1670 Hugo)
2817 1600 3049 1670 agebat,
3085 1602 3162 1665 et,
3190 1617 3343 1667 ecce,
3376 1600 3560 1655 tribus
3579 1601 3834 1656 necdum

508 1685 606 1740 diu
659 1686 828 1740 fuisse
888 1693 1338 1755 commoratum,
1383 1687 1709 1743 verosimilc
1765 1687 1989 1753 evadat,
2052 1702 2118 1740 ac
2141 1682 2188 1742 B
2216 1685 2274 1738 in
2307 1685 2657 1757 episcopatu,
2684 1690 2812 1759 post
2847 1687 3193 1742 monasterii
3222 1688 3495 1756 reditum,
3530 1689 3835 1760 completis

503 1773 748 1846 proinde
770 1775 1014 1829 laudata:
1038 1792 1071 1830 a
1100 1776 1426 1831 Mabillonio
1444 1775 1778 1831 monasterii
1797 1774 2119 1830 Molismen-

504 1861 578 1916 sis
609 1862 841 1929 chartaa,
872 1879 998 1934 qua-2
1022 1863 1079 1917 id
1114 1880 1181 1918 ex
1215 1864 1378 1919 dictis
1401 1865 1618 1918 factum
1647 1863 1859 1934 prodit,
1890 1862 2116 1933 pondus

507 1951 902 2021 qualecunque
931 1951 1182 2005 accedat.

580 2039 680 2092 421
712 2039 1007 2093 Accedunt
1029 2040 1178 2093 tituli
1225 2040 1495 2094 funebres
1523 2056 1694 2110 supra
1724 2037 1960 2104 laudati,
1994 2038 2113 2109 qui,

510 2124 556 2179 si
570 2129 797 2180 sanctus
810 2130 1006 2181 noster
1022 2143 1150 2180 cum
1168 2128 1386 2182 mundo
1409 2127 1695 2192 valedixit,
1724 2130 1881 2181 recta
1899 2127 1959 2180 in
1981 2126 2114 2180 Car-

509 2213 784 2283 thusiam,
835 2215 932 2269 ubi
977 2217 1334 2270 eremiticam
1376 2215 1553 2270 vitam
1588 2215 1764 2282 duxit,
1798 2214 2111 2281 secesserit,

505 2301 732 2357 veritati
786 2303 942 2358 haud
987 2304 1122 2358 satis
1161 2309 1293 2376 apte
1339 2303 1735 2375 intelligentur
1770 2319 2109 2374 congruere.

510 2389 787 2445 Omnibus
814 2391 1007 2463 itaque
1033 2392 1230 2447 sedulo
1264 2392 1578 2463 perpensis,
1613 2391 1997 2446 dubitandum
2025 2390 2116 2445 vix

508 2482 748 2550 apparet
761 2479 899 2550 quin
931 2484 1178 2547 sanctus,
1201 2497 1331 2534 cum
1345 2481 1550 2535 saeculo
1577 2479 1845 2533 nuntium
1867 2479 2110 2546 remisit,

505 2582 622 2622 non
647 2570 803 2622 recta
823 2567 882 2621 in
899 2568 1279 2636 Carthusiam,
1308 2569 1406 2623 sed
1434 2568 1546 2623 alio
1570 2568 1726 2640 prius
1743 2567 2109 2622 concesserit.

502 2654 770 2710 Etlocum
789 2656 1227 2729 quidem,quem
1241 2662 1376 2712 tunc
1396 2657 1759 2728 petiit,atque
1775 2657 2113 2728 aliquandiu

501 2741 860 2812 inhabitavit,
876 2744 1068 2800 Siccaa-
1085 2745 1356 2800 Fontante
1387 2745 1758 2800 solitudinem
1789 2746 2112 2813 fuisse,lau-

503 2830 638 2886 data
673 2849 845 2903 supra
895 2851 928 2888 a
982 2833 1307 2889 Mabillonio
1351 2833 1685 2888 monasterii
1733 2833 2112 2889 Molismensis

2216 1773 2409 1841 annia,
2445 1776 2607 1829 adest
2657 1776 2956 1847 magister,
2986 1777 3201 1844 Bruno,
3231 1776 3318 1830 vir
3346 1776 3633 1848 religione
3655 1777 3838 1832 scien-

2216 1861 2409 1932 tiaque
2450 1863 2723 1930 famosus,
2775 1863 3090 1918 honestatis
3135 1867 3193 1918 et
3222 1865 3517 1934 gravitatis
3549 1881 3614 1919 ac
3650 1865 3831 1921 totius

2218 1951 2564 2005 maturitatis
2597 1950 2756 2022 quasi
2803 1951 3095 2023 quoddam
3130 1951 3524 2007 simulacrum.
3569 1954 3834 2010 Habebat

2217 2041 2410 2092 autem
2426 2039 2607 2094 socios
2625 2039 2968 2109 magistrum
2994 2040 3380 2108 Landuinum,
3416 2041 3512 2113 qui
3542 2046 3672 2112 post
3691 2060 3831 2098 eum

2217 2125 2529 2182 Carthusiie
2549 2126 2708 2200 prior
2730 2128 3112 2194 exstitit,duos
3126 2128 3834 2202 Stephanos,Burgensem

2217 2217 2272 2269 et
2303 2215 2570 2270 Diensem
2603 2215 2686 2279 (hi
2723 2216 2782 2270 S.
2826 2216 2952 2270 Ruﬁ
2981 2217 3243 2272 canonici
3267 2218 3518 2283 fuerant,
3553 2219 3654 2273 sed
3684 2218 3834 2274 desi-

2216 2303 2374 2358 derio
2401 2304 2528 2357 vitae
2545 2304 2814 2359 solitariae
2853 2305 2928 2370 ei,
2955 2305 3160 2359 abbate
3187 2305 3568 2373 favente,sese
3586 2305 3833 2377 conjun-

2214 2391 2438 2461 xerant)
2472 2393 2777 2463 Hugonem
2797 2393 3177 2464 etiam,quem
3206 2393 3698 2465 cognominabant
3726 2394 3832 2449 Ca-

2214 2481 2529 2550 pellanum,
2551 2497 2618 2535 eo
2635 2481 2790 2551 quod
2810 2481 2960 2535 solus
2979 2497 3043 2535 ex
3065 2481 3145 2536 eis
3163 2482 3476 2537 sacerdotis
3493 2482 3838 2554 fungeretur

2216 2568 2406 2624 ofﬁcio
2437 2585 2450 2634 ;
2484 2569 2625 2622 duos
2675 2569 2870 2636 laicos,
2905 2586 3048 2640 quos
3097 2571 3453 2642 appellamus
3501 2587 3830 2639 conversos,

2211 2656 2506 2710 Andream
2537 2659 2593 2710 et
2619 2657 2954 2711 Guarinum.
3008 2656 3357 2720 Quaerebant
3407 2661 3602 2713 autem
3635 2659 3832 2714 locum

2215 2745 2524 2799 eremiticte
2549 2743 2678 2799 vitae
2707 2761 3030 2816 congruum
3072 2746 3432 2817 necdumque
3463 2749 3827 2817 repererant.

2216 2832 2326 2886 Hac
2358 2849 2496 2903 ergo
2527 2848 2646 2902 spe,
2681 2832 2848 2887 simul
2873 2837 2928 2887 et
2959 2835 3112 2888 suavi
3137 2837 3348 2889 sanctae
3379 2835 3834 2889 conversationis

500 2919 699 2974 charta
733 2921 908 2976 ﬁdem
935 2922 1315 2977 facit.Verum
1333 2925 1548 2993 quanto
1568 2921 1803 2992 quidem
1835 2922 2115 2993 temporis
2141 2961 2186 3020 α
2215 2920 2335 2991 ejos
2369 2920 2849 2988 odoretrahente,
2881 2922 2953 2976 ad
2983 2921 3169 2976 virum
3207 2925 3469 2977 sanctum
3517 2925 3826 2978 venerunt.

499 3008 681 3081 spatio
711 3011 897 3065 Bruno
919 3011 975 3065 in
1004 3012 1128 3077 hac;
1164 3015 1475 3082 antequam
1511 3010 1583 3064 ad
1611 3010 1962 3064 Charthusiae
1993 3026 2113 3064 ere-
2141 2997 2186 3020 υ
2214 3007 2366 3072 Quos
2388 3008 2480 3063 ille
2515 3026 2633 3064 non
2678 3010 2862 3064 solum
2901 3012 3221 3081 gratanter,
3261 3011 3360 3065 sed
3400 3014 3456 3064 et
3491 3013 3830 3066 reverenter

498 3111 660 3150 mum
695 3114 792 3151 seu
814 3099 1114 3169 Hogonem
1142 3097 1740 3168 Gratianopolitanum
1773 3098 2108 3168 episcopum

499 3202 559 3240 se
580 3186 890 3254 conferret,
926 3185 1031 3240 fuit
1061 3190 1316 3241 moratus
1337 3186 1364 3240 (Ι
1407 3186 1556 3239 Nihil
1586 3185 1854 3252 omnino,
1888 3190 1951 3240 ut
1973 3187 2110 3257 quid

498 3273 640 3327 certi
667 3274 772 3328 hac
789 3274 858 3328 de
889 3291 949 3328 re
963 3277 1266 3340 statuatur,
1295 3274 1714 3328 occurrit.Cum
1742 3274 1996 3329 ecclesiae
2009 3292 2109 3329 seu

498 3361 836 3416 monasterii
864 3361 1262 3427 Molismensis,
1293 3361 1586 3416 solitudini
1621 3361 1819 3416 Siccaz-
1835 3363 2108 3419 Fontanze

497 3449 1162 3520 adjancentis,monachi
1187 3449 1247 3503 in
1264 3449 1689 3516 titulofunebri,
1720 3467 1832 3521 quo
1858 3452 2108 3506 Brunoni

495 3540 900 3609 parentarunt,
944 3537 1466 3593 familiarissimum
1496 3555 1663 3592 suum
1697 3555 1764 3594 ex
1785 3540 1911 3609 jam
1947 3539 2110 3594 dictis

501 3640 635 3678 eum
668 3626 978 3696 appellent,
1008 3629 1268 3679 sanctum
1313 3641 1470 3693 sane,
1504 3641 1616 3696 quo
1653 3624 1730 3679 eis
1764 3625 1908 3680 adeo
1941 3628 2110 3681 notus

499 3729 620 3767 esse
649 3713 922 3784 potuerit,
941 3713 1220 3785 temporis
1240 3713 1425 3784 spatio
1450 3713 1595 3768 satis
1624 3715 1798 3784 longo
1829 3713 1888 3768 in
1921 3714 2112 3768 solitu-

499 3800 633 3856 dine
665 3802 760 3857 illa
791 3805 888 3857 aut
915 3803 1090 3858 etiam
1117 3802 1174 3857 in
1207 3802 1351 3875 ipso,
1385 3802 1446 3856 in
1474 3819 1586 3874 quo
1618 3819 1684 3856 ex
1717 3803 1882 3857 dictis
1912 3819 2112 3858 mona-

496 3891 670 3946 chum
703 3891 907 3963 egerit,
940 3891 1283 3946 Molismeusi
1310 3890 1662 3946 monasterio
1696 3907 1817 3944 esse
1849 3907 2110 3945 commo-

499 3981 715 4045 ratum,
756 3983 844 4032 sat
877 3979 1205 4033 verosimile
1244 3981 1503 4050 apparet.
1558 3977 1704 4041 Quid
1751 3978 1795 4032 si
1840 3994 1977 4048 ergo
2009 3995 2113 4048 per

499 4077 720 4121 annum
749 4064 974 4120 circiter
1012 4069 1110 4120 aut
1139 4065 1324 4121 adhuc
1364 4065 1575 4120 diutius
1612 4064 1829 4120 ibidem
1859 4065 2108 4135 haeserit,

501 4170 566 4209 ac
591 4157 719 4209 tum
750 4153 1009 4221 demum,
1038 4170 1170 4209 cum
1200 4155 1390 4209 locum
1424 4153 1554 4208 vita;
1587 4153 1918 4221 eremiticae,
1947 4155 2035 4208 cui
2052 4170 2110 4209 se

2211 3097 2479 3167 suscepit,
2505 3097 2769 3150 tractavit
2800 3099 2857 3150 et
2888 3097 2999 3152 voti
3019 3101 3314 3168 compotes
3343 3098 3495 3152 fecit.
3514 3100 3638 3169 Ipso
3661 3115 3831 3153 nam-

2212 3202 2322 3256 que
2389 3187 2743 3251 consulente,
2791 3185 3054 3255 juvanta,
3116 3185 3450 3254 comitante,
3509 3186 3826 3242 Carthusiaa

2208 3272 2576 3328 solitudinem
2605 3273 2964 3328 intraverunt
2976 3279 3146 3345 atque
3162 3276 3552 3329 extruxerunt.
3581 3275 3819 3329 Viderat

2211 3364 2406 3415 autem
2439 3360 2666 3415 circaid
2697 3365 2926 3431 tempus
2942 3378 3045 3432 per
3063 3362 3357 3416 somnium
3378 3361 3437 3416 in
3451 3362 3660 3417 eadem
3688 3362 3823 3417 soli-

2211 3448 2735 3515 tudineDeum,sum
2749 3449 3068 3519 dignationi
3083 3450 3472 3505 habitaculum
3489 3454 3828 3505 construen-

2210 3540 2349 3604 tem,
2368 3538 2557 3592 stellas
2585 3537 2758 3591 etiam
2781 3540 3023 3608 septem,
3047 3538 3316 3592 ducatum
3345 3538 3451 3594 sibi
3483 3541 3826 3608 priestantes

2209 3624 2450 3680 itineris.
2486 3627 2662 3679 Erant
2688 3641 2821 3679 vero
2851 3628 2908 3679 et
2928 3625 2985 3679 hi
3019 3628 3261 3697 septem.
3287 3645 3319 3678 »

2281 3715 2406 3767 423.
2428 3712 2682 3784 Scriptor
2695 3729 3041 3783 anonymus,
3057 3713 3154 3784 qui
3175 3731 3205 3768 e
3227 3713 3548 3786 primorum
3563 3713 3819 3785 quinque

2212 3800 2526 3855 Carthusite
2570 3799 2831 3872 priorum
2881 3801 3236 3872 chronologo
3286 3819 3459 3874 supra
3503 3801 3818 3873 saepissime

2209 3889 2464 3956 laudato,
2533 3889 2768 3960 aliisque
2837 3889 3071 3944 brevem
3131 3889 3346 3945 ordinis
3402 3888 3822 3944 Carthusiensis

2209 3977 2532 4045 historiam,
2577 3995 2611 4032 a
2634 3979 2922 4033 Marteneo
2961 3981 3105 4033 tom.
3136 3979 3203 4032 VI
3244 3979 3612 4050 amplissimae
3643 3980 3818 4035 colle-

2211 4064 2414 4119 ctionis
2438 4082 2472 4119 a
2497 4066 2604 4120 col.
2642 4069 2732 4120 151
2773 4065 3070 4133 insertam,
3089 4067 3397 4134 contexuit,
3418 4067 3819 4122 narrationem

2211 4168 2460 4224 quoque,
2490 4169 2623 4223 qua,
2655 4152 2736 4206 uti
2759 4152 2852 4207 hic
2875 4169 2908 4207 a
2927 4152 3185 4224 Guigone
3220 4153 3304 4220 fit,
3335 4157 3392 4208 et
3422 4153 3603 4208 sancti
3631 4152 3818 4207 nostri

501 4242 746 4310 dederit,
781 4242 972 4298 minus
1016 4247 1217 4314 aptum
1266 4241 1643 4314 experiretur,
1695 4241 1770 4297 ad
1806 4242 2109 4313 Hugonem
2133 4257 2184 4315 D
2210 4241 3234 4313 adHugonem,Gratianopolitanum
3262 4240 3818 4313 episcopum,acces-

500 4330 1119 4404 GratianOpolitanum,
1161 4335 1226 4386 ut
1253 4332 1324 4401 ab
1373 4348 1440 4386 eo
1467 4331 1753 4402 aptiorem
1799 4330 2107 4397 obtineret,

502 4433 624 4473 sese
654 4419 1006 4475 contulerit?
1035 4420 1099 4475 Id
1129 4435 1267 4474 sane
1296 4436 1331 4474 a
1356 4417 1851 4474 verisimilitudine
1870 4417 2109 4474 minime

502 4505 814 4564 abhorrere
830 4508 972 4563 mihi
995 4508 1236 4564 videtur.
1257 4509 1385 4564 Iam
1397 4525 1555 4571 vero,
1588 4524 1720 4564 cum
1745 4508 1868 4563 hth
1883 4507 1963 4562 ita
1973 4505 2107 4574 sint,

501 4597 866 4666 sanctusque,
899 4598 962 4650 ut
974 4612 1148 4668 supra
1177 4595 1364 4663 docui,
1398 4598 1552 4651 certe
1583 4612 1704 4651 non
1736 4598 1869 4650 ante
1891 4610 2112 4650 annum

507 4683 638 4738 1981
676 4681 737 4736 in
781 4682 1175 4752 solitudinem,
1216 4685 1422 4740 saeculo
1465 4683 1692 4752 relicto,
1737 4682 1962 4746 abierit,
2006 4698 2114 4742 nec

503 4769 683 4825 serius
713 4787 782 4826 ex
810 4771 1088 4840 dicendis,
1118 4789 1296 4844 quam
1323 4789 1478 4829 anno
1516 4775 1654 4830 1084
1685 4771 1834 4828 circa
1861 4771 2022 4827 diem
2051 4770 2109 4827 S.

500 4860 738 4916 Joannis
795 4861 1064 4934 Baptistae
1115 4878 1348 4919 sacrum
1383 4861 1697 4918 Carthusiae
1749 4876 2011 4919 eremum
2042 4858 2115 4916 sit

503 4947 1177 5024 ingressus,consequens
1194 4951 1280 5020 ﬁt,
1295 4954 1358 5006 ut
1381 4953 1470 5007 vel
1492 4969 1646 5007 anno
1673 4953 1801 5007 1081
1830 4949 1917 5005 vel
1931 4950 2112 5005 altero

505 5039 711 5094 ebinis
739 5041 1110 5114 sequentibus
1145 5041 1208 5096 in
1246 5039 1641 5107 solitudinem,
1693 5055 1822 5111 quas
1849 5055 1916 5093 ex
1949 5035 2114 5094 dictis

506 5124 986 5185 Siccae—Fontanaa
1015 5129 1252 5185 indubie
1271 5129 1464 5196 fuerit,
1495 5145 1642 5196 sese,
1661 5128 1866 5184 saeculo
1886 5125 2110 5195 relicto,

503 5214 761 5287 primum
792 5217 1249 5286 abdiderit.Alia,
1265 5221 1331 5273 ut
1350 5221 1600 5288 tempus,
1620 5232 1733 5288 quo
1750 5214 1812 5271 id
1833 5214 2110 5283 evenerit,

499 5303 746 5374 propius
774 5306 1184 5376 determinem,
1209 5307 1470 5364 invenire
1501 5305 1658 5361 haud
1689 5303 1866 5377 quivi.
1893 5303 1982 5359 Ad
2000 5303 2113 5360 alia

495 5387 707 5526 2nde
735 5410 864 5467 quas
882 5397 1018 5468 post
1046 5398 1247 5453 secuta
1282 5398 1440 5466 sunt,
1481 5391 1840 5452 discutienda
1869 5407 2110 5465 pregre»

543 5487 564 5523 l
607 5487 764 5526 mur--

543 5487 764 5535 iamim-

2207 4345 2336 4385 sum
2385 4333 2443 4384 et
2497 4329 2774 4385 visionem
2823 4329 2954 4384 huic
3008 4329 3276 4385 divinitus
3323 4331 3579 4385 oblatam
3615 4329 3819 4398 refert,

2209 4418 2535 4490 suppeditat
2563 4435 2577 4486 ;
2608 4434 2808 4472 verum
2837 4434 2871 4471 a
2882 4418 3010 4488 jam
3041 4418 3151 4472 huc
3176 4417 3520 4489 transcripta
3543 4416 3821 4488 Guigonis

2211 4506 2542 4563 narratione
2564 4523 2681 4561 non
2697 4506 2838 4560 nihil
2870 4506 3172 4578 discrepat,
3189 4505 3320 4561 licet
3349 4505 3584 4562 interim
3596 4508 3653 4562 et
3667 4507 3822 4561 hanc

2213 4613 2243 4650 e
2274 4595 2575 4667 Guigonea
2593 4593 2848 4666 quinque
2877 4593 3199 4665 primorum
3227 4594 3541 4650 Carthusiae
3555 4593 3818 4666 priorum

2213 4684 2565 4755 chronologo
2593 4699 2714 4738 esse
2743 4683 3136 4754 depromtam,
3168 4685 3228 4738 et
3257 4683 3411 4738 hunc
3441 4682 3576 4754 ipsis
3606 4682 3818 4754 Guigo-

2213 4773 2300 4832 nis
2327 4772 2512 4828 verbis
2552 4789 2719 4826 usum
2765 4771 2957 4839 fuisse,
2995 4771 3358 4842 proﬁteatur.
3390 4771 3572 4840 Lubet
3608 4773 3667 4826 et
3696 4769 3824 4841 ejus

2213 4861 2389 4916 verba
2415 4861 2527 4915 huc
2564 4859 2903 4932 spectantia,
2944 4857 3100 4932 quod
3148 4858 3431 4915 nonnulla
3481 4857 3824 4918 annotanda

2215 4949 2478 5016 offerant,
2506 4949 2618 5004 huc
2645 4947 3051 5004 transcribere.
3076 4947 3160 5003 Ab
3183 4946 3271 5014 iis,
3304 4946 3513 5019 quibus
3539 4937 3822 5003 sancti‘ad

2213 5037 2515 5109 Hugonem
2553 5052 2844 5092 accessum
2891 5034 3150 5107 exponit,
3211 5035 3360 5090 duco
3416 5033 3669 5092 initium.
3725 5033 3826 5089 Sic

2209 5126 2468 5182 habent:
2526 5123 2702 5180 Adest
2767 5123 3048 5195 magister
3101 5124 3318 5191 Bruno,
3375 5123 3462 5180 vir
3521 5122 3822 5195 religiosus

2211 5214 2562 5285 scientiaque
2579 5213 2855 5280 famosus,
2876 5211 3211 5278 honestatis,
3243 5211 3540 5283 gravitatis
3569 5227 3635 5266 ac
3645 5211 3826 5267 totius

2210 5302 2556 5360 maturitatis
2598 5301 2762 5373 quasi
2805 5301 3102 5372 quoddam
3138 5300 3535 5368 simulacrum,
3566 5299 3824 5356 habebat

2212 5397 2408 5450 autem
2435 5391 2592 5448 idem
2602 5389 2789 5447 socios-
2803 5388 3082 5462 propositi
3101 5388 3212 5457 sui,
3233 5389 3585 5462 magistrum
3599 5388 3826 5445 scilimt

2211 5478 2602 5549 maniam,
2624 5476 2724 5554 qui
2750 5479 2884 5551 post
2901 5493 3042 5545 eam
3073 5475 3290 5536 exstitit
3313 5474 3481 5551 prior
3497 5475 3821 5536 Wheat:
