4026 6042
346 258 452 310 2ἥ7

1935 242 2116 300 ACTA

3566 264 3671 322 258

350 378 569 435 etdnos
599 376 944 450 Stephanus,
966 377 1322 451 Burgensem
1336 379 1395 433 et
1407 375 1681 433 Diensem
1706 370 2041 433 :iiamboA
2066 370 2215 442 plar,
2261 371 2329 428 iis
2369 372 2654 446 adjunctis
2701 379 2958 448 auctum,
3018 397 3168 453 qua,
3199 382 3299 454 qui
3354 383 3452 441 illa
3480 385 3673 446 eidem

354 468 511 524 Beati
543 466 671 522 Rufi
687 466 949 523 canonici
972 466 1208 523 fuerunt
1236 484 1250 536 ;
1273 466 1374 522 sed
1393 465 1677 522 desiderio
1697 461 1967 519 solitaria

353 554 593 623 vita,eis
605 555 813 611 abbate
837 572 1040 611 eorum
1055 555 1432 618 favente,sese
1453 554 1504 610 ei
1526 552 1965 625 conjunxerant;

351 644 891 718 Hugonemquoque
908 661 1083 717 quem
1097 642 1862 716 cognominabantCapellan
1870 654 1967 693 um

352 748 422 788 eo
453 732 610 804 quod
636 733 789 787 solus
836 749 905 787 ex
944 732 1010 788 iis
1052 731 1372 788 sacerdotio
1418 731 1780 803 fungeretur,
1828 728 1971 782 duos

352 823 549 876 autem
574 820 770 887 laicos,
806 837 950 893 quos
979 822 1273 892 appellant
1300 836 1632 886 conversos,
1666 817 1969 873 Andream

351 908 567 964 scilicet
586 912 645 963 et
658 909 995 964 Guarinum.
1040 908 1389 973 Quarebant
1407 910 1604 963 autem
1631 908 1822 961 locum
1852 921 1971 959 ere-

355 997 569 1053 mitica
594 996 724 1052 vita
752 1013 1077 1069 congruum
1095 1001 1153 1053 et
1168 996 1416 1052 necdum
1443 998 1812 1070 repererant:
1834 992 1973 1065 vigi-

353 1087 513 1142 lante
536 1088 731 1141 autem
746 1085 1021 1159 pradicto
1036 1085 1302 1158 episcopo
1335 1087 1394 1140 et
1412 1085 1482 1140 de
1514 1084 1727 1140 visione
1747 1085 1971 1154 septem

354 1175 654 1230 stellarum
685 1173 836 1247 (qua
858 1173 909 1228 ei
942 1174 1155 1229 scilicet
1180 1174 1351 1245 paulo
1382 1177 1517 1229 ante
1536 1174 1727 1229 fuerat
1756 1168 1969 1242 oblata)

355 1262 672 1335 cogitante,
706 1262 916 1318 adsunt
943 1261 1175 1333 prafati
1207 1265 1434 1333 septem
1464 1262 1589 1329 viri,
1616 1260 1830 1316 scilicet
1854 1275 1975 1314 ma-

358 1350 542 1424 gister
570 1352 760 1406 Bruno
793 1367 925 1406 cum
956 1367 1052 1405 sex
1080 1350 1335 1422 praefatis
1374 1350 1538 1406 sociis
1580 1349 1712 1405 suis.
1750 1348 1973 1424 Caden-

362 1438 515 1494 tibus
546 1442 742 1494 autem
771 1438 839 1493 iis
859 1421 1092 1512 septem,
1112 1442 1249 1494 ante
1280 1438 1457 1511 pedes
1488 1438 1673 1493 sancti
1704 1421 1974 1503 viri,c5n-

360 1525 593 1582 ferebat
629 1527 748 1598 ipse
779 1529 1009 1582 sanctus
1054 1527 1141 1581 vir
1191 1525 1250 1581 in
1304 1527 1476 1581 corde
1522 1542 1622 1581 suo
1656 1526 1727 1581 de
1754 1526 1976 1597 septem

362 1615 546 1670 stellis
571 1632 713 1688 quas
760 1615 820 1670 in
868 1614 1086 1670 visione
1127 1613 1394 1684 viderat;
1439 1614 1535 1686 qui
1585 1630 1683 1669 eos
1727 1612 1978 1684 benigne

2067 460 2296 532 adjecit,
2352 464 2599 534 scriptor
2652 467 2943 522 recentior
2981 469 3329 525 verosimilia
3370 473 3675 533 arbitratus

2069 552 2175 611 est,
2194 567 2298 605 nec
2316 553 2535 617 tamen,
2567 557 2849 625 quantum
2868 555 3094 628 opinor,
3116 555 3175 612 in
3208 562 3441 617 auctore
3466 581 3673 623 monu-

2070 641 2337 695 mentove
2360 640 2649 696 vetustiori
2672 641 2907 698 invenit.

2139 727 2265 782 425.
2298 729 2381 782 Ita
2409 730 2493 783 vel
2522 729 2734 786 idcirco
2764 735 3046 803 quantum
3074 734 3147 790 ad
3176 736 3284 792 hoc
3318 742 3676 809 postremum

2071 818 2330 884 autumo,
2349 818 2504 888 quod
2528 820 2650 874 tum
2668 820 3081 890 primum,cum
3091 822 3220 894 jam
3243 826 3431 883 Bruno
3444 830 3680 903 ejusque

2069 921 2165 959 sex
2200 906 2336 960 socii
2378 908 2583 962 urbem
2622 908 3220 983 Gratianopolitanam
3238 914 3683 988 ingrederentur

2070 989 2346 1048 visionem
2408 993 2465 1048 8.
2513 995 2758 1066 Hugoni,
2805 997 3335 1070 Gratianopolitano
3389 1003 3679 1076 episcopo,

2072 1080 2330 1135 oblatam
2365 1080 2535 1136 fuisse
2557 1082 2789 1151 scribat,
2826 1083 2998 1157 idque
3019 1104 3150 1142 cum
3193 1092 3526 1148 narratione
3558 1094 3687 1150 Gui-

2072 1168 2242 1241 gonis
2270 1185 2389 1224 non
2428 1169 2561 1224 satis
2588 1173 2912 1227 conveniat.
2947 1175 3093 1230 Illud
3124 1176 3281 1253 enim
3296 1178 3386 1233 hic
3411 1179 3468 1234 S.
3499 1182 3686 1254 Hugo-

2074 1257 2163 1312 nis
2191 1257 2560 1331 biographus,
2582 1277 2699 1316 non
2726 1276 2851 1342 per,
2876 1263 2997 1331 sed,
3022 1283 3054 1316 ς
3077 1264 3226 1322 circa
3244 1267 3397 1323 idem
3421 1271 3681 1342 tempus»

2075 1363 2189 1418 qua
2220 1348 2408 1403 Bruno
2440 1348 2675 1421 ejusque
2718 1340 2853 1405 socii
2885 1352 3340 1428 GratianOpolim
3380 1340 3684 1433 venerunt,

2075 1434 2293 1490 factum
2324 1438 2537 1509 prodit,
2582 1442 2643 1493 ut
2671 1439 2937 1511 proinde,
2980 1449 3235 1515 spectata
3273 1447 3545 1521 Guigonis
3584 1469 3686 1509 au-

2077 1524 2363 1613 ctoritate,
2393 1526 2587 1581 oblata
2617 1526 2674 1582 8.
2699 1528 2922 1601 Hugoni
2954 1530 3092 1587 visio
3136 1534 3431 1606 aliquanto
3461 1541 3687 1613 tempo-

2077 1611 2155 1666 ris
2185 1611 2369 1683 spatio
2408 1613 2590 1668 sancti
2640 1614 2699 1669 in
2726 1617 2929 1671 urbem
2957 1619 3552 1693 Gratianopolitanam
3584 1611 3687 1684 in-

366 1703 575 1758 levavit
603 1704 676 1759 ad
697 1703 851 1776 pacis
886 1704 1166 1770 osculum,
1200 1706 1258 1758 et
1288 1702 1559 1774 inquisita
1585 1706 1643 1757 et
1673 1701 1980 1773 diligenter
2009 1701 2061 1760 B
2080 1716 2340 1771 gressum
2396 1703 2769 1772 pracesserit.
2819 1705 3187 1764 Recentiores
3256 1711 3438 1767 sancti
3506 1714 3690 1772 nostri

366 1791 682 1858 intellecta,
737 1808 850 1865 qua
916 1791 987 1846 de
1042 1807 1231 1858 causa,
1290 1791 1599 1858 venissent,
1659 1790 1798 1845 dixit
1853 1789 1976 1844 eis:

367 1878 498 1935 Scio
519 1881 712 1935 locum
739 1881 1012 1946 vestrum,
1045 1896 1079 1933 a
1105 1882 1221 1934 Deo
1253 1879 1413 1933 vobis
1426 1882 1714 1950 paratum,
1743 1881 1801 1933 et
1823 1877 1984 1932 duxit

368 1984 469 2023 eos
502 1984 619 2023 non
652 1967 773 2023 sine
805 1967 1014 2040 grandi
1074 1967 1273 2023 labore
1310 1967 1383 2022 ad
1436 1968 1650 2033 locum,
1680 1966 1777 2021 ubi
1808 1968 1979 2021 stete-

369 2061 511 2115 runt
540 2058 718 2112 stella
749 2061 995 2128 septem,
1024 2059 1081 2111 et
1112 2056 1193 2111 ait
1224 2072 1237 2109 :
1274 2057 1414 2111 Ecce
1436 2057 1592 2111 locus
1624 2058 1827 2110 vester.
1860 2075 1889 2104 »

442 2148 569 2202 424.
604 2147 690 2201 Ita
720 2162 1045 2217 anonymus
1070 2145 1319 2200 laudata
1335 2144 1595 2199 Historia
1611 2142 1830 2199 ordinis
1849 2143 1984 2198 Car-

374 2235 684 2293 thusiensis
716 2237 933 2302 auctor,
957 2233 1223 2288 nonnihil
1239 2250 1376 2287 sane
1399 2236 1457 2288 et
1490 2232 1795 2303 aGuigone
1826 2234 1884 2286 et
1915 2231 1986 2286 ab

374 2340 694 2396 anonymo,
722 2321 819 2394 qui
843 2320 1115 2393 Guigonis
1142 2321 1318 2376 verba
1366 2321 1629 2393 proxime
1660 2319 1899 2375 recitata
1922 2318 1983 2372 in

375 2414 715 2487 opusculum
746 2427 915 2466 suum
942 2409 1158 2476 intulit,
1192 2408 1518 2482 primorum
1550 2409 1805 2482 quinque
1850 2408 1985 2463 Car-

374 2503 577 2560 thusia
591 2500 855 2573 priorum
869 2499 1048 2553 chron
1057 2498 1316 2569 ographo
1336 2516 1435 2553 seu
1457 2497 1779 2569 antiquiore
1796 2494 1989 2551 Sancti

375 2590 557 2648 nostri
578 2588 903 2661 biographo
917 2587 1237 2652 dissonans,
1272 2588 1336 2640 ut
1365 2585 1514 2642 illius
1530 2587 1705 2640 verba
1729 2584 1989 2656 proxime

376 2679 594 2754 pariter
623 2677 714 2732 hic
729 2674 968 2731 recitata
993 2691 1125 2729 cum
1158 2673 1432 2746 Guigonis
1454 2673 1641 2729 verbis
1670 2671 1990 2728 conferenti

376 2767 618 2842 patebit.
648 2765 796 2820 Audi
826 2762 1024 2830 modo,
1047 2762 1167 2835 qui,
1203 2761 1427 2834 Hugoni
1459 2760 1988 2833 Gratianopolitano

378 2855 667 2928 episcopo,
700 2869 835 2908 cum
865 2852 938 2907 ad
963 2854 1226 2907 sanctum
1250 2852 1402 2907 hunc
1432 2849 1747 2906 antistitem
1764 2852 1990 2904 sanctus

379 2947 577 2999 noster
629 2940 882 3007 accessit,
925 2940 1224 3006 visionem,
1258 2939 1328 2994 de
1362 2956 1474 3010 qua
1504 2955 1571 2993 ex
1620 2939 1783 2993 dictis
1813 2937 1990 2993 etiam

379 3033 582 3104 Guigo,
639 3029 906 3085 divinitus
954 3028 1213 3083 oblatam
1272 3028 1506 3082 referat.
1588 3027 1762 3094 Hanc,
1815 3042 1990 3098 quam

379 3120 580 3193 Guigo,
612 3119 882 3190 huncque
926 3119 1149 3172 secutus
1183 3116 1366 3171 dictus
1399 3132 1742 3187 anonymus,
1799 3113 1993 3187 paucis

382 3209 662 3265 duntaxat
691 3207 841 3261 hisce
870 3205 1058 3260 verbis
1071 3207 1423 3271 memorant,
1478 3227 1507 3255 «
1538 3203 1769 3258 Viderat
1798 3206 1993 3257 autem

380 3297 655 3372 praefatus
684 3294 980 3368 episcopus
1004 3292 1187 3365 (Hugo
1216 3293 1446 3364 scilicet)
1479 3292 1628 3348 circa
1662 3292 1819 3347 idem
1850 3295 1995 3346 tem-
2023 3302 2039 3317 ‘

383 3404 491 3460 pus
531 3385 667 3457 (quo
714 3398 925 3455 nempe
951 3398 1016 3436 ac
1048 3398 1183 3437 eum
1233 3381 1296 3436 8.
1348 3383 1539 3436 Bruno
1583 3380 1817 3452 ejusque
1861 3378 1999 3434 socii

391 3469 764 3540 accedebant)
796 3485 899 3540 per
927 3470 1221 3525 somnium
1248 3468 1305 3523 in
1320 3469 1524 3524 eadem
1549 3467 1998 3539 (Carthusia)so-

388 3558 635 3616 litudine
649 3558 961 3612 Dominum
979 3574 1095 3612 sua
1114 3556 1437 3628 dignationi
1460 3556 1850 3610 habitaculum
1860 3572 1999 3611 con-

394 3646 737 3717 struentem)
805 3646 996 3700 stellas
1054 3646 1231 3700 etiam
1293 3648 1515 3717 septem
1565 3644 1836 3699 ducatum
1896 3642 2001 3699 sibi

389 3737 732 3810 prastantes
780 3733 1021 3800 itineris,
1079 3733 1351 3805 prolixius
1393 3733 1509 3801 ille,
1567 3732 1775 3787 additis
1824 3731 2002 3787 etiam

391 3824 705 3890 nonnullis,
738 3838 864 3894 qua
891 3839 926 3876 a
962 3821 1221 3894 Guigone
1248 3821 1476 3889 absunt,
1514 3820 1817 3892 adjunctis,
1850 3820 2004 3875 hunc

390 3914 451 3968 in
484 3912 725 3967 modum
740 3910 1003 3984 proxime
1032 3913 1167 3965 ante
1192 3911 1364 3966 verba
1384 3927 1558 3982 supra
1580 3910 1820 3965 recitata
1831 3926 2004 3981 expo-

394 4004 561 4071 nit,«
594 4001 831 4075 Septem
875 4001 1049 4074 igitur
1100 4000 1207 4055 viri
1266 4000 1419 4055 infra
1472 3999 1740 4073 descripti
1794 3999 2005 4070 (Bruno

392 4091 660 4147 videlicet
708 4107 919 4163 sexque
952 4089 1076 4161 ejus
1105 4089 1260 4160 socii)
1293 4089 1535 4162 prafata
1590 4088 1663 4143 de
1704 4104 1873 4143 causa
1926 4087 2009 4159 (ut

2023 2993 2070 3053 C

2077 1789 2402 1862 biographi,
2437 1792 2724 1848 Puteanus
2755 1793 3038 1863 videlicet,
3061 1797 3492 1856 Blomenvenna
3523 1802 3694 1859 etSu-

2081 1878 2216 1946 rius,
2245 1880 2342 1951 qui
2371 1880 2537 1935 variis
2567 1882 2869 1953 adjunctis,
2924 1901 3029 1939 nec
3074 1902 3109 1940 a
3147 1886 3427 1960 Guigone,
3482 1908 3590 1947 nec
3618 1892 3692 1949 ab

2082 1967 2407 2039 antiquiore
2437 1973 2633 2025 nostro
2653 1970 2975 2044 biographo
2993 1974 3291 2045 expressis,
3314 1978 3493 2033 sancti
3514 1979 3694 2036 nostri

2084 2056 2159 2111 ad
2185 2056 2241 2111 S.
2271 2057 2572 2129 Hugonem
2596 2059 3194 2131 Gratianopolitanum
3216 2081 3526 2136 accessum,
3542 2069 3696 2125 obla-

2082 2146 2321 2217 tamque
2361 2145 2491 2199 huic
2520 2144 2795 2201 visionem
2821 2153 3123 2219 exornant,
3160 2151 3232 2206 de
3262 2156 3549 2226 tempore,
3582 2174 3695 2229 quo

2086 2232 2208 2287 hac
2242 2232 2531 2302 acciderit,
2561 2235 2943 2291 verosimilius
2976 2241 3150 2311 atque
3181 2240 3255 2295 ad
3274 2240 3550 2314 Guigonis
3571 2262 3700 2301 nar-

2087 2320 2373 2376 rationem
2406 2323 2897 2378 accommodatius
2925 2326 3259 2398 loquuntur.
3292 2331 3371 2384 Ac
3413 2332 3699 2389 Puteanus

2089 2407 2328 2481 quidem
2365 2409 2641 2471 visionem
2674 2415 2863 2479 nocte,
2899 2431 3028 2485 qua
3071 2415 3354 2472 Brunonis
3382 2419 3700 2477 sociorum-

2090 2513 2201 2569 que
2245 2498 2367 2568 ejus
2399 2498 2457 2552 in
2510 2498 2716 2553 urbem
2756 2499 3354 2573 Gratianopolitanam
3388 2506 3699 2566 adventum

2088 2584 2395 2657 pracessit,
2450 2586 2673 2657 Hugoni
2721 2588 2980 2643 oblatam
3010 2590 3210 2659 refert,
3270 2594 3703 2653 Blomenvenna

2089 2690 2224 2728 vero
2257 2677 2315 2728 et
2344 2691 2412 2728 ex
2453 2674 2562 2729 hoc
2597 2675 2794 2730 Surius
2834 2678 2994 2745 tunc,
3042 2695 3174 2735 cum
3235 2679 3477 2741 Sanctus
3508 2689 3705 2742 noster

2089 2778 2299 2834 sexque
2320 2763 2442 2834 ejus
2462 2762 2598 2817 socii
2629 2762 3083 2835 Gratianopolim
3128 2774 3458 2841 pergerent.
3496 2772 3706 2831 Omnia

2090 2849 2536 2905 Blomenvenna
2561 2851 2755 2918 verba,
2782 2850 3061 2908 visionem
3092 2855 3252 2911 illam
3278 2859 3574 2933 sanctique
3605 2879 3708 2919 no-

2090 2937 2189 2992 stri
2220 2938 2291 2993 ad
2318 2938 2375 2993 S.
2406 2939 2708 3010 Hugonem
2726 2955 3014 2996 accessum
3041 2946 3461 3015 spectantia,ob
3482 2966 3705 3023 ea,qua

2092 3045 2256 3083 num.
2285 3030 2352 3083 23
2385 3028 2520 3091 dixi,
2547 3028 2658 3083 huc
2687 3030 3028 3086 transcribo.
3082 3033 3274 3089 Primo
3317 3035 3532 3109 itaque,
3581 3056 3709 3095 san-

2094 3119 2251 3171 ctum
2296 3118 2580 3184 nostrum,
2614 3117 3066 3190 Gratianopolim
3092 3126 3458 3193 pergentem,
3506 3128 3710 3199 magni

2096 3203 2348 3259 nominis
2365 3205 2609 3259 eremita
2638 3205 2697 3260 in
2721 3206 2811 3261 via
2838 3209 3118 3277 consulto,
3172 3209 3284 3265 iter
3339 3218 3709 3285 prosecutum

2096 3294 2288 3362 fuisse,
2322 3297 2539 3360 narrat,
2577 3311 2643 3348 ac
2682 3294 2912 3362 deinde,
2946 3314 3075 3369 qua
3117 3297 3531 3357 adinstitutum
3559 3320 3708 3377 pra-

2098 3400 2228 3440 sens
2256 3381 2567 3455 pertinent,
2592 3383 2907 3457 subjungit.

2169 3472 2293 3525 426.
2320 3469 2464 3525 Sunt
2480 3474 2675 3526 autem
2709 3473 2863 3527 hac:
2894 3495 2921 3523 ‹‹
2940 3472 3174 3530 Videras
3213 3476 3421 3535 eodem
3446 3482 3711 3553 tempore

2101 3563 2329 3613 sanctus
2354 3559 2516 3630 Hugo
2564 3560 2863 3633 episc0pus
2881 3561 2938 3616 in
2960 3563 3177 3619 somnis
3208 3565 3393 3621 Deum
3426 3568 3485 3623 in
3513 3569 3712 3626 solitu-

2101 3646 2236 3703 dine
2266 3647 2579 3701 Carthusia
2622 3665 2738 3703 sua
2771 3649 3094 3721 dignationi
3142 3652 3535 3712 habitaculum
3581 3675 3716 3714 con-

2103 3737 2421 3790 struentem
2447 3752 2461 3802 ;
2490 3738 2712 3807 septem
2752 3753 2980 3809 quoque
3009 3739 3200 3793 stellas
3231 3758 3434 3798 aureas
3482 3744 3540 3799 in
3586 3764 3715 3803 mo-

2105 3823 2244 3878 dum
2267 3840 2496 3878 corona
2529 3823 2829 3896 dispositas
2842 3828 3012 3897 atque
3045 3844 3078 3881 a
3099 3829 3254 3883 terra
3281 3833 3577 3901 paululum
3600 3837 3715 3892 ele-

2102 3915 2283 3980 vatas,
2334 3929 2368 3966 a
2396 3912 2617 3967 cateris
2675 3911 2733 3967 in
2792 3912 3164 3971 firmamento
3209 3916 3332 3971 fixis
3359 3918 3491 3989 situ,
3529 3927 3713 3992 motu,

2108 4002 2300 4057 colore
2328 4002 2386 4055 et
2416 4000 2722 4072 splendore
2760 4000 3110 4071 differentes,
3145 4003 3367 4061 itineris
3394 4007 3500 4063 sibi
3550 4011 3721 4067 duca-

2106 4093 2233 4145 tum
2264 4091 2623 4161 prastantes.
2674 4088 2973 4161 Cogitante
3027 4094 3223 4147 autem
3276 4110 3344 4149 eo
3387 4095 3457 4151 de
3482 4097 3717 4170 visione,

394 4195 608 4251 nempe
633 4180 825 4234 locum
842 4179 970 4234 vita
1001 4177 1310 4233 eremitica
1340 4181 1541 4250 aptum
1571 4175 1916 4247 invenirent)
1936 4174 2011 4231 ad
2111 4177 2399 4233 affuerunt
2428 4176 2530 4231 viri
2563 4193 2737 4250 supra
2767 4177 2901 4233 dicti
2933 4179 3145 4251 (Bruno
3177 4182 3455 4239 nimirum
3484 4187 3722 4262 ejusque

396 4267 740 4343 pradictum
759 4269 1022 4323 sanctum
1038 4267 1701 4340 episc0pum(Hugonem
1717 4264 2015 4319 Gratiano-
2034 4259 2084 4317 D
2110 4266 2265 4337 socii)
2293 4282 2411 4337 pra
2433 4265 2652 4319 foribus
2679 4266 2875 4336 palatii
2908 4268 3264 4340 episcopalis.
3301 4271 3473 4343 Hujus
3497 4275 3581 4329 rei
3600 4259 3723 4332 me-

396 4357 769 4431 politanum),
828 4355 971 4411 duce
1033 4355 1248 4428 Spiritu
1321 4357 1541 4421 sancto,
1601 4356 2009 4425 pervenerunt.

401 4446 664 4518 Cumque
696 4444 984 4499 intrarent
1013 4443 1317 4517 prafatam
1372 4442 1663 4497 civitatem
1702 4441 2018 4513 (Gratiano-

399 4534 605 4608 polim)
656 4533 922 4604 contigit,
974 4536 1037 4587 ut
1064 4533 1339 4604 praefatus
1374 4534 1607 4586 sanctus
1638 4531 1935 4604 episcopus
1955 4529 2015 4584 in

400 4638 636 4679 camera
649 4637 752 4676 sua
768 4621 1155 4676 obdormiret:
1178 4619 1430 4692 viditque
1453 4619 1510 4674 in
1530 4618 1748 4673 somnis
1758 4620 2018 4672 sanctam

402 4711 727 4766 visionem:
759 4712 816 4762 et
855 4724 1007 4775 ecce,
1052 4712 1275 4782 septem
1328 4707 1506 4761 stella
1560 4706 1846 4761 cadebant
1885 4708 2020 4760 ante

407 4800 588 4873 pedes
630 4798 775 4870 ejus,
825 4801 883 4853 et
931 4801 1133 4869 postea
1193 4795 1580 4851 ascendebant
1623 4812 1728 4868 per
1769 4794 2021 4850 diversos

405 4893 638 4946 montes
668 4890 726 4943 et
746 4889 929 4943 multa
952 4888 1180 4942 deserta
1199 4902 1375 4958 usque
1403 4885 1476 4939 ad
1488 4884 1802 4957 quemdam
1830 4885 2022 4940 locum

404 4977 711 5034 horridum
742 4976 927 5043 valde,
972 4978 1030 5030 et
1061 4992 1096 5030 a
1126 4974 1353 5048 populis
1378 4976 1695 5041 remotum,
1725 4973 2026 5029 Carthusia

407 5068 834 5137 nuncupatum,
864 5066 1261 5136 steteruntque
1279 5062 1382 5118 ibi.
1415 5081 1447 5114 »
1476 5062 1758 5117 Hactenus
1776 5061 2024 5117 laudata

407 5154 630 5213 ordinis
649 5151 1063 5209 Carthusiensis
1084 5151 1343 5210 Historia
1357 5155 1585 5218 auctor;
1611 5150 1868 5222 qui,cum
1883 5166 2028 5222 pra-

407 5247 592 5311 terea,
627 5242 1044 5309 narrationem,
1071 5258 1231 5295 num.
1260 5239 1508 5312 praced.
1536 5239 1689 5293 hunc
1716 5238 2026 5312 transcrip-

409 5336 558 5399 tam,
589 5331 844 5398 daturus,
880 5331 1013 5403 ipsis
1043 5330 1237 5403 seselid
1262 5329 1584 5402 primorum
1615 5326 1868 5399 quinque
1892 5327 2028 5381 Car-

411 5423 619 5478 thusia
646 5421 905 5495 priorum
939 5419 1202 5477 Chronici
1232 5419 1416 5473 verbis
1438 5418 1726 5473 facturum
1756 5416 2027 5485 insinuet,

415 5528 540 5587 pra
570 5511 837 5569 manibus
863 5509 1126 5567 habuisse
1139 5508 1366 5565 videtur
1379 5504 1815 5581 opusculihujus
1831 5523 2026 5564 exem-

2113 4354 2283 4410 minit
2314 4353 2398 4407 vir
2428 4353 2771 4408 venerabilis
2800 4353 2980 4426 Guigo
3008 4355 3069 4410 in
3090 4356 3219 4412 Vita
3250 4358 3509 4430 ejusdem
3540 4366 3723 4421 sancti

2115 4442 2369 4516 Hugonis
2400 4441 2459 4496 in
2490 4442 2613 4496 hac
2642 4442 2816 4497 verba
2841 4459 2854 4497 :
2883 4465 2910 4493 «
2923 4443 3117 4513 Adest,
3141 4435 3429 4518 inquiens,
3452 4453 3727 4524 magister

2117 4552 2150 4586 ς
2180 4533 2393 4598 Bruno,
2424 4530 2509 4585 vir
2540 4529 2838 4602 religiosus
2860 4531 3215 4606 scientiaque
3236 4536 3510 4606 famosus,
3543 4541 3725 4598 hone-

2123 4643 2151 4672 «
2175 4619 2333 4675 statis
2388 4620 2446 4673 et
2490 4618 2785 4690 gravitatis
2837 4635 2903 4674 ac
2962 4622 3137 4677 totius
3181 4625 3528 4682 maturitatis
3567 4631 3729 4702 quasi

2120 4728 2154 4763 ‹
2176 4707 2472 4781 quoddam
2503 4707 2896 4763 simulacrum.
2927 4708 3188 4767 Habebat
3230 4716 3425 4769 autem
3441 4716 3623 4773 socios
3644 4737 3733 4776 su-

2122 4816 2155 4851 a
2186 4813 2290 4870 pra
2312 4794 2663 4851 nominatos.
2700 4814 2732 4848 »
2769 4796 3117 4860 Quarebant
3148 4816 3281 4856 vero
3313 4802 3503 4857 locum
3528 4811 3735 4866 eremi-

2120 4886 2253 4940 tica
2287 4884 2415 4939 vita
2441 4899 2785 4955 congruum,
2815 4886 3179 4960 necdumque
3203 4896 3561 4962 repererant.
3589 4895 3732 4954 Cum

2125 4991 2263 5046 ergo
2296 4972 2632 5027 nunciatum
2691 4973 2957 5046 episc0po
3005 4976 3223 5044 fuisset,
3274 4978 3424 5033 viros
3464 4984 3737 5052 prafatos

2124 5062 2299 5135 ipsius
2328 5062 2682 5133 postulantes
2731 5062 3080 5134 colloquium
3104 5081 3225 5137 pra
3256 5066 3476 5123 foribus
3503 5078 3740 5143 prastu.

2125 5152 2253 5219 lari,
2276 5150 2580 5206 confestim
2606 5167 2704 5205 eos
2723 5150 3008 5206 introduci
3023 5152 3208 5223 jubet.
3237 5154 3453 5218 Quibus
3470 5159 3741 5233 ingressis

2129 5243 2187 5295 et
2212 5238 2288 5293 ad
2317 5238 2491 5311 pedes
2516 5237 2565 5308 ej
2576 5254 2638 5291 us
2652 5237 2946 5291 humiliter
2973 5240 3271 5310 prostratis
3290 5246 3737 5324 optatamlargi-

2130 5330 2315 5383 tusest
2338 5326 2971 5382 benedictionem.Cum
3002 5344 3134 5384 vero
3157 5330 3361 5387 elevati
3392 5334 3465 5389 ab
3496 5335 3618 5409 ipso
3650 5358 3738 5397 se-

2128 5434 2262 5473 cum
2290 5415 2505 5489 pariter
2558 5413 2969 5483 consedissent,
3003 5434 3236 5474 causam
3284 5421 3563 5481 adventus
3592 5427 3739 5501 ipso-

2130 5523 2260 5565 rum
2291 5504 2598 5578 diligenter
2619 5501 2930 5562 sciscitatus
2960 5510 3065 5564 est.
3098 5509 3369 5570 Brunone
3399 5518 3593 5573 autem
3609 5534 3742 5591 pro-
