4224 6058
576 262 679 337 250

1426 255 1483 309 S.
1519 254 1864 310 BRUNONIS
1906 251 2537 319 QARTHUSIANORUM
2577 254 3043 313 INSTITUTORIS

3790 263 3898 319 260

567 384 846 455 sequente
876 398 964 448 ea,
996 397 1126 454 quae
1168 378 1413 437 Parisius
1454 379 1514 433 in
1541 378 1888 434 clamoribus
1916 377 2177 450 praedicti
2202 376 2745 449 Aingrederentur,
2792 380 3019 455 Hugoni
3059 379 3234 438 fuerit
3274 383 3489 453 oblata,
3537 385 3897 461 dubiumque

568 470 819 527 doctoris
849 474 977 525 aeta
1004 470 1253 537 fuerant,
1306 485 1411 523 nec
1447 485 1564 522 non
1620 466 2175 522 confaaderationem

565 564 830 617 mutuam
862 560 921 614 in
934 558 1230 632 proposito
1246 557 1512 613 solitariae
1528 556 1679 623 vitas,
1702 555 1979 611 auxilium
1998 556 2174 610 etiam

567 651 640 706 ad
654 648 1065 704 inveniendum
1081 649 1481 720 locumaptum
1496 645 1855 717 poenitentiae
1879 644 2173 717 rogitante

563 738 861 811 episcopus
909 753 1028 808 pra:
1055 736 1305 791 novitate
1334 735 1418 790 rei
1444 735 1699 807 primum
1742 735 2058 805 obstupuit,
2099 733 2174 788 ad

562 828 818 901 ipsorum
850 829 1048 881 tamen
1080 824 1538 892 conversionem,
1563 822 1744 878 animi
1774 823 2168 890 stabilitatem,

561 916 723 973 ardui
755 915 1053 989 prepositi,
1087 914 1343 985 pluribus
1381 912 1667 986 profuturi
1712 912 1931 984 sibique
1977 915 2169 966 osten-

558 1024 634 1063 sa:
653 1006 854 1061 visioni
876 1003 1238 1061 accommodi
1260 1003 1567 1058 utilitatem
1609 1003 1803 1056 oculos
1834 1001 2166 1067 deﬂectens,

558 1097 891 1168 amplexans
932 1093 1083 1149 viros
1131 1110 1263 1147 cum
1312 1092 1536 1165 ingenti
1558 1090 1770 1163 gaudio
1816 1106 1931 1145 non
1978 1091 2167 1145 solum

554 1188 871 1258 gratanter,
896 1200 1097 1238 verum
1129 1182 1302 1237 etiam
1326 1184 1661 1237 reverenter
1683 1180 1951 1251 suscepit,
1981 1181 2038 1233 et
2062 1179 2164 1233 be-

552 1274 728 1347 nigne
768 1272 1050 1329 tractavit.
1087 1272 1257 1326 Facto
1281 1287 1510 1343 quoque
1541 1270 1599 1324 in
1630 1286 1691 1324 se
1719 1269 1935 1340 Spiritu
1972 1266 2165 1323 Domi-

553 1364 634 1433 ni,
666 1364 946 1418 intellexit
973 1360 1252 1416 visionem
1281 1360 1473 1432 eisque
1505 1376 1609 1430 per
1632 1358 1897 1413 ordinem
1929 1359 2158 1425 cuncta,

552 1470 679 1525 qua:
726 1452 965 1518 viderat,
1020 1449 1332 1516 enarravit,
1388 1452 1447 1503 et
1476 1450 1690 1516 locum,
1725 1464 1899 1520 quem
1943 1462 2162 1520 qurere-

549 1543 711 1610 bant,
735 1541 864 1613 jam
890 1539 993 1594 sibi
1024 1538 1294 1594 divinitus
1324 1539 1639 1592 revelatum
1667 1536 1925 1592 asseruit.

620 1633 746 1699 427,
768 1650 799 1683 α
832 1629 1067 1702 Septem
1082 1628 1295 1700 quippe
1312 1627 1725 1694 viros,terrena
1756 1625 2153 1698 despicientes,

2279 466 2479 521 itidem
2511 486 2578 522 ex
2608 469 2773 525 dictis
2800 470 2893 539 sit,
2928 473 3175 527 noctene
3197 472 3314 539 illa,
3349 490 3479 546 qua:
3505 476 3687 530 sancti
3720 477 3779 531 in
3803 495 3897 532 ur-

2275 553 2411 609 bem
2440 555 3032 629 Gratianopolitanam
3078 559 3401 633 ingressum
3433 564 3696 635 proxime
3739 584 3892 639 prm-

2274 643 2459 712 cessit,
2492 662 2565 700 an
2591 646 2887 719 aliquanto
2919 648 3083 704 citius
3112 649 3171 704 id
3209 652 3487 720 evenerit,
3531 670 3660 722 nec,
3700 655 3746 710 si
3784 673 3891 730 po-

2271 734 2555 789 stremum
2584 736 2693 791 hoc
2709 738 2901 792 locum
2917 738 3138 806 habuit,
3160 741 3275 795 ulla
3295 741 3442 797 ratio
3464 747 3890 818 suppetat,quaa

2273 820 2575 893 Hugonem
2620 825 3223 899 Gratianopolitanum
3261 830 3619 905 episcopum,
3683 838 3887 890 sancto

2272 909 2395 980 ejus
2423 912 2740 986 alloquium
2758 915 2832 969 ad
2848 916 3043 987 palatii
3076 918 3288 974 ostium
3321 920 3506 976 adhuc
3536 926 3885 995 prazstolan-

2270 1001 2348 1067 te,
2372 1000 2443 1055 de
2475 1001 2689 1058 visione
2722 1005 3068 1061 meditatum
3097 1007 3271 1063 fuisse
3310 1010 3569 1079 suadeat,
3598 1013 3886 1070 feceritne

2269 1088 2326 1143 id
2345 1092 2479 1145 tunc
2506 1109 2638 1148 vere
2665 1098 2893 1149 sanctus
2912 1096 3003 1150 ille
3038 1096 3294 1167 antistes,
3320 1116 3426 1171 pro
3458 1104 3617 1157 certo
3664 1121 3886 1160 asseve-

2266 1178 2380 1232 rari
2401 1197 2515 1235 non
2544 1184 2754 1253 potest,
2781 1200 2914 1239 cum
2937 1185 2994 1240 id
3026 1203 3133 1241 nec
3158 1187 3218 1242 in
3251 1188 3546 1261 Guigonis,
3576 1208 3680 1247 nec
3704 1192 3762 1247 in
3795 1195 3881 1249 al-

2264 1267 2440 1323 terius
2469 1270 2856 1345 cujuscunque
2905 1274 3198 1346 scriptoris
3257 1278 3483 1350 antiqui
3530 1281 3880 1339 auctoritate

2261 1355 2711 1415 fundamentum
2728 1362 2958 1419 habeat.
2983 1364 3124 1420 Hinc
3146 1364 3343 1435 etiam,
3360 1384 3434 1422 an
3455 1370 3633 1424 stellae
3650 1375 3878 1443 septem

2260 1459 2388 1515 qua:
2420 1447 2642 1519 Hugoni
2668 1449 2729 1504 in
2754 1454 3079 1507 memorata
3108 1453 3322 1509 visione
3352 1464 3765 1529 opparuerunt,
3792 1463 3880 1516 ta-

2258 1532 2339 1586 les
2365 1536 2704 1605 exstiterint,
2734 1541 2932 1611 quales
2974 1557 3070 1595 eas
3109 1544 3384 1613 extitisse,
3415 1546 3872 1618 Blomenvenna,

2257 1621 2347 1676 cui
2394 1624 2501 1678 hac
2562 1625 2622 1679 in
2652 1643 2715 1681 re
2746 1629 3034 1684 Puteanus
3084 1630 3145 1685 in
3194 1632 3377 1687 sancti
3407 1634 3532 1689 Vita
3587 1654 3750 1692 num.
3801 1642 3873 1695 29

547 1721 774 1777 deserta
821 1720 1147 1790 quaerentes
1172 1719 1230 1771 et
1249 1731 1352 1788 per
1384 1714 1732 1769 desiderium
1778 1718 2155 1782 aeternorum,
2179 1733 2232 1793 Β
2258 1710 2433 1766 etiam
2474 1718 2772 1784 consonat,
2826 1718 3011 1772 verbis
3059 1720 3324 1791 proxime
3353 1722 3463 1779 huc
3512 1727 3875 1801 transcriptis

542 1811 697 1865 velut
714 1811 867 1863 astra
888 1805 1187 1872 micantes,
1212 1807 1438 1875 septem
1458 1803 1759 1858 stellarum
1789 1819 2033 1858 numero
2055 1803 2155 1858 de-

542 1897 757 1972 signari
785 1913 903 1951 non
951 1893 1299 1951 haesitavit.»
1358 1893 1643 1948 Hactenus
1698 1894 2153 1960 Blomenvenna,

541 1989 600 2044 S.
662 1984 907 2059 Hugoni,
960 1982 1495 2054 Gratianopolitano
1537 1981 1826 2053 episcopo,
1873 1981 2153 2037 visionem

542 2093 660 2132 non
692 2078 827 2130 tunc
850 2072 1129 2146 primum,
1164 2088 1295 2126 cum
1327 2070 1455 2141 jam
1496 2070 1687 2125 Bruno
1738 2070 1977 2142 ejusque
2014 2069 2152 2125 socii

539 2164 745 2219 urbem
775 2159 1369 2232 GratianOpolitanam
1414 2158 1881 2230 ingrederentur,
1914 2159 2014 2213 sed
2045 2159 2148 2213 ali-

538 2252 769 2327 quando
821 2250 1005 2317 citius,
1040 2265 1171 2303 cum
1224 2247 1435 2302 scilicet
1463 2247 1522 2301 in
1545 2246 1750 2301 itinere
1782 2263 1975 2301 versus
1998 2247 2148 2302 hanc

534 2341 720 2397 adhuc
748 2340 1134 2405 versarentur,
1162 2336 1333 2391 fuisse
1364 2336 1644 2402 oblatam,
1682 2335 1983 2391 memoriae
2019 2352 2148 2407 pro-

534 2430 698 2498 dens,
746 2433 809 2484 ut
850 2427 977 2500 jam
1009 2425 1230 2481 monui.
1278 2426 1345 2479 Et
1372 2441 1504 2479 vero
1540 2423 1818 2480 visionem
1850 2423 2009 2479 illam
2056 2426 2145 2480 vel

530 2522 668 2574 tunc
696 2518 782 2573 vel
813 2518 988 2582 certe,
1031 2518 1093 2569 ut
1119 2516 1407 2569 Puteanus
1449 2529 1515 2567 ex
1544 2512 1672 2584 jam
1728 2511 1892 2568 dictis
1945 2512 2140 2581 tradit,

532 2610 700 2664 nocte
753 2607 869 2674 illa,
917 2620 1044 2678 quae
1096 2602 1278 2659 sancti
1323 2601 1559 2674 ejusque
1589 2601 1877 2657 sociorum
1909 2601 1968 2656 in
2000 2618 2145 2673 prte-

527 2697 1014 2753 meinemoratam
1035 2693 1238 2748 urbem
1257 2690 1570 2746 adventum
1586 2690 1845 2761 proxime
1866 2707 2143 2768 praegres-

524 2803 587 2841 sa
613 2789 717 2852 est,
751 2801 868 2839 non
895 2784 1090 2838 autem
1118 2785 1253 2836 tunc
1285 2779 1559 2851 primum,
1595 2795 1726 2833 cum
1757 2779 2137 2851 GrutianOpo-

522 2874 626 2929 lim
654 2873 734 2929 illi
776 2873 900 2945 jam
954 2870 1421 2943 ingrederentur,
1462 2867 1717 2923 evenisse
1776 2866 2135 2923 verosimilli-

519 2978 684 3019 mum
714 2964 818 3029 est,
850 2964 973 3016 tum
1000 2959 1156 3033 quod
1185 2975 1252 3013 ex
1284 2956 1449 3012 dictis
1477 2973 1609 3011 cum
1640 2955 1913 3029 Guigonis
1941 2974 2137 3012 narra-

2258 1799 2452 1866 tradit,
2478 1801 2619 1856 mihi
2650 1804 2966 1860 admodum
2999 1806 3241 1863 dubium
3270 1814 3534 1882 apparet,
3573 1814 3655 1868 uti
3688 1799 3872 1873 etiam

2256 1904 2330 1942 an
2367 1904 2435 1943 eo
2462 1890 2659 1959 modo,
2688 1909 2861 1964 quem
2880 1896 2966 1949 vel
2996 1894 3116 1950 bini
3146 1897 3204 1951 hi
3232 1897 3289 1952 S.
3325 1900 3612 1955 Brunonis
3640 1903 3872 1976 biogra—

2252 1976 2373 2049 phi,
2404 1979 2487 2032 vel
2512 1979 2847 2036 brevissima
2873 1983 3001 2053 plus
3020 1986 3198 2039 semel
3214 1986 3345 2057 jam
3379 1989 3614 2045 laudata
3645 1993 3870 2049 ordinis

2254 2064 2668 2122 Carthusiensis
2698 2069 2942 2125 Historia
2998 2072 3270 2146 assignat,
3324 2093 3447 2132 sese
3478 2079 3701 2152 Hugoni
3732 2099 3866 2155 spe-

2250 2154 2488 2209 ctandas
2507 2156 2889 2226 exhibuerint,
2921 2159 3180 2233 itemque
3213 2180 3288 2218 an
3324 2182 3440 2221 una
3470 2183 3537 2221 ex
3563 2154 3868 2243 hisce,qua

2251 2241 2307 2297 S.
2344 2244 2533 2299 Bruno
2575 2246 2909 2319 designatus
2950 2249 3143 2317 fuerit,
3178 2253 3399 2309 caeteris
3430 2255 3673 2313 lucidior
3700 2241 3870 2315 exsti-

2248 2331 2398 2401 erit;
2457 2334 2613 2405 quod
2647 2335 2823 2391 etiam
2870 2354 2988 2393 non
3021 2339 3255 2411 quidem
3295 2343 3449 2414 apud
3480 2346 3863 2404 Blomenven-

2247 2436 2385 2474 nam
2417 2425 2516 2477 aut
2536 2424 2882 2495 Puteanum,
2935 2428 3036 2483 sed
3062 2430 3216 2501 apud
3238 2431 3577 2488 Zachariam
3625 2436 3865 2493 benedi-

2245 2511 2402 2563 ctum
2426 2509 2483 2565 in
2526 2513 2707 2579 sancti
2742 2514 2923 2569 nostri
2953 2516 3100 2584 Vita,
3152 2519 3296 2590 style
3321 2519 3498 2592 ligato
3530 2523 3632 2578 sub
3664 2526 3860 2581 szeculi

2243 2597 2384 2651 sexti
2416 2598 2624 2654 decimi
2652 2600 2881 2658 initium
2936 2620 3003 2658 ex
3062 2621 3240 2677 supra
3288 2607 3453 2663 dictis
3508 2612 3854 2685 conscripta,

2242 2685 2495 2759 aliosque
2527 2691 2836 2746 nonnullos
2860 2693 3231 2762 recentiores,
3259 2713 3402 2769 quos
3427 2698 3518 2753 hic
3547 2701 3855 2761 nominare

2241 2774 2381 2829 nihil
2402 2777 2627 2845 attinet,
2666 2780 2965 2837 memoria:
2996 2783 3294 2854 proditum
3322 2786 3572 2843 invenio.

2309 2866 2433 2920 429.
2481 2866 2686 2921 Versus
2726 2885 2949 2936 omnes,
2986 2870 3191 2943 quibus
3222 2875 3347 2928 tum
3409 2875 3486 2944 id,
3531 2880 3657 2933 tum
3699 2879 3850 2936 inte-

2236 2971 2401 3027 gram
2435 2957 2732 3011 stellarum
2748 2961 2971 3030 septem
3000 2959 3299 3031 visionem,
3334 2964 3557 3037 Hugoni
3590 2969 3849 3026 oblatam

519 3051 678 3108 tione
709 3050 768 3106 id
799 3025 984 3121 magis
1011 3025 1313 3119 congruat,
1334 3050 1457 3101 tum
1482 3045 1637 3118 quod
1655 3025 1792 3100 visio
1812 3046 2133 3118 illa,utpote
2165 3025 2212 3084 α
2236 3025 2507 3099 metricus
2538 3045 2632 3100 ille
2660 3025 2839 3100 sancti
2870 3047 3225 3120 biographus
3285 3025 3459 3121 canit,
3519 3056 3675 3111 lubet
3736 3025 3850 3114 huic

515 3157 621 3214 per
644 3138 937 3195 somnium
981 3134 1207 3208 Hugoni
1239 3135 1452 3201 oblata,
1501 3136 1670 3188 nocte
1699 3134 2131 3190 verosimillime

514 3227 806 3294 acciderit,
835 3228 1178 3296 sanctusque
1218 3239 1283 3277 ac
1307 3223 1429 3294 ejus
1453 3221 1611 3289 socii,
1644 3239 1762 3276 non
1796 3222 1999 3290 noctis,
2030 3224 2131 3279 sed
2160 3288 2169 3295 ε

514 3316 627 3372 diei
656 3318 943 3385 tempore,
975 3311 1434 3381 Gratianopolim
1453 3309 1885 3365 verosimillime
1901 3310 2017 3365 sint
2045 3312 2130 3367 in-

510 3403 709 3478 gressi.
768 3401 893 3456 Alia
926 3400 1122 3467 modo,
1155 3415 1283 3472 quae
1334 3399 1767 3453 Blomenvenna
1796 3398 2006 3471 aliique
2056 3401 2127 3456 de

507 3492 726 3548 visione
767 3488 991 3563 Hugoni
1015 3488 1206 3543 ablata
1240 3488 1594 3556 memorant,
1642 3487 1819 3542 etiam
1859 3487 2125 3544 discutia-

505 3599 652 3637 mus.
683 3579 1013 3637 Secundum
1037 3577 1190 3632 hunc
1225 3576 1568 3646 scriptorem
1610 3575 1770 3647 Hugo
1803 3576 2120 3651 episcopus,

504 3686 636 3726 cum
680 3670 809 3742 jam-
848 3667 1045 3724 Bruno
1078 3665 1314 3738 ejusque
1359 3664 1498 3720 socii
1529 3664 1985 3737 Gratianopolim
2016 3667 2117 3722 ad-

502 3760 811 3826 venissent,
830 3772 1063 3830 praaque
1083 3754 1302 3810 foribus
1320 3753 1518 3826 palatii
1538 3753 1874 3828 episcopalis
1902 3758 2122 3811 starent

501 3849 573 3905 de
621 3848 837 3904 visione
880 3845 989 3901 sibi
1033 3843 1304 3900 divinitus
1365 3842 1561 3898 oblata
1617 3843 1909 3914 cogitavit,
1958 3845 2117 3900 Idem

499 3937 675 3992 etiam
705 3935 1006 3991 memoriae
1028 3932 1222 4004 prodit
1249 3930 1588 3986 brevissima
1621 3931 1840 3986 ordinis
1873 3932 2113 3989 Carthu-

500 4024 700 4079 siensis
729 4022 995 4089 Historia,
1048 4036 1083 4074 a
1124 4020 1413 4074 Materneo
1448 4022 1590 4073 tom.
1624 4017 1693 4072 VI
1738 4018 2111 4092 amplissimas

498 4110 848 4168 collectionis
878 4126 945 4164 ex
977 4106 1141 4164 dictis
1160 4105 1497 4175 incerta,uti
1520 4106 1697 4161 etiam
1722 4106 1783 4161 in
1805 4110 1984 4164 sancti
2006 4126 2109 4165 no-

499 4200 600 4257 stri
622 4201 679 4256 in
710 4199 835 4254 Vita
864 4214 1027 4253 num.
1061 4199 1129 4252 29
1157 4197 1465 4251 Puteanus.
1497 4196 1565 4250 Et
1593 4212 1748 4264 vero,
1782 4195 1828 4251 si
1858 4198 1944 4252 vel
1976 4202 2110 4254 tunc

494 4289 773 4362 primum,
808 4303 939 4341 cum
970 4286 1160 4340 Bruno
1210 4284 1447 4358 ejusque
1487 4284 1622 4339 socii
1652 4284 2109 4358 Gratianopolim
2130 4280 2184 4341 D

494 4376 960 4450 ingrederentur,
1020 4374 1109 4428 vel
1142 4374 1332 4441 nocte,
1395 4372 1525 4428 huic
1583 4390 1787 4428 eorum
1824 4374 2109 4447 ingressui

492 4464 756 4538 proxime
782 4462 1013 4537 prazvia,
1044 4461 1182 4517 visio
1222 4460 1323 4517 illa
1352 4461 1641 4530 acciderit,
1676 4463 1977 4535 Hugonem
2023 4481 2108 4520 sa-

494 4571 567 4609 ne
600 4554 672 4609 de
704 4570 772 4608 ea
802 4556 959 4619 tunc,
991 4568 1124 4606 cum
1156 4550 1239 4606 illi
1279 4550 1352 4605 ad
1380 4551 1612 4618 ostium,
1649 4552 1965 4624 alloquium
1982 4553 2105 4625 ejus

486 4646 772 4718 petentes,
809 4641 937 4712 jam
986 4640 1311 4707 adstarent,
1365 4640 1668 4712 cogitasse,
1722 4657 1857 4696 vero
1918 4641 2104 4696 neuti-

491 4749 666 4806 quam
694 4732 935 4803 apparet
960 4728 1245 4784 absimilc.

558 4825 687 4879 428.
714 4819 869 4875 Licet
883 4818 1372 4890 enim,Hugonem
1386 4816 1887 4888 episcopum,dum
1908 4818 2100 4875 Bruno

487 4913 723 4986 ejusque
762 4926 857 4964 sex
884 4906 1021 4962 socii
1074 4906 1127 4962 ei
1163 4907 1290 4977 jam
1321 4908 1637 4978 praesentes
1690 4909 1970 4976 astarent,
2029 4909 2100 4964 de

483 5000 700 5059 visione
748 4998 855 5053 sibi
892 4996 1085 5052 oblata
1123 4995 1423 5068 cogitasse,
1470 4994 1650 5065 Guigo
1689 4994 1875 5051 verbis
1924 5014 2101 5070 supra

476 5087 730 5147 recitatis
796 5086 1074 5140 duntaxat
1112 5084 1380 5150 insinuet,
1415 5081 1556 5137 nihil
1600 5084 1796 5136 tamen
1855 5083 2099 5156 impedit

480 5192 598 5250 quo
631 5174 819 5229 minus
849 5181 905 5231 et
947 5176 1083 5229 tunc
1112 5176 1171 5227 et
1199 5172 1369 5244 paulo
1402 5173 1558 5237 ante,
1605 5185 1739 5224 cum
1770 5170 1985 5227 scilicet
2034 5174 2094 5229 in

477 5261 731 5332 episcopi
760 5264 1131 5334 conspectum
1160 5260 1350 5315 Bruno
1375 5257 1611 5328 ejusque
1638 5254 1777 5311 socii
1830 5259 2091 5316 nondum

472 5347 725 5405 fuissent
753 5349 1004 5417 adducti,
1024 5349 1095 5403 de
1118 5348 1322 5402 eadem
1343 5345 1557 5401 visione
1574 5345 1735 5417 Hugo
1754 5347 2084 5419 congitarit.

2234 3132 2390 3204 quod
2421 3132 2479 3187 id
2515 3133 2773 3188 futurum
2822 3150 3048 3206 sperem
3103 3139 3303 3194 lectori
3357 3158 3475 3198 non
3525 3143 3844 3218 ingratum,

2231 3221 2637 3276 transcribere.
2664 3222 2754 3277 Sic
2786 3222 3007 3280 habent
3040 3241 3054 3279 :

2298 3308 2529 3383 Jamque
2545 3312 2950 3383 propinquabat
2974 3312 3186 3372 Bruno.
3216 3317 3446 3388 stipante
3474 3327 3704 3387 caterra,

2300 3396 2709 3470 Gratianopoli;
2740 3418 2773 3454 a
2792 3402 2985 3471 priscis
3011 3403 3125 3472 fuit
3153 3404 3280 3459 olim
3300 3406 3444 3463 dicta
3475 3408 3705 3466 Misera.

2223 3485 2302 3541 Ac
2333 3486 2563 3555 deinde,
2602 3489 2893 3543 nonnullis
2924 3489 3315 3563 interpositis:

2293 3574 2429 3629 Mor
2463 3579 2628 3647 igitur
2654 3583 2851 3649 septem
2873 3579 3053 3633 stellas
3082 3598 3145 3635 ex
3173 3583 3363 3639 avt/aere
3382 3603 3585 3641 summo

2291 3663 2560 3720 Demisere
2576 3665 2697 3737 poli
2725 3683 2742 3731 ;
2774 3667 2964 3739 quibus
2993 3685 3105 3723 una
3131 3672 3386 3726 nitentior
3416 3674 3529 3729 ibat

2288 3752 2437 3807 Ante
2461 3754 2616 3815 alias,
2646 3771 2740 3808 nec
2768 3773 2874 3809 non
2902 3755 3094 3811 Phoebi
3119 3763 3381 3816 nascentis
3411 3764 3479 3817 ab
3509 3771 3631 3820 ortu

2288 3840 2455 3897 Ferre
2484 3841 2763 3897 videbatur
2772 3862 3011 3914 gressum
3041 3847 3112 3901 ad
3128 3849 3379 3905 sublimia
3412 3859 3549 3908 tecta

2282 3929 2538 3985 Presulis
2564 3931 2840 4002 Hugonis,
2888 3935 3226 4009 rigidumque
3257 3942 3538 3998 ascendere
3575 3954 3829 4014 montem,

2286 4018 2396 4086 Qui
2420 4022 2623 4075 vicinus
2645 4027 2780 4084 erat,
2812 4022 3046 4096 celsoque
3059 4027 3359 4084 incumbere
3388 4047 3538 4088 saxo.

2287 4108 2465 4171 Talia,
2496 4126 2662 4181 quum
2690 4110 2837 4165 dulci
2862 4110 3193 4168 decumberet
3221 4117 3309 4172 ille
3330 4136 3532 4191 sopore,

2279 4194 2514 4268 Suscipit
2539 4216 2555 4262 ;
2586 4215 2612 4252 e
2635 4215 2817 4253 somno
2843 4208 3130 4274 postquam
3151 4209 3549 4278 expergiscitur,
3577 4229 3731 4270 omne

2279 4284 2462 4340 Mente
2486 4289 2657 4357 agitat
2674 4288 2905 4359 factum,
2930 4298 3125 4363 pensat
3152 4310 3331 4350 secum
3364 4306 3523 4371 atque
3560 4314 3821 4374 repensat.

2278 4373 2441 4443 Quid,
2476 4376 2624 4440 bone,
2656 4376 2789 4446 vult,
2835 4377 3001 4444 Deus,
3049 4381 3166 4445 hoc,
3210 4385 3405 4457 inquit,
3463 4373 3708 4448 mirabile
3756 4398 3826 4449 δέ.

3574 4479 3762 4551 [gnum
3793 4486 3824 4539 ?

2276 4550 2918 4625 Quid,rogo,portendunt
2932 4556 3042 4612 haec
3066 4566 3259 4631 septem
3272 4562 3445 4619 sidera
3470 4550 3666 4623 mundo
3683 4573 3711 4625 ?

2272 4639 2456 4696 Altius
2475 4642 2585 4697 haec
2612 4644 2779 4713 igitur
2796 4643 2924 4699 dum
2951 4650 3169 4717 cogitat,
3205 4652 3447 4709 imminet
3482 4658 3606 4713 urbi

2270 4726 2379 4783 Sex
2401 4732 2553 4784 sociis
2580 4730 2761 4785 doctor
2788 4735 3069 4789 comitatus
3094 4744 3144 4791 et
3164 4740 3349 4795 introit
3367 4742 3532 4799 aedem

2270 4816 2572 4888 Pontiﬁcis,
2592 4836 2747 4893 quem
2770 4837 2826 4877 se
2844 4831 3036 4879 secreto
3067 4828 3325 4898 aﬂamine
3348 4831 3486 4887 dixit

2278 4908 2458 4962 Visere
2480 4909 2624 4963 velle.
2654 4908 2809 4964 Intra
2832 4915 3136 4984 penetralia
3163 4918 3453 4975 adducitur
3478 4926 3619 4982 aulae

2267 4996 2343 5051 Et
2365 4999 2575 5051 comites
2600 5000 2831 5069 pariter.
2864 4999 3105 5057 Flectcns
3132 5023 3334 5076 genua,
3360 5013 3539 5067 oscula
3563 5016 3684 5086 ﬁgit

2266 5085 2508 5142 Sacratis
2538 5088 2784 5142 manibus
2801 5088 3013 5156 Bruno,
3036 5095 3212 5166 sicque
3233 5098 3419 5171 incipit
3448 5085 3568 5172 ore,
3592 5114 3692 5162 etc.

2266 5175 2523 5230 430.Nec
2554 5177 2782 5231 tantum
2825 5178 3076 5249 visionis,
3128 5183 3350 5257 Hugoni
3385 5188 3808 5267 Gratianopoli-
3912 5244 3929 5263 ,

2192 5265 2330 5318 tano
2357 5262 2624 5336 episcopo
2659 5265 2886 5334 oblatae,
2924 5268 3201 5341 adjuncta
3238 5276 3502 5346 proxime
3542 5281 3633 5336 hic
3660 5262 3806 5356 jam

2191 5357 2535 5421 memorata,
2581 5371 2708 5426 quae
2738 5372 2772 5410 a
2802 5358 3080 5427 Puteano,
3114 5363 3571 5439 Blomenvenna,
3599 5373 3809 5432 Zacha-

464 5433 752 5490 Attamen
773 5453 901 5491 cum
934 5439 1057 5492 haec
1082 5451 1151 5489 ex
1177 5434 1339 5491 dictis
1367 5433 1794 5489 verosimillime
1815 5452 1930 5490 non
1950 5439 2085 5493 tunc
2186 5444 2274 5499 ria
2297 5442 2598 5499 benedicto
2631 5444 2846 5518 alisque
2874 5450 3291 5508 recensioribus
3320 5457 3535 5531 absque
3558 5464 3800 5538 antiquo

419 5506 439 5519 ’
456 5514 760 5591 primum,
793 5541 927 5581 cum
950 5525 1145 5582 Bruno
1173 5521 1409 5596 ejusque
1454 5524 1589 5580 socii
1626 5523 2081 5599 Gratianopolim

2188 5531 2329 5587 vade
2361 5530 2713 5601 referuntur,
2731 5535 2996 5607 ancipitis
3019 5538 3337 5598 admodum
3364 5530 3649 5607 acidubiaa
3667 5530 3801 5611 sunt
