4026 6042
291 262 389 315 261

1881 253 2061 308 ACTA

3514 269 3618 326 262

293 382 452 449 fidei,
487 399 688 438 verum
718 381 918 450 etiam,
951 381 1108 455 quod
1146 382 1582 438 Blomenvenna
1627 378 1742 452 (adi
1791 379 1913 450 ejus
1936 379 1992 440 Α
2015 379 2454 454 familiarisque,
2489 399 2846 456 quaecunque
2893 385 2952 440 in
3006 385 3172 457 huius
3219 389 3362 455 Vita,
3402 391 3616 449 summi

292 471 469 525 verba
492 470 754 542 proxime
780 471 891 526 huc
917 469 1279 541 transcripta)
1301 469 1408 523 dea
1436 469 1617 523 relata
1643 470 1909 523 Brunone

292 559 520 630 Hugoni
554 559 823 632 episcopo
852 561 1108 614 luctuosa
1134 558 1392 612 damnati
1443 557 1690 612 doctoris
1750 556 1904 611 Pari-

292 647 495 702 siensis
526 647 767 703 hsitoria
807 648 1082 703 affirmat.
1118 649 1510 717 Praeterquam
1541 645 1718 712 enim,
1748 645 1902 716 quod

289 735 426 790 huic
453 753 709 807 unquam
756 737 926 790 fuisse
983 737 1192 802 locum,
1225 739 1446 788 certum
1479 751 1543 788 ex
1563 735 1688 804 jam
1733 751 1905 805 supra

289 823 458 878 dictis
475 841 589 878 non
618 825 710 890 sit,
738 824 928 879 feralis
948 823 1193 894 prodigii
1210 823 1675 894 apudllugonem
1699 821 1904 877 memi-

289 911 443 968 nisse
482 917 745 967 sanctum
783 917 1066 979 nostrum,
1099 929 1131 966 a
1159 913 1314 966 nullo
1347 928 1579 982 prorsus
1610 911 1718 966 alio
1769 911 1904 965 scri-

285 1004 478 1073 ptore,
509 1000 604 1072 qui
651 1001 828 1056 ﬁdem
889 1004 1176 1071 utcunque
1229 999 1312 1054 rei
1361 1000 1548 1054 facere
1605 1003 1770 1054 natus
1811 999 1902 1066 sit,

283 1088 495 1143 litteris
515 1088 991 1144 commendatum
1015 1087 1266 1142 invenio.
1299 1088 1367 1142 Ut
1384 1092 1445 1142 ut
1480 1087 1537 1141 id
1563 1087 1686 1142 site
1729 1087 1902 1142 modo

283 1175 546 1243 interim,
581 1194 696 1249 quo
727 1179 851 1231 tum
876 1178 1327 1243 Blomenvenna,
1361 1180 1485 1231 tum
1512 1177 1605 1231 alii
1629 1177 1757 1247 jam
1781 1177 1901 1230 lau-

281 1264 406 1318 dati
439 1265 744 1336 scriptores
781 1265 993 1320 dictam
1021 1267 1318 1320 stellarum
1352 1269 1574 1336 septem
1623 1265 1902 1320 visionem

281 1354 570 1426 hujusque
592 1354 862 1424 adjuncta
891 1354 1170 1420 referunt,
1204 1353 1429 1408 veritati
1456 1354 1636 1425 liquet
1657 1371 1776 1408 esse
1799 1370 1900 1424 ap-

280 1441 477 1513 prime
508 1459 851 1508 consonum,
873 1441 1076 1514 quod§
1105 1446 1171 1497 22
1193 1442 1383 1509 doeui,
1421 1442 1478 1495 in
1495 1442 1664 1496 rebus
1690 1441 1901 1496 scilicet

278 1547 384 1584 seu
427 1530 590 1585 factis
641 1531 931 1586 historicis
985 1531 1064 1585 rei
1110 1530 1491 1585 substantiam
1535 1530 1606 1584 ab
1639 1530 1899 1599 ejusdem

278 1619 570 1689 adjunctis
633 1636 752 1675 esse
790 1619 1282 1690 distinguendam,
1340 1618 1576 1690 ﬁerique
1629 1635 1898 1672 nonnun-

2010 469 2471 541 pontificisjussu
2495 490 2528 526 a
2560 490 2617 526 se
2650 475 3255 540 contexta,memoria3
3285 479 3611 548 prodit,vel,

2010 558 2256 628 ipsemet
2286 560 2461 627 oculis
2491 560 2603 614 suis
2633 563 2869 633 aspexit,
2908 565 2990 617 vel
3025 579 3056 617 e
3120 565 3356 619 testibus
3380 569 3617 624 oculatis

2013 651 2110 701 aut
2139 665 2205 702 ex
2235 648 2357 720 ipso
2389 649 2563 703 etiam
2597 650 2651 704 8.
2688 651 2924 722 llugone
2962 652 3177 718 didicit,
3207 657 3267 706 ut
3297 656 3615 712 verosimil-

2009 735 2230 803 lime,et
2243 739 2396 809 quod
2414 738 2482 792 de
2497 738 2712 793 visione
2725 745 3172 810 praememorata
3186 743 3408 812 Hugoni
3425 745 3618 800 oblata

2008 825 2224 892 scribit,
2255 844 2320 880 ex
2339 828 2446 881 hoc
2466 827 2586 899 ipso
2602 829 2775 882 etiam
2801 829 3065 883 audierit.
3085 833 3204 896 Ast,
3239 831 3483 903 inquies,
3510 833 3616 888 etsi

2005 913 2061 967 id
2093 913 2173 968 ita
2203 914 2294 981 sit,
2326 917 2586 971 nondum
2621 920 2816 971 tamen
2846 921 2930 972 est
2967 936 3344 990 consequens,
3379 923 3442 974 ut
3469 921 3614 978 Gau-

2004 1004 2198 1057 fredus
2219 1004 2427 1059 Victori
2461 1007 2529 1058 lll
2559 1022 2744 1078 papae,
2776 1011 2949 1061 antea
2979 1008 3297 1063 Cassinensi
3327 1012 3612 1066 monacho

2004 1093 2241 1146 nomine
2274 1094 2586 1159 Desiderio,
2622 1095 2900 1149 visionem
2935 1113 3046 1167 qua
3077 1096 3167 1150 hic
3199 1099 3402 1164 Deum,
3432 1097 3491 1152 in
3523 1115 3614 1154 so-

2002 1180 2243 1234 litudine
2273 1181 2585 1236 Carthusiae
2619 1183 3013 1238 habitaculum
3047 1185 3149 1238 sibi
3180 1190 3614 1243 construentem

2001 1267 2226 1334 viderit,
2264 1275 2603 1341 perpetuam
2637 1271 2903 1326 ascribat.
2935 1274 3084 1327 Deus
3114 1273 3269 1328 enim
3315 1279 3371 1329 et
3401 1275 3612 1332 Victori

2001 1360 2058 1412 et
2088 1359 2332 1430 Hugoni,
2368 1361 2504 1431 quid
2552 1361 2608 1415 in
2643 1362 2953 1418 Carthusiae
3009 1365 3317 1420 solitudine
3360 1365 3612 1423 facturus

2001 1451 2168 1514 esset,
2201 1447 2509 1503 visionibus
2531 1449 2750 1504 duabus
2777 1450 3009 1506 diversis
3021 1454 3272 1508 revelare
3291 1453 3498 1526 potuit.

2069 1537 2192 1589 482.
2224 1537 2444 1603 Fateor,
2472 1538 2548 1592 sic
2578 1539 2790 1593 habet:
2822 1556 3019 1594 verum
3047 1541 3116 1595 de
3146 1559 3260 1596 una
3291 1543 3612 1616 eademque

1998 1623 2232 1691 visione,
2269 1625 2340 1679 de
2363 1643 2475 1697 qua
2495 1626 2736 1698 Guigoni
2759 1644 2948 1682 sermo
2968 1633 3413 1695 est,sermonem
3433 1632 3609 1688 etiam

283 1712 570 1780 quam,ut
598 1725 726 1780 qua:
750 1709 1035 1779 adjunctis
1082 1708 1168 1763 vel
1213 1707 1382 1762 nullis
1409 1707 1526 1762 fere
1559 1707 1760 1761 vestita
1814 1707 1972 1770 velB
1999 1729 2117 1766 esse
2149 1713 2454 1779 Gaufredo,
2497 1716 2582 1768 vel
2637 1732 2700 1768 ex
2729 1732 2796 1769 eo
2853 1702 3050 1788 liqd'et,
3109 1719 3264 1790 quod
3313 1720 3614 1791 sequentia

281 1796 561 1852 omnibus
591 1813 821 1868 prorsus
833 1797 1104 1852 destituta
1128 1796 1280 1867 apud
1299 1796 1604 1866 scriptores
1634 1795 1900 1867 antiquos

281 1886 634 1941 invenerunt
653 1886 1020 1952 recentiores,
1054 1903 1122 1940 ea
1138 1885 1242 1958 ipsi
1261 1884 1563 1955 adjunctis,
1589 1902 1715 1956 quae
1736 1901 1898 1938 vero-

281 1974 497 2030 similia
535 1975 829 2041 rebantur,
864 1990 967 2046 pro
999 1974 1220 2028 arbitro
1253 1977 1550 2027 ornarent.
1612 1972 1788 2042 Guigo
1839 1972 1897 2026 in

282 2062 413 2118 Vita
438 2063 496 2117 S.
533 2061 1317 2134 HugonisGratianopolitani
1350 2061 1600 2134 episcopi
1635 2061 1748 2132 (adi
1777 2062 1900 2131 ejus

281 2152 462 2206 verba
492 2154 774 2207 num.422
800 2151 1060 2212 recitata;
1087 2151 1365 2206 visionem
1399 2151 1675 2204 duntaxat
1700 2149 1896 2217 refert,

282 2258 398 2313 qua
426 2243 589 2312 Hugo
611 2242 669 2297 in
699 2242 918 2296 somnis
944 2241 1150 2296 viderit
1183 2240 1450 2306 Deum,in
1485 2240 1896 2294 Carthusiaaso-

280 2329 528 2384 litudine
561 2329 882 2402 dignationi
914 2347 1013 2384 seu
1045 2328 1335 2400 majestati
1358 2345 1473 2383 suae
1510 2327 1897 2382 habitaculum

281 2421 740 2484 construentem,
763 2419 1069 2489 stellasque
1087 2421 1372 2489 praeterea
1393 2419 1638 2488 septem,
1657 2433 1783 2488 qua:
1806 2416 1897 2470 iti-

281 2506 458 2572 neris,
487 2506 644 2560 adid
677 2506 1188 2577 ducentis,Hugoni
1221 2522 1341 2559 sese
1394 2505 1564 2558 duces
1602 2505 1896 2572 offerrent;

276 2595 590 2667 scriptores
614 2599 808 2651 autem
844 2596 1104 2666 proxime
1135 2595 1292 2649 citati
1321 2598 1378 2648 et
1408 2595 1648 2648 modum
1671 2597 1728 2647 et
1757 2597 1901 2647 tem-

277 2702 385 2757 pus
419 2684 651 2739 visionis
681 2685 906 2756 aliaque
938 2685 1026 2755 abj
1039 2687 1208 2739 uncta
1256 2684 1338 2738 rei
1370 2683 1538 2754 hujus
1567 2682 1898 2737 substantias

279 2773 642 2843 adjecerunt,
677 2789 804 2844 quas
819 2776 1016 2827 tamen
1049 2773 1246 2828 omnia
1279 2775 1336 2826 et
1352 2771 1596 2843 singula,
1621 2773 1821 2825 contra
1835 2787 1899 2824 ac

280 2860 362 2915 illi
395 2861 750 2915 existimasse
789 2860 1074 2927 videntur,
1099 2860 1428 2915 verisimilia
1461 2877 1576 2914 non
1617 2861 1768 2924 sunt,
1817 2857 1897 2912 uti

279 2951 475 3020 palam
504 2955 590 3005 est
620 2967 686 3004 ex
707 2950 834 3021 jam
881 2949 1063 3004 dictis.
1111 2952 1184 3004 At
1224 2965 1378 3016 vero,
1431 2947 1660 3004 invenio
1708 2948 1893 3015 etiam,

279 3038 379 3108 qui
411 3036 690 3093 visionem
718 3039 876 3093 illam
905 3037 1091 3104 alteri,
1134 3054 1308 3110 quam
1339 3037 1562 3109 Hugoni
1596 3038 1894 3092 Gratiano-

280 3127 540 3197 politano
575 3128 841 3199 episcopo
898 3127 1152 3182 oblatam
1187 3125 1358 3180 fuisse
1413 3126 1719 3200 scripserit.
1751 3127 1895 3181 Gau-

278 3214 477 3269 fredus
507 3215 554 3269 is
585 3219 671 3269 est
695 3215 977 3270 Vosiensis
1008 3215 1185 3286 prior.

352 3306 478 3359 431.
513 3305 620 3359 Res
648 3305 791 3372 haec,
850 3307 912 3359 ut
938 3305 1115 3359 ﬁdem
1170 3321 1343 3375 supra
1385 3304 1581 3358 datam
1630 3303 1894 3370 liberem,

281 3393 457 3448 modo
491 3393 900 3448 examinanda.
937 3392 1033 3446 Hic
1059 3393 1252 3464 itaque
1266 3393 1589 3465 scriptorin
1613 3393 1894 3448 Chronico

279 3500 383 3537 suo
410 3483 563 3553 apud
597 3483 1046 3537 Labbeumtom.
1081 3483 1146 3548 ll,
1167 3481 1526 3536 bibliotheca:
1546 3481 1894 3536 novaglibro-

278 3589 412 3626 rum
444 3588 730 3643 mss.pag.
765 3573 868 3626 289
902 3571 983 3625 ita
1018 3574 1308 3625 memorat
1343 3588 1354 3625 :
1392 3591 1420 3624 ς
1457 3571 1610 3626 Ordo
1654 3571 1895 3624 Carthu-

277 3660 553 3715 siensium
580 3659 969 3715 sanctissimus
998 3659 1230 3731 incmpit
1254 3661 1362 3716 hoc
1392 3663 1654 3730 tempore
1686 3659 1898 3713 scilicet

279 3766 436 3804 anno
475 3751 610 3803 l086
634 3748 773 3818 (imo
808 3766 874 3804 ex
897 3748 1154 3803 dicendis
1180 3765 1333 3803 anno
1356 3747 1511 3818 1084)
1554 3764 1656 3818 per
1678 3748 1895 3802 Bruno-

279 3853 420 3892 nem
457 3837 643 3891 virum
684 3840 970 3902 sanctum,
992 3836 1226 3891 natione
1248 3837 1635 3890 Alcmannum
1655 3835 1725 3890 de
1739 3835 1899 3889 Colo-

280 3925 380 3979 nia
405 3925 743 3997 Agrippina,
796 3925 1142 3997 magistrum
1191 3923 1248 3978 in
1283 3925 1596 3996 theologio,
1641 3941 1772 3978 cum
1802 3940 1897 3978 sex

278 4014 409 4068 aliis
431 4014 852 4068 venerabilibus
876 4012 1008 4068 viris
1058 4013 1117 4067 in
1146 4013 1370 4068 dicecesi
1417 4012 1896 4084 Gratianopolita-

283 4103 471 4158 nensi.
509 4103 605 4157 Hic
637 4105 802 4170 ordo,
833 4106 974 4158 teste
1009 4103 1068 4156 Β.
1124 4101 1439 4168 Bernardo,
1484 4101 1636 4155 inter
1694 4117 1898 4155 omnes

281 4191 697 4246 ecclesiasticos
727 4191 962 4247 ordines
975 4191 1290 4264 primatum
1319 4194 1496 4255 tenet,
1527 4206 1642 4244 non
1673 4189 1898 4244 ratione

1998 1801 2192 1866 verba,
2229 1824 2255 1850 ‹‹
2292 1801 2444 1856 Vidit
2476 1804 2681 1870 Deum,
2717 1821 2830 1858 sum
2860 1805 3184 1876 dignationi
3217 1807 3274 1861 in
3302 1809 3613 1864 solitudine

1999 1888 2378 1946 Carthusiana
2403 1891 2793 1946 habitaculum
2827 1897 3280 1961 construentem,
3318 1917 3346 1944 »
3407 1897 3612 1968 quibus

1997 1977 2263 2032 hicillam
2310 1979 2651 2051 exponit,ad
2675 1981 2897 2052 apicem
2923 1982 3043 2036 fere
3087 1983 3261 2038 etiam
3304 1989 3612 2042 occurrant

1999 2065 2058 2120 in
2081 2066 2417 2121 narratione
2442 2068 2737 2139 Guigonis,
2776 2087 2937 2124 num.
2963 2072 3067 2125 422
3107 2071 3261 2126 data.
3321 2074 3442 2128 Imo
3475 2091 3610 2131 vero

1999 2155 2269 2226 consequi
2303 2154 2435 2209 hinc
2462 2155 3063 2222 videtur,Gaufredum
3078 2158 3369 2214 verbailla
3399 2177 3466 2214 ex
3485 2161 3612 2218 Vita

2000 2243 2057 2298 S.
2092 2242 2366 2314 Hugonis,
2413 2259 2517 2314 per
2573 2244 2893 2315 Guigonem
2937 2245 3170 2318 scripta,
3234 2251 3333 2302 aut
3377 2253 3532 2304 certe
3579 2267 3612 2305 e

1998 2332 2207 2404 scripto
2237 2332 2370 2400 alio,
2407 2332 2465 2386 in
2495 2332 2650 2404 quod
2676 2333 2881 2388 eadem
2914 2351 2984 2388 ex
3017 2335 3122 2388 hac
3163 2335 3403 2391 fuissent
3434 2337 3609 2407 illata,

2001 2425 2326 2476 mutuatum
2361 2439 2502 2488 esse,
2551 2421 2962 2495 visionemque,
3014 2441 3118 2496 per
3149 2425 3244 2480 illa
3291 2430 3487 2482 sancto
3520 2426 3611 2484 isti

2000 2509 2239 2564 antistiti
2262 2510 2622 2577 attributam,
2653 2528 2783 2566 casu
2814 2513 3005 2567 nescio
3024 2530 3158 2584 quo,
3192 2513 3400 2569 Victori
3447 2533 3610 2588 papae

2000 2615 2304 2670 perperam
2360 2600 2700 2672 ascripsisse.
2755 2602 3007 2668 Accedit,
3041 2620 3075 2656 a
3113 2603 3416 2671 Gaufredo,
3473 2605 3611 2660 dum

1998 2688 2106 2741 hoc
2127 2689 2280 2754 facit,
2309 2705 2454 2743 nova
2467 2689 2793 2744 etinaudita
2821 2693 3083 2758 revelari,
3119 2696 3180 2747 ut
3207 2694 3614 2751 Carthusianus

1999 2793 2324 2848 anonymus
2345 2778 2655 2831 Annalium
2678 2779 2896 2834 ordinis
2927 2781 3009 2835 sui
3032 2781 3161 2836 libri
3189 2782 3377 2854 quarti
3425 2784 3613 2837 hacte-

2000 2881 2104 2919 nus
2126 2882 2243 2921 non
2272 2865 2486 2935 vulgati
2519 2870 2720 2920 auctor
2749 2869 2936 2924 verbis
2969 2887 3131 2924 num.
3169 2874 3269 2926 303
3309 2872 3419 2926 huc
3451 2876 3610 2928 tran-

1997 2944 2220 3015 scriptis
2268 2949 2422 2999 recte
2483 2946 2781 3016 observat;
2835 2966 3023 3020 neque
3064 2949 3220 3004 enim
3263 2951 3609 3022 scriptorum

1998 3033 2172 3088 etiam
2195 3033 2450 3100 illorum,
2469 3036 2565 3107 qui
2581 3034 2818 3091 Victoris
2840 3054 3003 3109 pasz
3024 3037 3439 3107 meminerunt,
3463 3043 3610 3099 ullus

1999 3125 2102 3188 est,
2131 3123 2367 3194 qui,qua
2401 3123 2471 3177 de
2503 3124 2592 3177 hic
2611 3123 2857 3195 agimus,
2885 3126 3160 3180 visionem
3178 3127 3228 3181 ei
3257 3127 3426 3182 fuisse
3449 3129 3608 3187 obla-

1998 3215 2140 3277 tam,
2177 3212 2476 3267 memoriue.
2505 3214 2733 3285 prodat.
2766 3205 2851 3268 Ad
2883 3215 3004 3268 haec
3050 3232 3349 3287 quorsum,
3393 3235 3608 3289 quasso,

1999 3300 2276 3356 visionem
2295 3302 2390 3371 huj
2401 3302 2624 3356 usmodi
2643 3302 2853 3358 Victori
2873 3304 3057 3358 adhuc
3077 3304 3394 3360 Cassinensi
3413 3324 3612 3364 mona-

1996 3391 2102 3444 cho
2126 3391 2403 3446 Dominus
2433 3391 2751 3459 obtulisset,
2786 3393 3012 3464 Hugoni
3043 3398 3238 3449 autem
3269 3395 3429 3451 illam
3463 3399 3611 3453 Deus

1997 3479 2222 3544 obtulit,
2255 3483 2377 3533 tum
2409 3483 2472 3534 ut
2503 3480 2630 3551 quis
2662 3481 2918 3534 Brunoni
2942 3482 3178 3554 ejusque
3210 3483 3376 3538 sociis
3399 3485 3614 3541 Gratia-

1998 3567 2257 3638 nopolim
2289 3568 2544 3622 venturis
2573 3569 2952 3640 assignandus
2978 3573 3126 3624 esset
3151 3571 3460 3627 eremiticaa
3483 3574 3610 3629 vitae

1998 3656 2274 3711 ducendas
2306 3657 2482 3723 locus,
2518 3657 2743 3726 Hugoni
2778 3659 3176 3728 aperiret,tum
3210 3661 3462 3727 uthunc,
3496 3679 3611 3735 quo

2000 3744 2252 3800 Brunoni
2271 3746 2318 3816 ej
2330 3741 2507 3816 lisque
2529 3746 2694 3800 sociis
2720 3747 2982 3800 favorum
3002 3764 3287 3820 opemque
3306 3749 3610 3820 impende-

1999 3838 2106 3902 ret,
2133 3834 2423 3888 excitaret.
2457 3835 2560 3887 Fas
2592 3837 2677 3888 est
2721 3834 2779 3888 id
2809 3834 3080 3906 colligere
3134 3852 3164 3888 e
3218 3838 3425 3904 verbis,
3483 3856 3610 3910 quae

1997 3923 2200 3995 Guigo,
2234 3941 2411 3995 quam
2447 3927 2663 3990 narrat,
2697 3921 2899 3979 visioni
2951 3923 3253 3996 prmmittit
3284 3942 3349 3981 ac
3402 3925 3610 3984 deinde

1998 4012 2172 4068 etiam
2205 4012 2324 4083 subj
2336 4010 2518 4084 ungit.

2069 4103 2193 4156 433.
2233 4101 2463 4155 Etenim
2525 4099 2710 4154 verbis
2761 4117 2924 4154 num.
2959 4101 3064 4157 422
3095 4101 3204 4156 huc
3233 4103 3611 4177 transcriptis,

2000 4188 2207 4262 quibus
2237 4189 2517 4246 visionem
2553 4189 2777 4261 Hugoni
2807 4189 3075 4244 divinitus
3115 4191 3369 4246 oblatam
3414 4194 3611 4262 refert,

285 4279 584 4351 temporis,
609 4280 711 4335 sed
745 4280 939 4353 vigore
979 4279 1296 4334 sanctitatis
1326 4296 1338 4346 ;
1403 4279 1555 4333 unde
1586 4278 1706 4350 ipse
1737 4282 1899 4333 vocat
1918 4283 1969 4343 D
2001 4294 2133 4332 mox
2157 4277 2475 4348 subjungit:
2505 4301 2531 4326 ‹‹
2556 4278 2876 4332 Erantvero
2903 4277 3027 4332 ethi
3050 4280 3612 4354 septem.Quaprop-

281 4384 418 4423 eum
435 4368 912 4438 speciosissimam
943 4368 1274 4422 columnam
1304 4366 1781 4421 EcclesizeNictor
1796 4383 1896 4438 pa-

283 4475 376 4529 pa,
414 4458 552 4512 dum
574 4461 721 4512 esset
741 4457 1058 4512 monachus
1095 4455 1466 4522 Cassinensis,
1484 4471 1585 4526 per
1605 4455 1896 4510 somnium

279 4545 425 4600 vidit
449 4547 630 4600 Deum
661 4563 776 4601 suae
808 4545 1131 4617 dignationi
1159 4545 1218 4598 in
1248 4543 1558 4598 solitudine
1585 4543 1896 4598 Carthusize

281 4633 674 4689 habitaculum
707 4637 1162 4700 construentem,
1196 4636 1254 4687 et
1281 4632 1895 4704 dicitur,quodspiritu

276 4723 598 4794 prophetiae
611 4723 884 4794 pollebat.
919 4744 938 4770 ιι
968 4721 1286 4777 Gaufredus
1303 4723 1510 4776 saeculo
1528 4720 1891 4789 duodecimo,

278 4827 347 4865 ac
379 4811 622 4883 proinde
662 4811 827 4866 annis
851 4811 1112 4866 nondum
1163 4815 1406 4877 centum,
1455 4809 1573 4865 imo
1630 4810 1780 4864 forte
1822 4827 1894 4864 ne

280 4899 704 4972 quinquaginta
718 4899 955 4971 quidem
987 4900 1058 4955 ab
1077 4901 1236 4955 obitu
1266 4901 1324 4955 8.
1352 4899 1635 4954 Brunonis
1665 4897 1890 4970 elapsis,

280 4990 506 5057 ﬂoruit;
540 4990 692 5044 unde
726 4989 906 5044 videri
938 4992 1145 5062 potest,
1175 5007 1303 5062 qua:
1345 4989 1414 5043 de
1445 4986 1891 5042 Brunoneinsti-

280 5081 522 5150 tutoque
551 5095 654 5150 per
685 5095 818 5133 eum
847 5078 1051 5133 ordine
1083 5078 1142 5133 in
1169 5080 1389 5134 litteras
1406 5077 1580 5152 misit,
1606 5079 1692 5131 sat
1713 5075 1892 5148 probe

277 5167 577 5238 explorata
604 5167 898 5222 habuisse:
926 5183 1147 5233 verum,
1188 5167 1469 5239 quidquid
1523 5165 1593 5220 de
1626 5163 1893 5219 Gaufredi

277 5258 451 5308 atate
484 5255 936 5328 auctoritateque
980 5256 1072 5321 sit,
1104 5258 1210 5310 hac
1241 5257 1509 5329 equidem
1544 5255 1602 5309 in
1653 5271 1714 5308 re
1769 5253 1895 5308 Gui-

278 5360 454 5414 gone,
489 5343 690 5415 quinto
736 5344 1048 5400 Carthusia:
1083 5345 1242 5416 prior
1289 5343 1586 5416 sanctique
1642 5341 1895 5413 Hugonis

278 5431 606 5504 biographo
652 5433 924 5488 standum
967 5437 1072 5488 est.
1106 5435 1499 5505 Praeterquam
1550 5431 1708 5486 enim
1742 5429 1898 5503 quod

285 5520 514 5595 Hugoni
552 5522 1084 5596 Gratianopolitano
1123 5521 1390 5595 episcopo
1442 5521 1617 5578 fuerit
1665 5519 1899 5593 aequalis

1998 4369 2087 4420 ter
2113 4383 2231 4420 non
2257 4365 2502 4420 istorum
2526 4365 2881 4432 tantum,sed
2911 4365 3080 4438 etfqui
3103 4373 3494 4423 successerunt
3513 4371 3611 4438 eis,

1997 4454 2236 4510 consilia
2259 4453 2513 4509 libenter
2535 4455 2832 4526 amplexus
2852 4457 2956 4522 est,
2977 4458 3033 4509 et
3062 4473 3238 4528 usque
3260 4457 3335 4511 ad
3359 4462 3612 4514 mortem

1999 4543 2311 4600 Carthusiaa
2352 4542 2704 4596 habitatores
2731 4541 2983 4597 consiliis
3015 4543 3154 4597 fovit
3173 4561 3406 4618 semper
3444 4550 3501 4602 et
3520 4545 3616 4602 be-

2000 4632 2240 4688 neficiis.
2286 4654 2312 4680 ››
2348 4631 2565 4695 Quibus
2592 4630 2780 4684 verbis
2805 4647 2922 4686 non
2973 4631 3211 4688 obscure
3241 4633 3478 4702 indicat,
3511 4651 3615 4707 per

1995 4723 2186 4778 stellas
2217 4722 2462 4792 septem,
2498 4735 2625 4790 quae
2666 4718 2722 4772 S.
2757 4719 2981 4791 Hugoni
3010 4719 3064 4774 in
3089 4721 3303 4776 visione
3331 4739 3612 4795 apparue-

1995 4813 2149 4877 rant,
2209 4808 2542 4880 designatos
2574 4807 2745 4862 fuisse
2773 4806 2830 4862 8.
2885 4809 3212 4864 Brunonem
3246 4828 3310 4864 ac
3337 4828 3433 4865 sex
3491 4812 3614 4882 ejus

1995 4899 2197 4965 socios,
2220 4896 2471 4968 hincque
2497 4896 2739 4962 factum,
2795 4900 2857 4950 ut
2913 4901 3140 4951 sanctus
3169 4897 3262 4952 ille
3320 4899 3615 4954 Gratiano-

1995 4987 2284 5060 politanus
2310 4985 2540 5056 prmsul,
2571 4984 2669 5056 qui
2702 4985 2759 5039 id
2782 4985 2909 5051 sibi,
2935 4989 3144 5058 agente
3164 4985 3316 5040 intus
3335 4987 3609 5057 Deo,per-

1993 5091 2221 5131 suasam
2252 5073 2523 5140 habebat,
2551 5075 2673 5127 toto
2702 5072 2829 5127 vita:
2855 5090 2970 5126 sum
2986 5077 3249 5144 tempore
3282 5090 3399 5128 non
3423 5075 3609 5130 solum

1995 5164 2053 5219 in
2083 5163 2141 5218 S.
2177 5163 2508 5216 Brunonem
2543 5161 2778 5232 ejusque
2817 5161 3017 5227 socios,
3077 5177 3275 5215 verum
3334 5162 3507 5218 etiam
3550 5163 3609 5218 in

1995 5250 2341 5307 eorumdem
2370 5266 2642 5322 sequaces
2671 5247 2944 5303 benificus
2989 5248 3288 5304 exstiterit.
3341 5250 3451 5304 Nec
3499 5251 3612 5306 alia

1997 5340 2173 5396 etiam
2196 5357 2262 5394 ex
2291 5354 2462 5393 causa
2480 5337 2698 5391 factum
2728 5354 2868 5403 esse,
2904 5339 2966 5390 ut
2999 5337 3158 5409 llugo
3190 5339 3439 5393 Brunoni
3460 5337 3608 5410 ejus-

1997 5446 2108 5502 que
2139 5427 2304 5483 soeiis
2331 5425 2689 5482 Carthusiam
2720 5425 3160 5482 inhabitandam
3179 5427 3502 5499 assignarit,
3521 5445 3612 5484 co-

2001 5518 2202 5575 mitem
2218 5534 2341 5574 sese
2373 5517 2523 5572 hanc
2549 5514 2890 5573 adeuntibus
2905 5515 3182 5588 junxerit,
3201 5517 3609 5592 necesariaque
