4224 6058
551 304 654 358 263

1404 293 1460 347 S.
1509 291 1850 346 BRUNONIS
1882 289 2511 346 CARTHUSIANORUM
2554 290 3018 347 lNSTlTUTORlS

3768 298 3875 352 264

549 424 792 482 aadilicia
821 420 1242 478 exstruentibus
1272 417 1544 473 auxilium
1571 435 1857 490 opemque
1882 416 2158 484 attulerit,
2182 421 2236 480 Α
2261 421 2457 472 sancto
2479 434 2611 472 cum
2642 417 2836 473 Remis
2856 417 2914 472 in
2943 435 3208 474 eremum
3237 418 3398 486 abiit,
3430 421 3530 475 aut
3560 421 3715 476 certe
3739 436 3875 476 cum

549 515 728 586 Guigo
761 513 975 584 pariter
991 513 1077 564 sat
1099 511 1249 563 clare
1281 508 1490 574 innuit,
1528 511 1589 560 ut
1619 508 1793 561 verba
1843 507 1964 576 ejus
1996 523 2158 560 num.

550 607 657 660 4'22
688 603 805 657 Huc
823 595 1562 671 transcriptaconsideranti
1585 598 1855 668 patescet.
1889 597 2015 649 Jam
2028 611 2160 649 vero

550 691 760 747 cumid
781 690 862 744 ita
892 689 982 755 sit,
1011 687 1116 741 fuit
1168 703 1325 752 sane,
1362 701 1462 738 cur
1505 687 1796 737 narratam
1829 701 1862 737 a
1904 683 2162 754 Guigone

549 780 830 835 visionem
877 776 1069 831 divina
1109 774 1437 845 benignitas
1478 772 1704 843 Hugoni
1769 772 2020 826 offerret.
2064 772 2164 825 Ast

553 884 852 942 quorsum,
885 865 1096 920 iterum
1129 867 1284 936 peto,
1316 861 1487 916 simili
1531 862 1724 915 favore
1743 861 2032 914 Victorem
2059 877 2161 930 pa-

551 974 710 1031 pam,
741 955 1139 1010 Cassinensem
1193 951 1379 1005 adhuc
1425 950 1777 1004 monachum
1835 949 2162 1003 affecisset?

551 1047 614 1103 Id
645 1062 780 1100 sane
821 1044 1028 1113 (neque
1055 1040 1189 1094 enin
1219 1039 1432 1105 Victor,
1469 1038 1546 1092 uti
1607 1036 1758 1090 infra
1796 1037 2034 1103 docebo,
2073 1038 2159 1091 in-

549 1136 812 1190 stitutum
845 1149 878 1185 a
932 1132 1197 1184 Brunone
1227 1128 1492 1181 ordinem
1537 1126 1907 1180 confirmasse
1950 1129 2034 1180 est
2064 1143 2163 1198 pu-

547 1222 776 1292 tandus)
804 1219 1008 1274 nullius
1038 1219 1208 1289 plane
1241 1215 1500 1270 utilitatis
1521 1215 1781 1268 futurum
1808 1214 1979 1268 fuisse
2002 1215 2159 1268 vide-

550 1317 666 1379 tur,
696 1328 760 1366 ac
789 1309 1032 1382 proinde
1047 1307 1132 1360 vel
1165 1305 1317 1370 hiuc,
1345 1305 1562 1358 factum
1584 1320 1698 1357 non
1729 1319 1870 1368 esse,
1896 1305 2157 1374 apparet.

552 1403 722 1458 Posse
753 1397 987 1470 quidem
1021 1395 1194 1449 modo
1217 1393 1350 1446 hinc
1368 1392 1438 1445 de
1461 1391 1517 1445 S.
1535 1391 1788 1462 Hugonis
1800 1407 1938 1461 erga
1957 1391 2160 1444 S.Bru-

553 1505 770 1546 nonem
803 1487 1036 1557 ejusque
1068 1483 1248 1538 socios
1276 1481 1699 1548 benevolentia,
1754 1483 1824 1535 de
1875 1481 2027 1535 hisce
2059 1497 2162 1552 per

551 1581 716 1636 illum
746 1576 804 1630 in
838 1573 1195 1629 Carthusiam
1221 1570 1465 1625 inductis
1492 1569 1726 1642 aliisque
1745 1569 2034 1623 nonnullis
2052 1569 2161 1623 huc

552 1667 941 1742 spectantibus
969 1662 1238 1761 tractar’i;
1271 1676 1472 1714 verum
1505 1659 1566 1714 id
1595 1663 1766 1729 §seq.
1799 1658 2159 1713 commodius

2265 505 2320 560 in
2353 507 2664 561 solitudine
2693 507 3165 563 Siccae-Fontanaa
3171 509 3298 579 jam
3324 510 3873 577 versaretur,adhai-

2263 612 2408 662 sere,
2441 596 2780 664 exstiterint,
2815 601 3178 668 compertum
3232 599 3387 652 haud
3437 599 3653 667 habeo;
3715 599 3876 670 quod

2262 701 2396 738 vero
2431 685 2504 738 ad
2533 686 2714 739 sancti
2745 685 2945 753 socios,
2975 703 3009 740 a
3037 687 3294 758 Guigone
3320 687 3652 755 recenstios,
3699 687 3876 759 perti-

2266 776 2383 840 net,
2431 773 2680 828 fueritne
2712 775 2887 829 horns
2935 776 3079 829 ullus
3118 792 3186 829 ex
3215 775 3422 829 eodem
3477 777 3652 837 clero,
3708 776 3873 830 valde

2265 865 2350 914 est
2378 861 2637 916 dubium.
2672 864 2754 916 lta
2777 868 3020 935 apparet
3049 881 3114 918 ex
3146 863 3231 930 iis,
3266 881 3393 935 quas
3429 863 3498 918 de
3535 863 3772 935 singulis
3801 880 3872 920 eo

2265 949 2607 1021 ordine,quo
2625 951 2925 1023 aGuigone
2948 969 3120 1024 supra
3146 956 3541 1020 recensentur,
3569 953 3694 1024 jam
3718 968 3876 1007 nunc

2263 1040 2546 1093 adducam
2578 1041 2931 1106 inmedium,

2331 1129 2455 1182 435.
2499 1129 2828 1183 Landuinus
2867 1129 3019 1201 apud
3062 1130 3354 1184 Labbeum
3396 1133 3542 1185 tom.
3579 1133 3628 1196 l,
3665 1129 3874 1186 biblio-

2259 1217 2441 1270 theca:
2477 1233 2638 1271 novae
2659 1218 2940 1272 librorum
2970 1235 3106 1273 mss.
3143 1235 3276 1289 pag.
3305 1221 3408 1273 639
3436 1219 3495 1273 in
3544 1218 3873 1292 antiquissi-

2263 1322 2381 1372 mo,
2415 1305 2575 1376 cujus
2607 1323 2767 1359 num.
2796 1309 2830 1362 4
2860 1309 2917 1361 et
2933 1324 3093 1379 seqq.
3130 1308 3266 1361 data
3291 1307 3516 1375 notitia,
3542 1307 3871 1378 primorum

2262 1398 2508 1465 quatuor
2533 1394 2842 1449 Carthusiaa
2869 1396 3128 1465 priorum
3157 1395 3437 1450 Chronico
3469 1395 3696 1468 insigne
3760 1396 3871 1451 sibi

2262 1485 2594 1537 contextum
2620 1483 2798 1536 habet
2826 1483 3106 1554 elogium.
3152 1485 3245 1538 His
3278 1484 3465 1538 verbis
3496 1485 3819 1558 concipitur
3852 1502 3867 1540 :

2264 1592 2291 1619 »
2325 1571 2670 1626 Lauduinus.
2707 1571 2942 1627 natione
2971 1573 3178 1627 Tuscus
3205 1590 3272 1627 ex
3301 1573 3443 1628 urbe
3462 1573 3630 1640 Luca,
3663 1574 3874 1629 litteris

2261 1663 2318 1713 et
2342 1659 2461 1732 ipse
2501 1660 2706 1714 divinis
2742 1665 2798 1715 et
2834 1661 3102 1716 humanis
3129 1661 3402 1728 eruditus,
3453 1662 3620 1716 annis
3666 1663 3871 1717 decem

548 1739 934 1829 praestabitur,
963 1769 1094 1806 cum
1121 1739 1212 1805 hic
1242 1749 1523 1803 nonnulla
1553 1748 1756 1814 adhuc,
1791 1763 1916 1817 quae
1949 1746 2021 1800 ad
2037 1763 2162 1800 san-
2187 1749 2237 1806 B
2262 1748 2571 1803 Carthusiae
2600 1748 2846 1820 praefuit.
2869 1749 2974 1813 Qui
2997 1766 3123 1804 cum
3155 1750 3227 1803 ad
3273 1749 3617 1820 magistrum
3645 1751 3872 1805 Bruno-

551 1849 708 1900 ctum
728 1843 964 1913 ejusque
989 1839 1171 1894 socios
1201 1835 2161 1910 pertinent,dilucidaro.«Hababat

550 1936 748 1989 autem
764 1951 793 1984 »
815 1928 1109 2002 (Guigonis
1125 1930 1256 1982 sunt
1279 1926 1348 1982 de
1383 1926 1439 1980 S.
1472 1927 1758 1992 Brunone,
1775 1925 1847 1979 ad
1862 1925 2160 1996 Hugonem

549 2021 1146 2091 Gratianopolitanum
1202 2017 1534 2087 episcopum
1604 2014 1932 2079 accedente,
1987 2013 2161 2067 verba

551 2129 714 2170 num.
733 2113 837 2165 422
848 2110 974 2180 jam
1001 2107 1255 2173 recitata)
1280 2124 1310 2156 »
1333 2103 1514 2158 socios
1543 2102 1887 2173 magistrum
1916 2100 2161 2155 Landui-

547 2197 815 2270 num,qui
831 2199 957 2267 post
979 2213 1110 2249 eum
1129 2191 1440 2248 Cartliusiae
1465 2191 1623 2261 prior
1639 2189 2026 2256 exstitit,duos
2042 2188 2163 2244 Ste-

549 2289 794 2363 phanos,
819 2287 1172 2356 Burgensem
1193 2285 1250 2335 et
1274 2279 1545 2334 Diensem
1563 2279 1640 2349 (hi
1675 2277 1731 2332 S.
1757 2277 1881 2331 Rufi
1898 2276 2159 2332 canonici

549 2376 803 2443 fuerant,
834 2372 934 2427 sed
967 2369 1249 2424 desiderio
1288 2368 1416 2422 vitae
1445 2366 1712 2422 solitariae
1747 2366 1818 2432 ei,
1847 2367 2054 2420 abbate
2077 2365 2159 2419 fa-

546 2470 862 2533 vente,sese
876 2459 1620 2533 conjunxerant)Hugonem
1643 2457 1839 2520 etiam,
1864 2473 2037 2527 quem
2064 2473 2159 2510 co-

549 2552 974 2628 gnominabant
1019 2548 1416 2619 Capellanum,
1470 2561 1537 2599 eo
1572 2544 1727 2615 quod
1751 2545 1903 2598 solus
1954 2561 2021 2598 ex
2078 2543 2160 2598 eis

548 2641 860 2700 sacerdotis
893 2639 1234 2710 fungeretur
1265 2633 1472 2701 ofﬁcio;
1495 2633 1636 2687 duos
1674 2632 1866 2700 laicos,
1900 2649 2042 2704 quos
2059 2650 2158 2706 ap-

546 2724 827 2797 pellamus
845 2732 1168 2783 conversos,
1200 2714 1492 2768 Andream
1525 2715 1581 2766 et
1610 2711 1981 2766 Guarinum.»

616 2813 742 2866 434.
777 2808 884 2863 Sex
925 2807 1117 2878 itaque
1147 2805 1394 2868 sanctus,
1453 2818 1582 2855 cum
1617 2801 1688 2854 ad
1740 2800 1797 2855 S.
1859 2801 2158 2872 llugonem

547 2896 1146 2968 Grationopolitanum
1173 2891 1489 2946 antistitem
1515 2891 1765 2958 accessit,
1818 2890 1999 2944 socios
2030 2892 2158 2944 tan-

545 2993 670 3046 tum
704 2986 809 3042 sibi
845 2984 1095 3039 habebat
1117 2981 1440 3051 adjunctos,
1472 2995 1671 3032 verum
1706 2996 1837 3032 cum
1868 2979 1927 3033 hi
1955 2996 2160 3033 omnes

2263 1855 2374 1891 neu
2412 1838 2924 1908 pergeret,indicit
2951 1839 3009 1892 in
3043 1855 3250 1892 manus
3285 1839 3564 1894 Guitberti
3596 1840 3875 1894 schisma-

2258 1927 2377 1992 tici,
2413 1928 2566 1998 quod
2581 1928 2828 1981 multum
2856 1928 3152 1982 horrebat.
3187 1927 3469 1982 Adversus
3498 1929 3658 1998 cujus
3681 1928 3874 1984 minas

2261 2020 2319 2069 et
2347 2015 2945 2086 promissiones,dolos
2969 2020 3025 2070 et
3056 2015 3376 2083 violentias,
3413 2017 3608 2072 divina
3628 2019 3877 2088 juvante

2261 2104 2466 2175 gratia,
2497 2103 2684 2158 modis
2716 2105 2984 2158 omnibus
2995 2104 3650 2175 perseveravitinﬂexus.
3686 2106 3874 2170 Quem

2260 2192 2320 2246 in
2367 2209 2470 2246 suo
2502 2192 2836 2247 defunctum
2888 2210 3082 2248 errore
3140 2194 3584 2265 lacrymabiliter
3627 2195 3874 2266 planxit,

2267 2280 2411 2335 adeo
2437 2285 2498 2334 ut
2528 2298 2560 2334 a
2591 2281 3097 2336 circumstantibus
3124 2286 3484 2353 argueretur,
3532 2284 3686 2355 quod
3735 2300 3876 2339 eum

2265 2370 2451 2434 ﬂeret,
2486 2387 2519 2422 a
2545 2370 2704 2440 cujus
2733 2371 3104 2441 perversitate
3128 2371 3437 2426 Ecclesiam
3468 2389 3632 2426 suam
3666 2371 3877 2427 Christi

2262 2457 2488 2512 bonitas
2519 2457 2834 2513 liberasset.
2871 2461 3003 2513 Post
3029 2460 3150 2529 ejus
3176 2459 3367 2515 obitus
3388 2461 3699 2532 septimum
3717 2461 3876 2516 diem

2261 2547 2437 2601 etiam
2469 2546 2590 2616 ipse
2609 2547 2911 2601 defunctus
2938 2552 3042 2612 est,
3077 2549 3408 2622 positusque
3442 2549 3498 2603 in
3519 2551 3875 2607 monasterio

2262 2635 2579 2692 S.Andreze
2613 2635 2685 2690 ad
2725 2637 2932 2708 pedem
2967 2637 3182 2691 montis
3209 2637 3466 2709 Siraptis,
3500 2640 3588 2692 cui
3619 2640 3875 2694 vicinum

2262 2728 2347 2779 est
2376 2729 2650 2792 castrum,
2707 2725 2803 2779 ubi
2833 2727 3028 2796 captus
3078 2725 3136 2779 in
3183 2725 3441 2780 custodia
3487 2727 3870 2782 tenebatur.»

2257 2814 2388 2868 Tale
2421 2817 2504 2868 est
2546 2815 2605 2868 in
2661 2814 3040 2868 vetustissimo
3095 2814 3192 2868 illo
3237 2815 3486 2887 ﬁdeique
3527 2816 3873 2888 dignissimo

2258 2906 2643 2957 monumento
2675 2902 2956 2956 Landuini
2988 2901 3240 2974 elogium
3271 2903 3330 2957 in
3361 2920 3473 2975 quo
3506 2921 3644 2958 sane
3673 2922 3744 2959 ne
3780 2906 3871 2960 vel

2257 2991 2498 3045 verbum
2515 2990 2782 3057 occurrit,
2805 3007 2834 3043 e
2852 3007 2965 3061 quo
2987 2991 3157 3044 fuisse
3180 2990 3341 3046 illum
3374 2992 3509 3046 cleri
3550 2993 3870 3060 Remensis,

545 3095 662 3136 una
687 3093 818 3132 cum
841 3075 1060 3138 sancto.
1091 3067 1588 3142 (IllemadmOdUm
1628 3067 1806 3138 Guigo
1836 3084 1940 3138 Ρθῐ·
1986 3068 2161 3122 verba
2187 3073 2234 3130 C
2258 3082 2547 3150 utcunque
2585 3079 2836 3148 colligas.
2873 3081 2992 3133 Imo
3021 3095 3174 3144 vero,
3209 3096 3339 3134 cum
3395 3081 3630 3135 natione
3659 3082 3872 3137 Tuscus

547 3185 709 3224 num.
742 3161 1096 3220 42'2recitata
1127 3159 1302 3212 (idem
1332 3157 1469 3210 facit
1495 3158 1683 3210 locum
1703 3156 2013 3210 eremiticae
2033 3155 2158 3212 vita:

545 3261 745 3328 aptum
776 3249 1428 3325 quasierint,talemque,
1448 3261 1579 3298 cum
1603 3244 1675 3297 ad
1690 3245 1991 3315 Hugonem
2011 3245 2162 3299 veni-

545 3340 967 3409 rent,nondum
985 3333 1654 3403 invenissent,aliquanto
1687 3333 1964 3403 tempo'ris
1977 3335 2157 3405 spatio

547 3446 749 3486 omnes
780 3444 896 3481 una
924 3441 1054 3480 cum
1088 3426 1251 3476 santo
1274 3425 1466 3475 nostro
1499 3421 1558 3473 in
1600 3420 1906 3474 solitudine
1935 3421 2160 3476 Siccae--

542 3519 819 3576 Fontanze
835 3515 1011 3569 vitam
1034 3509 1411 3574 eremiticam,
1441 3512 1753 3580 antequam
1791 3509 2159 3581 Gratianopo-

541 3608 645 3663 lim
667 3606 738 3661 ad
758 3606 1062 3675 Hugonem
1083 3616 1203 3654 sese
1225 3598 1575 3663 conferrent,
1605 3597 1855 3652 duxissse
1872 3598 2152 3653 videntur.

540 3699 668 3753 Jam
686 3711 818 3749 vero
833 3709 965 3747 cum
996 3690 1054 3744 in
1080 3686 1413 3743 monasterii
1433 3685 1808 3740 Molismensis
1847 3688 2158 3754 charta,su-

541 3803 647 3860 pra
666 3802 695 3838 e
715 3778 1284 3838 Mabilloniolaudata
1317 3775 1643 3847 partimque
1668 3769 1924 3843 recitata,
1956 3779 2156 3832 Petrus

541 3879 598 3932 et
612 3873 967 3937 Lambertus,
989 3868 1085 3941 qui
1103 3884 1198 3920 sex
1229 3864 1414 3930 sociis,
1437 3882 1549 3918 una
1574 3881 1704 3918 cum
1729 3865 1996 3919 Brunone
2023 3868 2155 3921 Gra-

537 3962 881 4034 tianopolim
912 3957 1201 4030 profectis,
1261 3972 1294 4008 a
1319 3953 1576 4022 Guigone
1610 3969 1726 4005 non
1757 3959 2150 4022 accensentur,

539 4049 822 4106 Brunonis
840 4048 896 4100 in
911 4045 1214 4099 solitudine
1231 4041 1700 4095 Siccae-Fontanaa
1715 4040 1971 4110 discipuli
1984 4042 2152 4098 fuisse

539 4138 863 4202 tradantur,
895 4135 1122 4187 sanctus
1163 4131 1376 4199 plures,
1413 4144 1588 4199 quam
1623 4145 1716 4181 sex
1761 4129 1965 4196 socios,
2021 4149 2152 4187 cum

541 4225 761 4283 mundo
795 4222 1164 4278 validicturus
1219 4216 1414 4270 Remis
1460 4215 1718 4282 excessit,
1774 4222 1872 4272 aut
1921 4221 2147 4289 saltem,

540 4333 670 4372 cum
694 4315 752 4368 in
785 4311 1091 4366 solitudine
1138 4307 1619 4362 Siccae-Fontanae
1654 4306 1781 4377 jam
1811 4313 2146 4378 versaretur,
2175 4303 2226 4361 D

536 4399 943 4458 verosimiliter
967 4397 1071 4452 sibi
1097 4394 1362 4450 habuerit
1389 4395 1708 4464 adjunctos,
1743 4413 1838 4450 sex
1886 4397 2150 4455 videlicet

538 4506 711 4562 supra
742 4488 1038 4558 aGuigone
1070 4487 1456 4552 enumeratos,
1500 4486 1732 4540 Petrum
1765 4503 1829 4541 ac
1874 4489 2146 4545 Lamber-

538 4584 687 4646 tum,
719 4577 1074 4631 inlaudatae
1101 4573 1426 4630 Mabillonio
1446 4575 1645 4628 charta
1683 4583 2058 4647 memoratos,
2091 4584 2149 4635 et

539 4667 849 4724 nonnullos
878 4665 1024 4720 forte
1052 4664 1236 4718 adhuc
1260 4663 1420 4730 alios,
1472 4663 1568 4734 qui
1613 4681 1727 4718 una
1763 4683 1893 4720 cum
1926 4669 2147 4724 duobus

535 4757 690 4813 hisce
725 4755 783 4809 in
833 4753 1145 4808 solitudine
1202 4752 1677 4806 Sicera-Fontanus
1743 4755 1944 4808 versati
2007 4757 2142 4824 sint,

536 4844 769 4919 quando
803 4842 937 4897 inde
960 4857 1090 4896 cum
1111 4839 1463 4895 enumeratis
1489 4856 1523 4893 a
1551 4839 1806 4911 Guigone
1826 4842 1991 4898 sociis
2020 4861 2147 4898 san-

535 4938 658 4989 ctus
691 4934 906 4997 noster,
939 4931 1130 4985 locum
1155 4928 1450 5001 proposito
1471 4945 1572 4983 suo
1591 4932 1952 5000 exsequendo
1967 4934 2147 5004 aptio-

535 5039 662 5078 rem
693 5019 1053 5094 quaasiturus,
1086 5017 1542 5089 Gratianopolim
1571 5018 1642 5072 ad
1678 5019 1979 5090 Hugonem
2014 5022 2146 5077 Gra-

531 5109 1018 5180 tianopolitanum
1047 5105 1381 5178 episcopum
1397 5123 1456 5160 se
1477 5107 1740 5160 contulit.
1765 5108 1973 5164 Verum
1994 5129 2066 5165 an
2085 5113 2142 5167 hi

535 5213 739 5252 omnes
772 5211 803 5249 e
829 5197 979 5250 clero
999 5193 1265 5248 Remensi
1279 5192 1546 5246 exstitere
1563 5193 1590 5248 ?
1621 5193 1807 5248 Fuisse
1835 5198 2140 5268 quosdam,

533 5285 794 5356 quicum
826 5286 1020 5337 sancto
1081 5283 1139 5335 in
1194 5281 1564 5336 solitudinem
1621 5297 1741 5334 sese
1788 5299 2077 5356 recepere,
2110 5305 2141 5341 e

533 5373 687 5426 clero
713 5369 1003 5436 Remensi,
1023 5369 1282 5424 Historiae
1309 5369 1602 5423 litterariae
1628 5370 1882 5426 Francia:
1896 5374 2136 5445 scripto-

534 5473 628 5511 res
654 5461 895 5524 tom.IX,
927 5474 1061 5530 pag.
1088 5459 1347 5522 236,non
1379 5457 1617 5511 obscure
1651 5457 1878 5513 docent.
1933 5463 2034 5517 Ast
2063 5482 2137 5520 an

535 5558 712 5600 verse
733 5549 885 5603 clero
916 5547 1012 5602 illo
1035 5545 1235 5599 Petrus
1255 5548 1315 5602 et
1348 5546 1705 5612 Lambertus,
1739 5548 1833 5619 qui
1863 5567 1928 5605 ex
1973 5551 2136 5609 dictis

2258 3167 2429 3221 fuisse
2456 3167 2624 3238 elogii
2659 3167 2824 3232 illius,
2858 3167 2967 3221 huc
2981 3167 3107 3236 jam
3138 3169 3485 3240 transcripti,
3519 3169 3681 3224 initio
3713 3170 3872 3226 dica-

2262 3260 2373 3323 tur,
2407 3256 2641 3310 alterius
2673 3257 2863 3326 potius
2890 3256 3047 3322 cleri,
3075 3273 3249 3327 quam
3283 3258 3580 3312 Remensis
3600 3258 3771 3313 fuisse
3791 3259 3872 3314 vi-

2262 3346 2446 3399 detur.
2473 3345 2769 3399 Landuino
2796 3345 3058 3417 proxime
3080 3345 3260 3416 Guigo
3311 3346 3609 3418 subjungit
3665 3349 3873 3404 ambos

2261 3433 2604 3504 Stephanos,
2634 3434 2988 3502 Burgensem
3045 3434 3536 3500 unum,Diensem
3595 3437 3868 3505 alterum,

2259 3524 2356 3593 qui
2385 3539 2516 3576 cum
2557 3521 2794 3587 fuerint,
2819 3524 2966 3575 teste
2991 3522 3196 3577 eodem
3218 3523 3497 3594 Guigone,
3523 3523 3580 3578 S.
3617 3525 3745 3579 Ruﬁ
3774 3542 3870 3579 ca-

2258 3611 2469 3677 nonici,
2504 3612 2796 3681 regulares
2827 3611 3059 3678 scilicet,
3088 3611 3222 3665 cleri
3258 3612 3756 3668 Remensisclerici
3781 3615 3870 3669 in-

2257 3699 2427 3753 dubie
2451 3716 2567 3753 non
2596 3699 2848 3765 fuerunt,
2877 3700 3022 3753 Audi
3068 3699 3322 3765 interim,
3371 3701 3468 3772 qui
3486 3701 3554 3755 de
3587 3703 3872 3757 ambobus

2256 3788 2364 3842 illis
2395 3786 2705 3852 canonicis,
2733 3791 2792 3841 ut
2819 3805 2944 3858 qua:
2974 3788 3045 3842 ad
3077 3789 3310 3843 eosdem
3337 3793 3618 3862 spectant,
3680 3791 3870 3863 magis

2256 3876 2634 3943 elueidentur,
2669 3875 3076 3930 Carthusianus
3101 3893 3422 3948 anonymus
3436 3878 3746 3934 Annalium
3777 3896 3869 3934 or-

2256 3965 2403 4020 dinis
2418 3965 2501 4018 sui
2531 3963 2658 4018 libri
2675 3964 2864 4035 quarti
2885 3965 3162 4019 hactenus
3175 3983 3292 4020 non
3304 3967 3522 4038 vulgati
3551 3971 3750 4023 auctor
3767 3985 3864 4023 su-

2253 4071 2358 4124 pra
2387 4051 2702 4123 saepissime
2721 4052 2984 4106 laudatus
3014 4053 3302 4124 loquatur.

2321 4144 2478 4195 436.“
2497 4143 2541 4193 A
2563 4139 2839 4211 Guigone,
2866 4161 2892 4188 ››
2914 4140 3119 4212 inquit,
3143 4164 3170 4191 ‹‹
3197 4141 3466 4198 dicuntur
3522 4143 3864 4216 simpliciter

2253 4231 2385 4302 (duo
2407 4228 2682 4299 Stephani
2720 4228 2950 4298 scilicet)
2998 4252 3026 4278 «
3065 4229 3324 4284 canonici
3374 4233 3556 4286 sancti
3617 4234 3742 4288 Rufi
3799 4236 3862 4290 et

2251 4340 2279 4368 ››
2313 4317 2595 4372 desiderio
2620 4316 2747 4370 vitae
2765 4315 3056 4383 solitariae,
3090 4318 3298 4372 abbate
3319 4319 3566 4387 favente,
3582 4338 3705 4376 sese
3718 4339 3820 4377 san
3837 4354 3858 4365 ο

2252 4428 2280 4457 ››
2313 4410 2403 4461 cto
2436 4405 2688 4459 Brunoni
2729 4405 3110 4475 conjunxisse.
3131 4428 3156 4454 »
3181 4407 3293 4461 Sed
3323 4411 3516 4463 utrum
3539 4409 3756 4465 fuerint
3787 4428 3856 4466 ex

2248 4496 2370 4568 ipso
2406 4494 2599 4549 Sancti
2632 4494 2757 4546 Ruﬁ
2786 4495 3139 4550 monasterio
3159 4495 3333 4550 totius
3382 4497 3599 4552 ordinis
3645 4500 3855 4570 capite,

2249 4589 2347 4640 aut
2369 4602 2434 4638 ex
2455 4586 2650 4656 aliquo
2701 4586 2957 4657 ejusdem
2990 4585 3228 4651 ordinis,
3267 4602 3385 4640 non
3411 4586 3604 4640 habet.
3658 4586 3857 4642 Surius

2247 4677 2376 4747 post
2406 4691 2764 4746 anonymum
2809 4679 3106 4729 auctorem
3145 4675 3285 4729 Vitae
3315 4675 3499 4729 sancti
3548 4676 3854 4745 Brunonis,

2247 4763 2512 4834 operibus
2562 4763 2712 4817 illius
2741 4764 2913 4835 (apud
2951 4763 3324 4818 Bertholdum
3349 4764 3756 4831 Remboldum,
3793 4769 3860 4820 ut

2245 4868 2418 4922 supra
2445 4852 2632 4918 docui,
2663 4851 2898 4918 excusis)
2957 4852 3210 4923 prafixaa,
3262 4852 3478 4919 scribit,
3538 4868 3637 4906 eos
3682 4852 3858 4908 fuisse

2245 4941 2510 4995 alumnos
2538 4941 2871 4995 monasterii
2896 4941 3089 4995 Sancti
3125 4942 3432 5014 Ruﬁ,quod
3466 4941 3702 5014 quidem
3736 4960 3856 4998 non

2245 5028 2733 5096 estinverisimile,
2770 5033 2828 5083 at
2864 5031 3018 5085 errat
3032 5046 3163 5084 cum
3177 5047 3278 5085 suo
3307 5047 3622 5102 anonymo,
3655 5031 3858 5086 dicens

2244 5118 2659 5172 monasterium
2689 5118 2831 5172 illud
2849 5127 3010 5172 secus
3032 5119 3356 5174 Valentiam
3371 5123 3510 5173 tunc
3529 5118 3701 5172 fuisse
3721 5135 3859 5175 con-

2241 5206 2623 5273 stitutum,Sic
2638 5207 2796 5260 enim
2827 5208 3095 5279 praefatos
3133 5208 3456 5278 Stephanos
3486 5223 3618 5262 cum
3653 5211 3853 5264 sancto

2241 5295 2510 5349 Brunone
2533 5295 2752 5349 inducit
2778 5296 3206 5366 colloquentes:
3257 5319 3284 5344 ‹‹
3320 5296 3444 5349 Non
3477 5296 3649 5366 longe
3682 5312 3716 5348 a
3747 5296 3852 5350 Va-

2242 5403 2270 5430 »
2296 5383 2494 5450 lentia,
2529 5382 2616 5437 cui
2637 5385 2901 5437 nostrum
2925 5382 3118 5437 Sancti
3139 5383 3263 5436 Ruﬁ
3285 5383 3511 5453 adjacet
3551 5385 3848 5438 monaste-

2241 5491 2268 5517 »
2292 5469 2464 5536 rium,
2495 5487 2674 5542 prope
2712 5471 2929 5525 ﬂuenta
2959 5471 3222 5525 Rhodani
3244 5471 3301 5525 in
3333 5471 3656 5526 conﬁnibus
3709 5471 3846 5528 dia:-

2238 5579 2264 5607 »
2296 5558 2435 5614 cesis
2453 5558 2850 5625 Diensis,unde
2873 5560 3018 5616 alter
3049 5561 3310 5615 nostrum
3339 5559 3626 5631 originem
3657 5559 3838 5626 duxit,
