4026 6042
295 362 400 418 265

1863 352 2044 409 ACTA

3514 351 3617 412 260

295 504 328 537 δ
359 487 446 541 est
475 482 671 539 civitas
716 481 1159 556 Gratianopolis,
1189 502 1217 533 »
1252 483 1363 539 etc.
1400 480 1620 537 Verum
1673 476 1917 543 constat,
1925 505 1982 565 A
2000 471 2488 565 fuisse,hujusque
2508 474 2774 533 alumnos
2786 474 3000 533 exstitis
3025 493 3085 533 se
3102 474 3244 534 duos
3268 474 3616 550 Stephauos,

298 574 590 629 abbatiam
609 572 799 627 Sancti
822 573 967 639 Ruﬁ,
994 572 1406 628 canonicorum
1433 568 1789 642 regularium
1809 582 1903 620 ca—

297 667 419 733 put,
444 662 712 733 primitus
766 661 937 716 fuisse
986 666 1373 716 constructam
1403 659 1695 714 Aveuione
1745 658 1906 710 extra

296 751 522 805 urbem.
561 772 588 799 «
614 751 715 803 Ast
756 750 1065 816 fremente,
1102 770 1129 798 »
1164 750 1352 822 inquit
1382 747 1695 819 Chopinus,
1730 744 1829 799 lib.
1865 759 1904 796 ιι

291 840 533 893 Monast.
578 838 727 893 titul.
764 855 801 904 ι,
835 855 998 892 num.
1037 842 1087 904 l,
1136 838 1440 892 Albiorum
1470 830 1905 907 (Alhigensium)

293 948 322 977 »
357 928 508 983 bello
535 942 718 994 sacro,
741 927 925 982 coacti
954 930 1088 981 sunt
1115 926 1367 998 religiosi
1385 925 1654 980 homines
1684 921 1792 976 alio
1824 936 1908 974 se-

289 1037 320 1066 »
346 1018 449 1073 des
479 1018 739 1088 laresque
770 1016 1082 1071 transferre
1108 1015 1429 1070 Valentiam
1457 1029 1651 1068 versus
1683 1008 1907 1081 Delphi-

289 1128 321 1156 »
356 1110 581 1173 natum,
607 1106 702 1161 ubi
722 1105 1048 1161 ccenobium
1081 1105 1267 1176 majus
1312 1103 1466 1158 beati
1516 1102 1643 1156 Rufi
1667 1097 1905 1154 nomine

290 1217 322 1245 η
355 1195 615 1266 erigitur.
649 1216 677 1243 ››
719 1195 987 1267 Hancque
1018 1193 1458 1249 translationem
1488 1191 1702 1245 factam
1734 1186 1905 1242 fuisse

288 1286 520 1338 tantum
563 1299 718 1337 anno
754 1286 888 1337 1210
918 1283 1175 1337 scribunt
1206 1278 1658 1345 Sammarthani,
1687 1275 1784 1331 alli
1829 1275 1907 1330 a1-

287 1371 405 1425 tius
421 1387 553 1426 eam
584 1371 871 1439 referunt;
900 1371 1001 1425 sed
1031 1371 1171 1426 nihil
1195 1371 1414 1441 ad,nos.
1434 1369 1583 1438 Ergo
1615 1365 1906 1435 corrigen-

289 1460 508 1515 darunt
554 1477 682 1532 quae
732 1461 885 1532 apud
929 1460 1161 1515 Surium
1194 1463 1251 1515 et
1293 1458 1433 1514 alios
1472 1456 1802 1512 lectitantur
1832 1453 1903 1507 de

291 1549 505 1603 eodem
528 1549 879 1603 monasterio
898 1549 1061 1619 juxta
1079 1548 1399 1604 Valentiam
1412 1540 1905 1614 eonstituto,quod

287 1637 479 1691 adhuc
500 1637 688 1691 stabat
706 1637 871 1707 juxta
887 1637 1237 1691 Avenionem
1260 1639 1523 1706 tempore
1548 1631 1793 1687 instituti
1814 1646 1906 1685 or-

289 1725 444 1780 dinis
467 1725 901 1781 Carthusiensis.
924 1727 1088 1797 Apud
1111 1724 1590 1780 Sammarthanos
1616 1722 1740 1776 loco
1766 1720 1905 1775 cita-

2003 563 2357 634 Burgensem
2389 568 2445 619 et
2475 565 2767 634 Diensem,
2799 565 2992 621 Sancti
3014 566 3193 622 nostri
3222 567 3423 622 socios.

2073 654 2199 707 438.
2220 654 2299 707 Ac
2318 654 2570 724 primum
2585 656 2819 728 quidem
2846 659 3047 712 contra
3070 655 3321 723 Surium,
3350 657 3618 728 huncque

2003 758 2351 813 praegressos
2381 744 2705 799 Puteanum
2737 748 2795 800 et
2825 746 3298 811 Blomenvenam,
3352 745 3451 817 qui
3489 761 3617 800 mo-

2005 831 2317 885 nasterium
2333 831 2475 886 illud
2492 833 2766 889 Valentia:
2798 838 2933 890 tunc
2963 836 3132 890 fuisse
3156 836 3466 907 adjectum,
3500 834 3633 907 affi-_

2005 922 2097 973 cta
2126 935 2159 974 a
2180 936 2302 975 sese
2334 921 2500 976 alteri
2531 939 2561 976 e
2587 922 2895 993 Stephanis
2919 925 3183 979 oratione
3217 924 3495 991 indicant,
3530 923 3618 978 in-

2007 1007 2333 1063 dubitatum
2349 1009 2556 1078 efﬁcit;
2576 1013 2732 1083 quod
2753 1029 2886 1068 vero
2909 1014 2983 1068 ad
3008 1014 3322 1068 secundum
3345 1012 3617 1083 pertinet,

2006 1095 2330 1152 verosimile
2390 1100 2594 1154 saltem
2626 1100 2687 1154 id
2734 1102 2942 1156 reddit.
2977 1102 3187 1157 Verum
3232 1102 3620 1173 cujuscunque

2005 1182 2245 1239 demum
2278 1188 2615 1242 monasterii
2634 1190 2852 1243 alumni
2886 1190 3206 1245 exstiterint
3226 1191 3340 1245 duo
3359 1188 3617 1261 Stepani,

2005 1274 2268 1331 canonici
2281 1276 2555 1348 equidem
2577 1279 2872 1350 regulares
2897 1279 3151 1347 fuerunt,
3171 1295 3236 1333 ac
3266 1278 3620 1350 proin,quod

2003 1360 2115 1415 huc
2145 1364 2512 1434 potissimum
2535 1369 2773 1438 spectat,
2806 1367 3041 1423 indubie
3060 1385 3177 1423 non
3211 1385 3243 1422 e
3292 1369 3447 1422 cloro
3509 1364 3617 1420 Re-

2002 1451 2289 1519 mensi,ut
2313 1470 2484 1526 supra
2499 1455 2624 1526 jam
2658 1457 2879 1511 monui.
2904 1456 3248 1529 Superestut
3271 1457 3342 1510 de
3356 1457 3616 1527 Hugone,

2005 1538 2125 1609 qui,
2152 1556 2183 1594 e
2210 1542 2376 1596 sociis
2397 1543 2455 1598 S.
2480 1546 2813 1600 Brunonem
2836 1545 2907 1600 ad
2922 1547 3224 1617 Hugonem
3246 1545 3619 1615 Gratianopo-

2002 1627 2250 1684 litanum
2279 1632 2613 1704 episcopum
2661 1635 2971 1701 comitatis,
3029 1634 3232 1690 ultimo
3269 1636 3393 1689 loco
3425 1632 3615 1688 nomi-

2008 1722 2201 1785 natur,
2240 1723 2701 1794 qualemcunque
2732 1724 3001 1779 notitiam
3032 1743 3183 1780 nunc
3216 1727 3436 1781 demus.
3470 1729 3615 1783 Eum

285 1818 350 1869 to
381 1818 609 1870 exstant
640 1815 844 1869 litterae
876 1814 1089 1869 Urbani
1119 1830 1279 1886 papae
1299 1815 1365 1879 ll,
1397 1813 1545 1867 datae
1564 1827 1719 1865 anno
1748 1811 1902 1876 1096,
1932 1827 1981 1885 Β
2005 1808 2274 1862 Morotius
2296 1809 2354 1863 in
2378 1810 2625 1866 Theatra
2652 1813 3031 1885 chonologico
3063 1815 3206 1869 sacri
3235 1815 3450 1870 ordinis
3481 1819 3617 1872 Car-

288 1903 500 1975 quibus
529 1920 786 1957 summus
810 1903 1068 1974 pontifex
1098 1903 1408 1957 confirmat
1456 1899 1704 1955 abbatiaa
1761 1897 1903 1953 San-

286 1992 366 2047 cti
398 1992 526 2046 Rufi
557 1996 718 2046 extra
743 2008 938 2046 muros
959 1991 1385 2046 Avenionenses
1401 1989 1666 2045 ecclesias
1680 1987 1904 2043 Sancta!

284 2081 477 2135 Marize
502 2080 653 2135 infra
679 2081 881 2135 urbem
932 2080 1377 2152 Lugdunensem
1404 2080 1463 2134 et
1502 2076 1695 2133 Sancti
1750 2073 1904 2130 Petri

283 2185 450 2224 secus
474 2169 663 2224 Diam.
1846 2210 1857 2227 .

357 2259 726 2314 437.«Posset
750 2257 986 2330 quidem
1019 2256 1164 2324 ﬁeri,
1194 2257 1395 2312 ambos
1416 2254 1901 2327 nostrosiStepha-

288 2364 396 2403 nos
428 2347 741 2402 canonicos
768 2347 940 2401 fuisse
967 2347 1222 2418 prmfatae
1240 2345 1493 2400 ecclesiae
1527 2344 1720 2399 Sancti
1749 2340 1902 2398 Petri

288 2436 535 2503 Diensis,
569 2437 670 2491 sed
702 2452 820 2491 non
869 2438 1113 2500 constat,
1146 2452 1220 2489 an
1256 2434 1364 2489 illis
1396 2433 1751 2505 temporibus
1795 2432 1901 2487 hu-

280 2524 543 2596 jusmodi
572 2524 823 2579 ecclesiae
846 2525 961 2578 sive
993 2523 1297 2594 prioratus,
1332 2538 1473 2594 quas
1504 2525 1561 2576 et
1606 2523 1775 2576 cellas
1804 2536 1905 2575 vo-

290 2614 523 2680 cabant,
558 2612 802 2668 novitios
830 2613 1210 2667 admitterent
1254 2612 1326 2666 ad
1358 2611 1773 2683 proﬁtendum,
1806 2612 1907 2665 aut

288 2702 602 2756 canonicos
620 2702 745 2772 jam
789 2700 1074 2772 professos
1104 2718 1172 2755 ex
1216 2700 1729 2755 archimonasterio
1760 2700 1903 2753 Ave-

290 2789 939 2861 nionensﬂreciperent,
970 2792 1033 2845 ut
1076 2789 1360 2861 conjicere
1389 2788 1496 2843 erit
1527 2805 1594 2843 ex
1648 2788 1902 2858 subjecto

288 2879 579 2950 exemplo.
632 2880 789 2932 Inter
816 2878 1015 2933 titulos
1045 2877 1197 2932 infra
1227 2894 1446 2932 annum
1475 2876 1664 2932 obitus
1721 2874 1903 2930 sancti

289 2966 580 3022 Brunonis
595 2967 950 3039 conscriptos
976 2967 1186 3039 legitur
1210 2966 1427 3021 Titulus
1449 2966 1694 3037 fratrum
1722 2964 1905 3019 sancti

291 3055 423 3111 Rufi
454 3056 515 3109 in
544 3055 713 3110 Costa
743 3054 1510 3122 SanctiAndreaz,infinibus
1528 3054 1904 3123 Allobrogum

2006 1897 2312 1952 thusiensis
2332 1898 2483 1952 inter
2507 1900 2733 1971 Majoris
2751 1900 3062 1956 Carthusias
3076 1903 3296 1973 priores
3316 1905 3441 1959 loco
3456 1908 3614 1961 sexto

2004 1986 2265 2051 collocat,
2324 1988 2700 2059 sequentique
2755 1992 2926 2043 ornat
2972 1990 3158 2061 elogio
3195 2008 3263 2045 :«
3311 1993 3473 2065 Hugo
3518 2011 3615 2048 sex

2005 2073 2289 2128 Brunonis
2313 2092 2348 2130 a
2378 2077 2598 2131 mundo
2615 2077 2957 2145 recedentis,
2982 2084 3429 2151 symmystarum
3448 2099 3615 2154 quar-

2002 2163 2163 2216 tuset
2191 2165 2472 2236 capellani
2502 2165 2715 2220 tituloa
2740 2167 2975 2238 reliquis
2991 2167 3308 2235 distinctus,
3344 2171 3519 2242 quod,
3548 2171 3615 2226 iis

2004 2252 2325 2308 sacerdotio
2358 2252 2599 2309 minime
2630 2254 2927 2322 initiatis,a
2952 2257 3124 2311 sacris
3148 2257 3319 2326 foret,
3372 2260 3614 2315 Carthu-

2004 2340 2173 2408 siam,
2204 2342 2396 2413 primo
2418 2359 2534 2397 sua:
2562 2343 2948 2399 conversionis
2973 2347 3236 2417 tempore
3259 2347 3611 2417 inchoatam,

2004 2429 2175 2484 effeta
2198 2430 2325 2501 jam
2337 2433 2507 2485 astate
2522 2430 2756 2486 biennio
2776 2434 2941 2487 rexit.
2972 2434 3049 2488 Eo
3076 2439 3294 2504 exacto,
3328 2453 3614 2494 successo-

2002 2535 2130 2574 rem
2162 2518 2326 2575 enixe
2358 2520 3101 2593 deprecatumlaetabundus
3119 2540 3250 2578 cum
3282 2527 3614 2597 excepisset,

2005 2609 2372 2679 septennium
2402 2610 2727 2681 supervixit,
2757 2627 2870 2682 quo
2901 2614 3024 2666 toto
3053 2629 3173 2668 sese
3204 2614 3276 2668 ad
3330 2615 3617 2670 aeternita-

2005 2698 2125 2751 tem
2154 2698 2495 2771 composuit.
2526 2718 2553 2746 »
2590 2698 2790 2770 Cuigo,
2825 2698 3056 2770 quintus
3087 2701 3397 2757 Carthasim
3435 2704 3614 2775 prior,

2007 2802 2161 2840 anno
2196 2789 2330 2842 1137
2360 2786 2515 2841 diem
2553 2790 2876 2841 extremum
2911 2788 3139 2857 clausit;
3175 2807 3372 2862 quare,
3408 2791 3452 2845 si
3481 2809 3618 2846 vera

2005 2874 2097 2929 hic
2114 2878 2404 2930 memoret
2430 2875 2720 2943 Morotius,
2737 2876 2809 2931 ad
2835 2893 3055 2931 annum
3087 2896 3265 2951 usque
3291 2882 3423 2934 1145
3438 2880 3614 2935 vitam

2007 2963 2168 3034 Hugo
2224 2963 2590 3035 protraxerit,
2627 2967 2688 3019 ut
2744 2966 2920 3020 verba
2969 2967 3258 3036 scriptoris
3288 2968 3457 3039 hujus
3489 2970 3615 3041 jam

2006 3068 2163 3106 nunc
2191 3051 2415 3106 ricitata
2458 3052 2848 3107 consideranti
2897 3054 3134 3125 patebit.
3170 3055 3241 3109 Ut
3270 3060 3333 3111 ut
3358 3073 3448 3111 res
3496 3059 3617 3113 haec

278 3146 453 3217 juxta
479 3145 763 3200 Viennam
784 3145 1180 3215 metropolim,
1208 3115 1269 3199 in
1285 3159 1396 3217 quo
1422 3144 1607 3199 Titulo
1631 3115 1804 3215 (inter
1824 3115 1973 3197 re—C
2004 3141 2236 3206 habeat,
2270 3139 2413 3194 nihil
2463 3140 2735 3213 equidem
2762 3115 2949 3196 verbis
2990 3142 3242 3198 recitatis
3284 3146 3617 3216 suppeditat

288 3234 587 3289 cudendos
611 3234 695 3305 14)
718 3234 797 3287 sic
822 3235 1136 3305 loquuntur
1156 3232 1415 3288 canonici
1444 3232 1703 3303 ejusdem
1726 3232 1904 3287 eccle-

287 3322 388 3377 siaa
420 3339 433 3376 :
472 3345 499 3372 ‹‹
520 3322 634 3377 Nos
663 3324 868 3377 fratres
898 3340 964 3377 ex
993 3322 1284 3377 canonicis
1315 3322 1507 3376 Sancti
1562 3320 1690 3375 Ruﬁ
1746 3336 1905 3375 com-

290 3433 319 3460 »
355 3415 657 3466 morantes
671 3412 730 3466 in
765 3412 1019 3483 quadam
1040 3413 1247 3466 cellula
1276 3410 1469 3465 Sancti
1503 3410 1906 3482 Andreze,quaa

287 3522 317 3548 »
349 3502 523 3571 vulgo
548 3499 716 3555 Costa
729 3503 981 3564 vocatur,
1000 3516 1102 3571 pro
1117 3499 1353 3571 piissimi
1369 3498 1607 3554 annima
1626 3497 1907 3553 Brunonis

288 3611 317 3637 ι)
350 3604 458 3659 per
482 3592 703 3658 septem
743 3588 863 3643 dies
884 3589 1250 3643 continuatos
1280 3588 1593 3642 matutinas
1619 3590 1675 3642 et
1707 3587 1906 3641 missas

288 3700 318 3726 »
351 3676 799 3731 celebrabimus.
836 3677 904 3730 Et
934 3676 1095 3731 sicuti
1128 3677 1226 3731 uni
1259 3693 1324 3730 ex
1358 3676 1521 3731 nobis
1553 3692 1658 3747 pro
1690 3675 1903 3730 animae

282 3787 313 3815 »
346 3766 475 3836 ejus
498 3765 700 3819 solatio
728 3766 1105 3836 praebendam
1133 3765 1418 3819 dabimus.
1456 3765 1522 3818 Et
1549 3764 1608 3818 in
1639 3764 1901 3835 catalogo

288 3875 316 3902 η
350 3854 600 3908 fratrum
615 3856 945 3908 nostrorum
979 3870 1195 3908 nomen
1217 3853 1339 3923 ejus
1370 3852 1647 3923 scriptum
1671 3850 1905 3905 habebi-

287 3964 315 3989 ι·
346 3959 536 3996 mus.»
562 3942 704 3996 Cum
735 3959 795 3995 se
823 3942 1014 3996 dicant
1033 3965 1058 3989 «
1093 3943 1318 3995 Fratres
1349 3957 1414 3994 ex
1447 3940 1736 3995 canonicis
1767 3940 1905 3994 San-

286 4052 316 4079 »
348 4030 427 4083 cti
465 4030 592 4083 Ruﬁ
622 4033 1052 4085 commorantes
1081 4030 1139 4084 in
1174 4030 1426 4101 quadam
1474 4029 1680 4083 cellula
1708 4026 1901 4082 Sancti

288 4141 316 4165 »
345 4118 618 4183 Andreae,
640 4139 667 4166 ››
695 4121 1033 4188 etc.,aperte
1054 4118 1326 4184 innuunt,
1354 4133 1413 4171 se
1437 4116 1606 4170 fuisse
1635 4118 1902 4179 alumnos

284 4206 626 4278 principalis
656 4207 899 4261 abbatiae
936 4207 1127 4261 Sancti
1170 4207 1400 4260 Rufi.Ex
1422 4222 1535 4277 qua
1564 4205 1740 4260 etiam
1795 4220 1899 4258 no-

286 4299 439 4349 stros
467 4295 788 4365 Stephanus
831 4296 1001 4349 fuisse
1052 4295 1412 4349 verisimilius
1467 4297 1573 4360 est,
1630 4296 1687 4347 et
1744 4295 1899 4347 recte

2004 3228 2295 3295 Morotius,
2341 3228 2494 3282 unde
2524 3229 2827 3300 Hugonem
2854 3229 3025 3285 fuisse
3056 3246 3086 3285 e
3125 3232 3277 3286 clero
3324 3233 3615 3301 Remensi,

2007 3321 2297 3389 utcunque
2324 3317 2613 3384 conﬁcias,
2658 3335 2723 3372 ac
2754 3318 2922 3389 proin
2958 3319 3036 3386 id,
3084 3323 3282 3392 utpote
3311 3322 3468 3392 quod
3511 3338 3616 3376 nec

2007 3405 2239 3460 aliunde
2260 3406 2439 3477 possit
2464 3406 2719 3477 probari,
2752 3406 3073 3461 admodum
3108 3412 3193 3463 est
3219 3409 3478 3476 dubium,
3509 3411 3615 3465 etsi

2006 3493 2242 3548 interim
2268 3493 2409 3548 nihil
2445 3494 2624 3549 etiam
2655 3498 2937 3563 occurrat,
2994 3497 3148 3551 unde
3206 3498 3508 3568 Hugonem
3550 3516 3618 3553 ex

2004 3583 2187 3637 altero
2215 3582 2405 3654 potius
2435 3599 2611 3653 quam
2642 3600 2672 3637 e
2706 3584 2974 3638 Remensi
3024 3586 3177 3641 clero
3209 3586 3377 3641 fuisse
3406 3587 3614 3642 merito

2005 3686 2232 3740 arguas.
2267 3670 2516 3725 Dubium
2542 3670 2756 3743 itaque,
2788 3672 2868 3725 uti
2887 3689 2954 3725 ex
2975 3674 3242 3728 omnibus
3274 3675 3331 3728 in
3358 3676 3617 3729 medium

2004 3759 2180 3813 modo
2212 3759 2471 3813 adductis
2498 3761 2713 3830 (neque
2745 3761 2902 3814 enim
2933 3762 3191 3816 Andreas
3215 3765 3273 3815 et
3313 3764 3613 3831 Guarinus,

2004 3850 2202 3917 utpote
2220 3847 2369 3913 laici,
2398 3849 2900 3903 commemorandi
2922 3850 3011 3903 hic
3027 3851 3177 3919 sunt)
3214 3850 3616 3906 manisfcstum

2003 3934 2269 4002 efﬁcitur,
2301 3938 2387 3989 est
2418 3935 2760 4004 admodum,
2786 3954 2860 3991 an
2894 3937 3088 4009 ullus'e
3115 3922 3281 3992 sociis
3312 3955 3455 4009 quos
3477 3940 3614 3994 San-

2003 4028 2143 4091 ctus,
2172 4025 2379 4078 saeculo
2431 4024 2703 4078 nuntium
2743 4026 3049 4081 remittens
3100 4026 3407 4098 Remisque
3458 4044 3617 4082 exce-

2002 4111 2163 4179 dens,
2206 4112 2314 4167 sibi
2356 4112 2558 4167 habuit
2588 4112 2912 4185 adiunctos,
2946 4114 3083 4169 cleri
3116 4114 3415 4169 Remeusis
3445 4115 3612 4171 exsti-

2000 4200 2153 4254 terit.

2068 4290 2194 4342 439.
2248 4289 2359 4343 Nec
2405 4289 2625 4361 aliquot
2664 4307 2731 4344 ex
2802 4291 2955 4345 hisce
3023 4292 3256 4347 clericos
3297 4294 3609 4348 Remenses

285 4384 685 4454 colligendum
704 4384 927 4438 videtur
952 4401 1017 4438 ex
1048 4383 1235 4438 verbis
1265 4382 1747 4454 Guigonisnostri,
1781 4381 1900 4451 qui-
1922 4400 1974 4459 D
1998 4376 2187 4444 fuisse,
2212 4378 2813 4433 asseruisscntlaudati
2838 4380 3093 4433 Historiae
3125 4380 3416 4435 litterariae
3431 4382 3606 4436 Frau-

283 4472 392 4526 bus
421 4472 577 4538 dicit,
611 4490 727 4539 eos,
771 4496 797 4521 ‹‹
824 4474 1067 4527 Favente
1101 4473 1327 4526 abbate.
1358 4492 1385 4519 »
1433 4471 1529 4541 qui
1557 4487 1671 4523 non
1712 4471 1899 4540 potest

286 4577 411 4614 esse
442 4560 604 4627 alius,
638 4578 811 4631 qaum
859 4562 1034 4614 abbas
1074 4559 1264 4614 Sancti
1299 4560 1423 4613 Ruﬁ
1460 4557 1894 4622 Avenionensis,

284 4667 317 4699 θ
344 4665 470 4703 sese
491 4649 953 4703 sanctolirunoni
980 4648 1359 4719 conjunxisse.
1377 4667 1405 4695 »
1440 4648 1724 4701 Praeterea
1760 4660 1895 4698 cum

282 4735 513 4807 praefati
558 4737 837 4804 canonici,
866 4737 1082 4790 cellulae
1116 4736 1308 4789 Sancti
1339 4735 1583 4789 Andreze
1637 4738 1775 4787 tunc
1803 4734 1893 4786 in-

281 4825 450 4889 colas,
484 4828 710 4878 tantum
737 4825 1079 4878 beneﬁcium
1111 4824 1459 4878 contulerint
1506 4826 1703 4876 sancto
1753 4823 1891 4875 Bru-

282 4912 451 4977 noni,
507 4929 837 4983 nomenque
870 4913 992 4983 ejus
1058 4914 1320 4982 catalogo
1353 4911 1597 4964 fratrum
1656 4925 1892 4963 suorum

278 5000 673 5071 ascripserint,
706 5018 821 5055 non
854 5001 990 5053 levis
1023 5003 1108 5053 est
1133 5001 1485 5069 conjectura,
1519 5014 1616 5053 eos
1634 4998 1690 5052 id
1722 4999 1891 5051 beato

280 5087 418 5142 Viro
445 5089 806 5154 concessisse,
836 5089 1173 5158 rogantibus
1202 5088 1422 5141 duobus
1437 5085 1893 5157 Stcphanis,suis

277 5175 578 5248 quondam
603 5178 661 5230 in
691 5176 967 5247 primario
991 5176 1183 5230 Sancti
1216 5163 1339 5229 Iiuﬁ
1358 5174 1708 5229 monasterio
1734 5191 1893 5228 com-

280 5264 666 5332 militonibus,
701 5269 838 5319 tunc
869 5281 1002 5319 vero
1017 5264 1513 5319 Carthusiensibus
1528 5264 1844 5318 monachis.
1860 5283 1889 5312 η

278 5354 568 5408 Hactenus
589 5354 995 5407 Carthusianus
1015 5356 1212 5407 noster
1237 5353 1521 5407 annalista
1550 5369 1891 5423 anonymus,

279 5443 401 5497 duo
434 5440 524 5495 hic
556 5442 917 5512 potissimum
953 5442 1214 5496 evincere
1242 5441 1897 5507 eontendens,videlicet

281 5531 634 5600 primarium
667 5531 1079 5584 canonicorum
1094 5530 1519 5600 regulariumS.
1540 5530 1661 5582 Ruﬁ
1694 5546 1895 5583 mona-

281 5617 529 5675 sterium
562 5619 845 5673 Brunonis
875 5622 1042 5673 actate
1089 5635 1267 5689 prope
1324 5618 1678 5673 Avcnionem
1726 5617 1898 5674 situm

788 5718 1021 5773 Paraon.
1056 5716 1207 5771 CLll.

1997 4465 2098 4520 ciae
2150 4466 2475 4536 scriptores,
2535 4467 2579 4521 si
2656 4468 3117 4521 considerassent
3178 4469 3452 4524 Sanctum
3520 4470 3607 4525 bis

1997 4554 2108 4608 alio
2159 4556 2542 4626 migraturum
2576 4556 2715 4610 urbe
2747 4555 3015 4609 Remensi
3047 4557 3379 4626 excessisse;
3414 4557 3604 4630 primo

1995 4643 2252 4713 quidem,
2304 4660 2417 4714 quo
2476 4644 2791 4697 Manassem
2840 4644 3333 4716 archiepiscopum
3378 4647 3602 4714 vitaret,

1994 4749 2150 4787 anno
2181 4732 2497 4786 secundum
2517 4733 2640 4803 jam
2668 4732 2820 4786 dicta
2843 4733 2928 4786 vel
2983 4734 3115 4788 1076
3146 4736 3232 4788 vel
3286 4735 3549 4807 sequenti
3585 4752 3599 4803 ;

1994 4821 2245 4875 secundo
2267 4824 2482 4886 autem,
2510 4824 2575 4874 ut
2621 4820 2677 4874 in
2708 4837 2993 4889 eremum,
3023 4826 3330 4894 postquam
3359 4824 3599 4893 pristino

1993 4910 2163 4963 statui
2220 4912 2319 4962 aut
2348 4909 2497 4963 forte
2528 4908 2705 4964 etiam
2756 4911 3004 4978 meliori,
3046 4912 3297 4965 Manasse
3344 4912 3597 4982 expulso,

1994 4998 2187 5051 Remis
2215 4997 2508 5051 restitutus
2555 4998 2773 5065 fuisset,
2799 5016 2951 5052 anno
2989 5002 3114 5054 1081
3169 5003 3267 5053 aut
3301 5002 3502 5065 altero,
3538 5002 3600 5053 ut

1993 5102 2166 5155 supra
2219 5085 2345 5155 jam
2397 5085 2584 5152 docui,
2614 5103 2644 5139 e
2678 5086 2826 5140 binis
2883 5088 3282 5157 sequentibus;
3335 5104 3399 5140 ac
3443 5091 3598 5141 certe

1994 5174 2228 5246 quidem
2254 5173 2428 5244 priori
2450 5174 2587 5241 vice,
2621 5178 2677 5229 at
2699 5191 2817 5229 non
2836 5174 2970 5228 item
2995 5175 3600 5244 p05teri0ri,Sanctum

1993 5280 2062 5316 ex
2090 5265 2226 5317 ante
2257 5262 2419 5317 dictis
2448 5262 2522 5317 ad
2567 5263 2817 5316 maxime
2852 5279 2884 5316 e
2915 5263 3167 5317 Guiberti
3198 5264 3418 5318 abbatis
3440 5264 3603 5319 Novi-

1995 5350 2218 5422 gentini
2256 5350 2588 5406 testimonio
2631 5350 2865 5405 clericos
2905 5351 3125 5422 aliquot
3158 5352 3467 5407 Remenses
3509 5368 3599 5407 so-

1996 5440 2113 5494 cios
2132 5440 2238 5493 sibi
2266 5439 2528 5494 habuisse
2548 5439 2867 5509 adjunctos.
2900 5440 3079 5495 Porro
3109 5440 3381 5512 Guigonis
3405 5441 3599 5508 verba,

2000 5531 2283 5584 numui-‘l'l
2304 5530 2412 5581 huc.
2434 5527 2795 5597 transcripta,
2826 5528 2974 5581 ultcr
2997 5529 3080 5581 ori
3108 5530 3292 5583 adhuc
3319 5545 3607 5583 commen-

2009 5617 2227 5675 tatione
2246 5617 2529 5689 indigent.
2560 5615 2702 5672 Cum
2730 5615 2888 5671 enim
2918 5618 2981 5673 iis
3008 5618 3229 5673 dicatur
3254 5619 3485 5691 liugo,c
3515 5636 3605 5673 so-

3291 5725 3322 5776 9
