4026 6042
396 310 508 376 267

1228 319 1286 376 S.
1349 315 1693 375 BRUNONIS
1751 312 2384 374 CARTHUSIANORUM
2425 316 2891 374 lNSTlTUTORlS

3601 315 3707 372 268

402 433 505 490 ciis
528 432 586 491 S.
616 432 899 489 Brunonis
931 450 1098 502 unus,
1134 435 1462 506 capellanus
1486 433 1805 507 appellatus
1819 432 2011 500 fuisse,
2033 441 2089 500 Α
2118 436 2181 488 ut
2210 436 2410 506 postea
2431 431 2861 488 videbimus.Ad
2873 429 3721 501 haec,sacerdotemsesefuisse,

403 544 432 574 »
463 541 530 579 eo
545 524 700 595 quod
716 524 867 578 solus
887 540 954 577 ex
971 523 1051 577 eis
1076 524 1385 579 sacerdotis
1414 524 1754 595 fungeretur
1766 522 2011 590 ofﬁcio;»

400 613 581 684 quaeri
612 611 701 665 hic
724 612 848 682 jam
882 615 1089 683 potest,
1124 612 1313 684 primo
1369 612 1606 684 quidem
1655 628 1727 665 an
1774 611 2015 665 Sanctus

400 700 723 771 reliquique
736 700 859 770 ejus
891 704 1009 754 tres
1031 700 1219 755 clerici
1247 700 1404 767 socii,
1436 700 1608 754 ambo
1630 699 1843 754 scilicet
1885 698 2010 754 Ste-

400 788 579 861 phani
600 792 658 843 et
689 787 1019 842 Landuinus
1049 788 1369 843 sacerdotio
1386 804 1642 860 unquam
1663 787 1880 842 fuerint
1909 786 2013 842 ini-

400 877 548 944 tiati,
583 876 835 931 secundo
866 880 1063 938 autem
1079 893 1155 930 an
1187 876 1448 942 Sanctus,
1462 875 1733 946 jamtum
1774 891 1907 930 cum
1938 875 2011 931 ad

399 966 704 1037 Hugonem
738 964 1332 1036 Gratianopolitanum
1390 964 1725 1037 episcopum
1756 962 2008 1030 accessit,

401 1054 475 1108 ad
503 1053 848 1124 dignitatem
873 1053 1031 1107 illam
1064 1068 1181 1106 non
1209 1051 1383 1107 fuerit
1404 1055 1648 1107 evectus.
1678 1053 1747 1107 Et
1775 1050 2013 1106 Landui-

400 1157 542 1195 num
555 1141 789 1213 quidem
816 1142 1177 1211 alterumque
1199 1157 1230 1194 e
1258 1141 1479 1195 duobus
1524 1139 1849 1212 Stephanis,
1878 1140 2013 1194 Bur-

400 1245 642 1301 gensem
670 1246 902 1301 nempe,
933 1228 1036 1283 etsi
1054 1232 1210 1295 tunc,
1234 1244 1366 1283 cum
1393 1228 1845 1302 Gratianopolim
1878 1244 2009 1282 cum

399 1318 669 1373 Brunone
724 1319 1026 1383 venerunt,
1078 1317 1402 1372 sacerdotes
1454 1317 1716 1373 nondum
1771 1315 2007 1383 fuerint,

396 1409 597 1479 postea
616 1409 815 1461 tamen
843 1405 918 1460 ad
950 1405 1294 1477 dignitatem
1316 1406 1464 1461 hanc
1496 1405 1665 1460 fuisse
1688 1408 2007 1477 promotos,
2026 1444 2053 1463 ο

396 1494 809 1549 Barthusianus
844 1497 1042 1549 noster
1069 1494 1354 1549 annalista
1385 1510 1709 1567 anonymus
1760 1498 1847 1549 sat
1878 1497 2010 1565 apte

396 1585 644 1655 probare
677 1583 922 1638 videtur.
983 1583 1172 1637 Verba
1201 1582 1323 1653 ejus
1362 1583 1698 1654 proindeeo
1739 1581 2012 1638 facientia

394 1670 506 1726 huc
537 1671 855 1726 transcribo
881 1687 894 1725 :

2113 520 2362 594 ipsemet
2392 521 2631 577 Sanelus
2663 525 2862 577 noster
2884 539 2985 577 suo
3014 521 3074 576 in
3094 520 3359 592 Epistolas
3381 537 3412 586 ι,
3429 520 3503 575 ad
3530 519 3727 575 Corin-

2110 610 2263 666 thios
2279 627 2402 682 cap.
2418 610 2943 677 10,Commentario
2967 613 3281 681 utcumque
3294 608 3549 664 indicare
3565 608 3722 663 vide-

2110 699 2310 753 tur.lbi
2323 698 2482 754 enim
2503 698 2582 754 sic
2598 698 2850 754 scribitm
2868 698 3231 771 Fugiendum
3246 697 3405 753 vobis
3421 700 3509 752 est
3538 714 3572 752 a
3601 697 3720 752 cul-

2110 790 2241 842 tura
2269 786 2583 854 idolorum,
2610 787 2747 859 quia
2770 787 2936 855 calix,
2956 787 3015 842 id
3034 785 3362 858 estsanguis
3389 785 3725 855 Christi,ca-

2109 875 2204 942 lix,
2231 874 2937 948 dico,benedictionis,per
2947 891 3122 948 quem
3142 874 3575 930 benedictiones
3588 891 3721 946 gra-

2109 963 2322 1018 tiarum
2345 964 2680 1035 accipimus,
2708 964 2846 1036 quia
2875 981 2980 1036 per
3007 963 3353 1036 sanguinem
3408 962 3634 1032 Christi,
3674 961 3721 1017 si

2110 1052 2284 1124 digne
2312 1053 2615 1119 sumimus,
2644 1055 2703 1108 et
2735 1068 2769 1107 a
2800 1052 3085 1126 prioribus
3112 1051 3357 1123 peccatis
3381 1051 3718 1120 liberamur,

2109 1143 2168 1195 et
2195 1144 2401 1195 contra
2443 1140 2737 1196 venientia
2783 1141 3220 1196 confortamur:
3274 1140 3364 1195 cui
3405 1139 3565 1195 calici
3616 1155 3721 1195 nos

2108 1228 2520 1296 benedicimus,
2541 1230 2841 1285 laudantes
2860 1247 3016 1298 eum,
3038 1229 3195 1301 quod
3212 1246 3511 1301 nunquam
3522 1229 3717 1300 hujus-

2109 1316 2269 1372 modi
2295 1317 2458 1372 cadix
2482 1317 2674 1385 fuerit,
2700 1317 2798 1390 qui
2830 1319 2888 1372 et
2917 1335 2950 1373 a
2981 1318 3230 1390 peccatis
3256 1317 3615 1384 liberaret,et
3645 1333 3719 1372 ne

2108 1405 2260 1459 ultra
2284 1422 2676 1478 peccaremus,
2724 1406 3101 1462 confortaret.
3156 1407 3256 1462 Vel
3288 1406 3431 1461 calix
3480 1404 3718 1462 benedi-

2109 1492 2336 1562 ctionis,
2365 1494 2424 1548 id
2451 1498 2554 1563 est,
2592 1511 2768 1567 quem
2802 1494 2923 1567 ipse
2955 1496 3102 1550 Deus
3129 1494 3421 1550 benedicit
3446 1498 3503 1550 et
3519 1511 3718 1550 conse-

2109 1584 2261 1650 crat;
2288 1585 2345 1637 et
2365 1582 2455 1636 cui
2485 1599 2591 1638 nos
2618 1582 3019 1638 benedicimus
3037 1599 3140 1656 per
3152 1583 3410 1639 ofﬁcium
3427 1585 3717 1647 nostrum;

2108 1671 2257 1725 Deus
2273 1670 2433 1725 enim
2457 1670 2566 1726 hoc
2596 1670 2773 1725 efﬁcit
2799 1687 2906 1743 per
2935 1671 3298 1726 sacerdotem
3326 1671 3716 1726 ministrum.»

466 1761 591 1815 440.
627 1760 892 1825 «Postea,
925 1759 1130 1831 inquit,
1163 1760 1236 1814 ad
1265 1759 1568 1815 sacerdotii
1613 1759 1958 1832 dignitatem
1977 1780 2006 1810 »
2037 1763 2089 1823 Β
2108 1758 2218 1812 Per
2241 1759 2367 1813 haec
2391 1758 2566 1813 verba
2589 1759 2779 1814 Bruno
2799 1775 2868 1813 eo
2904 1759 3079 1815 modo
3098 1759 3190 1814 hic
3210 1758 3466 1831 loquitur
3486 1776 3620 1832 quo,
3672 1758 3718 1814 si

394 1847 565 1903 fuisse
584 1847 1172 1902 evectosLanduinum
1187 1852 1245 1902 et
1260 1847 1619 1921 Stephanum
1632 1851 2005 1921 Burgensem,

394 1958 423 1986 «
451 1940 611 1991 extra
626 1952 801 1991 omne
829 1935 1069 1991 dubium
1097 1953 1219 1992 esse
1246 1937 1474 2003 debet,»
1506 1937 1639 2009 quia
1664 1953 1899 2008 nempe,
1946 1939 2010 1992 ut

391 2024 603 2091 subdit,
621 2024 907 2096 »alioquin
921 2041 1039 2079 non
1058 2024 1377 2097 potuissent
1396 2025 1660 2098 regimen
1676 2026 2009 2081 animarum

390 2112 607 2167 habere
641 2112 703 2167 in
730 2112 954 2180 ordine,
1000 2112 1147 2167 sicut
1192 2113 1522 2169 habuerunt
1572 2114 1901 2169 Landuinus
1946 2115 2006 2170 in

390 2201 588 2272 Majori
622 2201 941 2269 Carthusia,
969 2201 1059 2256 cui
1091 2202 1323 2273 praefuit
1352 2206 1482 2275 post
1509 2207 1772 2258 sanctum
1786 2206 2005 2261 Bruno-

391 2305 542 2357 nem;
585 2288 911 2361 Stephanus
939 2306 1073 2344 vero
1106 2290 1410 2361 Burgensis
1439 2290 1500 2345 in
1530 2291 2004 2363 domoMajorevi,

391 2377 553 2449 cujus
581 2377 916 2450 protoprior
942 2395 975 2432 a
1007 2378 1267 2450 Guigone
1297 2378 1590 2434 institutus
1619 2379 1745 2435 fuit.
1774 2381 1888 2436 Nec
1901 2399 2004 2454 op-

386 2467 528 2540 poni
551 2470 791 2539 possunt
829 2469 1094 2540 exempla
1135 2467 1525 2538 quorumdam
1575 2468 1872 2535 abbatum,
1906 2470 2003 2542 qui

387 2555 742 2610 monasteria
758 2556 1180 2627 gubernarunt,
1199 2555 1425 2610 etiamsi
1445 2573 1743 2628 nunquam
1766 2556 2006 2613 fuissent

386 2644 736 2699 sacerdotes.
771 2644 849 2699 Eo
884 2644 1041 2698 enim
1086 2646 1372 2715 tempore,
1418 2661 1530 2716 quo
1587 2645 2005 2703 Carthusiensis

389 2732 530 2788 ordo
564 2733 757 2805 ccepit,
782 2732 1065 2787 sancitum
1100 2735 1244 2799 erat,
1274 2736 1336 2787 ut
1366 2735 1555 2789 nullus
1592 2734 1758 2790 fieret
1803 2736 2000 2804 abbas,

387 2820 496 2875 nisi
523 2821 700 2875 etiam
728 2820 892 2875 fieret
922 2821 1187 2876 sacerdos
1200 2822 1364 2892 juxta
1384 2821 1682 2878 decretum
1703 2823 1760 2878 in
1780 2824 2001 2895 synodo

386 2909 651 2964 Romana
676 2908 778 2962 sub
802 2908 1060 2979 Eugenio
1108 2910 1173 2975 ll,
1212 2910 1369 2981 quod
1399 2926 1663 2982 expresse
1696 2911 1890 2979 habet,
1943 2915 2005 2968 ut

389 2997 625 3053 abbates
654 2995 1073 3051 sacerdotalem
1095 3014 1324 3069 quoque
1345 2998 1633 3053 honorem
1651 2999 1766 3054 sint
1785 3000 1999 3071 adepti;

390 3089 449 3140 et
469 3088 810 3141 renovatum
824 3085 930 3139 fuit
947 3085 1050 3139 sub
1070 3086 1308 3157 Hugone
1323 3089 1381 3140 et
1395 3086 2003 3144 RobertoFrancorum

385 3175 638 3247 regibus,
670 3178 733 3229 ut
751 3173 945 3229 videre
969 3177 1054 3228 est
1072 3174 1222 3229 inter
1241 3175 1759 3231 canonesAbbonis
1783 3177 2004 3231 abbatis

387 3261 762 3317 Floriacensis
792 3261 980 3333 capite
1009 3278 1166 3316 nono
1193 3262 1441 3317 decimo:
1469 3263 2006 3336 «Abbates:quipre-

389 3350 772 3422 »sbyterinon
806 3353 957 3415 sunt,
992 3349 1311 3421 presbyteri
1342 3350 1485 3404 ﬁant
1510 3354 1608 3404 aut
1640 3352 2007 3421 praelationes

392 3460 420 3489 ››
443 3438 950 3508 amittant,»prout
961 3437 1611 3492 decreveratconcilium
1632 3439 2002 3510 Pictaviense,

388 3543 545 3582 anno
583 3528 717 3581 1078
777 3525 1130 3580 celebratum
1170 3526 1242 3580 ab
1285 3526 1526 3597 Hugone
1570 3526 1761 3582 Diensi
1812 3529 2005 3601 legato

390 3614 740 3687 apostolico;
771 3613 926 3685 quod
954 3616 1151 3685 postea
1174 3613 1455 3669 insertum
1471 3614 1579 3670 fuit
1606 3615 2002 3673 decretalibus.

390 3704 558 3760 Juxta
583 3703 707 3757 hazc
767 3702 1000 3757 decreta
1058 3706 1286 3757 sanctus
1339 3703 1532 3758 Bruno
1576 3721 1847 3777 sequaces
1876 3723 2009 3762 suos

393 3791 663 3848 erudiens
689 3790 966 3862 praecepit
994 3807 1069 3845 ne
1097 3791 1245 3845 ullus
1281 3791 1341 3845 in
1387 3791 1643 3863 priorem
1674 3792 2005 3865 eligeretur,

394 3880 504 3937 nisi
528 3882 720 3953 posset
751 3879 1221 3934 adsacerdotium
1251 3880 1606 3950 promoveri,
1636 3881 1797 3935 Unde
1828 3882 2007 3953 Guigo

395 3967 844 4025 consuetudines
868 3968 1107 4035 ordinis,
1138 3967 1283 4021 sicut
1305 3984 1402 4021 eas
1429 3971 1658 4022 sanctus
1687 3970 1879 4023 Bruno
1914 3970 2011 4024 diu

397 4058 532 4112 ante
560 4071 694 4109 eum
719 4056 843 4109 viva
864 4070 1000 4108 voce
1032 4057 1089 4108 et
1115 4055 1379 4125 exemplo
1416 4054 1760 4123 instituerat,
1807 4057 2013 4113 descri-

396 4144 542 4199 bens
574 4142 847 4207 declarat,
881 4141 1036 4212 quod
1067 4145 1298 4197 mortuo
1330 4141 1546 4212 priore,
1608 4147 2012 4202 conventuales

402 4252 432 4283 »
460 4230 751 4302 majorum
781 4228 1207 4301 meliorumque
1237 4228 1474 4285 consilio
1508 4247 1578 4285 ex
1593 4232 1791 4305 seipsis
1830 4250 2012 4289 unum

2024 3047 2071 3108 C

2105 1846 2373 1901 sacerdos
2402 1863 2522 1902 non
2551 1847 2875 1915 exstitisset,
2907 1848 3199 1903 locuturus
3226 1848 3399 1904 fuisse
3426 1864 3544 1904 non
3570 1848 3721 1903 vide-

2106 1936 2201 1989 tur
2221 1951 2287 1989 ac
2309 1934 2478 2006 proin
2508 1936 2871 1991 sacerdotem
2891 1953 2973 2004 se,
3008 1936 3089 1991 uti
3121 1941 3383 2010 apparet,
3406 1939 3718 2010 utcumque

2106 2022 2341 2078 indicat.

2175 2113 2300 2166 442.
2330 2111 2542 2167 Verum
2582 2128 2656 2167 an
2680 2110 2806 2183 jam
2834 2115 2959 2167 tum
2989 2128 3121 2168 cum
3153 2112 3226 2168 ad
3253 2114 3555 2187 Hugonem
3584 2112 3718 2169 Gra-

2106 2199 2598 2271 tianopolitanum
2622 2200 2955 2273 episcOpum
2986 2202 3242 2270 accessit,
3265 2203 3341 2258 ad
3370 2202 3714 2274 dignitatem

2106 2288 2265 2343 illam
2290 2292 2446 2344 errat
2476 2289 3207 2363 evectus?«Adest,»inquit
3238 2292 3364 2347 loco
3399 2306 3575 2363 supra
3617 2290 3713 2347 cit.

2106 2376 2245 2432 deS.
2272 2378 2540 2432 Brunone
2556 2377 2629 2431 ad
2649 2378 3410 2451 HugonemGratianopolim
3441 2378 3717 2434 acceden-

2103 2468 2161 2520 te
2176 2466 2380 2539 Guigo,
2398 2490 2425 2517 «
2447 2466 2727 2538 magister
2740 2468 2953 2522 Bruno.
2965 2507 2977 2520 .
2989 2508 3002 2521 .
3012 2508 3025 2521 .
3038 2468 3317 2522 .Habebat
3328 2474 3521 2522 autem
3535 2467 3718 2522 socios

2102 2555 2449 2627 magistrum
2472 2555 2907 2610 Landuinum...
2924 2557 3075 2611 Duos
3090 2556 3435 2627 Stephanos,
3468 2557 3720 2627 Burgen-

2102 2659 2225 2698 sem
2261 2647 2318 2699 et
2342 2644 2705 2699 Diensem....
2744 2644 3051 2715 Hugonem
3082 2644 3279 2711 etiam,
3313 2660 3488 2716 quem
3508 2660 3719 2716 cogno-

2103 2732 2410 2787 minabant
2436 2732 2875 2803 Cappellanum,
2897 2748 2966 2786 eo
2990 2732 3145 2804 quod
3157 2733 3311 2788 solus
3330 2749 3398 2787 ex
3428 2732 3511 2788 eis
3529 2749 3718 2787 sacer-

2104 2821 2254 2878 dotis
2282 2820 2623 2891 fungeretur
2651 2820 2897 2875 ofﬁcio.»
2933 2820 3149 2885 Quibus
3193 2837 3224 2874 e
3259 2821 3466 2888 verbis,
3518 2824 3716 2894 utpote

2103 2910 2310 2982 quibus
2329 2926 2398 2965 eo
2418 2911 2542 2981 ipso
2572 2911 2720 2976 loco,
2749 2925 2862 2981 quo
2881 2912 2999 2963 tam
3024 2910 3095 2964 de
3126 2910 3414 2978 Brunone,
3436 2926 3612 2982 quam
3644 2910 3716 2966 de

2104 2999 2226 3069 ejus
2256 2998 2420 3054 sociis
2450 3014 2642 3052 sermo
2674 2997 2766 3063 sit,
2798 2998 2951 3051 solus
2982 2998 3144 3069 Hugo
3172 2997 3483 3053 sacerdotis
3523 2998 3715 3054 ofﬁcio

2102 3087 2333 3142 functus
2391 3086 2565 3141 fuisse
2616 3085 2910 3153 asscritur,
2963 3085 3427 3142 concludendum
3476 3090 3718 3159 apparet

2104 3175 2383 3231 Sanctum
2407 3177 2828 3240 nostrum,cum
2852 3172 2924 3227 ad
2946 3174 3250 3244 Hugonem
3277 3174 3718 3240 accessit,sacer-

2106 3263 2571 3319 dotioinitiatum
2595 3262 2856 3317 nondum
2888 3262 3081 3316 fuisse.
3104 3264 3399 3331 Attamen,
3446 3262 3718 3335 inquiunt

2104 3351 2627 3422 nonnulli,hosque
2652 3350 2805 3405 inter
2844 3350 3253 3405 Carthusianus
3286 3340 3506 3406 noster
3542 3368 3719 3407 anna-

2105 3441 2234 3495 lista
2262 3455 2587 3511 anonymus
2635 3454 2809 3510 supra
2837 3436 3150 3508 saepissime
3178 3438 3461 3504 laudatus,
3493 3439 3718 3495 ricitata

2105 3528 2378 3601 Guigonis
2408 3527 2601 3593 verba,
2637 3525 2844 3598 quibus
2869 3535 3023 3581 solus
3053 3526 3214 3597 Hugo
3258 3527 3526 3582 sacerdos
3548 3527 3716 3583 fuisse

2105 3617 2452 3683 affirmatur,
2488 3630 2605 3669 non
2658 3614 2729 3668 de
2760 3614 2881 3684 ipso
2915 3613 2973 3668 S.
3011 3615 3301 3682 Brunone,
3354 3615 3454 3670 sed
3482 3615 3555 3670 de
3592 3615 3716 3687 ejus

2109 3707 2409 3761 dumtaxat
2437 3702 2602 3758 sociis
2632 3701 2898 3756 videntur
2919 3701 3317 3774 intelligenda.
3366 3702 3511 3758 Cum
3533 3703 3712 3770 enim,

2108 3794 2292 3859 aiunt,
2337 3790 2627 3846 sociorum
2667 3789 3033 3855 clericorum,
3073 3806 3217 3861 quos
3248 3788 3495 3845 Sanctus
3523 3808 3716 3846 secum

2108 3880 2386 3947 habebat,
2432 3878 2731 3933 recensitis
2785 3877 3138 3944 nominibus,
3157 3877 3337 3949 Guigo
3396 3879 3592 3934 statim
3647 3878 3718 3934 de

2110 3969 2352 4041 Hugone
2372 3967 2704 4038 subjungat,
2734 3988 2761 4015 «
2795 3965 2980 4030 Quem
3011 3965 3506 4037 eognominabant
3520 3967 3715 4039 Capel-

2110 4058 2334 4124 lanum,
2367 4072 2436 4111 eo
2468 4054 2623 4127 quod
2636 4055 2867 4109 solusex
2898 4052 2978 4107 eis
3019 4052 3335 4109 sacerdotis
3383 4053 3722 4127 fungeretur

2113 4145 2362 4213 officio,»
2384 4143 2653 4198 videntur
2693 4143 2806 4197 duo
2846 4135 2975 4196 haec
2992 4141 3164 4196 verba
3176 4142 3289 4195 «Ex
3328 4141 3441 4196 eis»
3467 4143 3540 4197 ad
3569 4144 3721 4199 solos

2113 4233 2350 4288 clericos
2371 4231 2566 4287 Sancti
2590 4229 2794 4297 socios,
2830 4246 2951 4285 non
2978 4232 3173 4284 autem
3204 4229 3382 4285 etiam
3413 4230 3720 4287 adBruno-

403 4341 434 4371 »
457 4319 693 4392 eligant,
722 4322 820 4372 aut
839 4317 1199 4372 sacerdotem
1226 4320 1327 4373 aut
1350 4319 1426 4374 ad
1466 4320 1855 4376 sacerdotium
1876 4337 2011 4393 pro-
2032 4326 2088 4386 D
2112 4338 2272 4388 nem,
2291 4320 2618 4376 referenda.
2650 4321 2735 4375 Ita
2759 4318 2839 4373 illi
2869 4333 3101 4386 ;verum
3117 4316 3329 4383 nescio,
3354 4333 3428 4372 an
3460 4317 3721 4373 futurum

403 4429 434 4459 »
455 4406 829 4473 movendum,
857 4405 955 4478 qui
984 4405 1043 4460 in
1074 4405 1233 4461 festis
1273 4407 1738 4478 solemnioribus,
1769 4413 1827 4464 et
1882 4426 2013 4465 cum

404 4516 434 4547 »
458 4495 640 4550 frater
670 4493 872 4566 aliquis
884 4493 1301 4565 professionem
1326 4495 1579 4552 facturus
1623 4500 1728 4567 est,
1776 4497 2015 4555 missam

407 4604 438 4635 »
457 4586 654 4640 cantat
673 4583 979 4655 majorem.
1006 4604 1035 4632 »

475 4673 603 4728 441.
659 4673 790 4727 Haec
828 4672 945 4741 ille,
1014 4688 1046 4727 e
1100 4671 1304 4744 quibus
1349 4689 1508 4741 sane,
1540 4673 1905 4731 Landuinum
1960 4679 2020 4732 et

407 4760 768 4835 Stephanum
786 4762 1142 4833 Burgensem
1172 4761 1491 4818 sacerdotio
1514 4761 1687 4819 fuisse
1709 4764 2017 4837 aliquando

405 4850 685 4918 initiatos,
716 4848 1107 4905 indubitatum
1155 4852 1415 4922 apparet.
1477 4850 1643 4916 Quod
1699 4854 1875 4909 modo
1945 4854 2020 4910 ad

409 4938 769 5012 Stephanum
783 4939 1049 4995 Diensem
1073 4940 1131 4993 et
1144 4937 1459 5009 ipsummet
1470 4939 1527 4995 S.
1545 4941 1875 4998 Brunonem
1887 4958 2018 5015 per-

408 5028 576 5095 tinet,
622 5027 873 5083 fueritne
920 5026 1245 5099 Stephanus
1287 5028 1383 5083 ille
1435 5046 1692 5102 unquam
1730 5033 2016 5102 sacerdos,

409 5116 732 5171 admodum
762 5120 849 5171 est
874 5116 1134 5183 dubium,
1169 5132 1275 5171 nec
1303 5116 1643 5189 quidquam,
1677 5137 1790 5192 quo
1823 5121 1881 5176 id
1899 5122 2020 5178 tolli

410 5206 605 5276 queat,
650 5205 928 5274 occurrit;
987 5206 1321 5260 Brunonem
1355 5209 1571 5274 autem,
1622 5208 1668 5262 si
1727 5225 1846 5264 non
1884 5213 2020 5266 tunc

409 5307 544 5348 cum
576 5292 650 5348 ad
694 5293 999 5365 Hugonem
1042 5293 1646 5365 Gratianopolitanum
1686 5296 2019 5369 episcopum

410 5381 666 5450 accessit,
689 5384 888 5453 postea
909 5381 1180 5453 equidem
1211 5382 1572 5437 sacerdotem
1596 5383 1791 5452 fuisse,
1817 5387 2020 5443 suadet

409 5468 556 5523 mihi
586 5470 672 5523 vel
704 5471 857 5525 solus
881 5470 1121 5525 collatus
1175 5470 1246 5525 ab
1305 5487 1397 5538 eo,
1458 5471 1693 5527 servatis
1750 5475 2019 5532 omnibus

410 5555 673 5615 Ecclesiae
693 5557 2016 5637 casremoniis,comitisRogeriiﬁlioBaptismus,

2114 4410 2205 4479 sit,
2236 4412 2299 4464 ut
2329 4410 2452 4465 haec
2509 4407 2820 4464 verborum
2877 4404 3151 4478 Guigonis
3181 4404 3582 4477 interpretatio
3635 4409 3724 4461 sat

2116 4502 2381 4556 accurata
2395 4502 2453 4553 et
2464 4497 2539 4553 ad
2553 4495 2802 4552 auctoris
2821 4498 3082 4550 mentem
3096 4494 3539 4550 accommodata
3551 4511 3726 4568 appa-

2116 4591 2261 4644 reat.
2294 4586 2445 4643 Sane
2465 4588 2588 4642 haec
2602 4583 3022 4648 verbaz<<Quem
3032 4582 3727 4656 cognominabantCapel-

2118 4679 2350 4733 Ianum»
2369 4681 2490 4733 tam
2514 4676 2585 4732 de
2616 4675 2990 4739 S.-Brunone,
3014 4672 3112 4745 qui
3130 4673 3433 4744 Hugonem
3466 4672 3723 4744 Capella-

2119 4783 2261 4821 num
2295 4766 2618 4839 appellarit,
2651 4779 2827 4836 quam
2853 4762 2924 4817 de
2974 4760 3169 4816 Sancti
3197 4759 3384 4827 sociis,
3426 4758 3724 4815 Landuino

2119 4860 2178 4911 et
2201 4855 2422 4911 duobus
2434 4852 2759 4927 Stephanis,
2781 4848 3458 4921 intelligendavidentur,
3473 4864 3538 4903 ac
3556 4847 3725 4920 proin

2119 4960 2238 4999 non
2268 4943 2455 5011 video,
2483 4959 2583 4998 cur
2602 4945 2660 4997 et
2692 4942 2815 4996 haec
2845 4940 2958 4995 duo
2981 4937 3094 4993 alia
3117 4960 3144 4988 «
3175 4938 3254 4992 Ex
3282 4937 3397 4992 eis»
3427 4953 3593 5009 aeque
3652 4934 3728 4992 ad

2118 5034 2472 5099 Brunonem,
2493 5047 2670 5103 quam
2697 5029 2771 5084 ad
2792 5028 2914 5098 ejus
2927 5026 3108 5083 socios
3119 5025 3427 5081 referenda
3441 5041 3560 5079 non
3587 5023 3725 5080 sint.

2189 5113 3726 5189 443.Aceedit,integrumverborumGuigonistextum,

2119 5209 2179 5264 in
2209 5224 2381 5263 sensu
2405 5206 2590 5278 magis
2621 5205 2787 5261 obvio
2815 5208 2873 5259 et
2884 5204 3155 5270 naturali,
3171 5219 3347 5275 quem
3368 5200 3460 5256 hic
3484 5199 3732 5271 scriptor

2118 5297 2355 5354 indubie
2395 5299 2621 5351 secutus
2659 5293 2851 5360 fuerit,
2884 5296 3238 5364 aceceptum,
3272 5288 3453 5345 videri
3474 5289 3725 5361 exigere,

2119 5390 2182 5443 ut
2195 5386 2374 5458 Guigo
2400 5383 2755 5456 intelligatur
2768 5382 2839 5437 de
2860 5380 3201 5448 sacerdotio,
3215 5395 3329 5453 quo
3358 5382 3485 5433 tum
3504 5377 3728 5450 gavisus

2116 5477 2294 5533 fuerit
2338 5476 2490 5530 solus
2515 5474 2700 5545 Hugo,
2725 5472 3080 5542 Sanctusque
3108 5487 3174 5525 ac
3218 5468 3426 5541 reliqui
3456 5469 3579 5540 ejus
3591 5466 3728 5522 socii

2127 5564 2440 5633 caruerint,
2471 5566 2535 5619 ut
2551 5561 2817 5636 proinde,
2843 5559 2890 5615 si
2910 5558 3083 5616 verba
3108 5556 3382 5631 Guigonis
3424 5572 3494 5613 eo
3525 5555 3724 5625 modo,
