4224 6058
192 385 309 439 ⁸269

1783 378 1963 437 ACTA

3429 395 3534 452 270

185 525 312 581 quo
359 505 751 564 verosimilius
796 506 1032 577 debent,
1094 500 1515 582 intelligantur,
1578 506 1822 566 Sanctus
1843 503 2145 576 Acharias
2163 503 2577 568 Benedictusin
2609 507 2853 568 metrica
2871 507 3049 569 Sanct
3094 515 3280 575 nostri
3305 514 3531 589 Vita,iis

190 602 421 665 noster,
453 615 587 652 cum
620 598 692 652 ad
712 598 1017 669 Hugonem
1048 598 1645 671 GratianOpolitanum
1676 598 1821 670 epis-

180 703 409 760 cOpum
430 688 688 753 accessit,
719 687 1041 742 sacerdotio
1076 687 1337 742 initiatus
1364 689 1630 743 nondum
1645 688 1815 743 fuisse

181 776 480 844 videatur,
508 777 616 832 nisi
658 777 832 845 forte,
867 777 1024 849 quod
1066 781 1262 832 tamen
1305 778 1483 833 etiam
1515 778 1812 833 adstruere

182 866 278 921 vix
304 866 520 933 ausim,
553 883 588 921 a
630 866 903 938 Guigoneg
926 867 1114 921 solum
1144 867 1450 939 Hugonem
1502 866 1815 922 sacerdotis

184 955 465 1009 functum
509 954 702 1010 ofﬁcio
744 970 1068 1010 asseverare
1116 955 1272 1022 velis,
1322 972 1440 1011 non
1497 972 1611 1028 quo
1662 956 1815 1010 solus

182 1044 463 1100 sacerdos
493 1047 660 1111 esset,
711 1045 812 1099 sed
842 1045 997 1117 quod
1018 1046 1184 1114 solus
1218 1046 1463 1114 'munia,
1526 1046 1811 1102 sacerdoti

182 1132 627 1201 convenientia,
656 1133 864 1200 obiret,
890 1133 1138 1205 ipsomet
1159 1135 1427 1190 Brunone
1460 1135 1810 1208 reliquisque

181 1223 312 1294 ejus
343 1222 515 1277 sociis
545 1238 665 1293 prae
704 1222 1029 1278 humilitate
1083 1223 1371 1297 aliavejex
1402 1241 1571 1280 causa
1625 1226 1696 1279 ab
1746 1224 1814 1279 iis

181 1310 636 1366 abstinentibus.
694 1312 813 1378 Ast,
868 1311 1115 1384 inquies,
1166 1311 1407 1368 Sanctus
1453 1313 1511 1367 in
1550 1314 1811 1385 pluribus

180 1401 371 1455 titulis
400 1400 741 1455 funebribus
758 1400 1017 1455 Ecclesiae
1038 1417 1253 1468 murus,
1287 1402 1660 1457 ecclesiarum
1690 1403 1804 1469 lux,

181 1488 538 1560 metropolis
556 1486 854 1543 Remensis
880 1489 1170 1557 columna,
1204 1490 1379 1545 etiam
1397 1494 1533 1546 ante
1563 1491 1805 1547 suumin

178 1593 459 1632 eremum
483 1577 793 1632 Carthusiaa
814 1594 1121 1647 secessum,
1168 1579 1569 1649 exstitisse,aut
1597 1580 1807 1635 diserte

178 1667 488 1735 asseritur,
526 1670 627 1721 aut
656 1669 809 1721 certe
851 1684 969 1722 non
997 1668 1235 1723 obscure
1286 1668 1565 1725 innuitur.
1599 1670 1806 1725 Fateor

178 1756 261 1811 sic
286 1757 509 1810 habet:
539 1756 753 1810 Verum
784 1756 985 1828 quidni
1004 1757 1184 1813 titulis
1209 1758 1541 1830 hujusmodi
1595 1758 1804 1815 conde-

1918 601 2074 665 ante,
2094 615 2220 671 quas
2242 599 2426 671 pridie
2456 602 2651 657 Sancti
2683 600 3131 677 nostri'ejusque
3155 607 3443 664 sociorum
3471 608 3532 667 in

1917 702 2181 741 eremum
2210 706 2460 744 secessus
2506 691 2611 745 hos
2638 690 2790 746 inter
2819 694 2877 746 et
2918 691 2975 747 S.
3025 694 3330 766 Hugonem
3372 701 3534 769 gesta

1918 774 2180 843 adstruit,
2213 779 2478 846 narratis,
2519 796 2638 833 non
2685 780 2923 835 obscure
2973 781 3210 852 indicat,
3258 787 3531 859 quapiam

1919 862 2094 917 etiam
2131 864 2441 921 Carthusiae
2485 867 2810 923 solitudinis
2839 869 3227 944 descriptione
3281 875 3525 947 adjecta.

1915 950 2139 1020 Versus,
2172 954 2378 1026 quibus
2415 954 2474 1009 in
2500 958 2851 1028 exsequitur,
2878 959 2989 1013 huc
3022 962 3365 1019 transcribo.

1986 1041 2111 1095 445.
2133 1040 2370 1097 Summis
2379 1061 2645 1118 quumque
2644 1046 2796 1117 fugis
2806 1049 3024 1118 afferret
3039 1048 3260 1122 Jupiter
3270 1053 3516 1123 tet/iram,

1984 1129 2166 1203 Atque
2192 1132 2388 1188 diurna
2399 1152 2533 1190 novo
2561 1136 2667 1191 sole
2685 1134 2969 1193 intervalla
2999 1140 3251 1209 redirent,

1981 1218 2221 1277 Mandat
2250 1239 2406 1294 equos
2438 1224 2654 1296 prasul,
2694 1225 3081 1299 pulmentaque
3119 1229 3289 1285 multa
3322 1232 3525 1304 parari

1980 1309 2164 1383 Atque
2181 1312 2285 1382 legj
2301 1315 2473 1368 varios
2489 1314 2683 1384 fabrili
2707 1332 2770 1368 ex
2799 1321 2915 1370 arte
2942 1319 3250 1388 magistros.

1982 1397 2179 1454 Omnia
2207 1407 2552 1473 suntprtesto,
2587 1409 2808 1458 cursant
2814 1421 2915 1476 per
2944 1410 3085 1460 tecta
3116 1409 3380 1478 magistri.

1981 1485 2248 1544 Carmenta
2274 1497 2324 1545 et
2355 1491 2546 1546 lateres
2575 1509 2638 1546 ac
2663 1491 2813 1563 ligna
2835 1494 3091 1564 feruntur
3116 1504 3329 1552 onusta.

1974 1576 2247 1651 Einnitus
2265 1581 2519 1650 jumenta
2535 1583 2695 1651 gravi
2718 1583 2814 1636 sub
2833 1583 3067 1654 pondere
3093 1587 3334 1642 mittunt.

1973 1666 2102 1723 Jam
2116 1676 2372 1723 montana
2394 1677 2590 1742 petunt
2614 1687 2825 1737 omnes;
2856 1673 2913 1725 in
2932 1672 3139 1727 culmen
3165 1677 3408 1747 apricum

1977 1756 2168 1814 Orbita
2200 1760 2440 1830 difﬁcilis
2464 1761 2597 1831 fert,
2618 1763 2735 1814 ima-
2756 1778 2988 1815 concava
3021 1762 3177 1817 valli:

174 1845 369 1900 corari
401 1845 677 1916 potuerit,
719 1846 875 1917 quod
906 1847 1076 1919 plane
1102 1846 1315 1921 insigni
1347 1854 1494 1905 esset
1535 1851 1659 1904 tum
1699 1849 1803 1905 do-
1830 1845 1882 1905 B
1976 1845 2087 1901 Ora
2105 1854 2321 1919 patent,
2339 1848 2568 1920 jamque
2610 1852 2813 1904 incessu
2850 1850 3199 1920 specvlantur
3222 1851 3292 1906 ab
3329 1852 3439 1907 alto

173 1934 391 1999 ctrina,
415 1950 533 2005 qua
549 1934 850 1989 Remensis
864 1935 1222 2011 aliarumque
1237 1938 1606 1993 ecclesiarum
1621 1939 1803 1994 alum-

174 2039 305 2089 nos,
334 2023 553 2101 Remos
565 2022 637 2077 ad
653 2022 930 2079 Sanctum
954 2026 1306 2080 audiendum
1326 2042 1541 2099 magno
1567 2043 1802 2082 concur-

168 2129 234 2166 su
268 2111 659 2182 conﬂuentes,
675 2113 1126 2180 erudiisset,tum
1152 2114 1329 2170 etiam
1342 2114 1689 2188 virtute,qua
1702 2116 1799 2172 diu

164 2199 478 2255 ecclesiam
528 2202 881 2257 Remensem
936 2202 1208 2258 adversus
1254 2203 1464 2276 impios
1502 2204 1794 2273 Manassis,

164 2288 493 2345 Simoniaci
517 2290 806 2357 antistitis,
837 2293 1079 2346 conatus
1099 2291 1298 2347 fuisset
1330 2292 1573 2347 tutatus?
1587 2293 1797 2365 Nequit

164 2378 366 2451 itaque
435 2377 615 2432 etiam
637 2394 705 2432 ex
748 2378 1041 2433 honorum
1075 2380 1273 2446 titulis,
1318 2380 1524 2452 quibus
1555 2380 1795 2436 Sanctus

158 2468 278 2521 sive
306 2466 372 2521 in
404 2466 664 2522 versibus
690 2466 802 2522 illis
823 2467 1186 2536 funebribus,
1220 2469 1337 2523 sive
1359 2469 1495 2524 alibi
1519 2470 1788 2538 afﬁcitur,

161 2556 492 2628 quidquam
504 2555 728 2610 roboris
739 2557 1010 2611 accedere
1029 2558 1101 2611 ad
1115 2557 1449 2629 opinionem
1460 2576 1606 2631 ,quaa
1620 2559 1790 2614 fuisse

159 2645 329 2699 illum
340 2645 471 2715 jam
489 2648 772 2712 tum,cum
787 2647 859 2700 ad
872 2646 1173 2718 Hugonem
1189 2647 1790 2718 Gratianopolitanum

163 2734 508 2805 episcopum
555 2733 811 2800 accessit,
843 2734 1164 2790 sacerdotio
1213 2735 1526 2803 initiatum,
1570 2737 1787 2805 statuit,

165 2838 229 2875 ac
282 2822 459 2894 proin
502 2838 717 2876 revera
758 2822 918 2877 illum
950 2826 1075 2878 tum
1126 2824 1486 2879 sacerdotem
1523 2825 1789 2881 nondum

159 2909 363 2977 fuisse,
414 2912 591 2981 longe
642 2910 805 2978 mihi,
839 2911 1107 2966 omnibus
1151 2911 1543 2981 consideratis,
1575 2913 1787 2968 verosi-

158 2998 362 3053 milius
388 3002 654 3069 apparet.
690 3000 903 3054 Rerum
959 3000 1033 3054 ad
1072 2999 1347 3055 Sanctum
1401 3000 1786 3073 spectantium

156 3087 379 3141 seriem
414 3086 592 3142 modo
618 3104 1058 3161 prosequamur.
1450 3146 1466 3161 ι

152 3178 181 3243 §
238 3175 442 3230 XXVI.
500 3175 733 3231 Sanctus
786 3175 1090 3232 Carthusiar
1145 3194 1378 3232 eremum
1436 3178 1736 3250 ingreditur
1762 3197 1780 3234 :

597 3266 940 3338 quandonam
973 3266 1027 3320 id
1056 3268 1325 3322 acciderit.

217 3357 353 3412 4-H.
384 3354 531 3411 Cum
560 3355 720 3428 Hugo
752 3356 1321 3430 Gratianopolitanus
1359 3356 1679 3430 episcopus,
1716 3358 1773 3414 S.

150 3443 493 3498 Brunonem
506 3460 714 3516 sexque
731 3445 1044 3515 ejussocios
1073 3461 1246 3517 supra
1276 3445 1777 3519 nominatos,quos

147 3532 465 3602 perstellas
501 3536 748 3604 septem,
773 3533 879 3589 sibi
903 3534 961 3589 in
980 3551 1183 3589 somne
1196 3534 1465 3589 divinitus
1496 3538 1770 3605 ostensas,

150 3618 490 3691 designatos
540 3621 711 3677 fuisse
732 3623 919 3677 nullus
944 3623 1264 3690 dubitabat,
1307 3623 1618 3679 Carthusiae
1646 3642 1770 3680 ere-

150 3725 314 3764 mum
351 3726 454 3763 seu
489 3715 752 3767 montem
779 3727 900 3766 esse
924 3711 1033 3765 illis
1058 3729 1091 3766 a
1121 3713 1237 3767 Deo
1271 3712 1617 3767 destinatum
1653 3729 1773 3767 ere-

150 3798 367 3853 mitieaz
396 3798 531 3853 vita:
578 3799 853 3857 ducendae
905 3800 1311 3873 domicilioque
1367 3801 1768 3856 constituendo

146 3886 362 3953 locum,
403 3891 657 3955 narrata,
684 3905 797 3960 qua
828 3890 1006 3943 Deum
1028 3888 1133 3944 sibi
1159 3889 1216 3943 in
1255 3906 1454 3944 eremo
1484 3889 1581 3944 illa
1611 3888 1771 3945 habi-

143 3975 802 4031 taculumaedificautem
851 3978 1466 4050 conspexerat,visione
1512 3978 1766 4033 edocuis-

137 4068 240 4126 set,
270 4063 588 4135 verbisque
621 4065 823 4133 etiam,
848 4070 910 4120 ut
939 4070 1198 4138 apparet,
1227 4084 1339 4139 quo
1364 4068 1556 4121 locum
1596 4066 1760 4123 illum

135 4152 234 4206 sibi
270 4151 729 4208 inhabitandum
772 4154 1113 4226 deligerent,
1168 4155 1369 4210 fuisset
1398 4146 1765 4225 adhortatus,

132 4256 335 4295 omnes
351 4240 429 4294 illi
445 4245 506 4296 at
520 4242 728 4297 divinae
752 4243 1033 4298 voluntati
1056 4245 1293 4316 obsequi
1313 4246 1370 4298 et
1383 4243 1440 4297 in
1458 4244 1757 4299 horridam

132 4328 506 4383 solitudinem
521 4330 791 4384 secedere
807 4330 1205 4401 paratissimos
1216 4348 1336 4385 sese
1354 4331 1752 4388 exhibueruut.

1969 1931 2263 1990 Planitiem
2284 1943 2459 1999 terra,
2490 1943 2762 2009 turresque
2790 1954 2852 1991 ac
2879 1937 3072 2009 oppida
3101 1940 3327 1995 circum.

1973 2021 2437 2096 Quadrupedando
2460 2042 2617 2097 super
2628 2025 2859 2080 tumulos
2879 2027 2995 2081 hiat
3015 2045 3206 2097 agmen
3231 2044 3506 2102 equorum.

1965 2110 2251 2183 Stapegeri
2262 2113 2478 2185 sudant,
2513 2116 2861 2186 certatimque
2881 2116 2959 2170 ire
2990 2114 3258 2171 laborant.

1964 2198 2060 2254 Ad
2083 2218 2387 2272 supremum
2419 2205 2586 2273 igitur
2607 2202 2824 2258 tandem
2848 2220 3033 2258 venere
3058 2222 3332 2275 cacumen,

1963 2287 2207 2344 Hernica
2254 2306 2386 2344 saxa
2411 2290 2610 2358 vident,
2655 2291 3031 2364 horrentesque
3067 2293 3302 2366 undique
3330 2311 3505 2368 rupes.

1961 2375 2092 2432 Non
2111 2377 2330 2432 arbusta
2358 2378 2466 2433 illic
2490 2396 2581 2433 seu
2612 2379 2758 2448 ligna
2778 2380 3012 2451 ferentia
3033 2387 3285 2439 structus.

1973 2465 2080 2519 Vix
2105 2466 2182 2520 ibi
2206 2472 2331 2520 sunt
2356 2467 2527 2521 herba:
2554 2467 2747 2522 virides
2766 2468 3093 2541 humilesque
3119 2476 3361 2541 genestae,

1922 2554 1927 2560 ’
1960 2551 2038 2606 Et
2069 2553 2255 2609 larices
2266 2555 2512 2628 abiesque
2531 2561 2582 2609 et
2610 2560 2766 2610 tensa:
2779 2557 2835 2610 in
2859 2556 3035 2611 sidera
3056 2560 3254 2631 pinus.

1890 2641 2338 2711 Blomenvenna,
2368 2643 2475 2698 etsi
2509 2642 2579 2698 de
2611 2643 2699 2712 iis,
2728 2661 2857 2717 quae
2883 2644 2977 2699 hic
3002 2645 3073 2701 de
3099 2647 3315 2719 paratis
3345 2648 3507 2721 jussu

1891 2729 2143 2803 episcopi
2173 2730 2364 2786 itineri
2392 2732 2629 2805 sedique
2645 2732 2704 2788 in
2727 2733 3288 2807 Carthusiafigendaa
3308 2755 3506 2795 neces-

1888 2818 2052 2873 sariis
2073 2822 2363 2874 memorat
2383 2820 2744 2889 Benedictus,
2766 2822 2923 2876 nullo
2938 2823 3111 2894 plane
3142 2824 3316 2881 verbo
3338 2842 3505 2883 men-

1888 2905 2109 2962 tionem
2129 2907 2321 2975 faciat,
2347 2909 2650 2980 Hugonem
2678 2912 2878 2965 tamen
2910 2910 3231 2968 antistitem
3250 2914 3503 2973 Brunoni

1888 2996 2123 3068 ejusque
2151 2996 2339 3065 sociis,
2356 2997 2537 3070 qualis
2570 3002 2717 3053 esset
2729 2998 3043 3055 Carthusiae
3073 3002 3343 3070 solitudo,
3368 3021 3499 3062 cum

1885 3085 2095 3140 adituri
2123 3086 2273 3141 hanc
2296 3087 2421 3158 jam
2468 3087 2681 3154 forent,
2714 3088 2795 3141 ita
2823 3092 3209 3161 exponentem
3236 3090 3456 3148 inducit
3484 3111 3499 3151 :

1884 3196 1913 3223 ››
1939 3174 2135 3230 Locus.
2169 3215 2206 3229 ..
2230 3176 2393 3231 vobis
2413 3177 2576 3232 aDeo
2600 3176 2934 3249 designatus
2966 3180 3053 3232 est
3083 3194 3311 3233 eremus
3338 3198 3495 3253 qure-

1881 3263 2015 3318 dam
2064 3263 2122 3319 in
2155 3265 2453 3320 montibus
2497 3264 2806 3334 altissimis,
2862 3268 3301 3340 appellaturque
3346 3270 3492 3326 Car-

1877 3352 2086 3408 thusia.
2121 3354 2328 3425 Ampla
2355 3354 2592 3426 quidem
2622 3354 2723 3409 sed
2744 3354 2973 3426 penitus
3000 3354 3323 3413 inhabitata
3357 3360 3493 3431 [non

1876 3441 2181 3514 habitata],
2212 3442 2346 3498 solis
2370 3443 2507 3498 feris
2531 3443 2747 3514 pervia,
2781 3444 3115 3501 hominibus
3138 3463 3273 3503 vero
3300 3452 3359 3503 et
3380 3466 3490 3505 caa-

1874 3531 2013 3587 teris
2043 3530 2372 3587 domesticis
2420 3531 2816 3588 animantibus
2845 3537 3085 3607 propter
3136 3536 3246 3592 loci
3274 3539 3490 3610 asperi-

1872 3622 2053 3675 tatem
2076 3636 2224 3692 pene
2246 3620 2468 3692 ignota.

1941 3711 2068 3765 446.
2099 3708 2272 3763 »ΑΙιίδ
2291 3711 2348 3763 et
2376 3712 2656 3782 tanquam
2692 3708 2888 3764 excisis
2916 3708 3053 3766 hinc
3081 3709 3215 3767 inde
3244 3714 3486 3786 rupibus

1870 3798 1927 3851 et
1978 3797 2222 3870 scopulis
2278 3796 2728 3864 circumvallata,
2762 3798 3130 3854 infructuosis
3179 3801 3484 3857 arboribus

1867 3885 2104 3953 consita,
2129 3902 2301 3957 supra
2321 3886 2561 3941 modum
2588 3884 2798 3958 frigida
2814 3890 2871 3940 et
2895 3904 3001 3959 per
3027 3888 3314 3959 majorem
3345 3906 3478 3960 par-

1864 3975 1985 4030 tem
2002 3974 2282 4046 temporis
2300 3974 2522 4029 nivibus
2544 3977 2767 4048 operta;
2791 3976 2936 4031 adeo
2954 3976 3129 4032 etiam
3160 3981 3473 4052 praerupta,

1862 4063 2069 4118 sterilis
2100 4067 2157 4118 et
2187 4063 2562 4131 infructuosa,
2593 4067 2656 4118 ut
2685 4064 2826 4119 nihil
2856 4064 2915 4119 in
2938 4080 3007 4119 ea
3037 4068 3137 4120 aut
3159 4065 3269 4120 seri
3291 4068 3477 4124 valeat

1862 4155 1961 4207 aut
1989 4152 2150 4219 meti,
2186 4152 2260 4207 ad
2312 4168 2487 4224 quam
2511 4152 2690 4207 etiam
2736 4155 2821 4207 est
2864 4170 3131 4208 ascensus
3185 4156 3375 4225 gravis
3417 4159 3476 4211 et

1857 4241 2193 4310 laboriosus;
2227 4240 2517 4312 ingressus
2546 4257 2681 4296 vero
2731 4241 2979 4297 difficilis
3010 4246 3068 4298 et
3097 4243 3465 4316 periculosus,

1856 4331 2056 4399 utpote
2081 4327 2236 4382 inter
2248 4328 2387 4382 duas
2413 4327 2576 4383 mirae
2603 4326 2923 4382 altitudinis
2940 4344 3132 4399 rupes,
3156 4346 3282 4402 quas
3314 4332 3467 4385 velut

134 4415 236 4470 Nec
265 4418 527 4471 multum
577 4419 855 4490 temporis
903 4419 1154 4491 fatigatis
1186 4437 1216 4473 e
1270 4419 1359 4474 via
1419 4420 1756 4492 corporibus
1779 4434 1830 4492 D
1854 4420 2025 4471 recte:
2057 4416 2223 4471 lineas
2252 4433 2477 4471 sursum
2494 4434 2553 4471 se
2570 4416 2948 4487 erigentes,in
2973 4418 3202 4472 culmen
3222 4419 3465 4474 tandem

134 4503 186 4558 in
210 4506 531 4578 episcopali
551 4507 784 4576 palatio,
804 4512 1039 4562 curante
1063 4507 1474 4578 benignissime
1492 4509 1751 4579 ilugone,

134 4593 1043 4665 reficiendisimpenderant,cum
1062 4596 1252 4650 itineri
1269 4595 1753 4651 seseCarthusiam

135 4682 718 4749 versuscommisere,
756 4683 1073 4756 ipsummet
1105 4685 1161 4739 S.
1198 4685 1501 4755 Hugonem
1535 4684 1751 4756 episco-

135 4788 263 4841 pum
300 4771 527 4825 socium
561 4788 625 4825 ac
658 4773 933 4827 comitem
962 4773 1066 4827 sibi
1098 4773 1752 4844 habentesadjunctum.

136 4878 162 4910 δ
192 4861 319 4931 ipso
371 4876 627 4931 namque
646 4861 931 4931 .(Hugone
977 4861 1190 4916 scilicet
1218 4862 1751 4932 Gratianopolitano

135 4948 422 5019 episcopo)
462 4950 797 5003 consulente
825 4954 880 5003 et
901 4950 1139 5020 juvante
1173 4968 1236 5004 ac
1269 4950 1585 5005 comitante
1618 4952 1751 5005 Car-

135 5036 329 5091 thusia:
354 5036 730 5090 solitudinem
747 5037 1110 5091 intraverunt
1139 5041 1308 5110 atque
1321 5041 1749 5106 extruxerunt,»

136 5125 321 5195 inquit
362 5124 435 5178 de
455 5123 512 5178 S.
548 5125 815 5180 Brunone
843 5126 1079 5198 ejusque
1112 5127 1280 5181 sociis
1308 5128 1364 5181 in
1391 5127 1583 5181 Sancti
1603 5128 1751 5182 illius

135 5213 400 5273 antistitis
428 5212 542 5267 vita
572 5215 700 5268 loco
764 5232 938 5287 supra
982 5216 1076 5269 cit.
1122 5216 1322 5288 Guigo.
1358 5217 1749 5273 Dubitandum

138 5318 241 5355 non
266 5304 513 5373 apparet
530 5302 669 5373 quin
687 5302 1079 5357 sanctissimus
1092 5304 1182 5358 hic
1206 5307 1409 5376 praesul
1434 5305 1755 5361 necessaria

142 5392 253 5445 tum
287 5390 489 5445 itineri
532 5390 644 5459 isti,
677 5395 802 5447 tum
832 5392 1329 5465 qualibuscunque
1347 5412 1446 5449 seu
1489 5394 1756 5450 domibus

144 5495 231 5533 seu
252 5479 476 5533 cellulis
501 5483 559 5532 et
577 5480 679 5534 sibi
705 5486 763 5537 et
798 5480 1057 5537 Brunoni
1087 5482 1324 5552 ejusque
1348 5483 1513 5537 sociis
1540 5482 1598 5536 in
1628 5484 1758 5538 (lar-

148 5568 340 5622 lhusiu:
369 5584 570 5623 eremo
583 5572 942 5628 cxstruendis
976 5570 1299 5625 necessaria
1322 5570 1534 5641 parari,
1573 5587 1757 5643 eoque

151 5655 353 5713 deferri
383 5657 805 5733 curarit.Atque
834 5662 891 5719 id
931 5659 1124 5732 reipsa
1156 5657 1331 5713 etiam
1382 5658 1620 5727 factum,
1655 5660 1755 5716 Za-

1855 4506 2082 4570 coeunt,
2118 4503 2197 4557 ita
2228 4507 2290 4558 ut
2314 4503 2741 4558 introeuntibus
2760 4504 2987 4559 horrori
3010 4504 3126 4559 sint
3155 4508 3212 4560 et
3229 4507 3464 4563 terrori.

1854 4593 1915 4646 In
1948 4591 2141 4646 medio
2180 4608 2312 4646 vero
2341 4592 2463 4663 ejus
2484 4594 2569 4645 est
2596 4607 2801 4663 parvus
2833 4591 3056 4658 ﬂuvius,
3091 4592 3186 4664 qui
3243 4593 3463 4650 Guanus

1854 4695 2119 4746 uonwus,
2150 4678 2309 4752 quasi
2333 4680 2603 4752 quaedam
2635 4679 2831 4751 imago
2870 4680 3098 4747 mortis,
3141 4680 3368 4751 dicitur,
3397 4701 3467 4740 ex

1854 4768 2354 4823 circumstantibus
2383 4768 2637 4840 undique
2684 4767 2983 4823 montibus
3008 4770 3294 4838 collectus,
3332 4788 3466 4827 cum

1855 4857 2094 4929 strepitu
2110 4857 2361 4912 maximo
2383 4856 2731 4912 torrentium
2746 4861 2846 4911 aut
2864 4857 3270 4913 inundantium
3290 4876 3465 4931 aqua-

1856 4963 1983 5000 rum
2007 4962 2169 5000 more
2202 4946 2404 5011 fluens,
2422 4948 2500 5012 et,
2536 4948 2597 5000 ut
2623 4945 2821 5018 paucis
2849 4961 3041 5016 agam,
3061 4949 3222 5000 tanta
3249 4950 3334 5000 est
3352 4948 3463 5003 loci

1853 5034 2003 5089 illius
2033 5034 2330 5106 asperitas,
2364 5036 2559 5088 tantus
2590 5033 2890 5098 horror,ut
2923 5049 3118 5087 carcer
3142 5032 3333 5104 potius
3364 5038 3465 5089 aut

1850 5123 2167 5195 purgatorii
2198 5124 2372 5189 locus,
2404 5138 2582 5194 quam
2611 5122 2885 5177 humanae
2908 5121 3034 5176 vitae
3064 5120 3462 5178 habitaculum

1853 5211 1962 5266 dici
1989 5211 2183 5282 possit.
2223 5232 2251 5259 ››
2276 5211 2559 5266 Hactenus
2587 5211 3039 5273 Blomenvenna,
3058 5225 3159 5263 sua
3189 5208 3313 5263 haec
3342 5204 3465 5266 fere

1854 5300 2074 5368 omnia,
2098 5304 2161 5356 ut
2209 5315 2328 5354 non
2384 5317 2517 5356 raro
2576 5299 2738 5368 alibi,
2789 5297 3101 5351 ePuteano
3150 5300 3465 5354 mutuatus.

1854 5391 2039 5462 Atque
2069 5390 2148 5446 ita
2167 5388 2404 5463 quidem
2426 5394 2551 5445 tum
2577 5402 2608 5440 e
2630 5384 2968 5451 Benedicto,
2986 5386 3113 5440 tum
3145 5402 3176 5440 e
3205 5386 3476 5443 Blomen-

1856 5496 2066 5547 venna,
2103 5483 2181 5546 et,
2243 5476 2287 5531 si
2320 5478 2477 5546 velis,
2528 5473 2719 5533 etiam
2768 5493 2800 5532 θ
2852 5475 3110 5529 Puteano
3141 5477 3482 5545 generalem

1858 5569 2195 5641 quampiam
2219 5566 2395 5622 modo
2407 5567 2608 5627 habes,
2633 5567 2895 5624 stuidose
2922 5564 3102 5618 lector
3131 5563 3312 5619 eremi
3343 5564 3498 5620 Car-

1860 5655 2065 5712 thusize
2092 5671 2190 5711 seu
2212 5654 2483 5712 notitiam
2512 5666 2617 5707 seu
2648 5652 3136 5729 descriptionem;
3164 5649 3531 5710 distinctam
