4026 6042
496 370 596 431 271

1354 364 1413 424 S.
1445 364 1792 423 BRUNONIS
1832 362 2464 422 CARTHUSIANORUM
2501 364 2966 423 INSTITUTOHIS

3716 376 3818 430 272

500 528 676 600 longe
695 524 881 598 magis
909 526 1080 597 atque
1107 521 1181 578 ad
1211 520 1528 595 precipuas
1553 519 1676 591 ejus
1705 521 1899 592 partes
1910 520 2107 574 exten-
2129 520 2186 580 Α
2208 518 2351 573 Nam
2375 518 2569 574 statim
2594 519 2705 575 alia
2733 522 3028 591 praarupta
3054 535 3227 591 rupes
3253 536 3320 575 ex
3350 520 3461 577 alia
3492 525 3655 595 parte
3696 527 3817 581 tor~

502 634 626 672 sam
657 610 1373 688 suppeditatlnnocentius
1401 610 1455 664 le
1478 610 1697 664 Masson
1726 624 1899 680 supra
1924 607 2110 662 adhuc

502 708 630 779 plus
658 706 836 759 semel
894 702 1159 756 laudatus
1208 700 1306 754 lib.
1343 715 1381 765 1,
1444 714 1570 768 cap.
1603 701 1638 752 2
1692 696 1902 768 operis,
1954 696 2109 767 quod

505 793 724 849 ordinis
757 788 1175 847 Carthusiensis
1216 787 1471 841 Annales
1502 785 1810 857 inscripsit,
1839 801 2109 856 annoque

509 885 640 938 1687
674 880 823 952 typis
837 876 1191 934 Correrianis
1205 874 1471 946 vulgavit.
1501 873 1682 928 Lubet
1701 876 1757 928 et
1767 874 1936 939 hanc,
1954 872 2109 944 quod

502 973 825 1026 Massonum
885 984 953 1022 ex
1009 964 1204 1031 dictis,
1242 963 1303 1017 in
1334 963 1457 1034 ipsa
1511 961 1809 1017 Carthusia
1852 961 2109 1034 pluribus

503 1059 669 1114 annis
698 1058 1152 1120 commoratum,
1201 1067 1520 1123 eorumque
1564 1049 1829 1121 proinde,
1881 1066 2009 1122 quas
2038 1049 2108 1103 de

503 1148 603 1203 illa
643 1145 858 1212 scribit,
901 1142 1162 1215 apprime
1203 1156 1487 1212 gnarum,
1533 1140 1829 1194 auctorem
1873 1138 2106 1205 habeat,

504 1253 611 1291 nec
637 1234 854 1289 dictum
882 1231 1140 1303 ejusdem
1171 1227 1411 1284 Massoni
1425 1228 1575 1298 Opus
1605 1226 1867 1282 omnium
1896 1226 2108 1297 passim

508 1323 779 1380 manibus
807 1322 1048 1386 teratur,
1100 1318 1213 1372 huc
1244 1316 1653 1382 transcribere,
1694 1319 1757 1369 ut
1796 1316 1874 1370 sic
1925 1313 2109 1387 qualis

504 1414 622 1481 illa,
648 1427 775 1483 quae
803 1407 1141 1463 milliaribus
1163 1405 1392 1461 circiter
1426 1406 1629 1460 decem
1656 1421 1756 1459 seu
1775 1404 1959 1460 tribus
1986 1407 2107 1459 leu-

504 1502 582 1557 cis
613 1497 1090 1571 septemtrionem
1115 1511 1307 1549 versus
1323 1493 1902 1564 Gratianopoliabest,
1932 1495 2110 1565 atque

506 1608 540 1646 a
571 1590 779 1645 Sancto
795 1588 990 1641 nostro
1007 1582 1326 1637 inhabitata
1336 1581 1591 1652 primum
1603 1581 2113 1649 fuit,celeberrima

507 1694 737 1734 eremus
765 1675 856 1741 sit,
914 1670 1304 1743 unusquisque
1351 1670 1564 1724 habeat
1601 1669 1661 1724 in
1693 1674 1987 1742 promptu.
2019 1671 2112 1725 His

2209 607 2390 662 rentis
2428 607 2693 680 assurgit,
2737 608 2816 663 ita
2844 612 2907 663 ut
2966 609 3094 663 dum
3124 608 3246 663 ista:
3289 626 3460 681 rupes
3488 628 3547 666 se
3594 612 3818 685 erigere

2208 696 2533 762 videantur,
2574 696 2718 751 utin
2772 696 2960 751 altiori
3001 700 3166 769 parte
3219 697 3521 755 viciniores
3576 701 3817 770 effectae,

2210 785 2371 856 quasi
2401 786 2460 840 in
2478 787 2895 840 mutuosruant
2921 787 3237 858 amplexus,
3255 787 3412 859 quod
3425 792 3580 843 certe
3602 790 3818 845 mirum

2208 875 2427 927 naturae
2462 873 2765 930 artiﬁcium
2797 878 2901 931 est.
2933 875 3088 929 Inter
3112 877 3420 947 utramque
3448 893 3654 949 rupem
3674 895 3823 949 pras-

2198 961 2427 1016 terﬂuit
2476 964 2723 1029 torrens,
2775 961 2968 1034 ibique
3009 965 3121 1017 stat
3150 979 3297 1035 pons
3324 964 3439 1031 ille,
3489 981 3594 1036 per
3641 984 3818 1038 quem

2208 1050 2378 1105 datur
2407 1067 2661 1105 accessus
2686 1068 2753 1105 ex
2779 1054 2943 1121 parte
2973 1050 3129 1105 urbis
3142 1051 3689 1126 Gratianopolitana‘:
3713 1057 3814 1111 ad-

2208 1154 2473 1193 eremum
2498 1142 2557 1194 et
2594 1140 2834 1194 domum
2867 1139 3199 1194 Carthusise.
3247 1139 3467 1197 Ibidem
3498 1142 3673 1198 etiam
3719 1145 3820 1201 do-

2209 1229 2544 1282 munculam
2575 1230 2804 1283 sanctus
2834 1228 3071 1283 antistes
3097 1228 3256 1300 Hugo
3294 1231 3547 1285 construi
3577 1233 3815 1299 curavit,

2210 1318 2272 1369 ut
2296 1319 2484 1370 custos
2506 1317 2563 1371 in
2596 1332 2665 1369 ea
2684 1315 3097 1388 habitaret,qui
3117 1316 3340 1371 aditum
3370 1317 3598 1389 ingredi
3618 1321 3815 1376 volen-

2206 1402 2360 1458 tibus
2412 1403 2755 1459 concederet
2784 1404 2867 1459 vel
2922 1408 3182 1476 negaret.
3238 1406 3421 1461 Media
3455 1407 3679 1462 circiter
3724 1408 3819 1464 via

2208 1491 2362 1547 inter
2389 1495 2631 1563 pontem
2683 1493 2845 1547 illum
2883 1496 2942 1548 et
2969 1493 3210 1549 domum
3251 1493 3565 1551 Carthusiaa
3594 1497 3702 1551 sita
3730 1501 3819 1552 est

2212 1580 2418 1635 domus
2449 1581 2882 1654 Correria3,qua3
2908 1581 2967 1636 in
2999 1582 3504 1639 consuetudinibus
3531 1585 3596 1638 R.
3633 1585 3817 1640 Patris

2210 1669 2485 1741 Guigonis
2514 1671 2731 1725 Domus
2752 1670 2993 1726 inferior
3016 1671 3241 1739 dicitur,
3276 1672 3369 1726 ubi
3387 1676 3727 1743 procurator
3758 1677 3818 1730 et

504 1769 697 1839 itaque
729 1760 1031 1833 descriptio
1074 1761 1170 1814 illa
1196 1758 1382 1813 verbis
1425 1758 1783 1829 concipitur:
1814 1778 1845 1811 «
1878 1761 2113 1814 Eremus
2211 1758 2467 1813 conversi
2500 1759 2572 1813 ad
2588 1776 2713 1813 rem
2734 1759 3081 1813 familiarem
3098 1759 3386 1831 agendam
3414 1762 3814 1829 morabantur;

424 1904 425 1907 η
502 1858 626 1911 haec
654 1855 852 1907 nostra
894 1854 1033 1904 tunc
1061 1847 1347 1917 temporis
1380 1846 1533 1917 (cum
1561 1846 1620 1901 in
1669 1846 1829 1901 illam
1870 1847 2115 1902 Sanctus
2134 1838 2185 1897 B
2213 1848 2271 1899 et
2298 1845 2450 1900 inter
2468 1850 2709 1916 pontem
2730 1847 2893 1901 illum
2924 1850 2982 1901 et
3002 1849 3274 1902 sacellum
3322 1847 3379 1903 S.
3415 1849 3717 1915 Brunonis,
3754 1849 3816 1904 in

502 1960 623 2000 sese
667 1939 905 2009 abdidit)
940 1939 1114 2009 longe
1166 1935 1444 2006 asperior,
1479 1951 1653 2006 quam
1689 1952 1843 1989 nunc
1891 1935 2107 2003 visitur,

502 2030 853 2103 apparebat;
883 2028 1007 2081 erat
1036 2024 1195 2079 enim
1222 2023 1462 2079 omnino
1502 2023 1717 2078 inculta
1741 2040 2110 2096 accessusque

502 2121 624 2192 ejus
653 2119 823 2190 plane
849 2114 1112 2169 difficilis.

570 2209 696 2262 447.
715 2204 915 2259 «Silva:
947 2200 1147 2256 omnia
1174 2200 1296 2255 fere
1319 2199 1698 2271 occupabant,
1744 2217 1872 2272 quas
1908 2202 2110 2270 postea

497 2295 559 2350 in
588 2292 877 2366 plerisque
901 2290 1041 2344 locis
1072 2287 1401 2355 eradicataz,
1432 2287 1492 2341 in
1518 2290 1687 2360 prata
1714 2288 1852 2343 satis
1877 2305 2109 2344 amoena

496 2398 786 2439 conversae
816 2379 1072 2434 fuerunt.
1107 2376 1282 2447 Hujus
1332 2375 1514 2431 eremi
1559 2376 1749 2448 figura
1791 2380 1877 2431 est
1932 2377 2109 2432 veluti

497 2469 733 2542 oblongi
790 2465 1220 2537 amphitheatri,
1272 2464 1504 2519 exclesis
1562 2464 1797 2535 rupibus
1852 2464 2108 2537 undique

496 2559 667 2615 cincti
686 2576 701 2627 ;
716 2558 877 2628 cujus
889 2571 1067 2611 arena
1085 2570 1119 2609 a
1134 2554 1296 2626 parte
1310 2553 1676 2608 meridionali
1691 2554 1866 2626 longe
1880 2555 2110 2626 depres-

494 2649 611 2704 sior
639 2650 742 2714 est,
800 2648 858 2700 et
906 2643 965 2697 in
1012 2643 1257 2697 modum
1310 2641 2015 2713 monticulorumsensim
2048 2661 2106 2698 se

494 2736 743 2792 invicem
772 2731 1172 2803 superantium
1229 2729 1493 2800 assurgit,
1523 2729 1708 2784 donec
1739 2730 1799 2785 in
1828 2731 1974 2799 loco,
2010 2731 2107 2786 ubi

494 2827 579 2879 est
605 2822 775 2877 situm
802 2820 1073 2875 sacellum
1103 2817 1213 2873 divi
1236 2816 1539 2884 Brunonis,
1562 2817 1663 2872 alti
1696 2819 1916 2872 montis
1941 2819 2106 2874 adin-

493 2915 611 2968 star
641 2913 833 2965 erecta
861 2908 953 2974 sit,
989 2906 1087 2978 qui
1117 2906 1312 2961 statim
1349 2905 1653 2976 praeruptis
1697 2906 1818 2961 fere
1872 2907 2108 2979 rupibus

492 3000 794 3056 clauditur.
860 2998 923 3051 In
981 2995 1101 3067 ejus
1168 2993 1371 3049 declivi
1419 2996 1749 3049 constructa
1813 3012 1968 3050 nunc
2023 2999 2110 3051 est

2210 1949 2324 2004 quo
2371 1934 2495 1988 loco
2521 1935 2710 2004 primo
2740 1937 3066 1989 constructa
3095 1935 3203 1990 fuit
3233 1936 3439 1991 domus
3483 1936 3816 2005 Carthusiaa,

2208 2020 2319 2076 iter
2368 2021 2533 2077 unius
2579 2023 2738 2077 hora:
2781 2022 3130 2091 intercedit;
3190 2024 3344 2079 unde
3384 2024 3589 2095 conjici
3631 2027 3822 2095 potest

2209 2112 2426 2181 quanta
2462 2110 2532 2165 sit
2558 2110 2861 2182 longitudo
2900 2128 3090 2166 arenas.
3134 2112 3544 2183 amphitheatri
3574 2113 3754 2169 nostri
3785 2130 3823 2168 a

2207 2201 2371 2269 parte
2394 2199 2760 2255 meridionali
2781 2199 2853 2254 ad
2867 2200 3402 2270 septentrionalem.
3419 2202 3578 2255 Ultra
3594 2205 3821 2256 torren-

2208 2288 2327 2340 tem
2340 2286 2564 2341 videtur
2578 2287 3035 2343 ammnissimum
3052 2291 3577 2358 pratum,vocatum
3588 2290 3820 2344 Valom-

2207 2375 2347 2446 brey
2372 2376 2528 2446 quod
2554 2376 2808 2448 cingitur
2856 2377 3094 2447 rupibus
3121 2376 3335 2431 sensim
3364 2394 3423 2432 se
3456 2378 3702 2434 invicem
3725 2395 3821 2432 su-

2206 2463 2540 2535 perantibus
2566 2469 2623 2519 et
2652 2465 2893 2519 tandem
2918 2465 2977 2520 in
3007 2460 3251 2521 sublime
3303 2470 3473 2538 caput
3503 2466 3664 2538 quasi
3696 2482 3824 2520 cer-

2205 2554 2375 2609 tatim
2427 2555 2842 2619 attollentibus;
2875 2572 3017 2626 quas
3047 2572 3252 2610 omnes
3281 2559 3512 2627 superat
3548 2556 3664 2622 illa,
3689 2571 3822 2627 qua:

2205 2645 2440 2697 vocatur
2469 2628 2890 2710 Charmanson,
2925 2643 2984 2697 in
3038 2644 3197 2714 cujus
3249 2644 3435 2716 capite
3479 2643 3823 2698 latissimum

2206 2733 2437 2800 pratum
2489 2731 2764 2797 cernitur,
2796 2730 2953 2802 quod
2982 2732 3069 2785 vix
3118 2733 3190 2787 ab
3233 2732 3589 2788 Intuentibus
3612 2748 3824 2803 rupem

2207 2818 2376 2873 istam
2404 2835 2434 2873 e
2460 2819 2634 2873 domo
2662 2818 2972 2874 Carthasim
3011 2820 3165 2875 credi
3202 2823 3410 2891 posset,
3437 2837 3567 2875 cum
3601 2821 3673 2875 ad
3694 2837 3826 2875 mo-

2208 2906 2347 2960 dum
2394 2907 2657 2962 dentium
2682 2908 2918 2979 alicujus
2968 2908 3185 2980 scopuli
3214 2907 3516 2963 summitas
3555 2908 3676 2980 ejus
3704 2910 3825 2962 ter-

2208 2996 2422 3051 minari
2452 2997 2731 3052 videatur.

493 3090 700 3145 domus
730 3084 1063 3183 Parthusiae,
1091 3083 1161 3137 ab
1162 3082 1279 3183 “illo
1310 3083 1519 3183 sacello
1549 3081 1766 3183 distans
1792 3100 1860 3137 eo
1900 3084 2106 3182 spatio,
2135 3123 2182 3183 Ο
2279 3084 2405 3183 4ξ9.
2446 3082 2617 3183 «Sed
2648 3082 2914 3183 maxima.
2936 3100 3069 3183 pars
3099 3084 3351 3183 illorum,
3381 3100 3508 3183 quin
3535 3085 3684 3183 ultra
3712 3085 3833 3183 tor-

492 3178 566 3234 ad
596 3175 752 3248 quod
767 3173 1011 3246 pedibus
1045 3170 1473 3227 conﬁciendum
1500 3186 1643 3241 opus
1666 3173 1754 3225 est
1774 3171 2109 3243 sesquiqua-

495 3267 700 3322 drante
724 3264 902 3317 horm.
936 3262 998 3314 In
1032 3259 1231 3314 declivi
1261 3276 1401 3330 ergo
1461 3261 1519 3313 et
1566 3259 1920 3313 submissiori
1946 3263 2111 3332 parte

494 3368 687 3409 arena:
707 3349 887 3405 nostri
914 3350 987 3403 ab
1014 3348 1139 3419 ipsa
1171 3350 1381 3401 natura
1408 3346 1647 3401 formati
1675 3347 2110 3418 amphitheatri,

495 3458 622 3513 qua:
653 3455 786 3509 pars
808 3436 1007 3508 aspicit
1034 3433 1716 3506 meridiem,praaterﬂuit
1737 3436 2116 3502 torrens,fon-

492 3530 644 3583 tibus
673 3544 703 3581 c
736 3524 903 3579 variis
940 3522 1149 3577 deserti
1181 3521 1317 3576 locis
1354 3521 1781 3593 circunquaque
1805 3524 2116 3578 scaturien-

495 3617 649 3672 tibus
705 3616 762 3667 et
816 3612 930 3667 illic
990 3610 1416 3665 conﬂuentibus
1484 3610 1676 3681 primo
1722 3612 2113 3683 compositus;

498 3701 706 3759 deinde
731 3702 802 3755 ab
820 3700 984 3771 aquis
1000 3698 1329 3771 pluviarum
1363 3701 1421 3753 et
1440 3698 1660 3754 nivium
1674 3698 2117 3771 liquescentium

500 3809 567 3848 ex
592 3789 828 3862 rupibus
842 3786 1132 3843 altissimis
1146 3786 1534 3841 deﬂuentibus
1546 3787 2122 3856 tumefactus,amnes

502 3879 824 3935 mediocres
836 3876 1224 3931 communiter
1237 3875 1685 3929 a3mulatur.Sed
1698 3876 1930 3946 quando
1945 3876 2123 3931 abun-

505 3968 702 4024 dantia
723 3964 1040 4038 pluviarum
1062 3963 1399 4033 cst,magnis
1412 3966 1549 4016 tunc
1561 3963 1898 4033 adaequatur
1917 3964 2120 4018 ﬂuviis.

508 4055 772 4124 Optimos
813 4051 991 4104 etiam
1040 4051 1152 4103 fert
1203 4049 1404 4120 pisces,
1466 4048 1564 4119 qui
1618 4052 1813 4105 truttze
1863 4053 2126 4106 saxatiles

512 4144 801 4197 dicuntur.
834 4140 897 4191 In
928 4136 1209 4209 superiori
1234 4153 1367 4191 vero
1390 4139 1577 4209 parte,
1614 4154 1742 4208 qua:
1787 4139 2127 4211 septentrio-

514 4230 659 4285 nalis
676 4225 1047 4297 est,cingitur
1077 4224 1176 4278 illa
1212 4241 1376 4297 rupe,
1399 4241 1529 4297 qua:
1552 4226 1606 4279 le
1637 4225 1736 4280 Col
1764 4230 2019 4293 vocatur,
2067 4227 2127 4283 in

513 4318 675 4390 cujus
691 4315 902 4370 vertice
917 4312 1089 4367 situm
1108 4314 1193 4367 est
1204 4313 1463 4384 amplum
1481 4311 1861 4384 etzamcenum
1873 4318 2125 4386 pratum,

2211 3175 2437 3226 rentcm
2454 3168 2560 3226 sit'a
2573 3175 2725 3240 sunt,
2745 3171 2946 3244 primis
2965 3173 3229 3228 Patribus
3252 3189 3371 3227 non
3397 3173 3587 3227 fuerat
3612 3171 3832 3227 donata

2215 3265 2273 3316 et
2294 3259 2546 3315 termina
2577 3260 2806 3314 illorum
2835 3263 3092 3316 torrente
3124 3261 3558 3328 claudebantur;
3589 3276 3719 3332 quae
3744 3262 3832 3314 ta-

2214 3365 2350 3403 men
2382 3365 2516 3419 pars
2545 3351 2747 3420 postea
2771 3366 2804 3402 a
2825 3348 2930 3420 piis
2957 3349 3324 3403 saecularibus
3352 3348 3463 3403 fuit
3485 3348 3660 3403 domo
3684 3336 3836 3402 ‘Car-

2213 3436 2417 3491 thusiae
2432 3436 2585 3491 dono
2627 3436 2780 3503 data,
2802 3440 2865 3490 ut
2893 3436 3007 3490 suis
3032 3435 3169 3491 locis
3186 3437 3245 3491 in
3273 3436 3522 3490 secundo
3538 3434 3835 3491 volumine

2216 3525 2386 3580 latius
2426 3524 2821 3595 explicabitur.
2871 3525 2946 3577 Ex
2989 3524 3087 3578 illa
3125 3528 3285 3596 parte
3345 3523 3710 3579 meridionali
3758 3524 3838 3580 ad

2220 3612 2637 3668 occidentalem
2695 3613 3069 3683 pergentibus
3111 3614 3303 3668 statim
3341 3614 3621 3667 occurunt
3664 3628 3840 3684 rupes

2221 3700 2511 3755 altissimae
2543 3716 2576 3754 a
2606 3717 2664 3754 se
2695 3699 2943 3755 invicem
2973 3705 3275 3771 separata},
3318 3700 3470 3754 inter
3509 3716 3650 3771 quas
3706 3699 3841 3754 ﬂuit

2221 3793 2449 3843 torrens
2475 3804 2666 3841 versus
2685 3788 3001 3843 urbiculam
3027 3789 3222 3843 Sancti
3236 3787 3523 3843 Laurentii
3548 3787 3617 3841 de
3638 3790 3838 3859 ponte.

2225 3879 2287 3931 In
2320 3876 2481 3946 cujus
2514 3876 2788 3931 torrentis
2812 3878 2939 3948 ripa
2978 3894 3192 3949 magno
3235 3878 3432 3931 labore
3474 3876 3589 3930 sive
3634 3875 3844 3931 evulsis

2222 3964 2337 4019 sive
2367 3963 2536 4017 sectis
2572 3967 2670 4017 aut
2705 3965 2936 4035 pulvere
2985 3965 3362 4020 tormentario
3406 3962 3647 4019 excussis
3696 3962 3848 4018 saxis

2225 4057 2428 4123 aperta
2449 4054 2533 4106 est
2560 4052 2668 4118 via,
2715 4070 2829 4124 qua
2870 4070 2934 4107 ex
2980 4058 3142 4125 parte
3203 4052 3397 4108 Sancti
3437 4050 3726 4107 Laurentii
3770 4052 3849 4106 ad

2228 4140 2588 4196 Carthusiam
2624 4142 2973 4211 pervcnitur.
2998 4142 3212 4196 Exinde
3241 4141 3417 4196 oculis
3442 4157 3501 4195 se
3520 4139 3725 4211 objicit
3754 4156 3852 4194 ru-

2227 4246 2327 4301 pes
2358 4229 2477 4296 illa,
2509 4228 2567 4283 in
2599 4230 2758 4300 cujus
2789 4231 3090 4285 cacumine
3120 4230 3227 4285 sita
3259 4233 3343 4285 est
3373 4228 3638 4302 grangia,
3666 4228 3848 4283 Char-

2228 4320 2506 4372 trousettc
2545 4320 2773 4386 vocata;
2824 4318 2919 4373 ubi
2959 4335 3087 4373 rem
3134 4317 3427 4390 agrariam
3466 4319 3525 4372 et
3568 4332 3847 4389 pecorum

516 4406 673 4479 quod
692 4404 822 4475 rupi
847 4401 927 4456 illi
942 4400 1279 4472 impositum
1303 4404 1388 4456 est
1404 4400 1745 4457 diadematis
1774 4403 1848 4458 ad
1877 4403 2131 4459 instar.A
2155 4411 2208 4471 D
2233 4404 2590 4459 nutrimenta
2605 4405 2824 4476 primos
2836 4408 3033 4461 Patres
3050 4408 3262 4461 locasse
3275 4403 3847 4475 credimus;ibienim

522 4492 734 4550 dextris
777 4490 952 4546 habet
966 4505 1194 4560 rupem,
1245 4504 1372 4559 quae
1404 4490 1640 4544 vocatur
1664 4490 1965 4560 Bovinant,
1994 4495 2052 4547 et
2100 4509 2135 4547 a

521 4579 764 4637 sinistris
805 4577 1002 4645 aliam,
1059 4577 1119 4631 in
1170 4577 1328 4648 cujus
1354 4575 1532 4646 'apice
1557 4576 1737 4649 [(num
1782 4594 1956 4650 rupes
2012 4580 2134 4636 istae

524 4667 685 4743 quasi
715 4682 822 4739 por
846 4665 1060 4738 gradus
1089 4682 1148 4720 se
1178 4665 1423 4720 invicem
1446 4669 1783 4738 superantes
1803 4667 1864 4722 in
1890 4668 2135 4724 sublime

523 4754 850 4828 origuntur)
880 4753 1159 4809 altissima
1182 4753 1280 4809 illa
1304 4770 1499 4826 rupes,
1528 4771 1658 4827 quas
1688 4755 1968 4812 Alienard
1995 4756 2134 4813 dici-

525 4849 640 4913 tur,
671 4843 782 4899 rita
800 4845 905 4898 est.

600 4935 726 4988 448.
765 4952 793 4982 ‹‹
821 4933 868 4985 Α
894 4932 1062 5004 parte
1084 4929 1363 4986 Orientali
1388 4934 1696 5004 assurgunt
1725 4934 1784 4987 et
1806 4949 1866 4988 se
1894 4932 2140 4989 invicem

531 5020 695 5095 quasi
736 5036 916 5074 manu
977 5021 1177 5074 tenent
1225 5018 1515 5075 altissima:
1563 5036 1756 5092 rupes,
1798 5020 1951 5076 inter
2000 5039 2144 5094 quas

531 5110 750 5180 primas
780 5106 1003 5162 obtinet
1033 5106 1152 5175 illa,
1186 5124 1314 5180 qum
1332 5107 1541 5162 dicitur
1556 5109 1610 5163 le
1625 5108 2144 5183 Grand-Son,quod

530 5197 711 5253 lati-ne
742 5198 911 5251 sonat
936 5212 1217 5268 magnam
1247 5196 1664 5264 summitatem,
1705 5197 1841 5269 quia
1878 5199 2143 5254 omnium

532 5284 766 5358 rupium
792 5283 1380 5351 eenseturaltissima;
1413 5287 1469 5338 et
1486 5284 1562 5339 sic
1585 5284 1643 5339 in
1674 5284 1915 5341 modum
1947 5303 2144 5343 muro-

536 5389 669 5428 rum
700 5388 760 5426 se
784 5371 1143 5442 protendunt
1160 5388 1332 5443 rupes
1362 5372 1494 5440 illae,
1524 5373 1709 5429 donec
1728 5374 1803 5429 ad
1817 5375 2026 5444 locum,
2048 5376 2143 5431 ubi

539 5476 693 5515 nunc
724 5462 810 5513 est
834 5475 979 5531 pons
1000 5460 1333 5528 Carthusiae,
1366 5477 1471 5532 per
1498 5466 1855 5533 praeruptum
1884 5464 2143 5535 principi-

541 5549 688 5603 tium
710 5547 1063 5615 deficientes,
1104 5548 1429 5620 ingressum
1475 5550 1549 5605 ad
1588 5567 1852 5605 eremum
1883 5553 2147 5625 aperiant

541 5633 777 5709 triginia
797 5638 896 5691 aut
921 5635 1306 5710 quadraginta
1320 5638 1496 5711 pedes
1518 5640 1926 5697 tantummodo
1939 5642 2140 5698 latum.

2234 4495 2368 4547 sunt
2398 4495 2565 4564 prata
2591 4496 2649 4547 et
2666 4510 2877 4566 pascua
2906 4494 3283 4566 amplissima,
3319 4496 3375 4548 et
3408 4492 3533 4564 agri
3585 4491 3847 4564 quidam,

2236 4581 2335 4652 qui
2363 4582 2709 4636 sculcantur.
2738 4583 2997 4654 Pergunt
3019 4582 3096 4636 sic
3122 4598 3424 4637 murorum
3450 4580 3524 4635 ad
3548 4580 3729 4635 instar
3755 4596 3855 4635 ru-

2234 4669 2395 4741 pium
2417 4668 2664 4723 invicem
2681 4687 2739 4725 se
2759 4671 3121 4743 tangentium
3136 4670 3295 4738 situs,
3311 4669 3496 4725 donec
3510 4667 3857 4741 perveniant

2238 4758 2311 4812 ad
2341 4773 2493 4825 eam,
2523 4757 2611 4812 cui
2648 4759 3083 4832 supereminere
3117 4759 3365 4813 diximus
3391 4756 3729 4812 altissimam
3760 4773 3857 4810 ru-

2237 4862 2376 4920 pem
2409 4846 2479 4901 de
2504 4846 2779 4901 Alienard
2811 4849 2869 4901 et
2907 4846 3323 4920 amphitheatri
3367 4845 3546 4901 nostri
3573 4843 3853 4899 circulum

2239 4933 2680 4989 claudant.Illud
2692 4938 2887 4990 autem
2901 4935 3061 5007 quasi
3073 4934 3333 4990 medium
3345 4936 3501 4990 secat
3512 4933 3855 4988 interﬂuens

2241 5023 2689 5096 amniculus,qui
2718 5040 2752 5078 a
2775 5024 2937 5079 fonte
2967 5024 3161 5079 Sancti
3193 5021 3474 5078 Brunonis
3505 5024 3699 5076 ortum
3712 5021 3859 5077 acci-

2240 5111 2408 5185 piens
2430 5116 2489 5167 et
2518 5129 2695 5185 aquas
2725 5112 3045 5167 vicinarum
3070 5112 3303 5186 rupium
3335 5111 3514 5166 etiam
3544 5109 3851 5183 recipiens,

2244 5218 2278 5255 a
2306 5202 2469 5271 parte
2505 5201 2943 5273 septentrionali
2976 5218 3156 5273 usque
3182 5201 3255 5255 ad
3279 5199 3722 5255 meridionalem
3753 5197 3858 5252 de-

2244 5286 2419 5354 ducit,
2435 5286 2690 5342 donecin
2719 5291 3040 5343 torrentem
3053 5288 3555 5359 mergatur.Porro
3583 5284 3641 5339 in
3656 5288 3855 5342 nostro

2245 5376 2674 5447 amphitheatro
2704 5394 2738 5432 a
2768 5382 2996 5445 natura,
3048 5381 3111 5431 ut
3148 5376 3417 5444 diximus,
3449 5375 3698 5446 oblonge
3731 5374 3855 5429 for-

2245 5468 2426 5533 mato,
2452 5468 2569 5520 tres
2618 5464 2868 5521 distincti
2900 5466 3112 5538 gradus
3138 5464 3470 5520 elevationis
3496 5461 3855 5517 intuentibus

2246 5556 2549 5626 apparent,
2582 5554 2640 5608 in
2669 5571 2918 5627 quorum
2941 5554 3199 5609 inferiori
3230 5555 3363 5607 sunt
3383 5556 3549 5625 prata
3578 5549 3850 5617 virentia,

2245 5642 2305 5699 in
2340 5642 2590 5701 secundo
2613 5642 2766 5703 silvae
2805 5642 3038 5705 annosis
3066 5640 3367 5703 arboribus
3414 5639 3681 5707 refertae;
3718 5654 3851 5715 qua:
