4224 6058
192 279 297 333 273

1764 274 1946 334 ACTA

3407 283 3512 338 27'1-

187 401 343 455 silva:
374 400 436 454 in
471 400 710 455 modum
728 400 1095 473 amplissima?
1128 399 1288 455 facias
1319 401 1509 455 locum
1533 400 1803 473 cingunt.
1827 407 1879 465 A
1906 401 1963 457 S.
1990 402 2271 457 Brunonis
2307 401 2362 456 in
2399 402 2773 474 Carthusiam)
2813 421 2943 459 cum
2985 405 3173 461 verbis
3213 405 3508 478 Guigonis.

183 489 376 544 Tertio
400 489 651 561 denique
667 489 925 543 visuntur
952 507 1142 561 rupes,
1174 507 1301 562 qua:
1342 507 1448 562 per
1480 489 1803 562 inaequates

188 577 559 633 summitates
571 566 840 633 'stridoris
860 578 1122 634 dentium
1147 578 1476 633 abinvicem
1500 580 1806 649 paululum

188 667 599 724 distinctorum
624 668 873 741 speciem
897 671 1125 739 gerunt.
1148 688 1176 718 »
1203 668 1331 722 Haec
1354 670 1439 722 est
1455 684 1706 735 eremus,
1744 666 1804 721 in

185 774 369 830 quam
399 760 649 824 sanctus,
684 773 815 811 cum
839 756 1009 830 plane
1023 757 1208 812 adhuc
1234 759 1382 811 esset
1412 756 1648 823 inculta,
1683 772 1805 811 sese

182 864 304 901 una
320 863 456 901 cum
486 863 582 901 sex
597 846 762 900 sociis
793 846 923 914 suis,
959 846 1282 913 Landuino,
1315 846 1539 901 duobus
1563 845 1806 916 Stepha-

182 936 296 1003 nis,
332 936 614 1007 Burgensi
644 951 711 989 ac
749 934 960 1001 Diensi,
1010 935 1270 1007 Hugone,
1302 935 1534 990 Andrea
1565 937 1623 989 et
1653 934 1801 988 Gua-

181 1026 342 1092 rino,
373 1042 497 1079 sese
522 1025 759 1096 recepit,
775 1025 1087 1080 comitante
1111 1041 1209 1079 eos
1230 1024 1470 1096 Hugone
1511 1023 1809 1078 Gratiano-

187 1114 457 1187 politano
488 1112 1233 1186 episcopo,necessariaque
1248 1116 1374 1168 tum
1402 1111 1597 1181 victui,
1629 1116 1693 1167 ut
1719 1128 1816 1185 ap-

187 1206 385 1273 paret,
420 1206 543 1257 tum
572 1201 932 1267 habitaculis,
976 1201 1034 1256 in
1066 1202 1273 1273 quibus
1299 1200 1652 1257 commorari
1676 1217 1808 1274 pos-

187 1295 349 1358 sent,
382 1290 739 1346 aadiﬁcandis
766 1290 1193 1364 suppeditante.

266 1383 361 1435 50.
392 1381 474 1434 Ac
503 1379 697 1434 statim
734 1379 969 1451 quidem
1020 1378 1166 1446 illos,
1211 1382 1381 1450 atque
1419 1396 1684 1435 eremum
1726 1378 1814 1434 in-

186 1468 377 1540 gressi
407 1470 619 1535 essent,
639 1466 798 1539 operi
818 1484 1059 1523 manum
1079 1467 1816 1533 admovisse,indubitatum

189 1561 465 1630 upparet.
497 1557 711 1611 Verum
738 1557 845 1611 hac
872 1557 943 1611 de
974 1573 1036 1611 re
1065 1557 1216 1611 infra
1242 1557 1498 1612 tractabo
1525 1575 1542 1621 ;
1576 1574 1728 1612 nunc
1756 1557 1815 1611 in

187 1649 448 1719 tempus,
492 1662 607 1718 quo
654 1643 893 1699 Sanctus
924 1645 1158 1717 ejusque
1189 1643 1325 1700 socii
1376 1645 1447 1700 ad
1489 1646 1814 1716 Hugonem,

1905 493 1989 546 Ita
2018 492 2271 564 loquitur
2316 512 2348 546 «
2379 492 2540 565 Hugo
2582 492 3163 567 (Gratianopolitanus
3196 496 3512 569 episcopus)

1910 602 1937 631 «
1961 581 2182 636 duobus
2213 585 2342 654 post
2372 583 2865 638 consecrationem
2892 605 2919 633 ››
2956 583 3097 655 (haec
3122 585 3321 639 Romae
3338 601 3518 648 anno,

1906 669 1986 723 uti
2009 670 2159 724 infra
2191 670 2576 739 docebo,lO8O
2597 671 2760 743 facta!
2776 672 2982 744 fuerat)
3011 695 3038 723 «
3060 673 3298 744 expletis
3328 673 3514 741 annis,

1907 781 1935 810 ››
1955 760 2325 831 comtemptis
2339 760 2626 829 omnibus,
2653 761 2939 817 Casei-Dei
2957 761 3174 818 ordinis
3188 761 3525 817 Cluniacen-

1910 870 1938 898 »
1963 848 2038 903 sis
2060 848 2243 903 factus
2274 852 2359 903 est
2384 850 2721 919 monachus,
2741 849 2820 905 ibi
2846 850 3091 905 novitius
3117 868 3338 906 annum
3360 850 3516 906 vixit.

1912 955 1944 989 »
1975 938 2109 991 Post
2129 938 2238 992 hoc
2263 958 2289 988 θ
2320 954 2417 992 seu
2442 940 2573 1010 post
2598 939 2751 993 hunc
2779 938 3088 994 novitiatus
3110 956 3327 994 annum
3346 943 3521 1012 atque

1914 1024 2057 1079 adeo
2096 1025 2334 1080 tertium
2361 1043 2395 1081 a
2425 1026 2854 1083 consecratione
2881 1028 3143 1082 Romana
3173 1045 3186 1082 :
3225 1028 3522 1099 «Cogente

1914 1133 1942 1163 ››
1968 1114 2240 1185 Gregorio
2270 1114 2534 1186 septimo,
2571 1133 2601 1169 e
2637 1116 3013 1183 monasterio,
3044 1133 3157 1187 quo
3190 1116 3417 1171 fervens
3436 1115 3522 1171 in-

1917 1223 1946 1251 »
1972 1204 2241 1271 traverat,
2272 1203 2584 1259 ferventior
2610 1206 2694 1257 est
2715 1221 2993 1272 reversus;
3020 1221 3125 1276 pro
3139 1206 3384 1260 claustro
3420 1204 3525 1259 cir-

1918 1311 1947 1340 »
1980 1291 2469 1362 cumspectionem
2488 1292 2705 1346 habens
2718 1293 3174 1365 pervigilem”...
3193 1310 3296 1365 pro
3315 1293 3523 1349 abbate

1915 1397 1947 1431 »
1959 1379 2337 1449 justitiam....
2358 1398 2462 1453 pro
2485 1381 2934 1452 congregatione
2956 1384 3054 1435 aut
3082 1381 3529 1454 religiosos,qui—

1916 1487 1944 1516 »
1975 1468 2079 1521 bus
2111 1485 2305 1523 carere
2331 1486 2652 1541 numquam
2699 1470 2897 1537 voluit,
2934 1470 3138 1538 socios,
3172 1473 3269 1525 aut
3301 1470 3527 1525 univer-

1917 1574 1948 1607 »
1980 1557 2159 1611 salem
2188 1557 2667 1624 Ecclesiam..,.in
2694 1557 2779 1613 his
2797 1558 3029 1630 agebat,
3062 1580 3090 1607 »
3126 1577 3224 1613 seu
3273 1560 3353 1614 ita
3383 1562 3532 1615 clau-

1918 1647 2120 1712 strum,
2154 1647 2447 1713 abbatem,
2466 1647 2986 1719 congregationem
3007 1648 3222 1702 habere
3244 1646 3349 1702 sibi
3380 1647 3533 1704 vide-

186 1734 799 1807 Gratianopolitanum
822 1734 1173 1805 episcopum,
1203 1734 1565 1800 accesserint,
1584 1734 1820 1789 Cartbu-
1843 1730 1893 1789 B
1917 1735 2104 1801 batur,
2141 1756 2167 1784 «
2197 1737 2255 1788 et
2279 1751 2427 1801 ecce,
2453 1735 2635 1789 tribus
2667 1736 2917 1789 necdum
2959 1735 3017 1790 in
3040 1736 3370 1807 episcopatu
3403 1741 3534 1808 post

187 1822 293 1877 siae
320 1824 817 1887 eremum,sancto
834 1821 943 1875 hoc
957 1821 1208 1875 antistite
1232 1820 1818 1892 comitante,ingressi

189 1912 458 1985 primum
506 1912 639 1978 sint,
686 1911 1156 1983 monasterioque
1202 1910 1419 1965 ibidem
1474 1910 1818 1966 exstruendo

192 2017 446 2056 manum
480 2000 793 2054 admovere
815 1999 1336 2071 inceperint,unicc
1384 1999 1815 2071 inquirendum.

190 2088 307 2144 Alii
334 2088 396 2143 id
425 2104 580 2143 anno
618 2089 754 2142 1084
784 2087 1001 2141 factum
1042 2090 1320 2154 statuunt,
1355 2087 1450 2143 alii
1475 2090 1678 2142 contra
1712 2104 1818 2161 pro

189 2194 353 2233 anno
390 2178 527 2231 1085
555 2179 653 2231 aut
680 2175 858 2231 etiam
890 2192 997 2247 pro
1031 2192 1188 2231 anno
1216 2178 1350 2231 1086
1387 2177 1708 2231 decertant.
1739 2177 1819 2231 Ac

193 2264 481 2321 Baronius
501 2263 735 2336 quidem
758 2263 951 2319 Sancti
978 2263 1158 2318 nostri
1180 2263 1585 2336 sociorumque
1609 2264 1731 2336 ejus
1746 2263 1821 2319 ad

192 2352 1133 2427 Hugonem,Gratianopolitanum
1146 2352 1816 2425 episcopum,accessum,

191 2442 681 2514 eorumdemque,
714 2441 856 2496 duce
885 2442 1311 2514 Hugone,haud
1330 2442 1549 2496 dudum
1572 2446 1702 2515 post
1730 2458 1818 2497 se-

188 2537 397 2590 cutum
420 2532 482 2587 in
516 2531 877 2587 Carthusiam
904 2531 1227 2603 ingressum
1246 2547 1378 2585 cum
1409 2548 1564 2586 anno
1595 2533 1728 2586 1086
1759 2530 1818 2586 in

192 2623 511 2679 annalibus
524 2620 917 2675 ecclesiasticis
930 2621 1003 2675 ad
1020 2622 1172 2675 hunc
1193 2620 1382 2692 ipsum
1419 2639 1637 2677 annum
1659 2639 1817 2677 com-

187 2713 385 2787 ponit,
413 2712 497 2767 ita
528 2710 747 2765 ibidem
771 2709 1026 2764 scribens
1055 2726 1067 2764 :
1100 2732 1127 2761 ‹‹
1151 2710 1293 2764 Cum
1309 2710 1567 2781 superius
1597 2710 1814 2765 dictum

188 2800 270 2857 sit
294 2818 365 2855 ex
394 2800 575 2855 sancti
606 2797 861 2869 Hugonis
893 2796 1426 2869 (Gratianopolitani
1462 2797 1715 2871 episcopi
1736 2797 1822 2853 ni-

191 2888 438 2959 mirum)
470 2887 611 2942 Vitze
642 2886 799 2953 actis,
842 2885 1029 2957 ipsum
1054 2902 1207 2941 anno
1242 2886 1544 2942 millesimo
1586 2889 1817 2959 octoge-

185 2979 341 3034 simo
357 2980 619 3033 creatum
635 2975 805 3030 fuisse
822 2975 1159 3046 episcopum
1188 2974 1813 3047 Gratianopolitanum,

186 3068 321 3137 post
366 3063 510 3119 duos
545 3078 681 3117 vero
710 3077 897 3115 annos
924 3060 1130 3115 adiisse
1163 3060 1586 3129 Cluniacenses,
1623 3062 1818 3136 ibique

191 3154 499 3208 moratum
517 3167 737 3206 annum
752 3166 953 3216 unum,
981 3149 1115 3204 inde
1134 3150 1203 3204 ad
1217 3149 1610 3221 episcopatum
1635 3168 1821 3207 rever-

188 3258 322 3297 sum
357 3240 419 3295 in
450 3257 518 3296 eo
543 3236 882 3308 transegisse
906 3241 1021 3292 tres
1051 3254 1252 3306 annos,
1281 3239 1814 3310 planuminvenies,

185 3335 355 3386 sexto
389 3346 545 3385 anno
564 3345 597 3383 a
610 3345 710 3383 suo
728 3325 1095 3382 ordinatione
1111 3344 1242 3382 cum
1271 3327 1456 3395 sociis,
1478 3329 1588 3384 hoc
1604 3346 1816 3401 nempe

189 3417 611 3490 ann0,petiisse
626 3415 1006 3472 Carthusiam.
1028 3437 1054 3464 ››
1082 3415 1235 3471 Hane
1256 3416 1458 3488 igitur,
1490 3433 1664 3491 quam
1686 3417 1818 3471 assi-

184 3512 357 3581 gnat,
389 3506 451 3563 S.
492 3505 750 3578 Hugonis
777 3504 1071 3577 sanctique
1104 3503 1386 3559 Brunonis
1431 3521 1495 3559 ac
1527 3504 1815 3559 sociorum

187 3596 316 3668 ejus
356 3595 416 3650 in
448 3610 717 3650 eremum
765 3609 1015 3648 secessus
1060 3593 1342 3664 epocham
1393 3592 1816 3647 eruditissimus

188 3682 499 3738 annalium
544 3681 1060 3737 ecclesiasticorum
1104 3696 1315 3752 parens
1363 3698 1393 3736 e
1442 3678 1499 3735 S.
1540 3680 1812 3753 Hugonis,

188 3770 454 3844 episcopi
493 3768 1032 3841 Gratianopolitani,
1060 3768 1196 3823 actis
1237 3784 1339 3822 seu
1370 3766 1560 3840 potius
1587 3785 1653 3823 ex
1682 3767 1812 3822 Gui-

190 3876 373 3932 gone,
389 3860 591 3932 quinto
617 3857 929 3914 Carthusiaz
944 3855 1259 3928 priore,qui
1272 3858 1481 3911 borum
1497 3860 1695 3911 auctor
1706 3858 1810 3926 est,

189 3948 467 4020 collegit;
495 3965 673 4021 quare
721 3964 852 4002 cum
894 3946 988 4001 hic
1030 3945 1275 4017 scriptor
1315 3947 1440 4000 tam
1471 3945 1526 4000 S.
1563 3945 1809 4016 Hugoni,

192 4055 375 4111 quam
404 4037 465 4092 S.
494 4037 747 4092 Brunoni
769 4035 1004 4109 aequalis
1028 4035 1223 4103 fuerit,
1254 4051 1567 4108 rerumque
1582 4036 1705 4089 tam
1740 4034 1811 4088 ad

190 4134 352 4190 hunc
382 4151 561 4206 quam
592 4135 668 4190 ad
689 4134 850 4189 illum
881 4131 1265 4206 spectantium
1287 4131 1550 4204 apprime
1573 4147 1809 4206 gnarus,

190 4240 300 4279 nec
327 4222 523 4295 aliquo
556 4240 623 4278 ex
673 4222 857 4294 capite
892 4221 1025 4276 fidei
1058 4223 1231 4292 queat
1261 4236 1381 4275 esse
1414 4223 1685 4293 suspectae
1717 4222 1815 4274 aut

1923 1844 1951 1873 «
1974 1821 2309 1876 monasterii
2326 1823 2599 1891 reditum,
2616 1823 2919 1893 completis
2945 1823 3130 1892 annis,
3166 1824 3326 1878 adest
3352 1824 3533 1896 magi-

1919 1930 1947 1960 »
1983 1914 2102 1965 ster
2131 1912 2393 1965 Bruno.»
2426 1912 2711 1967 Hactenus
2758 1910 2959 1983 Guigo.
3014 1911 3293 1967 Baronius
3319 1912 3397 1966 sic
3441 1912 3531 1966 in-

1918 2001 2269 2070 terpretatur
2298 2000 2422 2071 ejus
2441 2001 2703 2067 verba,ut
2717 2000 2878 2071 Hugo
2896 1999 3153 2072 primum
3173 2017 3355 2061 annos
3390 2001 3533 2056 duos

1920 2086 2129 2141 solidos
2149 2090 2276 2159 post
2297 2087 2792 2143 consecrationem
2812 2087 3139 2143 Romanam
3173 2089 3447 2160 exegerit,
3475 2092 3534 2144 et

1919 2173 1978 2229 in
1998 2174 2287 2230 Casus-Dei
2302 2175 2655 2232 monasterio
2674 2176 2909 2232 tertium
2933 2194 2946 2245 ;
2982 2176 3190 2232 deinde
3215 2193 3245 2232 e
3260 2177 3535 2233 Casa-Dei

1920 2262 2373 2336 Gratianopolim
2387 2282 2665 2333 reversus,
2692 2265 2834 2320 alios
2856 2265 2976 2321 fere
2996 2268 3113 2319 tres
3129 2266 3187 2320 in
3203 2265 3535 2339 episcopatu

1920 2351 2180 2422 posuerit
2210 2354 2345 2407 ante
2378 2353 2690 2408 adventum
2710 2353 3011 2409 Brunonis.
3039 2353 3170 2407 Vult
3193 2352 3369 2428 igitur
3401 2356 3535 2410 Bru-

1921 2456 2141 2494 nonem
2182 2441 2255 2495 ad
2287 2458 2419 2496 eum
2435 2443 2678 2511 venisse,
2713 2458 2843 2496 cum
2876 2459 2993 2497 non
3023 2443 3200 2514 longe
3228 2442 3532 2497 erataﬁnc

1903 2526 2060 2582 'anni
2097 2528 2238 2582 sexti
2285 2530 2663 2601 episcopatus.
2697 2530 2892 2603 Neque
2928 2530 3222 2586 immerito
3250 2531 3330 2585 ita
3359 2532 3535 2586 sentit

1920 2614 2308 2688 Guigonisque
2330 2634 2495 2672 voces
2528 2618 2967 2690 interpretatur.
3003 2619 3253 2674 Omnino
3286 2621 3465 2687 enim,
3487 2620 3530 2674 si

1920 2706 2038 2758 tres
2073 2704 2183 2759 «in
2215 2706 2549 2777 episcopatu
2582 2707 2743 2774 anni,
2775 2706 2870 2779 qui
2920 2708 3171 2762 necdum
3196 2707 3468 2778 completi
3500 2728 3531 2760 »

1918 2790 2204 2861 feruntur,
2225 2797 2568 2849 censeantur
2600 2795 2823 2850 fluxisse
2847 2798 2976 2866 post
3003 2795 3257 2850 reditum
3273 2813 3304 2850 e
3325 2812 3531 2851 mona-

1921 2880 2093 2935 sterio
2126 2880 2428 2955 Casus-Dei,
2464 2898 2639 2953 quem
2670 2886 2787 2937 tres
2818 2881 2956 2937 anni
3002 2904 3029 2933 «
3073 2886 3204 2955 post
3231 2899 3530 2938 consecra-

1922 2990 1950 3017 ››
1972 2968 2197 3023 tionem
2216 2988 2246 3020 »
2265 2970 2587 3025 Romanam
2604 2973 3034 3041 praecesserant,
3049 2974 3112 3024 ut
3124 2970 3314 3042 prima
3343 2972 3531 3044 specie

1920 3056 2143 3110 videtur
2162 3059 2451 3127 postulare
2477 3058 2748 3129 Guigonis
2763 3058 2967 3125 oratio,
2989 3075 3083 3113 sex
3102 3058 3264 3130 Hugo
3278 3058 3524 3129 circiter,

1919 3160 2038 3199 non
2072 3145 2368 3215 pauciores
2394 3162 2428 3201 a
2455 3146 2887 3201 consecratione
2930 3163 3108 3218 usque
3139 3146 3213 3201 ad
3244 3146 3528 3205 Brunonis

1918 3232 2229 3287 adventum
2263 3233 2485 3289 duxisse
2518 3251 2702 3289 annos
2733 3234 3147 3290 existimandus
3176 3237 3280 3289 est.
3317 3257 3345 3285 »

1986 3322 2111 3376 452.
2144 3322 2272 3375 Haec
2294 3322 2558 3377 laudatus
2585 3322 2900 3394 scriptor,a
2928 3323 3173 3378 Baronio
3203 3326 3261 3378 et
3283 3324 3527 3382 recitata

1916 3424 1950 3461 a
1979 3425 2037 3462 se
2062 3409 2335 3481 Guigonis
2360 3411 2553 3483 verba,
2590 3411 2867 3482 spectato,
2901 3428 3075 3483 quem
3104 3411 3297 3483 prima
3325 3412 3521 3470 fronte

1917 3494 2186 3567 offerunt,
2218 3516 2405 3566 sensu,
2432 3503 2587 3554 recte
2616 3500 2847 3571 exponi,
2880 3503 2938 3554 et
2959 3518 3024 3555 ex
3055 3500 3143 3570 iis,
3164 3501 3221 3556 S.
3243 3502 3525 3558 Brunonis

1916 3584 1975 3641 in
1994 3585 2306 3641 Carthusiae
2333 3604 2598 3642 eremum
2619 3604 2902 3643 secessum
2920 3606 3053 3643 cum
3066 3607 3219 3645 anno
3244 3589 3378 3644 1086
3400 3608 3520 3647 non

1914 3677 2210 3734 immerito
2231 3674 3066 3745 componi,afﬁrmans.Verum
3082 3693 3213 3731 cum
3227 3677 3521 3734 nihilomi-

1913 3784 2021 3822 nus
2042 3764 2548 3820 Carthusianerum
2610 3763 3001 3835 antiquorum,
3049 3764 3146 3836 qui
3189 3781 3344 3820 anno
3382 3769 3519 3821 108ἰ

1912 3856 2064 3910 hunc
2095 3854 2363 3908 eventum
2394 3849 2727 3917 innexucre,
2784 3850 3046 3923 opinioni
3090 3852 3510 3908 adhaerendum

1912 3945 2162 4008 censeat,
2187 3940 2362 3995 verba
2381 3939 2600 3994 illaalio
2621 3938 2817 4007 modo,
2845 3956 3022 4011 quam
3046 3956 3158 4011 quo
3177 3939 3368 4012 prima
3394 3958 3525 4014 Spe-

1912 4032 1996 4086 cie
2026 4029 2359 4103 accipienda
2382 4027 2661 4103 videatur,
2694 4043 2872 4097 reque
2904 4026 3025 4097 ipsa
3055 4044 3089 4081 a
3120 4027 3364 4083 Baronio
3394 4030 3515 4085 fue-

1910 4120 2030 4175 rint
2057 4122 2310 4191 accepta,
2324 4114 2760 4187 interpretanda
2772 4115 3088 4170 contendit.
3112 4116 3511 4186 «Verum,sub-

1913 4208 1998 4263 dit
2021 4225 2155 4264 mox
2187 4205 2375 4262 verbis
2427 4204 2687 4278 proxime
2738 4204 2849 4259 huc
2904 4203 3282 4277 transcriptis,
3309 4224 3341 4257 «
3372 4206 3517 4277 nihil

192 4293 472 4380 infirmis,
506 4312 631 4369 fieri
663 4293 801 4368 sane
830 4312 916 4367 vix
938 4311 1171 4384 poterit,
1196 4309 1333 4383 quin
1353 4310 1596 4366 Baronio
1621 4327 1810 4366 assen-
1835 4307 1887 4366 D
1914 4317 1942 4346 ”
1976 4296 2131 4368 cogit
2154 4295 2253 4363 ita:
2282 4315 2309 4343 υ
2335 4296 2399 4384 αῖ
2414 4293 2624 4347 “ilicet
2650 4293 2963 4384 Βέὶνοηίυπι
2984 4293 3187 4384 Ed???
3213 4294 3513 4366 ΡΓῖεῖηίδίῖν

192 4398 315 4456 tien
325 4400 470 4455 dum
485 4401 577 4469 sit,
593 4399 827 4456 simodo
846 4399 1261 4471 hicGuigonem
1280 4399 1387 4455 rite
1407 4398 1814 4472 interpretatus

190 4487 286 4556 sit,
311 4488 474 4561 quod
501 4491 808 4561 propterea
820 4504 971 4543 nunc
990 4486 1460 4543 examinandum.

262 4580 397 4633 451.
419 4576 772 4646 Columbius,
805 4576 864 4631 in
888 4594 988 4632 sua
1004 4576 1074 4631 de
1105 4575 1614 4632 Carthusianorum
1636 4575 1813 4631 initiis

192 4666 603 4723 dissertatione
622 4682 783 4720 num.
817 4668 918 4720 102
950 4668 1007 4720 et
1036 4681 1179 4737 seq.,
1207 4665 1522 4720 sententias
1553 4664 1693 4720 duas
1731 4665 1814 4720 di-

188 4772 407 4824 versas,
425 4754 936 4811 Carthusianorum
956 4752 1331 4825 antiquorum
1365 4753 1809 4821 unam,Baronii

191 4844 470 4910 alterum,
494 4843 565 4898 de
594 4858 769 4898 anno.
802 4859 915 4915 quo
956 4840 1014 4909 S,
1059 4841 1248 4898 Bruno
1275 4842 1349 4896 ad
1387 4841 1444 4897 S.
1481 4841 1808 4913 Hugonem,

190 4930 798 5003 Gratianopolitanum
825 4928 1178 5000 episcopum,
1212 4927 1515 4984 accesserit
1540 4944 1715 5000 seque
1751 4927 1810 4981 in

195 5018 520 5075 Carthasim
543 5034 809 5074 eremum
830 5015 1496 5091 receperit,circumferri
1515 5016 1807 5090 praefatus,

194 5107 587 5179 posteriorem
619 5107 887 5181 quidem;
931 5122 1059 5180 qua:
1091 5123 1157 5161 ex
1192 5104 1249 5161 S.
1284 5105 1558 5179 Hugonis,
1592 5105 1809 5161 Gratia-

196 5195 527 5270 nopolitani
567 5194 841 5269 episcopi,
879 5194 1039 5262 actis,
1068 5211 1173 5267 per
1203 5194 1525 5267 Guigonem
1563 5192 1808 5266 scriptis,

198 5301 305 5357 pro
338 5301 497 5341 anno
519 5285 652 5341 1086
666 5286 796 5353 stat,
827 5283 1063 5352 falsam;
1088 5282 1346 5356 priorem
1378 5298 1535 5351 vero,
1561 5299 1689 5355 qua:
1705 5300 1809 5355 pro

201 5390 359 5429 anno
383 5373 523 5429 1084
555 5370 781 5441 militat,
813 5389 1013 5429 veram
1045 5374 1351 5439 asseverat,
1380 5386 1442 5425 ac
1465 5368 1674 5425 deinde
1687 5371 1817 5427 sub-

196 5461 427 5535 jungit:
465 5484 494 5513 «
525 5461 598 5517 Ut
640 5461 762 5517 haec
790 5465 991 5537 aperta
1039 5460 1174 5528 sint,
1218 5475 1346 5530 age,
1393 5474 1817 5530 componamus

207 5554 517 5625 utramque
569 5551 929 5623 (sententiam
978 5549 1198 5608 scilicet
1234 5546 1305 5603 de
1356 5562 1511 5603 anno
1571 5564 1820 5607 secessus

1912 4405 1945 4439 ››
1973 4386 2291 4457 Guigonem
2340 4382 2727 4455 interpretari,
2777 4387 2836 4439 et
2883 4383 3039 4455 quod
3084 4382 3291 4438 dicitur
3338 4389 3523 4457 «post

1914 4497 1943 4524 »
1975 4472 2313 4529 monasterii
2336 4472 2609 4540 reditum,
2640 4493 2668 4521 »
2690 4470 2769 4527 sic
2792 4488 3095 4544 possumus
3114 4488 3426 4544 exponere,
3460 4477 3523 4528 ut

1912 4562 1985 4618 sit
2012 4563 2166 4618 idem
2197 4565 2369 4634 atque
2398 4583 2425 4611 «
2454 4560 2772 4616 secundum
2804 4561 3144 4616 monasterii
3175 4561 3454 4630 reditum,
3497 4583 3521 4614 ι

1911 4669 2011 4708 seu
2038 4652 2252 4719 statim,
2286 4667 2471 4723 neque
2504 4650 2687 4704 multo
2713 4653 2844 4721 post
2874 4649 3216 4706 monasterii
3237 4650 3513 4719 reditum,

1910 4743 1969 4796 et
1996 4742 2120 4796 loco
2153 4756 2271 4794 non
2298 4754 2397 4794 suo
2412 4737 2666 4811 positum
2686 4737 2859 4792 fuerit
2875 4740 3010 4792 ante
3027 4754 3189 4793 voces
3220 4761 3247 4787 ‹‹
3269 4740 3523 4811 comple-

1912 4852 1942 4880 »
1965 4831 2037 4886 tis
2048 4830 2270 4885 annis.»
2301 4829 2483 4901 Igitur
2501 4828 2746 4884 erithasc
2770 4828 3090 4884 sententia:
3129 4851 3157 4879 «
3179 4828 3318 4883 Ecce
3334 4828 3519 4883 tribus

1912 4941 1941 4970 ‹‹
1972 4919 2222 4974 necdum
2251 4919 2311 4974 in
2325 4918 2656 4990 episcopatu
2683 4918 2982 4990 completis
3009 4917 3196 4985 annis,
3217 4917 3377 4971 adest
3399 4931 3527 4968 mo-

1911 5028 1940 5057 »
1972 5006 2099 5062 dico
2130 5011 2259 5080 post
2288 5006 2624 5063 monasterii
2652 5007 2905 5062 reditum
2938 5009 3202 5078 tempore
3237 5001 3524 5075 magister

1914 5115 1945 5148 »
1976 5096 2187 5152 Bruno.
2223 5118 2251 5146 »
2284 5095 2580 5164 Sed,vide,
2607 5097 2705 5170 qui
2738 5096 2987 5151 necdum
3026 5091 3300 5163 completi
3333 5091 3534 5145 ferun-

1912 5186 2026 5252 απ,
2056 5200 2239 5240 annos
2268 5202 2389 5241 esse
2409 5186 2467 5240 in
2496 5186 2828 5261 episc0patu
2854 5186 2983 5255 post
3019 5180 3538 5261 consecrationem

1914 5281 1971 5333 et
1984 5278 2169 5332 Roma
2193 5275 2446 5331 reditum
2471 5274 2707 5347 positos,
2731 5274 2906 5343 inque
2930 5287 3069 5326 cura
3082 5264 3403 5343 episcopali
3435 5260 3555 5315 cot-

1917 5368 2151 5422 locatos.
2184 5365 2329 5422 Nam
2359 5364 2405 5421 si
2436 5364 2508 5420 ab
2526 5364 2781 5435 Hugonis
2797 5360 3238 5417 consecratione
3266 5358 3575 5412 Romana

1920 5472 2153 5511 censeas
2182 5473 2386 5524 annos,
2433 5455 2558 5526 jam
2596 5455 2712 5509 tres
2753 5450 2964 5523 expleti
2995 5452 3185 5516 erant,
3219 5450 3277 5503 et
3302 5439 3599 5531 ([ιιεξιτὶξξδ

1921 5544 2157 5614 ﬂuebat,
2189 5559 2325 5602 cum
2362 5521 2550 5600 Brimo
2571 5521 2849 5617 adipsum
2882 5541 3059 5611 venit,
3091 5537 3334 5603 scilicet,
3365 5528 3470 5582 ut
3512 5521 3617 5580 ἄι-
