4026 6042
420 227 520 280 275

1274 221 1332 278 S.
1365 221 1711 280 BRUNONIS
1739 218 2369 280 CARTHUSIANORUM
2406 220 2872 278 INSTITUTORIS

3629 219 3730 273 276

415 349 579 403 xerat
608 345 810 418 Guigo,
846 367 874 396 ‹‹
896 345 1125 401 Duobus
1144 348 1274 419 post
1302 348 1795 405 consecrationem
1832 349 2021 419 exple—
2042 349 2099 408 A
2121 346 2394 419 Guigonis
2431 349 2609 413 textu,
2643 362 2816 418 quem
2862 362 3034 418 supra
3076 345 3424 411 transcribit,
3471 343 3731 398 voculam

423 460 451 487 ‹‹
483 435 555 490 tis
586 435 773 502 annis,
809 455 836 483 ››
881 434 1041 507 llugo
1074 433 1183 489 fuit
1238 434 1298 490 in
1330 437 1683 492 monasterio
1735 436 2022 492 Casus-Dei

419 523 667 579 novitius
698 540 802 595 per
825 538 1045 578 annum
1077 540 1281 578 unum.
1309 543 1341 577 ιδ
1370 525 1519 580 Talis
1543 528 1647 592 est,
1672 542 1846 598 quam
1878 524 2023 579 reci-

417 612 549 668 tatis
581 628 615 667 a
646 628 704 667 se
735 611 1202 683 Guigonisverbis
1225 612 1555 669 Columbius
1576 613 1821 685 affingit,
1845 614 2023 668 inter-

416 701 663 773 pretatio
685 719 699 769 ;
722 717 923 756 verum
954 700 1202 756 violenta
1226 702 1465 757 omnino
1490 705 1574 757 est
1605 705 1778 775 atque
1804 706 2021 758 coacta.

489 792 615 844 453.
648 791 1047 861 Praeterquam
1088 789 1243 845 enim
1277 790 1432 862 quod
1460 791 1582 846 haec
1609 791 1783 846 verba
1829 810 1860 843 «
1893 791 2027 846 Post

418 878 755 934 monasterii
786 878 1077 933 reditum»
1114 878 1438 951 aGuigone,
1468 879 1563 952 qui
1592 883 1788 935 tamen
1824 878 2025 935 ataxiae

414 967 474 1022 in
506 967 809 1022 scribendo
843 970 1061 1021 temere
1128 967 1546 1023 insimulandus
1590 985 1709 1024 non
1761 972 1865 1036 est,
1898 969 2024 1024 loco

413 1072 531 1111 non
562 1073 663 1110 suo
698 1055 883 1128 posita
913 1072 1053 1121 esse,
1085 1055 1361 1122 adstruat,
1384 1073 1416 1110 a
1442 1056 1765 1124 Columbio,
1790 1061 1870 1123 ut,
1896 1073 2024 1128 quae

413 1161 586 1215 supra
602 1142 878 1211 recitavit,
914 1144 1188 1214 Guigonis
1216 1145 1409 1212 verba,
1450 1148 1636 1201 stante
1663 1146 1860 1213 etiam,
1895 1162 2022 1217 quae

412 1231 470 1288 S.
506 1232 789 1286 Brunonis
828 1231 887 1286 in
921 1232 1285 1287 Carthusiam
1328 1250 1639 1289 secesssum
1697 1252 1850 1289 anno
1890 1235 2023 1289 1084

416 1321 620 1393 afﬁgit,
645 1320 942 1392 opinione,
971 1338 1108 1376 vera
1138 1338 1257 1376 esse
1300 1321 1718 1394 intelligantur,
1770 1322 2023 1377 studiose

415 1409 662 1464 nimium
685 1408 910 1463 videtur
928 1409 1417 1481 qumsita,estque,
1452 1414 1515 1465 ut
1530 1411 1803 1483 reliquos,
1819 1411 2025 1482 quibus

410 1498 654 1565 laborat,
689 1497 942 1552 defectus
987 1498 1276 1564 omittam,
1338 1516 1373 1553 a
1427 1515 1789 1571 quacumque
1820 1498 2026 1553 usitata

415 1603 617 1653 annos,
654 1602 797 1657 quos
821 1585 1072 1656 episcopi
1095 1585 1151 1639 in
1168 1586 1502 1657 episcopatu
1520 1587 1836 1659 exegerint,
1864 1604 2023 1642 com-

2128 437 2428 492 «necdum
2459 455 2490 487 »
2521 452 2625 507 per
2645 451 2905 490 errorem
2939 434 3217 502 omiserit,
3271 435 3357 489 vel
3406 437 3648 499 textum,
3701 446 3732 483 e

2124 542 2238 598 quo
2267 526 2390 580 haec
2416 524 2488 579 ab
2513 525 2694 579 altero
2721 523 2918 578 fuisset
2949 540 3130 590 erasa,
3185 522 3286 578 sibi
3319 522 3733 595 praelucentem

2122 613 2409 679 habuerit,
2440 612 2689 684 hincque
2718 612 2789 666 sit
2820 612 3058 679 factum,
3092 615 3154 666 ut
3181 629 3295 683 quo
3324 610 3597 666 Sanctum
3631 625 3734 663 an-

2126 719 2201 757 no
2239 704 2374 757 1084
2398 702 2454 756 in
2489 702 2800 758 Carthusiaa
2825 718 3091 757 eremum
3124 700 3417 756 secessisse
3452 701 3730 764 tueretur,

2123 790 2353 846 sinistre
2376 790 2746 862 interpretari
2780 793 3011 845 coactus
3041 788 3507 860 fueritGuigonis
3536 786 3735 853 verba,

2126 896 2253 953 qua:
2285 878 2424 934 alias
2457 878 2749 950 aptissime
2796 878 2869 933 ad
2897 878 3172 951 Guigonis
3204 881 3464 932 mentem
3497 876 3577 931 ita
3608 891 3736 947 pos-

2125 970 2258 1022 sunt
2281 966 2512 1040 exponi,
2550 969 2611 1021 ut
2638 970 2693 1022 et
2722 967 2899 1039 Guigo
2932 984 3068 1021 vera
3107 965 3393 1037 scripsisse
3442 964 3735 1035 intelliga-

2124 1060 2238 1123 tur,
2286 1058 2343 1109 et
2402 1054 2683 1127 opinioni,
2735 1072 2862 1126 quae
2916 1054 2972 1109 S.
3020 1054 3304 1109 Brunonis
3334 1054 3391 1108 in
3423 1052 3736 1109 Carthusia:

2125 1160 2389 1199 eremum
2418 1160 2701 1198 secessum
2735 1160 2888 1197 anno
2917 1144 3051 1197 1084
3082 1142 3343 1209 innectit,
3379 1141 3620 1196 minime
3646 1140 3733 1195 of-

2123 1231 2367 1300 ficiatur,
2414 1231 2494 1286 uti
2555 1231 2877 1299 ostendam,
2927 1231 3065 1286 dum
3117 1232 3359 1303 Pagium
3413 1230 3472 1285 in
3526 1228 3739 1285 criticis

2122 1321 2404 1392 tantisper
2432 1336 2778 1375 convenero.

2194 1408 2427 1464 455.Hic
2446 1408 2812 1481 scriptor,qui
2836 1407 3352 1463 contraBaronium
3369 1405 3653 1462 Brunonis
3676 1405 3738 1460 in

2123 1514 2385 1553 eremum
2400 1513 2682 1551 secessum
2714 1514 2813 1551 seu
2846 1497 3067 1551 ordinis
3104 1494 3519 1551 Carthusiensis
3536 1494 3741 1548 funda-

2123 1586 2344 1642 tionem
2387 1602 2541 1641 anno
2588 1588 2722 1640 1081-
2764 1585 2981 1657 pariter
3024 1585 3227 1657 illigat,
3260 1584 3332 1640 ad
3349 1600 3569 1639 annum
3600 1583 3737 1637 1086

409 1673 651 1746 putandi
667 1673 892 1728 ratione
920 1689 1153 1744 prorsus
1170 1673 1378 1728 aliena.
1406 1675 1467 1728 ld
1481 1674 1559 1730 sic
1582 1675 1856 1730 ostendo:
1881 1674 2024 1730 San-
2052 1669 2103 1728 B
2124 1691 2286 1729 num.
2306 1680 2337 1730 7
2355 1674 2433 1729 sic
2454 1674 2650 1729 scribit
2685 1691 2697 1728 :
2729 1694 2759 1726 ει
2788 1673 3208 1729 Baroniusideo
3230 1671 3571 1728 sanctissimi
3588 1670 3740 1726 ordi-

411 1764 569 1816 ctum
588 1764 849 1817 nostrum
866 1761 937 1815 ad
954 1762 1257 1833 Hugonem
1284 1762 1886 1836 Gratianopolitanum
1911 1763 2027 1834 epi-

408 1866 669 1922 scopum,
703 1866 835 1905 cum
867 1849 959 1903 hic
994 1852 1107 1903 tres
1136 1850 1386 1905 necdum
1405 1868 1590 1907 annos
1607 1852 1663 1906 in
1694 1852 2026 1924 episcopatu

409 1937 1030 2011 implevisset,venisse,
1054 1938 1258 2011 Guigo,
1293 1943 1355 1994 ut
1378 1939 1709 1995 Columbius
1736 1942 1874 2008 vult,
1907 1958 2028 1996 ver-

407 2028 495 2084 bis
515 2044 687 2099 supra
720 2026 974 2081 recitatis
1012 2027 1221 2096 tradit;
1246 2045 1374 2100 quaz
1405 2029 1484 2084 ita
1505 2029 1660 2084 idem
1693 2030 2026 2085 Columbius

409 2114 779 2187 interpretari
829 2114 1020 2180 debet,
1051 2117 1114 2169 ut
1130 2131 1233 2185 per
1257 2135 1288 2167 »
1312 2133 1495 2172 annos
1532 2118 1660 2173 illos
1680 2120 1796 2173 tres
1816 2118 1874 2173 in
1911 2118 2028 2190 cpi-

414 2207 684 2275 sc0patu»
707 2203 957 2257 necdum
978 2201 1248 2274 impletos
1264 2204 1664 2276 intelligantur
1678 2206 1877 2275 anni,a
1893 2224 2023 2262 san-

411 2296 503 2348 cto
521 2292 617 2348 illo
635 2291 910 2354 antistite,
940 2307 1071 2345 cum
1092 2308 1249 2348 anno
1277 2295 1411 2348 1080
1432 2293 1668 2349 ineunte
1685 2296 1883 2350 Romze
1902 2294 2024 2367 epi-

412 2398 616 2454 scopus
652 2383 1016 2435 consecratus
1045 2379 1264 2448 fuisset,
1298 2381 1689 2455 GratianOpoli
1725 2384 1797 2438 ab
1816 2384 2024 2450 eodem

414 2487 570 2525 anno
598 2471 732 2524 1080
772 2470 924 2523 ultra
945 2486 1209 2524 mensem
1228 2469 1463 2525 Junium
1486 2471 1611 2542 jam
1630 2475 1898 2543 provecto
1931 2490 2023 2527 us-

414 2575 525 2631 que
542 2558 615 2612 ad
642 2558 780 2612 anni
824 2559 961 2613 1084
983 2557 1242 2624 Junium,
1282 2576 1396 2631 quo
1428 2560 1500 2614 ad
1518 2577 1651 2614 eum
1674 2559 1730 2615 S.
1756 2561 1944 2616 Bruno
1959 2577 2026 2615 ex

417 2645 672 2701 dicendis
703 2644 879 2713 venit,
914 2645 971 2700 in
1004 2645 1315 2719 episcopali
1343 2663 1480 2703 curo
1508 2649 1728 2717 exacti;
1760 2665 1892 2703 cum
1925 2666 2025 2703 au-

414 2737 534 2790 tem
567 2752 601 2789 a
631 2733 809 2805 priori
838 2751 868 2789 e
896 2734 1118 2791 duobus
1140 2734 1295 2790 hisce
1336 2736 1623 2791 chronicis
1648 2736 1912 2791 terminis
1933 2755 2025 2792 us—

415 2840 526 2895 que
555 2822 628 2877 ad
648 2821 1029 2894 posteriorem
1055 2822 1193 2877 anni
1226 2824 1474 2879 necdum
1503 2824 1880 2897 impleti,non
1897 2828 2023 2880 tan-

413 2913 539 2966 tum
570 2913 706 2979 tres,
731 2911 830 2966 sed
849 2914 1096 2983 quatuor
1120 2913 1495 2979 excurrerint,
1529 2930 1596 2968 ex
1630 2913 1783 2969 hisce
1806 2931 2023 2969 annum

410 3017 616 3067 unum,
646 3017 822 3071 quem
871 3001 1033 3072 llugo
1088 3000 1313 3055 interea
1366 3000 1427 3055 in
1481 3002 1770 3058 Casae-Dei
1818 3020 2023 3059 mona-

413 3088 610 3156 sterio,
656 3088 715 3143 in
765 3088 1046 3144 Arvernia
1075 3088 1205 3157 sito,
1238 3089 1484 3144 novitius
1505 3092 1718 3163 absque
1747 3108 1884 3146 cura
1910 3091 2027 3162 epi-

416 3177 628 3249 scopali
663 3177 869 3250 exegit,
895 3177 1193 3245 subducat,
1229 3195 1459 3233 necesse
1499 3182 1604 3246 est,
1646 3183 1709 3234 ut
1734 3179 1812 3234 ita
1839 3200 1869 3232 ς(
1912 3184 2026 3234 tres

416 3266 543 3321 illos
572 3283 757 3321 annos
782 3265 843 3320 in
874 3265 1227 3338 episcopatu,
1262 3285 1295 3319 »
1324 3283 1444 3334 seu,
1471 3270 1533 3321 ut
1553 3267 1810 3339 exponit,
1841 3287 1873 3320 »
1902 3268 2025 3340 epi-

417 3352 630 3424 scopali
660 3369 798 3408 cura
824 3352 1071 3408 necdum
1097 3354 1385 3424 impletos,
1415 3374 1446 3408 ›>
1475 3359 1603 3426 post
1630 3373 1772 3428 quos
1802 3357 1876 3412 ad
1893 3374 2025 3412 san-

418 3444 578 3498 etum
611 3440 773 3496 illum
806 3442 1111 3515 praasulem
1140 3443 1331 3498 Bruno
1348 3444 1590 3512 venerit,
1621 3445 1902 3501 obtineat.

488 3531 613 3585 454.
645 3530 878 3599 Verum,
914 3529 1017 3585 etsi
1049 3530 1284 3602 quidem
1317 3532 1477 3601 anni,
1509 3550 1657 3604 quos
1683 3534 1932 3608 episcopi
1965 3534 2025 3590 in

417 3617 751 3691 episcopatu
786 3617 1105 3690 exegerint,
1141 3636 1259 3674 non
1287 3621 1473 3675 solum
1528 3638 1562 3676 a
1591 3625 1876 3694 tempore,
1911 3642 2025 3696 quo

415 3708 503 3762 vel
527 3706 692 3762 electi
720 3708 805 3761 vel
829 3707 1145 3762 consecrati
1173 3707 1429 3775 fuerunt,
1454 3708 1553 3763 sed
1597 3709 1773 3765 etiam
1814 3712 1885 3766 ab
1933 3728 2023 3779 eo,

418 3811 531 3868 quo
551 3794 678 3867 jam
693 3795 1009 3851 consecrati
1034 3797 1395 3868 episcopatus
1425 3799 1847 3869 possessionem
1868 3799 2025 3854 adie-

415 3885 903 3959 runt,computari
921 3885 1162 3941 subinde
1179 3887 1423 3951 soleant,
1462 3887 1731 3958 nuspiam
1745 3890 1942 3943 tamen
1968 3888 2027 3944 id

414 3973 495 4029 ita
511 3975 729 4029 factum
746 3974 999 4039 invenio,
1028 3978 1092 4028 ut
1104 3974 1263 4042 anni,
1298 3974 1504 4046 quibus
1520 3975 1834 4048 episcopi,a
1847 3994 2026 4050 grege

414 4080 515 4118 suo
534 4063 1022 4128 absentes,curam
1038 4062 1298 4132 ejusdem
1318 4063 1471 4117 haud
1485 4080 1734 4134 gessere,
1758 4082 1823 4119 ex
1837 4064 2023 4134 annis,

416 4148 473 4204 in
490 4147 822 4220 episcopatu
840 4148 1193 4220 exactis,quo
1209 4151 1506 4204 accuratus
1520 4150 1730 4206 horum
1750 4170 2027 4209 numerus

2126 1763 2213 1817 nis
2228 1762 2660 1834 (Carthusiensis
2679 1761 3385 1831 nimirumlfundationem
3400 1761 3457 1815 in
3474 1760 3629 1814 hunc
3642 1777 3741 1814 an-

2125 1868 2265 1906 num
2289 1851 2673 1923 dictulit,quia
2688 1852 2786 1906 Gui
2795 1868 2867 1922 go
2882 1849 3545 1923 scriptorActorumVitm
3566 1848 3742 1903 S.Hu-

2125 1940 2311 2011 genis,
2347 1940 2436 1995 cui
2461 1940 2880 1996 necessitudine
2899 1938 3398 2011 conjunctissimus
3418 1937 3632 2006 fuit,ita
3652 1937 3741 1992 lo-

2125 2029 2315 2099 quiter
2347 2046 2360 2084 :
2396 2030 2591 2101 «Hugo
2606 2029 2827 2083 duobus
2851 2026 3486 2101 postconsecrationem
3501 2026 3740 2099 expletis

2129 2142 2157 2170 α
2178 2117 2722 2189 annis,contemptis
2740 2116 3030 2183 omnibus,
3066 2116 3352 2171 Casaa-Dei
3373 2114 3592 2170 ordinis
3608 2114 3737 2169 Clu-

2124 2226 2157 2261 «
2173 2206 2456 2262 niacensis
2474 2205 2653 2261 factus
2674 2209 2759 2260 est
2781 2206 3117 2261 monachus.
3152 2204 3231 2259 lbi
3250 2204 3496 2260 novitius
3516 2219 3738 2258 annum

2129 2295 2333 2350 «vixit.
2363 2296 2496 2350 Post
2512 2295 2650 2349 hoc»
2686 2294 2803 2366 (seu
2827 2295 3117 2364 posthunc
3142 2292 3449 2349 novitiatus
3491 2309 3735 2358 annum,

2126 2387 2297 2456 atque
2315 2383 2459 2438 adeo
2479 2382 2713 2437 tertium
2731 2381 3312 2451 asuaordinatione)«
3334 2385 3577 2453 cogente
3598 2381 3736 2435 Gre-

2126 2472 2290 2545 gorio
2331 2492 2363 2525 «
2382 2470 2688 2544 septimo,e
2713 2470 3087 2535 monasterio,
3105 2486 3219 2542 quo
3238 2470 3465 2524 fervens
3486 2469 3737 2523 intrave-

2127 2581 2159 2615 α
2189 2558 2619 2630 rat,ferventior
2630 2564 2715 2614 est
2728 2575 3003 2613 reversus.
3015 2559 3128 2615 ..Et
3146 2576 3276 2613 ecce
3292 2559 3471 2613 tribus
3486 2557 3736 2612 necdum

2126 2672 2159 2706 α
2186 2651 2243 2706 in
2275 2649 2604 2722 episcopatu
2630 2650 2759 2720 post
2785 2646 3120 2702 monasterii
3150 2647 3403 2702 reditum
3437 2645 3737 2718 completis

2126 2761 2159 2795 ‹‹
2185 2738 2370 2805 annis,
2402 2737 2562 2792 adest
2606 2736 2886 2807 magister
2921 2736 3165 2792 Bruno.»
3209 2734 3346 2800 Quae
3369 2735 3540 2790 verba
3567 2735 3738 2789 Baro-

2126 2829 2253 2884 nius
2272 2827 2350 2882 sic
2372 2826 2808 2897 interpretatur,
2843 2827 2907 2878 ut
2930 2825 3090 2897 llugo
3111 2823 3361 2895 primum
3386 2839 3570 2878 annos
3592 2823 3736 2878 duos

2124 2917 2337 2972 solidos
2365 2916 2494 2986 post
2517 2913 3011 2969 consecrationem
3060 2913 3279 2980 Romae,
3314 2912 3411 2967 ubi
3444 2929 3512 2967 ca
3555 2912 3730 2977 facta,

2124 3002 2541 3077 exegerit,etin
2561 3001 2841 3056 Casca-Dei
2869 3001 3221 3056 monasterio
3248 3001 3503 3068 tertium;
3525 2999 3735 3054 deinde

2125 3091 2442 3149 aCasa-Dei
2482 3089 2937 3162 Gratianopolim
2972 3106 3251 3157 reversus,
3284 3089 3424 3144 alios
3462 3089 3585 3142 fere
3619 3090 3736 3143 tres

2126 3182 2185 3236 in
2212 3181 2540 3253 episcopatu
2562 3177 2817 3252 posuerit
2838 3180 2973 3232 ante
3010 3177 3323 3233 adventum
3341 3175 3644 3243 Brunonis,
3678 3178 3739 3230 et

2125 3273 2282 3326 sexto
2300 3285 2454 3323 anno
2476 3285 2509 3321 a
2525 3284 2627 3321 sua
2645 3265 3033 3333 ordinatione,
3054 3265 3306 3321 currenti
3333 3282 3567 3337 nempe,
3602 3280 3737 3319 cum

2126 3357 2290 3414 sociis
2311 3354 2671 3412 Carthusiam
2693 3354 2940 3426 petierit.
2976 3356 3060 3410 Ita
3072 3354 3305 3426 quidem
3329 3353 3519 3427 prima
3544 3353 3736 3409 fronte

2126 3448 2282 3502 locus
2307 3444 2399 3500 ille
2431 3443 2799 3516 explicandus
2828 3443 3073 3509 videtur,
3101 3443 3199 3497 sed
3227 3444 3425 3498 charta
3452 3441 3740 3498 fundatio-

2128 3535 2213 3590 nis
2276 3533 2610 3600 Carthusiaa,
2640 3548 2812 3605 quam
2860 3531 3137 3586 Baronius
3167 3548 3286 3587 non
3317 3531 3556 3599 viderat,
3602 3529 3737 3586 huic

2126 3621 2591 3695 interpretationi
2618 3621 2972 3689 adversatur,
3008 3620 3480 3692 demonstratque
3519 3619 3599 3674 ita
3645 3618 3736 3673 in-

2128 3711 2528 3783 telligendum,
2555 3712 2620 3764 ut
2648 3728 2678 3761 ‹‹
2706 3709 2895 3764 Bruno
2927 3707 3400 3781 postmonasterii
3426 3707 3738 3775 reditum,»

2125 3798 2185 3854 id
2209 3802 2314 3867 est,
2347 3798 2541 3853 statim
2578 3798 2665 3852 vel
2688 3798 2857 3869 paulo
2890 3800 3018 3870 post
3062 3796 3135 3851 ad
3166 3796 3469 3868 Hugonem
3494 3795 3735 3864 venerit,

2127 3887 2225 3960 qui
2250 3904 2317 3942 eo
2336 3891 2605 3958 tempore
2636 3886 2885 3941 necdum
2909 3889 3024 3941 tres
3052 3884 3110 3939 in
3133 3885 3464 3957 episcopatu
3479 3885 3736 3955 comple-

2124 3980 2284 4031 verat
2309 3992 2511 4031 annos.
2554 3975 2667 4030 Nec
2691 3974 2890 4041 refert,
2943 3974 3097 4046 quod
3126 3973 3305 4046 Guigo
3341 3973 3513 4043 dicat,
3542 3974 3734 4045 Hugo-

2126 4081 2265 4120 nem
2295 4086 2323 4115 «
2354 4064 2576 4120 duobus
2601 4066 2731 4136 post
2753 4062 3249 4118 consecrationem
3270 4061 3507 4135 expletis
3526 4060 3734 4117 annis»

2126 4153 2478 4209 monachum
2526 4152 2796 4207 induisse.
2838 4152 2983 4206 Nam
3016 4151 3074 4205 in
3108 4150 3516 4206 Dissertatione
3546 4151 3734 4223 Hypa-

414 4238 717 4304 habeatur,
740 4236 1151 4303 subducantur;
1171 4235 1326 4308 quod
1343 4252 1474 4291 cum
1498 4254 1565 4292 ex
1581 4238 1747 4295 dictis
1763 4239 1824 4296 in
1845 4240 2026 4297 inter-
2050 4238 2103 4298 D
2126 4242 2257 4310 tica,
2290 4241 2788 4315 quemadmodum
2840 4243 2898 4296 et
2940 4239 3000 4294 in
3039 4240 3146 4294 hac
3178 4239 3386 4295 Critica
3413 4238 3583 4294 variis
3602 4255 3733 4312 pas-

415 4324 759 4397 pretatione,
792 4323 1065 4396 Guigonis
1085 4325 1270 4380 verbis
1286 4343 1320 4380 a
1337 4325 1638 4382 Columbio
1671 4328 1883 4398 atl'icta,
1901 4330 2026 4387 ﬁeri

415 4413 643 4481 debeat,
685 4416 819 4486 apta
840 4430 977 4468 sane
1002 4414 1126 4468 haec
1152 4413 1307 4469 haud
1337 4417 1596 4487 apparet.
1627 4416 1740 4472 Nec
1767 4418 1841 4473 ad
1869 4436 2023 4488 eam,

415 4504 698 4573 quantum
725 4500 954 4573 opinor,
988 4518 1100 4574 quo
1129 4501 1488 4575 opinionem,
1531 4503 1724 4560 Sancti
1752 4507 1933 4563 nostri
1962 4507 2023 4563 in

415 4588 776 4644 Carthusiam
798 4606 1087 4645 recessum
1119 4608 1273 4646 anno
1309 4593 1445 4646 1084
1475 4591 1800 4665 illigantem
1830 4600 2021 4651 tuere-

413 4681 528 4745 tur,
560 4694 891 4735 recursurus
919 4680 1119 4735 fuisset
1149 4680 1395 4753 ipsemet
1428 4682 1780 4755 Columbius,
1814 4686 1859 4741 si
1898 4704 2023 4743 om-

410 4767 508 4823 nia
531 4770 591 4823 et
612 4767 839 4837 singula
870 4770 1065 4837 verba,
1096 4770 1304 4842 quibus
1329 4774 1579 4846 tempus,
1615 4791 1649 4829 a
1675 4774 1731 4829 S.
1784 4776 2023 4848 Hugone

411 4860 541 4930 post
564 4857 948 4929 episcopalem
979 4858 1433 4929 ordinationem,
1485 4865 1799 4935 antequam
1838 4864 2021 4920 Casa:-

409 4944 511 5000 Dei
533 4946 950 5002 monasterium
975 4950 1219 5020 peteret,
1253 4952 1514 5005 exactum
1550 4967 1583 5005 a
1614 4951 1875 5023 Guigone
1897 4956 2021 5008 tum

406 5034 559 5105 apud
614 5034 868 5102 Surium,
923 5039 1045 5090 tum
1095 5037 1250 5109 apud
1289 5054 1393 5092 nos
1427 5040 1569 5093 tom.
1602 5039 1857 5112 IAprilis
1883 5058 2019 5113 pag.

405 5122 477 5177 40
533 5122 824 5192 definitur,
853 5140 972 5196 prae
1018 5125 1197 5180 oculis
1240 5124 1554 5181 habuisset.
1598 5128 1825 5183 Etenim
1871 5127 1916 5183 is
1959 5128 2017 5187 S.

405 5210 661 5282 Hugonis
681 5211 1033 5284 biographus
1065 5212 1283 5268 ibidem
1310 5231 1430 5269 non
1458 5214 1615 5283 dicit,
1652 5217 1854 5288 «Hugo
1876 5217 2016 5273 duo-

404 5296 529 5366 bus,
580 5299 682 5355 sed
734 5300 896 5373 Hugo
942 5318 1157 5356 NECDUH
1213 5302 1439 5357 duobus
1470 5306 1599 5375 post
1634 5304 2017 5361 consecratio-

402 5403 539 5440 nem
594 5388 832 5460 expletis
882 5389 1116 5446 annis...
1176 5389 1467 5446 Casus-Dei
1517 5391 1737 5448 ordinis
1789 5393 2014 5449 Clunia-

398 5473 583 5529 censis
633 5476 813 5532 factus
852 5480 937 5532 est
984 5479 1326 5547 monachus,
1355 5499 1388 5533 »
1439 5483 1502 5534 ut
1552 5481 1637 5534 vel
1674 5481 2007 5537 Columbius

2126 4331 2235 4387 sim
2284 4329 2631 4386 testimoniis
2670 4329 2915 4397 ostendi,
2967 4328 3274 4399 scriptores
3318 4327 3408 4384 his
3460 4326 3735 4401 loquendi

2126 4420 2389 4475 formulis
2435 4439 2468 4473 «
2497 4419 2679 4474 tribus
2727 4417 2892 4473 annis
2949 4417 3165 4489 elapsis
3192 4437 3223 4471 »
3274 4418 3364 4473 vel
3416 4440 3443 4469 «
3478 4416 3731 4473 triennio

2124 4512 2443 4565 transacto»
2465 4507 2817 4563 similibusve
2846 4522 2996 4579 saepe
3036 4506 3358 4579 intelligere
3388 4524 3572 4563 annos
3618 4508 3735 4561 tres

2124 4598 2392 4671 utrinque
2446 4596 2847 4667 incompletos,
2898 4598 2955 4649 et
2992 4595 3294 4650 biennium
3353 4612 3579 4652 sumere
3626 4610 3732 4667 pro

2124 4687 2293 4742 unico
2325 4702 2501 4751 anno,
2536 4684 2581 4739 si
2611 4700 2701 4739 res
2734 4700 2947 4756 nempe
2973 4682 3031 4738 in
3071 4683 3185 4739 fine
3217 4684 3384 4741 unius
3410 4685 3639 4757 incepta
3676 4684 3734 4738 et

2122 4775 2288 4831 initio
2312 4773 2601 4846 sequentis
2630 4773 2892 4828 absoluta
2916 4772 3108 4827 fuerit.
3130 4791 3160 4825 ν

2195 4865 2319 4918 456.
2352 4865 2436 4917 lta
2453 4863 2732 4917 hactenus
2763 4860 2990 4932 Pagius,
3012 4861 3128 4934 qui,
3163 4878 3518 4934 quamquam
3550 4862 3734 4936 plera-

2123 4968 2233 5024 que
2260 4968 2362 5006 sua
2389 4967 2420 5005 e
2447 4949 2770 5018 Columbio,
2803 4948 2884 5004 uti
2915 4949 3084 5021 hujus
3113 4949 3376 5022 illiusque
3404 4951 3579 5006 verba
3596 4967 3734 5006 con-

2120 5039 2329 5095 ferenti
2355 5040 2628 5110 patescet,
2657 5040 2948 5093 mutuatus
2972 5038 3066 5093 hic
3093 5038 3183 5107 sit,
3208 5039 3279 5093 ab
3311 5055 3380 5094 eo
3409 5042 3606 5094 tamen
3624 5056 3730 5095 no-

2121 5127 2400 5183 minando
2433 5126 2843 5182 abstinendum
2875 5126 3054 5181 duxit.
3082 5126 3453 5182 Feceritneid
3482 5142 3587 5199 pro
3609 5143 3733 5182 mo-

2116 5231 2180 5270 re
2213 5231 2336 5281 suo,
2361 5231 2474 5286 quo
2505 5217 2766 5269 auctores
2803 5214 2924 5269 fere
2946 5215 3263 5284 dumtaxat,
3293 5215 3433 5271 dum
3459 5232 3556 5272 eos
3572 5216 3728 5271 refu-

2119 5305 2225 5370 tat,
2258 5302 2565 5358 nominare
2588 5303 2754 5372 solet,
2779 5320 2852 5359 an
2888 5304 3044 5377 quod
3075 5304 3496 5377 aliquantulum
3548 5304 3728 5361 etiam

2114 5408 2149 5447 a
2179 5390 2480 5448 Columbio
2528 5391 2848 5462 dissentiat,
2880 5396 3249 5467 compertum
3307 5394 3463 5450 haud
3507 5394 3718 5450 habeo.

2109 5479 2319 5536 Verum
2351 5483 2505 5536 utut
2551 5480 2642 5549 sit,
2692 5498 2755 5537 re
2817 5481 3087 5554 equidem
3140 5500 3273 5539 vero
3332 5500 3366 5537 a
3423 5483 3726 5539 Columbio
