  <div class='ocr_page' id='page_1' title='image "/cluster/home/n/w/nwhite01/storage/ocr_20150623/152/hvd.32044054760103/144.png"; bbox 0 0 4224 6058; ppageno 0'>
   <div class='ocr_carea' id='block_1_1' title="bbox 253 249 366 301">
    <p class='ocr_par' dir='ltr' id='par_1_1' title="bbox 253 249 366 301">
     <span class='ocr_line' id='line_1_1' title="bbox 253 249 366 301; baseline 0 0"><span class='ocrx_word' id='word_1_1' title='bbox 253 249 366 301; x_wconf 76' lang='lat'><strong>277</strong></span> 
     </span>
    </p>
   </div>
   <div class='ocr_carea' id='block_1_2' title="bbox 1841 246 2018 301">
    <p class='ocr_par' dir='ltr' id='par_1_2' title="bbox 1841 246 2018 301">
     <span class='ocr_line' id='line_1_2' title="bbox 1841 246 2018 301; baseline 0 0"><span class='ocrx_word' id='word_1_2' title='bbox 1841 246 2018 301; x_wconf 79' lang='lat' dir='ltr'><strong>ACTA</strong></span> 
     </span>
    </p>
   </div>
   <div class='ocr_carea' id='block_1_3' title="bbox 3488 254 3593 308">
    <p class='ocr_par' dir='ltr' id='par_1_3' title="bbox 3488 254 3593 308">
     <span class='ocr_line' id='line_1_3' title="bbox 3488 254 3593 308; baseline -0.057 1"><span class='ocrx_word' id='word_1_3' title='bbox 3488 254 3593 308; x_wconf 77' lang='lat'><strong>278</strong></span> 
     </span>
    </p>
   </div>
   <div class='ocr_carea' id='block_1_4' title="bbox 254 370 3597 446">
    <p class='ocr_par' dir='ltr' id='par_1_4' title="bbox 254 370 3597 446">
     <span class='ocr_line' id='line_1_4' title="bbox 254 370 3597 446; baseline 0.002 -22"><span class='ocrx_word' id='word_1_4' title='bbox 254 370 535 426; x_wconf 86' lang='lat' dir='ltr'><strong>nonnihil</strong></span> <span class='ocrx_word' id='word_1_5' title='bbox 568 370 878 443; x_wconf 78' lang='lat' dir='ltr'><strong>discrepat.</strong></span> <span class='ocrx_word' id='word_1_6' title='bbox 922 371 1034 425; x_wconf 84' lang='lat' dir='ltr'><strong>Etsi</strong></span> <span class='ocrx_word' id='word_1_7' title='bbox 1083 370 1240 427; x_wconf 85' lang='lat' dir='ltr'><strong>enim</strong></span> <span class='ocrx_word' id='word_1_8' title='bbox 1279 371 1599 443; x_wconf 89' lang='lat' dir='ltr'><strong>Guigonem</strong></span> <span class='ocrx_word' id='word_1_9' title='bbox 1629 375 1876 443; x_wconf 73' lang='lat' dir='ltr'><strong>tempus,</strong></span> <span class='ocrx_word' id='word_1_10' title='bbox 1898 376 1955 435; x_wconf 81' lang='grc' dir='ltr'><strong>Α</strong></span> <span class='ocrx_word' id='word_1_11' title='bbox 1988 372 2186 440; x_wconf 88' lang='lat' dir='ltr'><strong>nuino,</strong></span> <span class='ocrx_word' id='word_1_12' title='bbox 2210 375 2382 445; x_wconf 81' lang='lat' dir='ltr'><strong>prout</strong></span> <span class='ocrx_word' id='word_1_13' title='bbox 2403 389 2437 428; x_wconf 91' lang='lat' dir='ltr'><strong>a</strong></span> <span class='ocrx_word' id='word_1_14' title='bbox 2464 372 2764 428; x_wconf 88' lang='lat' dir='ltr'><strong>Columbio</strong></span> <span class='ocrx_word' id='word_1_15' title='bbox 2793 375 2851 429; x_wconf 90' lang='lat' dir='ltr'><strong>et</strong></span> <span class='ocrx_word' id='word_1_16' title='bbox 2876 373 3052 446; x_wconf 86' lang='lat' dir='ltr'><strong>Pagio</strong></span> <span class='ocrx_word' id='word_1_17' title='bbox 3083 378 3436 444; x_wconf 87' lang='lat' dir='ltr'><strong>recensetur,</strong></span> <span class='ocrx_word' id='word_1_18' title='bbox 3467 375 3597 432; x_wconf 89' lang='lat' dir='ltr'><strong>Gui-</strong></span> 
     </span>
    </p>
   </div>
   <div class='ocr_carea' id='block_1_5' title="bbox 251 460 1881 532">
    <p class='ocr_par' dir='ltr' id='par_1_5' title="bbox 251 460 1881 532">
     <span class='ocr_line' id='line_1_5' title="bbox 251 460 1881 532; baseline 0 -18"><span class='ocrx_word' id='word_1_19' title='bbox 251 476 377 531; x_wconf 89' lang='lat' dir='ltr'><strong>quo</strong></span> <span class='ocrx_word' id='word_1_20' title='bbox 408 463 640 515; x_wconf 90' lang='lat' dir='ltr'><strong>sanctus</strong></span> <span class='ocrx_word' id='word_1_21' title='bbox 681 464 880 515; x_wconf 81' lang='lat' dir='ltr'><strong>noster</strong></span> <span class='ocrx_word' id='word_1_22' title='bbox 924 460 997 515; x_wconf 91' lang='lat' dir='ltr'><strong>ad</strong></span> <span class='ocrx_word' id='word_1_23' title='bbox 1028 460 1086 515; x_wconf 91' lang='lat' dir='ltr'><strong>S.</strong></span> <span class='ocrx_word' id='word_1_24' title='bbox 1123 461 1429 532; x_wconf 71' lang='lat' dir='ltr'><strong>Hugonem</strong></span> <span class='ocrx_word' id='word_1_25' title='bbox 1460 461 1881 532; x_wconf 83' lang='lat' dir='ltr'><strong>GratianOpoli-</strong></span> 
     </span>
    </p>
   </div>
   <div class='ocr_carea' id='block_1_6' title="bbox 250 547 1881 620">
    <p class='ocr_par' dir='ltr' id='par_1_6' title="bbox 250 547 1881 620">
     <span class='ocr_line' id='line_1_6' title="bbox 250 547 1881 620; baseline 0.001 -19"><span class='ocrx_word' id='word_1_26' title='bbox 250 549 470 601; x_wconf 72' lang='lat' dir='ltr'><strong>lanum</strong></span> <span class='ocrx_word' id='word_1_27' title='bbox 502 547 837 620; x_wconf 87' lang='lat' dir='ltr'><strong>episcopum</strong></span> <span class='ocrx_word' id='word_1_28' title='bbox 869 549 1173 603; x_wconf 88' lang='lat' dir='ltr'><strong>accesserit</strong></span> <span class='ocrx_word' id='word_1_29' title='bbox 1212 552 1388 620; x_wconf 89' lang='lat' dir='ltr'><strong>atque</strong></span> <span class='ocrx_word' id='word_1_30' title='bbox 1423 549 1482 603; x_wconf 92' lang='lat' dir='ltr'><strong>in</strong></span> <span class='ocrx_word' id='word_1_31' title='bbox 1518 548 1881 604; x_wconf 89' lang='lat' dir='ltr'><strong>Cartbusiam</strong></span> 
     </span>
    </p>
   </div>
   <div class='ocr_carea' id='block_1_7' title="bbox 251 635 1883 709">
    <p class='ocr_par' dir='ltr' id='par_1_7' title="bbox 251 635 1883 709">
     <span class='ocr_line' id='line_1_7' title="bbox 251 635 1883 709; baseline 0.001 -19"><span class='ocrx_word' id='word_1_32' title='bbox 251 652 385 690; x_wconf 87' lang='lat' dir='ltr'><strong>sese</strong></span> <span class='ocrx_word' id='word_1_33' title='bbox 415 637 723 706; x_wconf 78' lang='lat' dir='ltr'><strong>receperit,</strong></span> <span class='ocrx_word' id='word_1_34' title='bbox 768 635 974 690; x_wconf 85' lang='lat' dir='ltr'><strong>iisdem</strong></span> <span class='ocrx_word' id='word_1_35' title='bbox 1015 637 1186 707; x_wconf 85' lang='lat' dir='ltr'><strong>plane</strong></span> <span class='ocrx_word' id='word_1_36' title='bbox 1236 637 1447 705; x_wconf 84' lang='lat' dir='ltr'><strong>verbis,</strong></span> <span class='ocrx_word' id='word_1_37' title='bbox 1480 638 1686 709; x_wconf 89' lang='lat' dir='ltr'><strong>quibus</strong></span> <span class='ocrx_word' id='word_1_38' title='bbox 1711 653 1883 709; x_wconf 81' lang='lat' dir='ltr'><strong>supra</strong></span> 
     </span>
    </p>
   </div>
   <div class='ocr_carea' id='block_1_8' title="bbox 251 723 1880 796">
    <p class='ocr_par' dir='ltr' id='par_1_8' title="bbox 251 723 1880 796">
     <span class='ocr_line' id='line_1_8' title="bbox 251 723 1880 796; baseline 0.001 -18"><span class='ocrx_word' id='word_1_39' title='bbox 251 723 615 789; x_wconf 86' lang='lat' dir='ltr'><strong>Columbius,</strong></span> <span class='ocrx_word' id='word_1_40' title='bbox 654 723 1032 779; x_wconf 85' lang='lat' dir='ltr'><strong>definientem</strong></span> <span class='ocrx_word' id='word_1_41' title='bbox 1073 725 1333 791; x_wconf 90' lang='lat' dir='ltr'><strong>inducat,</strong></span> <span class='ocrx_word' id='word_1_42' title='bbox 1371 741 1491 780; x_wconf 89' lang='lat' dir='ltr'><strong>non</strong></span> <span class='ocrx_word' id='word_1_43' title='bbox 1518 728 1741 792; x_wconf 90' lang='lat' dir='ltr'><strong>tamen,</strong></span> <span class='ocrx_word' id='word_1_44' title='bbox 1767 742 1880 796; x_wconf 90' lang='lat' dir='ltr'><strong>quo</strong></span> 
     </span>
    </p>
   </div>
   <div class='ocr_carea' id='block_1_9' title="bbox 248 810 1882 885">
    <p class='ocr_par' dir='ltr' id='par_1_9' title="bbox 248 810 1882 885">
     <span class='ocr_line' id='line_1_9' title="bbox 248 810 1882 885; baseline 0.002 -20"><span class='ocrx_word' id='word_1_45' title='bbox 248 810 315 865; x_wconf 91' lang='lat' dir='ltr'><strong>id</strong></span> <span class='ocrx_word' id='word_1_46' title='bbox 334 827 455 866; x_wconf 92' lang='lat' dir='ltr'><strong>non</strong></span> <span class='ocrx_word' id='word_1_47' title='bbox 480 812 660 866; x_wconf 88' lang='lat' dir='ltr'><strong>serius</strong></span> <span class='ocrx_word' id='word_1_48' title='bbox 682 827 858 883; x_wconf 88' lang='lat' dir='ltr'><strong>quam</strong></span> <span class='ocrx_word' id='word_1_49' title='bbox 876 828 1078 867; x_wconf 89' lang='lat' dir='ltr'><strong>annoa</strong></span> <span class='ocrx_word' id='word_1_50' title='bbox 1107 813 1546 868; x_wconf 89' lang='lat' dir='ltr'><strong>consecratione</strong></span> <span class='ocrx_word' id='word_1_51' title='bbox 1574 813 1882 885; x_wconf 85' lang='lat' dir='ltr'><strong>episcopali</strong></span> 
     </span>
    </p>
   </div>
   <div class='ocr_carea' id='block_1_10' title="bbox 250 899 1881 972">
    <p class='ocr_par' dir='ltr' id='par_1_10' title="bbox 250 899 1881 972">
     <span class='ocr_line' id='line_1_10' title="bbox 250 899 1881 972; baseline 0.001 -18"><span class='ocrx_word' id='word_1_52' title='bbox 250 899 520 971; x_wconf 84' lang='lat' dir='ltr'><strong>Hugonis</strong></span> <span class='ocrx_word' id='word_1_53' title='bbox 552 903 756 971; x_wconf 88' lang='lat' dir='ltr'><strong>quarto</strong></span> <span class='ocrx_word' id='word_1_54' title='bbox 779 902 995 955; x_wconf 78' lang='lat' dir='ltr'><strong>factum</strong></span> <span class='ocrx_word' id='word_1_55' title='bbox 1027 901 1255 972; x_wconf 85' lang='lat' dir='ltr'><strong>probet,</strong></span> <span class='ocrx_word' id='word_1_56' title='bbox 1284 901 1589 971; x_wconf 76' lang='lat' dir='ltr'><strong>sequentia</strong></span> <span class='ocrx_word' id='word_1_57' title='bbox 1610 902 1732 956; x_wconf 67' lang='lat' dir='ltr'><strong>haec</strong></span> <span class='ocrx_word' id='word_1_58' title='bbox 1752 902 1881 956; x_wconf 90' lang='lat' dir='ltr'><strong>Gui-</strong></span> 
     </span>
    </p>
   </div>
   <div class='ocr_carea' id='block_1_11' title="bbox 252 988 1883 1062">
    <p class='ocr_par' dir='ltr' id='par_1_11' title="bbox 252 988 1883 1062">
     <span class='ocr_line' id='line_1_11' title="bbox 252 988 1883 1062; baseline 0.002 -21"><span class='ocrx_word' id='word_1_59' title='bbox 252 988 433 1060; x_wconf 83' lang='lat' dir='ltr'><strong>gonis</strong></span> <span class='ocrx_word' id='word_1_60' title='bbox 456 989 650 1055; x_wconf 86' lang='lat' dir='ltr'><strong>verba,</strong></span> <span class='ocrx_word' id='word_1_61' title='bbox 699 1012 727 1039; x_wconf 87' lang='grc'><em>‹‹</em></span> <span class='ocrx_word' id='word_1_62' title='bbox 748 990 815 1043; x_wconf 85' lang='lat' dir='ltr'><strong>Et</strong></span> <span class='ocrx_word' id='word_1_63' title='bbox 849 1005 1001 1056; x_wconf 90' lang='lat' dir='ltr'><strong>acce,</strong></span> <span class='ocrx_word' id='word_1_64' title='bbox 1045 989 1226 1044; x_wconf 88' lang='lat' dir='ltr'><strong>tribus</strong></span> <span class='ocrx_word' id='word_1_65' title='bbox 1272 990 1520 1044; x_wconf 89' lang='lat' dir='ltr'><strong>necdum</strong></span> <span class='ocrx_word' id='word_1_66' title='bbox 1567 990 1625 1045; x_wconf 93' lang='lat' dir='ltr'><strong>in</strong></span> <span class='ocrx_word' id='word_1_67' title='bbox 1671 991 1883 1062; x_wconf 91' lang='lat' dir='ltr'><strong>episco-</strong></span> 
     </span>
    </p>
   </div>
   <div class='ocr_carea' id='block_1_12' title="bbox 252 1075 1883 1148">
    <p class='ocr_par' dir='ltr' id='par_1_12' title="bbox 252 1075 1883 1148">
     <span class='ocr_line' id='line_1_12' title="bbox 252 1075 1883 1148; baseline 0.002 -19"><span class='ocrx_word' id='word_1_68' title='bbox 252 1080 400 1146; x_wconf 86' lang='lat' dir='ltr'><strong>patu</strong></span> <span class='ocrx_word' id='word_1_69' title='bbox 426 1080 557 1147; x_wconf 90' lang='lat' dir='ltr'><strong>post</strong></span> <span class='ocrx_word' id='word_1_70' title='bbox 577 1075 912 1131; x_wconf 79' lang='lat' dir='ltr'><strong>monasterii</strong></span> <span class='ocrx_word' id='word_1_71' title='bbox 937 1077 1192 1132; x_wconf 80' lang='lat' dir='ltr'><strong>reditum</strong></span> <span class='ocrx_word' id='word_1_72' title='bbox 1206 1078 1511 1148; x_wconf 87' lang='lat' dir='ltr'><strong>completis</strong></span> <span class='ocrx_word' id='word_1_73' title='bbox 1529 1078 1883 1146; x_wconf 89' lang='lat' dir='ltr'><strong>annis,adest</strong></span> 
     </span>
    </p>
   </div>
   <div class='ocr_carea' id='block_1_13' title="bbox 252 1162 1880 1237">
    <p class='ocr_par' dir='ltr' id='par_1_13' title="bbox 252 1162 1880 1237">
     <span class='ocr_line' id='line_1_13' title="bbox 252 1162 1880 1237; baseline 0.002 -20"><span class='ocrx_word' id='word_1_74' title='bbox 252 1162 542 1233; x_wconf 77' lang='lat' dir='ltr'><strong>magister</strong></span> <span class='ocrx_word' id='word_1_75' title='bbox 568 1164 777 1229; x_wconf 87' lang='lat' dir='ltr'><strong>Bruuo,</strong></span> <span class='ocrx_word' id='word_1_76' title='bbox 815 1185 841 1212; x_wconf 84' lang='lat'>»</span> <span class='ocrx_word' id='word_1_77' title='bbox 886 1165 956 1219; x_wconf 83' lang='lat' dir='ltr'><strong>de</strong></span> <span class='ocrx_word' id='word_1_78' title='bbox 987 1165 1151 1219; x_wconf 85' lang='lat' dir='ltr'><strong>annis</strong></span> <span class='ocrx_word' id='word_1_79' title='bbox 1198 1164 1404 1232; x_wconf 89' lang='lat' dir='ltr'><strong>tribus,</strong></span> <span class='ocrx_word' id='word_1_80' title='bbox 1438 1166 1510 1220; x_wconf 93' lang='lat' dir='ltr'><strong>ab</strong></span> <span class='ocrx_word' id='word_1_81' title='bbox 1553 1166 1793 1237; x_wconf 85' lang='lat' dir='ltr'><strong>Hugone</strong></span> <span class='ocrx_word' id='word_1_82' title='bbox 1821 1165 1880 1221; x_wconf 88' lang='lat' dir='ltr'><strong>in</strong></span> 
     </span>
    </p>
   </div>
   <div class='ocr_carea' id='block_1_14' title="bbox 255 1251 1880 1322">
    <p class='ocr_par' dir='ltr' id='par_1_14' title="bbox 255 1251 1880 1322">
     <span class='ocr_line' id='line_1_14' title="bbox 255 1251 1880 1322; baseline 0.003 -18"><span class='ocrx_word' id='word_1_83' title='bbox 255 1251 573 1322; x_wconf 82' lang='lat' dir='ltr'><strong>episcopali</strong></span> <span class='ocrx_word' id='word_1_84' title='bbox 625 1268 783 1319; x_wconf 92' lang='lat' dir='ltr'><strong>cura,</strong></span> <span class='ocrx_word' id='word_1_85' title='bbox 825 1269 957 1307; x_wconf 93' lang='lat' dir='ltr'><strong>cum</strong></span> <span class='ocrx_word' id='word_1_86' title='bbox 998 1253 1069 1307; x_wconf 86' lang='lat' dir='ltr'><strong>ad</strong></span> <span class='ocrx_word' id='word_1_87' title='bbox 1120 1270 1255 1308; x_wconf 90' lang='lat' dir='ltr'><strong>eum</strong></span> <span class='ocrx_word' id='word_1_88' title='bbox 1296 1254 1354 1307; x_wconf 90' lang='lat' dir='ltr'><strong>S.</strong></span> <span class='ocrx_word' id='word_1_89' title='bbox 1403 1255 1594 1309; x_wconf 89' lang='lat' dir='ltr'><strong>Bruno</strong></span> <span class='ocrx_word' id='word_1_90' title='bbox 1626 1255 1880 1322; x_wconf 91' lang='lat' dir='ltr'><strong>accessit,</strong></span> 
     </span>
    </p>
   </div>
   <div class='ocr_carea' id='block_1_15' title="bbox 258 1347 1882 1422">
    <p class='ocr_par' dir='ltr' id='par_1_15' title="bbox 258 1347 1882 1422">
     <span class='ocr_line' id='line_1_15' title="bbox 258 1347 1882 1422; baseline 0.002 -20"><span class='ocrx_word' id='word_1_91' title='bbox 258 1347 531 1403; x_wconf 89' lang='lat' dir='ltr'><strong>nondum</strong></span> <span class='ocrx_word' id='word_1_92' title='bbox 573 1349 781 1403; x_wconf 83' lang='lat' dir='ltr'><strong>exactis</strong></span> <span class='ocrx_word' id='word_1_93' title='bbox 810 1366 940 1404; x_wconf 90' lang='lat' dir='ltr'><strong>cum</strong></span> <span class='ocrx_word' id='word_1_94' title='bbox 980 1350 1280 1406; x_wconf 87' lang='lat' dir='ltr'><strong>Columbio</strong></span> <span class='ocrx_word' id='word_1_95' title='bbox 1315 1350 1882 1422; x_wconf 62' lang='lat' dir='ltr'><strong>interpretatur;Veo</strong></span> 
     </span>
    </p>
   </div>
   <div class='ocr_carea' id='block_1_16' title="bbox 257 1436 1884 1512">
    <p class='ocr_par' dir='ltr' id='par_1_16' title="bbox 257 1436 1884 1512">
     <span class='ocr_line' id='line_1_16' title="bbox 257 1436 1884 1512; baseline 0.003 -22"><span class='ocrx_word' id='word_1_96' title='bbox 257 1453 395 1491; x_wconf 86' lang='lat' dir='ltr'><strong>rum</strong></span> <span class='ocrx_word' id='word_1_97' title='bbox 422 1437 547 1491; x_wconf 68' lang='lat' dir='ltr'><strong>haec</strong></span> <span class='ocrx_word' id='word_1_98' title='bbox 583 1436 696 1492; x_wconf 90' lang='lat' dir='ltr'><strong>alia</strong></span> <span class='ocrx_word' id='word_1_99' title='bbox 724 1437 999 1509; x_wconf 85' lang='lat' dir='ltr'><strong>Guigonis</strong></span> <span class='ocrx_word' id='word_1_100' title='bbox 1023 1438 1231 1493; x_wconf 86' lang='lat' dir='ltr'><strong>verba:</strong></span> <span class='ocrx_word' id='word_1_101' title='bbox 1268 1462 1294 1487; x_wconf 78' lang='grc' dir='ltr'>α</span> <span class='ocrx_word' id='word_1_102' title='bbox 1316 1440 1477 1510; x_wconf 83' lang='lat' dir='ltr'><strong>Hugo</strong></span> <span class='ocrx_word' id='word_1_103' title='bbox 1504 1440 1728 1495; x_wconf 91' lang='lat' dir='ltr'><strong>duobus</strong></span> <span class='ocrx_word' id='word_1_104' title='bbox 1755 1444 1884 1512; x_wconf 89' lang='lat' dir='ltr'><strong>post</strong></span> 
     </span>
    </p>
   </div>
   <div class='ocr_carea' id='block_1_17' title="bbox 257 1524 1881 1597">
    <p class='ocr_par' dir='ltr' id='par_1_17' title="bbox 257 1524 1881 1597">
     <span class='ocr_line' id='line_1_17' title="bbox 257 1524 1881 1597; baseline 0.003 -18"><span class='ocrx_word' id='word_1_105' title='bbox 257 1524 766 1579; x_wconf 87' lang='lat' dir='ltr'><strong>consecrationem</strong></span> <span class='ocrx_word' id='word_1_106' title='bbox 803 1526 1209 1597; x_wconf 86' lang='lat' dir='ltr'><strong>(episcopalem</strong></span> <span class='ocrx_word' id='word_1_107' title='bbox 1242 1526 1472 1594; x_wconf 87' lang='lat' dir='ltr'><strong>scilicet,</strong></span> <span class='ocrx_word' id='word_1_108' title='bbox 1502 1528 1700 1582; x_wconf 65' lang='lat' dir='ltr'><strong>Romae</strong></span> <span class='ocrx_word' id='word_1_109' title='bbox 1726 1545 1881 1584; x_wconf 87' lang='lat' dir='ltr'><strong>anno</strong></span> 
     </span>
    </p>
   </div>
   <div class='ocr_carea' id='block_1_18' title="bbox 264 1612 1883 1689">
    <p class='ocr_par' dir='ltr' id='par_1_18' title="bbox 264 1612 1883 1689">
     <span class='ocr_line' id='line_1_18' title="bbox 264 1612 1883 1689; baseline 0.002 -20"><span class='ocrx_word' id='word_1_110' title='bbox 264 1614 408 1669; x_wconf 90' lang='grc'>1080</span> <span class='ocrx_word' id='word_1_111' title='bbox 454 1612 774 1685; x_wconf 85' lang='lat' dir='ltr'><strong>acceptam)</strong></span> <span class='ocrx_word' id='word_1_112' title='bbox 811 1613 1049 1685; x_wconf 84' lang='lat' dir='ltr'><strong>expletis</strong></span> <span class='ocrx_word' id='word_1_113' title='bbox 1090 1614 1277 1680; x_wconf 90' lang='lat' dir='ltr'><strong>annis,</strong></span> <span class='ocrx_word' id='word_1_114' title='bbox 1311 1616 1666 1689; x_wconf 87' lang='lat' dir='ltr'><strong>contemptis</strong></span> <span class='ocrx_word' id='word_1_115' title='bbox 1693 1617 1883 1672; x_wconf 87' lang='lat' dir='ltr'><strong>omni-</strong></span> 
     </span>
    </p>
   </div>
   <div class='ocr_carea' id='block_1_19' title="bbox 1981 461 3592 533">
    <p class='ocr_par' dir='ltr' id='par_1_19' title="bbox 1981 461 3592 533">
     <span class='ocr_line' id='line_1_19' title="bbox 1981 461 3592 533; baseline 0.004 -18"><span class='ocrx_word' id='word_1_116' title='bbox 1981 461 2148 531; x_wconf 81' lang='lat' dir='ltr'><strong>gonis</strong></span> <span class='ocrx_word' id='word_1_117' title='bbox 2174 465 2350 530; x_wconf 86' lang='lat' dir='ltr'><strong>textu,</strong></span> <span class='ocrx_word' id='word_1_118' title='bbox 2386 463 2688 533; x_wconf 86' lang='lat' dir='ltr'><strong>l-lugonem</strong></span> <span class='ocrx_word' id='word_1_119' title='bbox 2722 479 2877 518; x_wconf 89' lang='lat' dir='ltr'><strong>anno</strong></span> <span class='ocrx_word' id='word_1_120' title='bbox 2914 465 3041 517; x_wconf 83' lang='lat' dir='ltr'><strong>l08l</strong></span> <span class='ocrx_word' id='word_1_121' title='bbox 3077 463 3359 519; x_wconf 68' lang='lat' dir='ltr'><strong>Cassa-Dei</strong></span> <span class='ocrx_word' id='word_1_122' title='bbox 3388 480 3592 521; x_wconf 88' lang='lat' dir='ltr'><strong>mona-</strong></span> 
     </span>
    </p>
   </div>
   <div class='ocr_carea' id='block_1_20' title="bbox 1980 550 3593 623">
    <p class='ocr_par' dir='ltr' id='par_1_20' title="bbox 1980 550 3593 623">
     <span class='ocr_line' id='line_1_20' title="bbox 1980 550 3593 623; baseline 0.002 -20"><span class='ocrx_word' id='word_1_123' title='bbox 1980 550 2220 605; x_wconf 89' lang='lat' dir='ltr'><strong>sterium</strong></span> <span class='ocrx_word' id='word_1_124' title='bbox 2263 550 2512 623; x_wconf 87' lang='lat' dir='ltr'><strong>petiisse,</strong></span> <span class='ocrx_word' id='word_1_125' title='bbox 2535 555 2725 623; x_wconf 88' lang='lat' dir='ltr'><strong>posset</strong></span> <span class='ocrx_word' id='word_1_126' title='bbox 2764 551 3013 619; x_wconf 90' lang='lat' dir='ltr'><strong>admitti,</strong></span> <span class='ocrx_word' id='word_1_127' title='bbox 3045 554 3234 606; x_wconf 85' lang='lat' dir='ltr'><strong>textus</strong></span> <span class='ocrx_word' id='word_1_128' title='bbox 3267 552 3382 619; x_wconf 91' lang='lat' dir='ltr'><strong>ille,</strong></span> <span class='ocrx_word' id='word_1_129' title='bbox 3416 552 3593 607; x_wconf 85' lang='lat' dir='ltr'><strong>etiam</strong></span> 
     </span>
    </p>
   </div>
   <div class='ocr_carea' id='block_1_21' title="bbox 1980 638 3595 712">
    <p class='ocr_par' dir='ltr' id='par_1_21' title="bbox 1980 638 3595 712">
     <span class='ocr_line' id='line_1_21' title="bbox 1980 638 3595 712; baseline 0.001 -19"><span class='ocrx_word' id='word_1_130' title='bbox 1980 638 2060 693; x_wconf 89' lang='lat' dir='ltr'><strong>sic</strong></span> <span class='ocrx_word' id='word_1_131' title='bbox 2090 643 2375 709; x_wconf 92' lang='lat' dir='ltr'><strong>acceptus,</strong></span> <span class='ocrx_word' id='word_1_132' title='bbox 2405 656 2536 694; x_wconf 92' lang='lat' dir='ltr'><strong>cum</strong></span> <span class='ocrx_word' id='word_1_133' title='bbox 2569 639 2864 711; x_wconf 90' lang='lat' dir='ltr'><strong>opinione,</strong></span> <span class='ocrx_word' id='word_1_134' title='bbox 2898 657 3026 712; x_wconf 65' lang='lat' dir='ltr'><strong>qua:</strong></span> <span class='ocrx_word' id='word_1_135' title='bbox 3082 640 3279 694; x_wconf 88' lang='lat' dir='ltr'><strong>Sancti</strong></span> <span class='ocrx_word' id='word_1_136' title='bbox 3329 640 3509 695; x_wconf 87' lang='lat' dir='ltr'><strong>nostri</strong></span> <span class='ocrx_word' id='word_1_137' title='bbox 3535 640 3595 694; x_wconf 91' lang='lat' dir='ltr'><strong>in</strong></span> 
     </span>
    </p>
   </div>
   <div class='ocr_carea' id='block_1_22' title="bbox 1983 726 3596 784">
    <p class='ocr_par' dir='ltr' id='par_1_22' title="bbox 1983 726 3596 784">
     <span class='ocr_line' id='line_1_22' title="bbox 1983 726 3596 784; baseline 0.001 -3"><span class='ocrx_word' id='word_1_138' title='bbox 1983 726 2293 782; x_wconf 66' lang='lat' dir='ltr'><strong>Carthusiaa</strong></span> <span class='ocrx_word' id='word_1_139' title='bbox 2313 744 2577 782; x_wconf 89' lang='lat' dir='ltr'><strong>eremum</strong></span> <span class='ocrx_word' id='word_1_140' title='bbox 2600 744 2885 782; x_wconf 86' lang='lat' dir='ltr'><strong>secessum</strong></span> <span class='ocrx_word' id='word_1_141' title='bbox 2902 745 3072 783; x_wconf 79' lang='lat' dir='ltr'><strong>anno</strong></span> <span class='ocrx_word' id='word_1_142' title='bbox 3095 727 3310 783; x_wconf 84' lang='lat' dir='ltr'><strong>Christi</strong></span> <span class='ocrx_word' id='word_1_143' title='bbox 3346 730 3481 784; x_wconf 80' lang='grc'>1804</span> <span class='ocrx_word' id='word_1_144' title='bbox 3506 728 3596 783; x_wconf 88' lang='lat' dir='ltr'><strong>in-</strong></span> 
     </span>
    </p>
   </div>
   <div class='ocr_carea' id='block_1_23' title="bbox 1982 815 3596 888">
    <p class='ocr_par' dir='ltr' id='par_1_23' title="bbox 1982 815 3596 888">
     <span class='ocr_line' id='line_1_23' title="bbox 1982 815 3596 888; baseline 0.001 -19"><span class='ocrx_word' id='word_1_145' title='bbox 1982 817 2178 883; x_wconf 86' lang='lat' dir='ltr'><strong>nectit,</strong></span> <span class='ocrx_word' id='word_1_146' title='bbox 2222 816 2486 887; x_wconf 87' lang='lat' dir='ltr'><strong>apprime</strong></span> <span class='ocrx_word' id='word_1_147' title='bbox 2526 820 2894 887; x_wconf 83' lang='lat' dir='ltr'><strong>congrueret,</strong></span> <span class='ocrx_word' id='word_1_148' title='bbox 2924 818 3032 871; x_wconf 81' lang='lat' dir='ltr'><strong>Res</strong></span> <span class='ocrx_word' id='word_1_149' title='bbox 3076 833 3145 872; x_wconf 90' lang='lat' dir='ltr'><strong>ex</strong></span> <span class='ocrx_word' id='word_1_150' title='bbox 3168 817 3294 888; x_wconf 88' lang='lat' dir='ltr'><strong>jam</strong></span> <span class='ocrx_word' id='word_1_151' title='bbox 3340 834 3493 871; x_wconf 90' lang='lat' dir='ltr'><strong>nunc</strong></span> <span class='ocrx_word' id='word_1_152' title='bbox 3527 815 3596 871; x_wconf 91' lang='lat' dir='ltr'><strong>de</strong></span> 
     </span>
    </p>
   </div>
   <div class='ocr_carea' id='block_1_24' title="bbox 1982 903 3601 976">
    <p class='ocr_par' dir='ltr' id='par_1_24' title="bbox 1982 903 3601 976">
     <span class='ocr_line' id='line_1_24' title="bbox 1982 903 3601 976; baseline -0.001 -17"><span class='ocrx_word' id='word_1_153' title='bbox 1982 907 2140 959; x_wconf 87' lang='lat' dir='ltr'><strong>textu</strong></span> <span class='ocrx_word' id='word_1_154' title='bbox 2160 903 2434 975; x_wconf 88' lang='lat' dir='ltr'><strong>genuino,</strong></span> <span class='ocrx_word' id='word_1_155' title='bbox 2452 921 2586 975; x_wconf 85' lang='lat' dir='ltr'><strong>quo,</strong></span> <span class='ocrx_word' id='word_1_156' title='bbox 2606 905 2977 976; x_wconf 89' lang='lat' dir='ltr'><strong>quandonam</strong></span> <span class='ocrx_word' id='word_1_157' title='bbox 3005 905 3061 959; x_wconf 94' lang='lat' dir='ltr'><strong>S.</strong></span> <span class='ocrx_word' id='word_1_158' title='bbox 3085 905 3275 960; x_wconf 88' lang='lat' dir='ltr'><strong>Bruno</strong></span> <span class='ocrx_word' id='word_1_159' title='bbox 3306 905 3378 959; x_wconf 89' lang='lat' dir='ltr'><strong>ad</strong></span> <span class='ocrx_word' id='word_1_160' title='bbox 3405 904 3461 959; x_wconf 93' lang='lat' dir='ltr'><strong>S.</strong></span> <span class='ocrx_word' id='word_1_161' title='bbox 3494 904 3601 958; x_wconf 85' lang='lat' dir='ltr'><strong>llu-</strong></span> 
     </span>
    </p>
   </div>
   <div class='ocr_carea' id='block_1_25' title="bbox 1982 991 3595 1064">
    <p class='ocr_par' dir='ltr' id='par_1_25' title="bbox 1982 991 3595 1064">
     <span class='ocr_line' id='line_1_25' title="bbox 1982 991 3595 1064; baseline -0.002 -16"><span class='ocrx_word' id='word_1_162' title='bbox 1982 1009 2220 1064; x_wconf 87' lang='lat' dir='ltr'><strong>gonem,</strong></span> <span class='ocrx_word' id='word_1_163' title='bbox 2272 991 2866 1064; x_wconf 87' lang='lat' dir='ltr'><strong>Gratianopolitanum</strong></span> <span class='ocrx_word' id='word_1_164' title='bbox 2898 991 3230 1064; x_wconf 89' lang='lat' dir='ltr'><strong>episcopum</strong></span> <span class='ocrx_word' id='word_1_165' title='bbox 3276 991 3595 1059; x_wconf 88' lang='lat' dir='ltr'><strong>accesserit,</strong></span> 
     </span>
    </p>
   </div>
   <div class='ocr_carea' id='block_1_26' title="bbox 1982 1080 3046 1152">
    <p class='ocr_par' dir='ltr' id='par_1_26' title="bbox 1982 1080 3046 1152">
     <span class='ocr_line' id='line_1_26' title="bbox 1982 1080 3046 1152; baseline 0 -17"><span class='ocrx_word' id='word_1_166' title='bbox 1982 1081 2159 1151; x_wconf 87' lang='lat' dir='ltr'><strong>Guigo</strong></span> <span class='ocrx_word' id='word_1_167' title='bbox 2183 1080 2437 1152; x_wconf 85' lang='lat' dir='ltr'><strong>exponit,</strong></span> <span class='ocrx_word' id='word_1_168' title='bbox 2480 1081 2736 1135; x_wconf 89' lang='lat' dir='ltr'><strong>dicendis</strong></span> <span class='ocrx_word' id='word_1_169' title='bbox 2774 1084 3046 1151; x_wconf 90' lang='lat' dir='ltr'><strong>patescet.</strong></span> 
     </span>
    </p>
   </div>
   <div class='ocr_carea' id='block_1_27' title="bbox 2052 1169 3597 1241">
    <p class='ocr_par' dir='ltr' id='par_1_27' title="bbox 2052 1169 3597 1241">
     <span class='ocr_line' id='line_1_27' title="bbox 2052 1169 3597 1241; baseline -0.002 -14"><span class='ocrx_word' id='word_1_170' title='bbox 2052 1172 2180 1227; x_wconf 81' lang='grc'>458.</span> <span class='ocrx_word' id='word_1_171' title='bbox 2202 1170 2407 1224; x_wconf 85' lang='lat' dir='ltr'><strong>Textus</strong></span> <span class='ocrx_word' id='word_1_172' title='bbox 2436 1170 2528 1224; x_wconf 91' lang='lat' dir='ltr'><strong>ille</strong></span> <span class='ocrx_word' id='word_1_173' title='bbox 2562 1169 2716 1240; x_wconf 89' lang='lat' dir='ltr'><strong>apud</strong></span> <span class='ocrx_word' id='word_1_174' title='bbox 2744 1186 2870 1236; x_wconf 88' lang='lat' dir='ltr'><strong>nos,</strong></span> <span class='ocrx_word' id='word_1_175' title='bbox 2893 1173 3040 1225; x_wconf 92' lang='lat' dir='ltr'><strong>tom.</strong></span> <span class='ocrx_word' id='word_1_176' title='bbox 3067 1171 3110 1237; x_wconf 90' lang='grc' dir='ltr'>Ι,</span> <span class='ocrx_word' id='word_1_177' title='bbox 3132 1170 3343 1240; x_wconf 84' lang='lat' dir='ltr'><strong>Aprilis</strong></span> <span class='ocrx_word' id='word_1_178' title='bbox 3360 1186 3492 1241; x_wconf 86' lang='lat' dir='ltr'><strong>pag.</strong></span> <span class='ocrx_word' id='word_1_179' title='bbox 3526 1169 3597 1225; x_wconf 85' lang='grc'>40</span> 
     </span>
    </p>
   </div>
   <div class='ocr_carea' id='block_1_28' title="bbox 1982 1258 3599 1330">
    <p class='ocr_par' dir='ltr' id='par_1_28' title="bbox 1982 1258 3599 1330">
     <span class='ocr_line' id='line_1_28' title="bbox 1982 1258 3599 1330; baseline 0 -17"><span class='ocrx_word' id='word_1_180' title='bbox 1982 1259 2062 1313; x_wconf 89' lang='lat' dir='ltr'><strong>ita</strong></span> <span class='ocrx_word' id='word_1_181' title='bbox 2086 1258 2292 1313; x_wconf 75' lang='lat' dir='ltr'><strong>habet:</strong></span> <span class='ocrx_word' id='word_1_182' title='bbox 2331 1260 2594 1329; x_wconf 85' lang='lat' dir='ltr'><strong>«Hugo...</strong></span> <span class='ocrx_word' id='word_1_183' title='bbox 2622 1259 2869 1312; x_wconf 88' lang='lat' dir='ltr'><strong>necdum</strong></span> <span class='ocrx_word' id='word_1_184' title='bbox 2893 1259 3115 1314; x_wconf 87' lang='lat' dir='ltr'><strong>duobus</strong></span> <span class='ocrx_word' id='word_1_185' title='bbox 3141 1262 3271 1330; x_wconf 84' lang='lat' dir='ltr'><strong>post</strong></span> <span class='ocrx_word' id='word_1_186' title='bbox 3300 1275 3599 1314; x_wconf 88' lang='lat' dir='ltr'><strong>consecra-</strong></span> 
     </span>
    </p>
   </div>
   <div class='ocr_carea' id='block_1_29' title="bbox 1982 1345 3599 1418">
    <p class='ocr_par' dir='ltr' id='par_1_29' title="bbox 1982 1345 3599 1418">
     <span class='ocr_line' id='line_1_29' title="bbox 1982 1345 3599 1418; baseline 0 -17"><span class='ocrx_word' id='word_1_187' title='bbox 1982 1346 2202 1401; x_wconf 89' lang='lat' dir='ltr'><strong>tionem</strong></span> <span class='ocrx_word' id='word_1_188' title='bbox 2216 1346 2451 1418; x_wconf 88' lang='lat' dir='ltr'><strong>expletis</strong></span> <span class='ocrx_word' id='word_1_189' title='bbox 2469 1364 2540 1400; x_wconf 91' lang='lat' dir='ltr'><strong>an</strong></span> <span class='ocrx_word' id='word_1_190' title='bbox 2549 1346 2889 1413; x_wconf 88' lang='lat' dir='ltr'><strong>nis,contem</strong></span> <span class='ocrx_word' id='word_1_191' title='bbox 2897 1347 3005 1417; x_wconf 90' lang='lat' dir='ltr'><strong>ptis</strong></span> <span class='ocrx_word' id='word_1_192' title='bbox 3019 1345 3599 1414; x_wconf 77' lang='lat' dir='ltr'><strong>omnibus,Casae—Dei</strong></span> 
     </span>
    </p>
   </div>
   <div class='ocr_carea' id='block_1_30' title="bbox 1983 1434 3598 1502">
    <p class='ocr_par' dir='ltr' id='par_1_30' title="bbox 1983 1434 3598 1502">
     <span class='ocr_line' id='line_1_30' title="bbox 1983 1434 3598 1502; baseline -0.001 -11"><span class='ocrx_word' id='word_1_193' title='bbox 1983 1435 2200 1491; x_wconf 90' lang='lat' dir='ltr'><strong>ordinis</strong></span> <span class='ocrx_word' id='word_1_194' title='bbox 2215 1435 2598 1490; x_wconf 91' lang='lat' dir='ltr'><strong>Cluniacensis</strong></span> <span class='ocrx_word' id='word_1_195' title='bbox 2618 1437 2800 1490; x_wconf 88' lang='lat' dir='ltr'><strong>factus</strong></span> <span class='ocrx_word' id='word_1_196' title='bbox 2813 1439 2899 1490; x_wconf 92' lang='lat' dir='ltr'><strong>est</strong></span> <span class='ocrx_word' id='word_1_197' title='bbox 2911 1436 3351 1502; x_wconf 88' lang='lat' dir='ltr'><strong>monachus,ubi</strong></span> <span class='ocrx_word' id='word_1_198' title='bbox 3362 1477 3375 1489; x_wconf 91' lang='lat'><strong>.</strong></span> <span class='ocrx_word' id='word_1_199' title='bbox 3386 1477 3397 1489; x_wconf 93' lang='lat'><strong>.</strong></span> <span class='ocrx_word' id='word_1_200' title='bbox 3409 1476 3422 1489; x_wconf 95' lang='lat'><strong>.</strong></span> <span class='ocrx_word' id='word_1_201' title='bbox 3439 1434 3598 1491; x_wconf 86' lang='lat' dir='ltr'><strong>novi-</strong></span> 
     </span>
    </p>
   </div>
   <div class='ocr_carea' id='block_1_31' title="bbox 1983 1524 3598 1596">
    <p class='ocr_par' dir='ltr' id='par_1_31' title="bbox 1983 1524 3598 1596">
     <span class='ocr_line' id='line_1_31' title="bbox 1983 1524 3598 1596; baseline 0.001 -19"><span class='ocrx_word' id='word_1_202' title='bbox 1983 1524 2161 1578; x_wconf 90' lang='lat' dir='ltr'><strong>tius...</strong></span> <span class='ocrx_word' id='word_1_203' title='bbox 2191 1541 2410 1578; x_wconf 88' lang='lat' dir='ltr'><strong>annum</strong></span> <span class='ocrx_word' id='word_1_204' title='bbox 2438 1525 2641 1582; x_wconf 76' lang='lat' dir='ltr'><strong>fecit...</strong></span> <span class='ocrx_word' id='word_1_205' title='bbox 2672 1526 2805 1579; x_wconf 84' lang='lat' dir='ltr'><strong>Post</strong></span> <span class='ocrx_word' id='word_1_206' title='bbox 2831 1526 2959 1591; x_wconf 88' lang='lat' dir='ltr'><strong>hoc,</strong></span> <span class='ocrx_word' id='word_1_207' title='bbox 2988 1527 3300 1595; x_wconf 84' lang='lat' dir='ltr'><strong>cogente...</strong></span> <span class='ocrx_word' id='word_1_208' title='bbox 3324 1524 3598 1596; x_wconf 87' lang='lat' dir='ltr'><strong>Gregorio</strong></span> 
     </span>
    </p>
   </div>
   <div class='ocr_carea' id='block_1_32' title="bbox 1984 1612 3598 1685">
    <p class='ocr_par' dir='ltr' id='par_1_32' title="bbox 1984 1612 3598 1685">
     <span class='ocr_line' id='line_1_32' title="bbox 1984 1612 3598 1685; baseline 0 -19"><span class='ocrx_word' id='word_1_209' title='bbox 1984 1613 2252 1683; x_wconf 89' lang='lat' dir='ltr'><strong>septimo,</strong></span> <span class='ocrx_word' id='word_1_210' title='bbox 2285 1614 2359 1667; x_wconf 92' lang='lat' dir='ltr'><strong>ad</strong></span> <span class='ocrx_word' id='word_1_211' title='bbox 2377 1612 2774 1685; x_wconf 88' lang='lat' dir='ltr'><strong>episcopatum</strong></span> <span class='ocrx_word' id='word_1_212' title='bbox 2799 1630 2828 1667; x_wconf 92' lang='lat' dir='ltr'><strong>e</strong></span> <span class='ocrx_word' id='word_1_213' title='bbox 2849 1612 3226 1680; x_wconf 86' lang='lat' dir='ltr'><strong>monasterio,</strong></span> <span class='ocrx_word' id='word_1_214' title='bbox 3243 1630 3357 1685; x_wconf 89' lang='lat' dir='ltr'><strong>quo</strong></span> <span class='ocrx_word' id='word_1_215' title='bbox 3372 1615 3598 1667; x_wconf 81' lang='lat' dir='ltr'><strong>fervens</strong></span> 
     </span>
    </p>
   </div>
   <div class='ocr_carea' id='block_1_33' title="bbox 257 1692 3599 1768">
    <p class='ocr_par' dir='ltr' id='par_1_33' title="bbox 257 1692 3599 1768">
     <span class='ocr_line' id='line_1_33' title="bbox 257 1692 3599 1768; baseline 0.001 -17"><span class='ocrx_word' id='word_1_216' title='bbox 257 1700 390 1767; x_wconf 85' lang='lat' dir='ltr'><strong>bus,</strong></span> <span class='ocrx_word' id='word_1_217' title='bbox 427 1700 719 1757; x_wconf 56' lang='lat' dir='ltr'><strong>Casa-Dei</strong></span> <span class='ocrx_word' id='word_1_218' title='bbox 752 1702 972 1757; x_wconf 84' lang='lat' dir='ltr'><strong>ordinis</strong></span> <span class='ocrx_word' id='word_1_219' title='bbox 1006 1702 1396 1759; x_wconf 81' lang='lat' dir='ltr'><strong>Cluniacensis</strong></span> <span class='ocrx_word' id='word_1_220' title='bbox 1432 1704 1615 1759; x_wconf 74' lang='lat' dir='ltr'><strong>factus</strong></span> <span class='ocrx_word' id='word_1_221' title='bbox 1642 1708 1728 1761; x_wconf 73' lang='lat' dir='ltr'><strong>est</strong></span> <span class='ocrx_word' id='word_1_222' title='bbox 1758 1722 1883 1761; x_wconf 83' lang='lat' dir='ltr'><strong>mo-</strong></span> <span class='ocrx_word' id='word_1_223' title='bbox 1906 1692 1956 1750; x_wconf 91' lang='grc' dir='ltr'>Β</span> <span class='ocrx_word' id='word_1_224' title='bbox 1984 1701 2317 1767; x_wconf 86' lang='lat' dir='ltr'><strong>intraverat,</strong></span> <span class='ocrx_word' id='word_1_225' title='bbox 2343 1701 2659 1756; x_wconf 86' lang='lat' dir='ltr'><strong>ferventior</strong></span> <span class='ocrx_word' id='word_1_226' title='bbox 2674 1704 2760 1755; x_wconf 85' lang='lat' dir='ltr'><strong>est</strong></span> <span class='ocrx_word' id='word_1_227' title='bbox 2789 1718 3116 1756; x_wconf 89' lang='lat' dir='ltr'><strong>reversus...</strong></span> <span class='ocrx_word' id='word_1_228' title='bbox 3151 1704 3208 1755; x_wconf 88' lang='lat' dir='ltr'><strong>et</strong></span> <span class='ocrx_word' id='word_1_229' title='bbox 3233 1718 3383 1768; x_wconf 91' lang='lat' dir='ltr'><strong>ecce,</strong></span> <span class='ocrx_word' id='word_1_230' title='bbox 3417 1700 3599 1755; x_wconf 86' lang='lat' dir='ltr'><strong>tribus</strong></span> 
     </span>
    </p>
   </div>
   <div class='ocr_carea' id='block_1_34' title="bbox 259 1789 1883 1865">
    <p class='ocr_par' dir='ltr' id='par_1_34' title="bbox 259 1789 1883 1865">
     <span class='ocr_line' id='line_1_34' title="bbox 259 1789 1883 1865; baseline 0.002 -22"><span class='ocrx_word' id='word_1_231' title='bbox 259 1789 556 1856; x_wconf 84' lang='lat' dir='ltr'><strong>nachus,»</strong></span> <span class='ocrx_word' id='word_1_232' title='bbox 616 1789 697 1844; x_wconf 89' lang='lat' dir='ltr'><strong>ita</strong></span> <span class='ocrx_word' id='word_1_233' title='bbox 729 1790 938 1861; x_wconf 80' lang='lat' dir='ltr'><strong>exponi</strong></span> <span class='ocrx_word' id='word_1_234' title='bbox 983 1807 1149 1863; x_wconf 88' lang='lat' dir='ltr'><strong>posse</strong></span> <span class='ocrx_word' id='word_1_235' title='bbox 1194 1796 1379 1863; x_wconf 89' lang='lat' dir='ltr'><strong>putat,</strong></span> <span class='ocrx_word' id='word_1_236' title='bbox 1431 1797 1494 1848; x_wconf 91' lang='lat' dir='ltr'><strong>ut</strong></span> <span class='ocrx_word' id='word_1_237' title='bbox 1534 1794 1883 1865; x_wconf 81' lang='lat' dir='ltr'><strong>signiﬁcent,</strong></span> 
     </span>
    </p>
   </div>
   <div class='ocr_carea' id='block_1_35' title="bbox 260 1877 1885 1952">
    <p class='ocr_par' dir='ltr' id='par_1_35' title="bbox 260 1877 1885 1952">
     <span class='ocr_line' id='line_1_35' title="bbox 260 1877 1885 1952; baseline 0.003 -20"><span class='ocrx_word' id='word_1_238' title='bbox 260 1877 594 1950; x_wconf 82' lang='lat' dir='ltr'><strong>Hugonem,</strong></span> <span class='ocrx_word' id='word_1_239' title='bbox 640 1882 804 1949; x_wconf 89' lang='lat' dir='ltr'><strong>parte</strong></span> <span class='ocrx_word' id='word_1_240' title='bbox 851 1879 987 1933; x_wconf 88' lang='lat' dir='ltr'><strong>anni</strong></span> <span class='ocrx_word' id='word_1_241' title='bbox 1023 1882 1180 1946; x_wconf 89' lang='grc'>1080,</span> <span class='ocrx_word' id='word_1_242' title='bbox 1231 1897 1346 1952; x_wconf 92' lang='lat' dir='ltr'><strong>quo</strong></span> <span class='ocrx_word' id='word_1_243' title='bbox 1386 1885 1753 1937; x_wconf 84' lang='lat' dir='ltr'><strong>consecratus</strong></span> <span class='ocrx_word' id='word_1_244' title='bbox 1778 1882 1885 1937; x_wconf 89' lang='lat' dir='ltr'><strong>fuit</strong></span> 
     </span>
    </p>
   </div>
   <div class='ocr_carea' id='block_1_36' title="bbox 257 1965 1884 2039">
    <p class='ocr_par' dir='ltr' id='par_1_36' title="bbox 257 1965 1884 2039">
     <span class='ocr_line' id='line_1_36' title="bbox 257 1965 1884 2039; baseline 0.002 -19"><span class='ocrx_word' id='word_1_245' title='bbox 257 1965 587 2038; x_wconf 82' lang='lat' dir='ltr'><strong>episcopus,</strong></span> <span class='ocrx_word' id='word_1_246' title='bbox 615 1966 917 2039; x_wconf 87' lang='lat' dir='ltr'><strong>alteraque</strong></span> <span class='ocrx_word' id='word_1_247' title='bbox 944 1966 1079 2021; x_wconf 88' lang='lat' dir='ltr'><strong>anni</strong></span> <span class='ocrx_word' id='word_1_248' title='bbox 1110 1966 1403 2039; x_wconf 87' lang='lat' dir='ltr'><strong>sequentis</strong></span> <span class='ocrx_word' id='word_1_249' title='bbox 1430 1971 1562 2038; x_wconf 91' lang='lat' dir='ltr'><strong>post</strong></span> <span class='ocrx_word' id='word_1_250' title='bbox 1582 1984 1884 2023; x_wconf 86' lang='lat' dir='ltr'><strong>consecra-</strong></span> 
     </span>
    </p>
   </div>
   <div class='ocr_carea' id='block_1_37' title="bbox 256 2053 1886 2128">
    <p class='ocr_par' dir='ltr' id='par_1_37' title="bbox 256 2053 1886 2128">
     <span class='ocr_line' id='line_1_37' title="bbox 256 2053 1886 2128; baseline 0.001 -18"><span class='ocrx_word' id='word_1_251' title='bbox 256 2053 485 2110; x_wconf 89' lang='lat' dir='ltr'><strong>tionem</strong></span> <span class='ocrx_word' id='word_1_252' title='bbox 519 2055 680 2109; x_wconf 90' lang='lat' dir='ltr'><strong>illam</strong></span> <span class='ocrx_word' id='word_1_253' title='bbox 704 2056 920 2128; x_wconf 88' lang='lat' dir='ltr'><strong>elapsa,</strong></span> <span class='ocrx_word' id='word_1_254' title='bbox 953 2073 1050 2111; x_wconf 91' lang='lat' dir='ltr'><strong>seu</strong></span> <span class='ocrx_word' id='word_1_255' title='bbox 1074 2072 1230 2110; x_wconf 90' lang='lat' dir='ltr'><strong>anno</strong></span> <span class='ocrx_word' id='word_1_256' title='bbox 1261 2055 1563 2110; x_wconf 82' lang='lat' dir='ltr'><strong>dumtaxat</strong></span> <span class='ocrx_word' id='word_1_257' title='bbox 1592 2060 1722 2127; x_wconf 89' lang='lat' dir='ltr'><strong>post</strong></span> <span class='ocrx_word' id='word_1_258' title='bbox 1738 2057 1886 2112; x_wconf 90' lang='lat' dir='ltr'><strong>hanc</strong></span> 
     </span>
    </p>
   </div>
   <div class='ocr_carea' id='block_1_38' title="bbox 259 2143 1882 2201">
    <p class='ocr_par' dir='ltr' id='par_1_38' title="bbox 259 2143 1882 2201">
     <span class='ocr_line' id='line_1_38' title="bbox 259 2143 1882 2201; baseline 0.002 -4"><span class='ocrx_word' id='word_1_259' title='bbox 259 2159 380 2198; x_wconf 90' lang='lat' dir='ltr'><strong>uno</strong></span> <span class='ocrx_word' id='word_1_260' title='bbox 393 2143 612 2198; x_wconf 85' lang='lat' dir='ltr'><strong>factum</strong></span> <span class='ocrx_word' id='word_1_261' title='bbox 628 2159 748 2199; x_wconf 88' lang='lat' dir='ltr'><strong>esse</strong></span> <span class='ocrx_word' id='word_1_262' title='bbox 762 2144 1113 2200; x_wconf 67' lang='lat' dir='ltr'><strong>inCasxe-Dei</strong></span> <span class='ocrx_word' id='word_1_263' title='bbox 1133 2144 1486 2199; x_wconf 83' lang='lat' dir='ltr'><strong>monasterio</strong></span> <span class='ocrx_word' id='word_1_264' title='bbox 1508 2146 1882 2201; x_wconf 86' lang='lat' dir='ltr'><strong>monachum.</strong></span> 
     </span>
    </p>
   </div>
   <div class='ocr_carea' id='block_1_39' title="bbox 262 2231 1884 2304">
    <p class='ocr_par' dir='ltr' id='par_1_39' title="bbox 262 2231 1884 2304">
     <span class='ocr_line' id='line_1_39' title="bbox 262 2231 1884 2304; baseline 0.002 -18"><span class='ocrx_word' id='word_1_265' title='bbox 262 2232 394 2287; x_wconf 66' lang='lat' dir='ltr'><strong>Hec</strong></span> <span class='ocrx_word' id='word_1_266' title='bbox 429 2231 483 2285; x_wconf 92' lang='lat' dir='ltr'><strong>ei</strong></span> <span class='ocrx_word' id='word_1_267' title='bbox 529 2232 692 2286; x_wconf 86' lang='lat' dir='ltr'><strong>sedet</strong></span> <span class='ocrx_word' id='word_1_268' title='bbox 732 2231 950 2303; x_wconf 90' lang='lat' dir='ltr'><strong>opinio,</strong></span> <span class='ocrx_word' id='word_1_269' title='bbox 999 2231 1176 2304; x_wconf 90' lang='lat' dir='ltr'><strong>quod,</strong></span> <span class='ocrx_word' id='word_1_270' title='bbox 1223 2232 1721 2303; x_wconf 88' lang='lat' dir='ltr'><strong>quemadmodum</strong></span> <span class='ocrx_word' id='word_1_271' title='bbox 1782 2234 1884 2302; x_wconf 89' lang='lat' dir='ltr'><strong>ait,</strong></span> 
     </span>
    </p>
   </div>
   <div class='ocr_carea' id='block_1_40' title="bbox 258 2319 1881 2391">
    <p class='ocr_par' dir='ltr' id='par_1_40' title="bbox 258 2319 1881 2391">
     <span class='ocr_line' id='line_1_40' title="bbox 258 2319 1881 2391; baseline -0.002 -16"><span class='ocrx_word' id='word_1_272' title='bbox 258 2337 381 2375; x_wconf 88' lang='lat' dir='ltr'><strong>non</strong></span> <span class='ocrx_word' id='word_1_273' title='bbox 392 2336 528 2375; x_wconf 88' lang='lat' dir='ltr'><strong>raro</strong></span> <span class='ocrx_word' id='word_1_274' title='bbox 549 2320 647 2375; x_wconf 81' lang='lat' dir='ltr'><strong>ﬂat</strong></span> <span class='ocrx_word' id='word_1_275' title='bbox 669 2323 731 2374; x_wconf 94' lang='lat' dir='ltr'><strong>ut</strong></span> <span class='ocrx_word' id='word_1_276' title='bbox 741 2319 1048 2390; x_wconf 88' lang='lat' dir='ltr'><strong>scriptores</strong></span> <span class='ocrx_word' id='word_1_277' title='bbox 1060 2336 1162 2390; x_wconf 88' lang='lat' dir='ltr'><strong>per</strong></span> <span class='ocrx_word' id='word_1_278' title='bbox 1179 2320 1509 2375; x_wconf 77' lang='lat' dir='ltr'><strong>«biennium</strong></span> <span class='ocrx_word' id='word_1_279' title='bbox 1535 2322 1881 2391; x_wconf 85' lang='lat' dir='ltr'><strong>expletum,»</strong></span> 
     </span>
    </p>
   </div>
   <div class='ocr_carea' id='block_1_41' title="bbox 262 2408 1883 2479">
    <p class='ocr_par' dir='ltr' id='par_1_41' title="bbox 262 2408 1883 2479">
     <span class='ocr_line' id='line_1_41' title="bbox 262 2408 1883 2479; baseline 0.001 -16"><span class='ocrx_word' id='word_1_280' title='bbox 262 2412 366 2463; x_wconf 88' lang='lat' dir='ltr'><strong>aut</strong></span> <span class='ocrx_word' id='word_1_281' title='bbox 396 2409 575 2463; x_wconf 88' lang='lat' dir='ltr'><strong>etiam</strong></span> <span class='ocrx_word' id='word_1_282' title='bbox 608 2424 714 2479; x_wconf 90' lang='lat' dir='ltr'><strong>per</strong></span> <span class='ocrx_word' id='word_1_283' title='bbox 741 2408 883 2464; x_wconf 92' lang='lat' dir='ltr'><strong>duos</strong></span> <span class='ocrx_word' id='word_1_284' title='bbox 909 2425 1093 2464; x_wconf 91' lang='lat' dir='ltr'><strong>annos</strong></span> <span class='ocrx_word' id='word_1_285' title='bbox 1121 2411 1442 2463; x_wconf 87' lang='lat' dir='ltr'><strong>trausactos</strong></span> <span class='ocrx_word' id='word_1_286' title='bbox 1485 2408 1770 2464; x_wconf 88' lang='lat' dir='ltr'><strong>similesve</strong></span> <span class='ocrx_word' id='word_1_287' title='bbox 1798 2410 1883 2465; x_wconf 88' lang='lat' dir='ltr'><strong>lo-</strong></span> 
     </span>
    </p>
   </div>
   <div class='ocr_carea' id='block_1_42' title="bbox 265 2497 1882 2569">
    <p class='ocr_par' dir='ltr' id='par_1_42' title="bbox 265 2497 1882 2569">
     <span class='ocr_line' id='line_1_42' title="bbox 265 2497 1882 2569; baseline 0.001 -17"><span class='ocrx_word' id='word_1_288' title='bbox 265 2497 528 2552; x_wconf 88' lang='lat' dir='ltr'><strong>cutiones</strong></span> <span class='ocrx_word' id='word_1_289' title='bbox 581 2513 802 2552; x_wconf 89' lang='lat' dir='ltr'><strong>annum</strong></span> <span class='ocrx_word' id='word_1_290' title='bbox 825 2497 1125 2552; x_wconf 81' lang='lat' dir='ltr'><strong>dumtaxat</strong></span> <span class='ocrx_word' id='word_1_291' title='bbox 1140 2497 1484 2568; x_wconf 80' lang='lat' dir='ltr'><strong>significent,</strong></span> <span class='ocrx_word' id='word_1_292' title='bbox 1521 2498 1616 2569; x_wconf 88' lang='lat' dir='ltr'><strong>qui</strong></span> <span class='ocrx_word' id='word_1_293' title='bbox 1653 2497 1882 2554; x_wconf 89' lang='lat' dir='ltr'><strong>initium</strong></span> 
     </span>
    </p>
   </div>
   <div class='ocr_carea' id='block_1_43' title="bbox 267 2584 1885 2641">
    <p class='ocr_par' dir='ltr' id='par_1_43' title="bbox 267 2584 1885 2641">
     <span class='ocr_line' id='line_1_43' title="bbox 267 2584 1885 2641; baseline 0.001 -2"><span class='ocrx_word' id='word_1_294' title='bbox 267 2589 327 2640; x_wconf 90' lang='lat' dir='ltr'><strong>et</strong></span> <span class='ocrx_word' id='word_1_295' title='bbox 356 2584 540 2640; x_wconf 83' lang='lat' dir='ltr'><strong>ﬁnem</strong></span> <span class='ocrx_word' id='word_1_296' title='bbox 571 2600 704 2639; x_wconf 92' lang='lat' dir='ltr'><strong>cum</strong></span> <span class='ocrx_word' id='word_1_297' title='bbox 739 2585 963 2641; x_wconf 90' lang='lat' dir='ltr'><strong>duobus</strong></span> <span class='ocrx_word' id='word_1_298' title='bbox 991 2584 1227 2641; x_wconf 83' lang='lat' dir='ltr'><strong>diversis</strong></span> <span class='ocrx_word' id='word_1_299' title='bbox 1259 2584 1472 2640; x_wconf 90' lang='lat' dir='ltr'><strong>Christi</strong></span> <span class='ocrx_word' id='word_1_300' title='bbox 1511 2584 1681 2640; x_wconf 90' lang='lat' dir='ltr'><strong>annis</strong></span> <span class='ocrx_word' id='word_1_301' title='bbox 1708 2585 1885 2640; x_wconf 84' lang='lat' dir='ltr'><strong>habet</strong></span> 
     </span>
    </p>
   </div>
   <div class='ocr_carea' id='block_1_44' title="bbox 261 2674 663 2744">
    <p class='ocr_par' dir='ltr' id='par_1_44' title="bbox 261 2674 663 2744">
     <span class='ocr_line' id='line_1_44' title="bbox 261 2674 663 2744; baseline 0 -16"><span class='ocrx_word' id='word_1_302' title='bbox 261 2674 392 2744; x_wconf 87' lang='lat' dir='ltr'><strong>conj</strong></span> <span class='ocrx_word' id='word_1_303' title='bbox 401 2675 663 2728; x_wconf 91' lang='lat' dir='ltr'><strong>unctum.</strong></span> 
     </span>
    </p>
   </div>
   <div class='ocr_carea' id='block_1_45' title="bbox 294 2759 1881 2833">
    <p class='ocr_par' dir='ltr' id='par_1_45' title="bbox 294 2759 1881 2833">
     <span class='ocr_line' id='line_1_45' title="bbox 294 2759 1881 2833; baseline -0.001 -17"><span class='ocrx_word' id='word_1_304' title='bbox 294 2759 1024 2833; x_wconf 69' lang='lat' dir='ltr'><strong>457.Verum,etsiidPagio</strong></span> <span class='ocrx_word' id='word_1_305' title='bbox 1040 2760 1320 2833; x_wconf 83' lang='lat' dir='ltr'><strong>tantisper</strong></span> <span class='ocrx_word' id='word_1_306' title='bbox 1332 2760 1881 2828; x_wconf 90' lang='lat' dir='ltr'><strong>dederimus,locum</strong></span> 
     </span>
    </p>
   </div>
   <div class='ocr_carea' id='block_1_46' title="bbox 261 2849 1882 2921">
    <p class='ocr_par' dir='ltr' id='par_1_46' title="bbox 261 2849 1882 2921">
     <span class='ocr_line' id='line_1_46' title="bbox 261 2849 1882 2921; baseline 0 -16"><span class='ocrx_word' id='word_1_307' title='bbox 261 2855 464 2905; x_wconf 82' lang='lat' dir='ltr'><strong>tamen</strong></span> <span class='ocrx_word' id='word_1_308' title='bbox 484 2850 701 2905; x_wconf 88' lang='lat' dir='ltr'><strong>habere</strong></span> <span class='ocrx_word' id='word_1_309' title='bbox 715 2865 831 2904; x_wconf 86' lang='lat' dir='ltr'><strong>non</strong></span> <span class='ocrx_word' id='word_1_310' title='bbox 847 2850 1291 2921; x_wconf 88' lang='lat' dir='ltr'><strong>potest,quando</strong></span> <span class='ocrx_word' id='word_1_311' title='bbox 1306 2854 1528 2904; x_wconf 84' lang='lat' dir='ltr'><strong>actores</strong></span> <span class='ocrx_word' id='word_1_312' title='bbox 1540 2849 1770 2920; x_wconf 90' lang='lat' dir='ltr'><strong>ipsimet</strong></span> <span class='ocrx_word' id='word_1_313' title='bbox 1780 2865 1882 2906; x_wconf 91' lang='lat' dir='ltr'><strong>suo</strong></span> 
     </span>
    </p>
   </div>
   <div class='ocr_carea' id='block_1_47' title="bbox 261 2937 1949 3034">
    <p class='ocr_par' dir='ltr' id='par_1_47' title="bbox 261 2937 1949 3034">
     <span class='ocr_line' id='line_1_47' title="bbox 261 2937 1949 3034; baseline -0.001 -41"><span class='ocrx_word' id='word_1_314' title='bbox 261 2937 549 3034; x_wconf 78' lang='lat' dir='ltr'><strong>scribendi</strong></span> <span class='ocrx_word' id='word_1_315' title='bbox 567 2937 1036 3034; x_wconf 78' lang='lat' dir='ltr'><strong>modoindicant,</strong></span> <span class='ocrx_word' id='word_1_316' title='bbox 1064 2937 1420 3011; x_wconf 89' lang='lat' dir='ltr'><strong>accipiantne</strong></span> <span class='ocrx_word' id='word_1_317' title='bbox 1438 2954 1541 3011; x_wconf 90' lang='lat' dir='ltr'><strong>pro</strong></span> <span class='ocrx_word' id='word_1_318' title='bbox 1557 2939 1879 3034; x_wconf 83' lang='lat' dir='ltr'><strong>completis,</strong></span> <span class='ocrx_word' id='word_1_319' title='bbox 1902 2973 1949 3034; x_wconf 66' lang='grc' dir='ltr'>Ο</span> 
     </span>
    </p>
   </div>
   <div class='ocr_carea' id='block_1_48' title="bbox 261 3026 1883 3099">
    <p class='ocr_par' dir='ltr' id='par_1_48' title="bbox 261 3026 1883 3099">
     <span class='ocr_line' id='line_1_48' title="bbox 261 3026 1883 3099; baseline 0 -17"><span class='ocrx_word' id='word_1_320' title='bbox 261 3043 335 3082; x_wconf 89' lang='lat' dir='ltr'><strong>an</strong></span> <span class='ocrx_word' id='word_1_321' title='bbox 352 3043 459 3099; x_wconf 89' lang='lat' dir='ltr'><strong>pro</strong></span> <span class='ocrx_word' id='word_1_322' title='bbox 473 3026 665 3081; x_wconf 90' lang='lat' dir='ltr'><strong>incom</strong></span> <span class='ocrx_word' id='word_1_323' title='bbox 672 3026 839 3097; x_wconf 90' lang='lat' dir='ltr'><strong>pletis</strong></span> <span class='ocrx_word' id='word_1_324' title='bbox 850 3044 924 3082; x_wconf 89' lang='lat' dir='ltr'><strong>an</strong></span> <span class='ocrx_word' id='word_1_325' title='bbox 932 3044 1037 3082; x_wconf 91' lang='lat' dir='ltr'><strong>nos</strong></span> <span class='ocrx_word' id='word_1_326' title='bbox 1053 3027 1280 3099; x_wconf 90' lang='lat' dir='ltr'><strong>aliaque</strong></span> <span class='ocrx_word' id='word_1_327' title='bbox 1293 3031 1410 3081; x_wconf 91' lang='lat' dir='ltr'><strong>tem</strong></span> <span class='ocrx_word' id='word_1_328' title='bbox 1421 3027 1572 3099; x_wconf 89' lang='lat' dir='ltr'><strong>poris</strong></span> <span class='ocrx_word' id='word_1_329' title='bbox 1584 3026 1767 3096; x_wconf 86' lang='lat' dir='ltr'><strong>spatia</strong></span> <span class='ocrx_word' id='word_1_330' title='bbox 1782 3043 1883 3082; x_wconf 90' lang='lat' dir='ltr'><strong>seu</strong></span> 
     </span>
    </p>
   </div>
   <div class='ocr_carea' id='block_1_49' title="bbox 260 3114 1880 3185">
    <p class='ocr_par' dir='ltr' id='par_1_49' title="bbox 260 3114 1880 3185">
     <span class='ocr_line' id='line_1_49' title="bbox 260 3114 1880 3185; baseline 0.002 -15"><span class='ocrx_word' id='word_1_331' title='bbox 260 3114 588 3182; x_wconf 87' lang='lat' dir='ltr'><strong>intervalla,</strong></span> <span class='ocrx_word' id='word_1_332' title='bbox 604 3114 676 3170; x_wconf 88' lang='lat' dir='ltr'><strong>de</strong></span> <span class='ocrx_word' id='word_1_333' title='bbox 689 3115 892 3185; x_wconf 86' lang='lat' dir='ltr'><strong>quibus</strong></span> <span class='ocrx_word' id='word_1_334' title='bbox 904 3131 1236 3170; x_wconf 90' lang='lat' dir='ltr'><strong>sermonem</strong></span> <span class='ocrx_word' id='word_1_335' title='bbox 1256 3115 1581 3169; x_wconf 85' lang='lat' dir='ltr'><strong>instituunt.</strong></span> <span class='ocrx_word' id='word_1_336' title='bbox 1602 3115 1663 3169; x_wconf 89' lang='lat' dir='ltr'><strong>ld</strong></span> <span class='ocrx_word' id='word_1_337' title='bbox 1684 3120 1880 3173; x_wconf 88' lang='lat' dir='ltr'><strong>autem</strong></span> 
     </span>
    </p>
   </div>
   <div class='ocr_carea' id='block_1_50' title="bbox 262 3203 1882 3275">
    <p class='ocr_par' dir='ltr' id='par_1_50' title="bbox 262 3203 1882 3275">
     <span class='ocr_line' id='line_1_50' title="bbox 262 3203 1882 3275; baseline 0.001 -16"><span class='ocrx_word' id='word_1_338' title='bbox 262 3204 321 3259; x_wconf 91' lang='lat' dir='ltr'><strong>in</strong></span> <span class='ocrx_word' id='word_1_339' title='bbox 342 3207 526 3271; x_wconf 88' lang='lat' dir='ltr'><strong>textu,</strong></span> <span class='ocrx_word' id='word_1_340' title='bbox 546 3220 713 3259; x_wconf 90' lang='lat' dir='ltr'><strong>voces</strong></span> <span class='ocrx_word' id='word_1_341' title='bbox 732 3204 900 3258; x_wconf 90' lang='lat' dir='ltr'><strong>hasce</strong></span> <span class='ocrx_word' id='word_1_342' title='bbox 927 3226 955 3254; x_wconf 85' lang='grc'><em>‹‹</em></span> <span class='ocrx_word' id='word_1_343' title='bbox 976 3203 1198 3259; x_wconf 90' lang='lat' dir='ltr'><strong>duobus</strong></span> <span class='ocrx_word' id='word_1_344' title='bbox 1228 3221 1293 3259; x_wconf 91' lang='lat' dir='ltr'><strong>ex</strong></span> <span class='ocrx_word' id='word_1_345' title='bbox 1302 3204 1467 3275; x_wconf 54' lang='lat' dir='ltr'><strong>pletis-</strong></span> <span class='ocrx_word' id='word_1_346' title='bbox 1488 3203 1655 3257; x_wconf 88' lang='lat' dir='ltr'><strong>annis</strong></span> <span class='ocrx_word' id='word_1_347' title='bbox 1672 3225 1699 3252; x_wconf 88' lang='grc'><strong>››</strong></span> <span class='ocrx_word' id='word_1_348' title='bbox 1725 3220 1882 3259; x_wconf 91' lang='lat' dir='ltr'><strong>com-</strong></span> 
     </span>
    </p>
   </div>
   <div class='ocr_carea' id='block_1_51' title="bbox 262 3291 1879 3366">
    <p class='ocr_par' dir='ltr' id='par_1_51' title="bbox 262 3291 1879 3366">
     <span class='ocr_line' id='line_1_51' title="bbox 262 3291 1879 3366; baseline 0.001 -20"><span class='ocrx_word' id='word_1_349' title='bbox 262 3292 576 3366; x_wconf 87' lang='lat' dir='ltr'><strong>plectente,</strong></span> <span class='ocrx_word' id='word_1_350' title='bbox 595 3292 775 3363; x_wconf 83' lang='lat' dir='ltr'><strong>Guigo</strong></span> <span class='ocrx_word' id='word_1_351' title='bbox 793 3292 1004 3360; x_wconf 89' lang='lat' dir='ltr'><strong>facere,</strong></span> <span class='ocrx_word' id='word_1_352' title='bbox 1029 3292 1074 3347; x_wconf 91' lang='lat' dir='ltr'><strong>si</strong></span> <span class='ocrx_word' id='word_1_353' title='bbox 1090 3309 1224 3347; x_wconf 91' lang='lat' dir='ltr'><strong>eum</strong></span> <span class='ocrx_word' id='word_1_354' title='bbox 1243 3291 1577 3347; x_wconf 87' lang='lat' dir='ltr'><strong>Columhius</strong></span> <span class='ocrx_word' id='word_1_355' title='bbox 1590 3295 1649 3345; x_wconf 91' lang='lat' dir='ltr'><strong>et</strong></span> <span class='ocrx_word' id='word_1_356' title='bbox 1673 3293 1879 3365; x_wconf 86' lang='lat' dir='ltr'><strong>Pagius</strong></span> 
     </span>
    </p>
   </div>
   <div class='ocr_carea' id='block_1_52' title="bbox 261 3379 1877 3450">
    <p class='ocr_par' dir='ltr' id='par_1_52' title="bbox 261 3379 1877 3450">
     <span class='ocr_line' id='line_1_52' title="bbox 261 3379 1877 3450; baseline -0.001 -15"><span class='ocrx_word' id='word_1_357' title='bbox 261 3383 419 3435; x_wconf 88' lang='lat' dir='ltr'><strong>recte</strong></span> <span class='ocrx_word' id='word_1_358' title='bbox 468 3384 861 3447; x_wconf 89' lang='lat' dir='ltr'><strong>recenserent,</strong></span> <span class='ocrx_word' id='word_1_359' title='bbox 921 3384 1067 3435; x_wconf 87' lang='lat' dir='ltr'><strong>esset</strong></span> <span class='ocrx_word' id='word_1_360' title='bbox 1115 3379 1552 3447; x_wconf 86' lang='lat' dir='ltr'><strong>existimandus,</strong></span> <span class='ocrx_word' id='word_1_361' title='bbox 1599 3395 1664 3433; x_wconf 89' lang='lat' dir='ltr'><strong>ac</strong></span> <span class='ocrx_word' id='word_1_362' title='bbox 1709 3380 1877 3450; x_wconf 89' lang='lat' dir='ltr'><strong>proin</strong></span> 
     </span>
    </p>
   </div>
   <div class='ocr_carea' id='block_1_53' title="bbox 260 3467 1875 3540">
    <p class='ocr_par' dir='ltr' id='par_1_53' title="bbox 260 3467 1875 3540">
     <span class='ocr_line' id='line_1_53' title="bbox 260 3467 1875 3540; baseline -0.001 -17"><span class='ocrx_word' id='word_1_363' title='bbox 260 3469 448 3523; x_wconf 78' lang='lat' dir='ltr'><strong>dictas</strong></span> <span class='ocrx_word' id='word_1_364' title='bbox 474 3484 641 3523; x_wconf 86' lang='lat' dir='ltr'><strong>voces</strong></span> <span class='ocrx_word' id='word_1_365' title='bbox 681 3484 787 3540; x_wconf 93' lang='lat' dir='ltr'><strong>pro</strong></span> <span class='ocrx_word' id='word_1_366' title='bbox 820 3468 1045 3524; x_wconf 87' lang='lat' dir='ltr'><strong>duobus</strong></span> <span class='ocrx_word' id='word_1_367' title='bbox 1078 3468 1284 3524; x_wconf 87' lang='lat' dir='ltr'><strong>Christi</strong></span> <span class='ocrx_word' id='word_1_368' title='bbox 1322 3468 1486 3522; x_wconf 78' lang='lat' dir='ltr'><strong>annis</strong></span> <span class='ocrx_word' id='word_1_369' title='bbox 1511 3467 1875 3539; x_wconf 89' lang='lat' dir='ltr'><strong>incompletis</strong></span> 
     </span>
    </p>
   </div>
   <div class='ocr_carea' id='block_1_54' title="bbox 259 3556 1877 3629">
    <p class='ocr_par' dir='ltr' id='par_1_54' title="bbox 259 3556 1877 3629">
     <span class='ocr_line' id='line_1_54' title="bbox 259 3556 1877 3629; baseline 0 -18"><span class='ocrx_word' id='word_1_370' title='bbox 259 3573 362 3611; x_wconf 90' lang='lat' dir='ltr'><strong>seu</strong></span> <span class='ocrx_word' id='word_1_371' title='bbox 380 3573 488 3629; x_wconf 87' lang='lat' dir='ltr'><strong>pro</strong></span> <span class='ocrx_word' id='word_1_372' title='bbox 519 3572 674 3612; x_wconf 89' lang='lat' dir='ltr'><strong>anno</strong></span> <span class='ocrx_word' id='word_1_373' title='bbox 696 3573 813 3612; x_wconf 90' lang='lat' dir='ltr'><strong>uno</strong></span> <span class='ocrx_word' id='word_1_374' title='bbox 833 3556 1087 3628; x_wconf 81' lang='lat' dir='ltr'><strong>integro,</strong></span> <span class='ocrx_word' id='word_1_375' title='bbox 1106 3556 1201 3628; x_wconf 90' lang='lat' dir='ltr'><strong>qui</strong></span> <span class='ocrx_word' id='word_1_376' title='bbox 1219 3556 1449 3611; x_wconf 89' lang='lat' dir='ltr'><strong>initium</strong></span> <span class='ocrx_word' id='word_1_377' title='bbox 1470 3559 1527 3610; x_wconf 90' lang='lat' dir='ltr'><strong>et</strong></span> <span class='ocrx_word' id='word_1_378' title='bbox 1547 3556 1725 3610; x_wconf 83' lang='lat' dir='ltr'><strong>finem</strong></span> <span class='ocrx_word' id='word_1_379' title='bbox 1747 3572 1877 3611; x_wconf 91' lang='lat' dir='ltr'><strong>cum</strong></span> 
     </span>
    </p>
   </div>
   <div class='ocr_carea' id='block_1_55' title="bbox 264 3644 1877 3715">
    <p class='ocr_par' dir='ltr' id='par_1_55' title="bbox 264 3644 1877 3715">
     <span class='ocr_line' id='line_1_55' title="bbox 264 3644 1877 3715; baseline -0.001 -15"><span class='ocrx_word' id='word_1_380' title='bbox 264 3645 492 3701; x_wconf 90' lang='lat' dir='ltr'><strong>duobus</strong></span> <span class='ocrx_word' id='word_1_381' title='bbox 520 3644 757 3701; x_wconf 89' lang='lat' dir='ltr'><strong>diversis</strong></span> <span class='ocrx_word' id='word_1_382' title='bbox 792 3645 999 3701; x_wconf 87' lang='lat' dir='ltr'><strong>Christi</strong></span> <span class='ocrx_word' id='word_1_383' title='bbox 1032 3645 1200 3700; x_wconf 91' lang='lat' dir='ltr'><strong>annis</strong></span> <span class='ocrx_word' id='word_1_384' title='bbox 1238 3645 1451 3700; x_wconf 88' lang='lat' dir='ltr'><strong>habeat</strong></span> <span class='ocrx_word' id='word_1_385' title='bbox 1480 3644 1877 3715; x_wconf 89' lang='lat' dir='ltr'><strong>conjunctum,</strong></span> 
     </span>
    </p>
   </div>
   <div class='ocr_carea' id='block_1_56' title="bbox 260 3730 1878 3806">
    <p class='ocr_par' dir='ltr' id='par_1_56' title="bbox 260 3730 1878 3806">
     <span class='ocr_line' id='line_1_56' title="bbox 260 3730 1878 3806; baseline -0.002 -17"><span class='ocrx_word' id='word_1_386' title='bbox 260 3750 381 3790; x_wconf 92' lang='lat' dir='ltr'><strong>non</strong></span> <span class='ocrx_word' id='word_1_387' title='bbox 396 3732 908 3806; x_wconf 85' lang='lat' dir='ltr'><strong>accipere.Eteuim</strong></span> <span class='ocrx_word' id='word_1_388' title='bbox 922 3733 983 3789; x_wconf 90' lang='lat' dir='ltr'><strong>in</strong></span> <span class='ocrx_word' id='word_1_389' title='bbox 1000 3733 1209 3789; x_wconf 90' lang='lat' dir='ltr'><strong>eodem</strong></span> <span class='ocrx_word' id='word_1_390' title='bbox 1228 3732 1325 3787; x_wconf 92' lang='lat' dir='ltr'><strong>illo</strong></span> <span class='ocrx_word' id='word_1_391' title='bbox 1345 3733 1498 3804; x_wconf 90' lang='lat' dir='ltr'><strong>apud</strong></span> <span class='ocrx_word' id='word_1_392' title='bbox 1511 3730 1878 3788; x_wconf 89' lang='lat' dir='ltr'><strong>Columbium</strong></span> 
     </span>
    </p>
   </div>
   <div class='ocr_carea' id='block_1_57' title="bbox 258 3821 1878 3896">
    <p class='ocr_par' dir='ltr' id='par_1_57' title="bbox 258 3821 1878 3896">
     <span class='ocr_line' id='line_1_57' title="bbox 258 3821 1878 3896; baseline -0.002 -17"><span class='ocrx_word' id='word_1_393' title='bbox 258 3827 320 3879; x_wconf 86' lang='lat' dir='ltr'><strong>et</strong></span> <span class='ocrx_word' id='word_1_394' title='bbox 336 3823 586 3896; x_wconf 82' lang='lat' dir='ltr'><strong>Pagium</strong></span> <span class='ocrx_word' id='word_1_395' title='bbox 605 3827 765 3880; x_wconf 86' lang='lat' dir='ltr'><strong>textu</strong></span> <span class='ocrx_word' id='word_1_396' title='bbox 787 3840 966 3896; x_wconf 86' lang='lat' dir='ltr'><strong>agens</strong></span> <span class='ocrx_word' id='word_1_397' title='bbox 997 3823 1069 3878; x_wconf 89' lang='lat' dir='ltr'><strong>de</strong></span> <span class='ocrx_word' id='word_1_398' title='bbox 1090 3823 1259 3878; x_wconf 90' lang='lat' dir='ltr'><strong>annis</strong></span> <span class='ocrx_word' id='word_1_399' title='bbox 1287 3822 1470 3878; x_wconf 88' lang='lat' dir='ltr'><strong>tribus</strong></span> <span class='ocrx_word' id='word_1_400' title='bbox 1495 3839 1637 3894; x_wconf 91' lang='lat' dir='ltr'><strong>quos</strong></span> <span class='ocrx_word' id='word_1_401' title='bbox 1679 3821 1736 3878; x_wconf 93' lang='lat' dir='ltr'><strong>S.</strong></span> <span class='ocrx_word' id='word_1_402' title='bbox 1766 3822 1878 3876; x_wconf 83' lang='lat' dir='ltr'><strong>Hu-</strong></span> 
     </span>
    </p>
   </div>
   <div class='ocr_carea' id='block_1_58' title="bbox 258 3909 1875 3985">
    <p class='ocr_par' dir='ltr' id='par_1_58' title="bbox 258 3909 1875 3985">
     <span class='ocr_line' id='line_1_58' title="bbox 258 3909 1875 3985; baseline -0.002 -18"><span class='ocrx_word' id='word_1_403' title='bbox 258 3915 677 3985; x_wconf 83' lang='lat' dir='ltr'><strong>go,autequam</strong></span> <span class='ocrx_word' id='word_1_404' title='bbox 695 3912 769 3967; x_wconf 90' lang='lat' dir='ltr'><strong>ad</strong></span> <span class='ocrx_word' id='word_1_405' title='bbox 787 3928 923 3966; x_wconf 92' lang='lat' dir='ltr'><strong>eum</strong></span> <span class='ocrx_word' id='word_1_406' title='bbox 936 3910 1182 3966; x_wconf 89' lang='lat' dir='ltr'><strong>Sanctus</strong></span> <span class='ocrx_word' id='word_1_407' title='bbox 1202 3912 1397 3965; x_wconf 86' lang='lat' dir='ltr'><strong>noster</strong></span> <span class='ocrx_word' id='word_1_408' title='bbox 1413 3909 1735 3978; x_wconf 80' lang='lat' dir='ltr'><strong>accederet,</strong></span> <span class='ocrx_word' id='word_1_409' title='bbox 1758 3932 1787 3960; x_wconf 87' lang='grc'><em>‹‹</em></span> <span class='ocrx_word' id='word_1_410' title='bbox 1819 3909 1875 3964; x_wconf 91' lang='lat' dir='ltr'><strong>in</strong></span> 
     </span>
    </p>
   </div>
   <div class='ocr_carea' id='block_1_59' title="bbox 257 3997 1875 4073">
    <p class='ocr_par' dir='ltr' id='par_1_59' title="bbox 257 3997 1875 4073">
     <span class='ocr_line' id='line_1_59' title="bbox 257 3997 1875 4073; baseline -0.002 -18"><span class='ocrx_word' id='word_1_411' title='bbox 257 4000 595 4073; x_wconf 82' lang='lat' dir='ltr'><strong>episcOpatu</strong></span> <span class='ocrx_word' id='word_1_412' title='bbox 607 4003 739 4073; x_wconf 87' lang='lat' dir='ltr'><strong>post</strong></span> <span class='ocrx_word' id='word_1_413' title='bbox 758 3999 1095 4056; x_wconf 88' lang='lat' dir='ltr'><strong>monasterii</strong></span> <span class='ocrx_word' id='word_1_414' title='bbox 1107 3998 1363 4054; x_wconf 86' lang='lat' dir='ltr'><strong>reditum</strong></span> <span class='ocrx_word' id='word_1_415' title='bbox 1379 4019 1407 4047; x_wconf 86' lang='lat'>»</span> <span class='ocrx_word' id='word_1_416' title='bbox 1421 3997 1875 4070; x_wconf 86' lang='lat' dir='ltr'><strong>exegerit,fuisse</strong></span> 
     </span>
    </p>
   </div>
   <div class='ocr_carea' id='block_1_60' title="bbox 255 4086 1873 4161">
    <p class='ocr_par' dir='ltr' id='par_1_60' title="bbox 255 4086 1873 4161">
     <span class='ocr_line' id='line_1_60' title="bbox 255 4086 1873 4161; baseline -0.001 -16"><span class='ocrx_word' id='word_1_417' title='bbox 255 4089 389 4146; x_wconf 89' lang='lat' dir='ltr'><strong>illos</strong></span> <span class='ocrx_word' id='word_1_418' title='bbox 412 4089 817 4161; x_wconf 89' lang='lat' dir='ltr'><strong>incompletos,</strong></span> <span class='ocrx_word' id='word_1_419' title='bbox 846 4088 1077 4158; x_wconf 80' lang='lat' dir='ltr'><strong>adjecta</strong></span> <span class='ocrx_word' id='word_1_420' title='bbox 1090 4088 1292 4142; x_wconf 82' lang='lat' dir='ltr'><strong>vocula</strong></span> <span class='ocrx_word' id='word_1_421' title='bbox 1311 4087 1538 4142; x_wconf 81' lang='lat' dir='ltr'><strong>necdum</strong></span> <span class='ocrx_word' id='word_1_422' title='bbox 1552 4086 1839 4159; x_wconf 82' lang='lat' dir='ltr'><strong>signiﬁcat</strong></span> <span class='ocrx_word' id='word_1_423' title='bbox 1860 4104 1873 4143; x_wconf 90' lang='lat'><strong>:</strong></span> 
     </span>
    </p>
   </div>
   <div class='ocr_carea' id='block_1_61' title="bbox 259 4175 1875 4249">
    <p class='ocr_par' dir='ltr' id='par_1_61' title="bbox 259 4175 1875 4249">
     <span class='ocr_line' id='line_1_61' title="bbox 259 4175 1875 4249; baseline 0.001 -20"><span class='ocrx_word' id='word_1_424' title='bbox 259 4177 673 4249; x_wconf 73' lang='lat' dir='ltr'><strong>«Ecce,inquit,</strong></span> <span class='ocrx_word' id='word_1_425' title='bbox 709 4176 891 4232; x_wconf 87' lang='lat' dir='ltr'><strong>tribus</strong></span> <span class='ocrx_word' id='word_1_426' title='bbox 914 4192 1131 4232; x_wconf 63' lang='lat' dir='ltr'><strong>necom:</strong></span> <span class='ocrx_word' id='word_1_427' title='bbox 1153 4175 1212 4230; x_wconf 89' lang='lat' dir='ltr'><strong>in</strong></span> <span class='ocrx_word' id='word_1_428' title='bbox 1240 4175 1574 4248; x_wconf 87' lang='lat' dir='ltr'><strong>episcopatu</strong></span> <span class='ocrx_word' id='word_1_429' title='bbox 1605 4177 1875 4246; x_wconf 84' lang='lat' dir='ltr'><strong>postmo-</strong></span> 
     </span>
    </p>
   </div>
   <div class='ocr_carea' id='block_1_62' title="bbox 1986 1788 3597 1861">
    <p class='ocr_par' dir='ltr' id='par_1_62' title="bbox 1986 1788 3597 1861">
     <span class='ocr_line' id='line_1_62' title="bbox 1986 1788 3597 1861; baseline -0.001 -17"><span class='ocrx_word' id='word_1_430' title='bbox 1986 1789 2232 1844; x_wconf 85' lang='lat' dir='ltr'><strong>necdum</strong></span> <span class='ocrx_word' id='word_1_431' title='bbox 2252 1789 2311 1842; x_wconf 91' lang='lat' dir='ltr'><strong>in</strong></span> <span class='ocrx_word' id='word_1_432' title='bbox 2326 1788 2657 1861; x_wconf 85' lang='lat' dir='ltr'><strong>episcopatu</strong></span> <span class='ocrx_word' id='word_1_433' title='bbox 2669 1792 2798 1860; x_wconf 89' lang='lat' dir='ltr'><strong>post</strong></span> <span class='ocrx_word' id='word_1_434' title='bbox 2817 1789 3151 1845; x_wconf 87' lang='lat' dir='ltr'><strong>monasterii</strong></span> <span class='ocrx_word' id='word_1_435' title='bbox 3171 1789 3419 1844; x_wconf 90' lang='lat' dir='ltr'><strong>reditum</strong></span> <span class='ocrx_word' id='word_1_436' title='bbox 3437 1805 3597 1843; x_wconf 88' lang='lat' dir='ltr'><strong>com-</strong></span> 
     </span>
    </p>
   </div>
   <div class='ocr_carea' id='block_1_63' title="bbox 1986 1875 3597 1948">
    <p class='ocr_par' dir='ltr' id='par_1_63' title="bbox 1986 1875 3597 1948">
     <span class='ocr_line' id='line_1_63' title="bbox 1986 1875 3597 1948; baseline 0 -17"><span class='ocrx_word' id='word_1_437' title='bbox 1986 1878 2151 1948; x_wconf 92' lang='lat' dir='ltr'><strong>pletis</strong></span> <span class='ocrx_word' id='word_1_438' title='bbox 2176 1875 2362 1943; x_wconf 90' lang='lat' dir='ltr'><strong>annis,</strong></span> <span class='ocrx_word' id='word_1_439' title='bbox 2385 1877 2547 1931; x_wconf 87' lang='lat' dir='ltr'><strong>adest</strong></span> <span class='ocrx_word' id='word_1_440' title='bbox 2561 1876 2835 1948; x_wconf 87' lang='lat' dir='ltr'><strong>magister</strong></span> <span class='ocrx_word' id='word_1_441' title='bbox 2861 1878 3071 1931; x_wconf 88' lang='lat' dir='ltr'><strong>Bruno.</strong></span> <span class='ocrx_word' id='word_1_442' title='bbox 3096 1899 3123 1925; x_wconf 88' lang='grc'><strong>››</strong></span> <span class='ocrx_word' id='word_1_443' title='bbox 3158 1876 3301 1931; x_wconf 89' lang='lat' dir='ltr'><strong>Cum</strong></span> <span class='ocrx_word' id='word_1_444' title='bbox 3314 1880 3436 1931; x_wconf 91' lang='lat' dir='ltr'><strong>tam</strong></span> <span class='ocrx_word' id='word_1_445' title='bbox 3458 1876 3597 1931; x_wconf 87' lang='lat' dir='ltr'><strong>anni</strong></span> 
     </span>
    </p>
   </div>
   <div class='ocr_carea' id='block_1_64' title="bbox 1986 1964 3595 2037">
    <p class='ocr_par' dir='ltr' id='par_1_64' title="bbox 1986 1964 3595 2037">
     <span class='ocr_line' id='line_1_64' title="bbox 1986 1964 3595 2037; baseline -0.001 -17"><span class='ocrx_word' id='word_1_446' title='bbox 1986 1965 2120 2032; x_wconf 92' lang='lat' dir='ltr'><strong>duo,</strong></span> <span class='ocrx_word' id='word_1_447' title='bbox 2151 1982 2294 2037; x_wconf 92' lang='lat' dir='ltr'><strong>quos</strong></span> <span class='ocrx_word' id='word_1_448' title='bbox 2326 1965 2383 2021; x_wconf 90' lang='lat' dir='ltr'><strong>S.</strong></span> <span class='ocrx_word' id='word_1_449' title='bbox 2413 1967 2595 2036; x_wconf 85' lang='lat' dir='ltr'><strong>Hugo,</strong></span> <span class='ocrx_word' id='word_1_450' title='bbox 2632 1968 2946 2037; x_wconf 88' lang='lat' dir='ltr'><strong>antequam</strong></span> <span class='ocrx_word' id='word_1_451' title='bbox 2976 1965 3036 2018; x_wconf 93' lang='lat' dir='ltr'><strong>in</strong></span> <span class='ocrx_word' id='word_1_452' title='bbox 3069 1964 3356 2020; x_wconf 68' lang='lat' dir='ltr'><strong>Cassa-Dei</strong></span> <span class='ocrx_word' id='word_1_453' title='bbox 3390 1981 3595 2019; x_wconf 91' lang='lat' dir='ltr'><strong>mona-</strong></span> 
     </span>
    </p>
   </div>
   <div class='ocr_carea' id='block_1_65' title="bbox 1985 2054 3594 2125">
    <p class='ocr_par' dir='ltr' id='par_1_65' title="bbox 1985 2054 3594 2125">
     <span class='ocr_line' id='line_1_65' title="bbox 1985 2054 3594 2125; baseline -0.002 -15"><span class='ocrx_word' id='word_1_454' title='bbox 1985 2055 2158 2110; x_wconf 87' lang='lat' dir='ltr'><strong>sterio</strong></span> <span class='ocrx_word' id='word_1_455' title='bbox 2183 2055 2539 2109; x_wconf 88' lang='lat' dir='ltr'><strong>monachum</strong></span> <span class='ocrx_word' id='word_1_456' title='bbox 2581 2054 2868 2121; x_wconf 90' lang='lat' dir='ltr'><strong>indueret,</strong></span> <span class='ocrx_word' id='word_1_457' title='bbox 2917 2055 2990 2109; x_wconf 91' lang='lat' dir='ltr'><strong>ab</strong></span> <span class='ocrx_word' id='word_1_458' title='bbox 3016 2056 3252 2125; x_wconf 89' lang='lat' dir='ltr'><strong>accepta</strong></span> <span class='ocrx_word' id='word_1_459' title='bbox 3295 2069 3594 2108; x_wconf 82' lang='lat' dir='ltr'><strong>consecra-</strong></span> 
     </span>
    </p>
   </div>
   <div class='ocr_carea' id='block_1_66' title="bbox 1986 2140 3597 2215">
    <p class='ocr_par' dir='ltr' id='par_1_66' title="bbox 1986 2140 3597 2215">
     <span class='ocr_line' id='line_1_66' title="bbox 1986 2140 3597 2215; baseline -0.001 -17"><span class='ocrx_word' id='word_1_460' title='bbox 1986 2145 2143 2200; x_wconf 88' lang='lat' dir='ltr'><strong>tione</strong></span> <span class='ocrx_word' id='word_1_461' title='bbox 2175 2143 2483 2215; x_wconf 89' lang='lat' dir='ltr'><strong>episcopali</strong></span> <span class='ocrx_word' id='word_1_462' title='bbox 2516 2143 2723 2214; x_wconf 87' lang='lat' dir='ltr'><strong>exegit,</strong></span> <span class='ocrx_word' id='word_1_463' title='bbox 2754 2159 2928 2215; x_wconf 90' lang='lat' dir='ltr'><strong>quam</strong></span> <span class='ocrx_word' id='word_1_464' title='bbox 2947 2142 3085 2197; x_wconf 87' lang='lat' dir='ltr'><strong>anni</strong></span> <span class='ocrx_word' id='word_1_465' title='bbox 3114 2145 3250 2209; x_wconf 90' lang='lat' dir='ltr'><strong>tres,</strong></span> <span class='ocrx_word' id='word_1_466' title='bbox 3283 2158 3426 2213; x_wconf 91' lang='lat' dir='ltr'><strong>quos</strong></span> <span class='ocrx_word' id='word_1_467' title='bbox 3442 2140 3597 2197; x_wconf 91' lang='lat' dir='ltr'><strong>idem</strong></span> 
     </span>
    </p>
   </div>
   <div class='ocr_carea' id='block_1_67' title="bbox 1986 2230 3597 2301">
    <p class='ocr_par' dir='ltr' id='par_1_67' title="bbox 1986 2230 3597 2301">
     <span class='ocr_line' id='line_1_67' title="bbox 1986 2230 3597 2301; baseline -0.002 -13"><span class='ocrx_word' id='word_1_468' title='bbox 1986 2237 2211 2288; x_wconf 89' lang='lat' dir='ltr'><strong>sanctus</strong></span> <span class='ocrx_word' id='word_1_469' title='bbox 2241 2232 2497 2298; x_wconf 89' lang='lat' dir='ltr'><strong>antistes,</strong></span> <span class='ocrx_word' id='word_1_470' title='bbox 2533 2249 2564 2286; x_wconf 92' lang='lat' dir='ltr'><strong>e</strong></span> <span class='ocrx_word' id='word_1_471' title='bbox 2612 2231 2901 2286; x_wconf 59' lang='lat' dir='ltr'><strong>Casus-Dei</strong></span> <span class='ocrx_word' id='word_1_472' title='bbox 2949 2230 3299 2286; x_wconf 86' lang='lat' dir='ltr'><strong>monasterio</strong></span> <span class='ocrx_word' id='word_1_473' title='bbox 3339 2230 3466 2301; x_wconf 87' lang='lat' dir='ltr'><strong>jam</strong></span> <span class='ocrx_word' id='word_1_474' title='bbox 3506 2246 3597 2285; x_wconf 91' lang='lat' dir='ltr'><strong>re-</strong></span> 
     </span>
    </p>
   </div>
   <div class='ocr_carea' id='block_1_68' title="bbox 1985 2319 3597 2393">
    <p class='ocr_par' dir='ltr' id='par_1_68' title="bbox 1985 2319 3597 2393">
     <span class='ocr_line' id='line_1_68' title="bbox 1985 2319 3597 2393; baseline -0.001 -17"><span class='ocrx_word' id='word_1_475' title='bbox 1985 2339 2197 2388; x_wconf 83' lang='lat' dir='ltr'><strong>versus,</strong></span> <span class='ocrx_word' id='word_1_476' title='bbox 2231 2321 2290 2376; x_wconf 91' lang='lat' dir='ltr'><strong>in</strong></span> <span class='ocrx_word' id='word_1_477' title='bbox 2331 2321 2661 2393; x_wconf 84' lang='lat' dir='ltr'><strong>epsieopatu</strong></span> <span class='ocrx_word' id='word_1_478' title='bbox 2693 2324 2827 2376; x_wconf 90' lang='lat' dir='ltr'><strong>ante</strong></span> <span class='ocrx_word' id='word_1_479' title='bbox 2860 2320 2917 2376; x_wconf 92' lang='grc'><strong>8.</strong></span> <span class='ocrx_word' id='word_1_480' title='bbox 2967 2320 3251 2375; x_wconf 90' lang='lat' dir='ltr'><strong>Brunonis</strong></span> <span class='ocrx_word' id='word_1_481' title='bbox 3285 2319 3597 2374; x_wconf 88' lang='lat' dir='ltr'><strong>adventum</strong></span> 
     </span>
    </p>
   </div>
   <div class='ocr_carea' id='block_1_69' title="bbox 1983 2408 3595 2481">
    <p class='ocr_par' dir='ltr' id='par_1_69' title="bbox 1983 2408 3595 2481">
     <span class='ocr_line' id='line_1_69' title="bbox 1983 2408 3595 2481; baseline -0.002 -17"><span class='ocrx_word' id='word_1_482' title='bbox 1983 2410 2139 2477; x_wconf 84' lang='lat' dir='ltr'><strong>vixit,</strong></span> <span class='ocrx_word' id='word_1_483' title='bbox 2160 2426 2264 2481; x_wconf 92' lang='lat' dir='ltr'><strong>pro</strong></span> <span class='ocrx_word' id='word_1_484' title='bbox 2289 2410 2455 2465; x_wconf 88' lang='lat' dir='ltr'><strong>annis</strong></span> <span class='ocrx_word' id='word_1_485' title='bbox 2480 2409 2863 2480; x_wconf 87' lang='lat' dir='ltr'><strong>incompletis,</strong></span> <span class='ocrx_word' id='word_1_486' title='bbox 2885 2426 2985 2464; x_wconf 92' lang='lat' dir='ltr'><strong>seu</strong></span> <span class='ocrx_word' id='word_1_487' title='bbox 2997 2408 3217 2480; x_wconf 88' lang='lat' dir='ltr'><strong>priores</strong></span> <span class='ocrx_word' id='word_1_488' title='bbox 3228 2408 3463 2480; x_wconf 91' lang='lat' dir='ltr'><strong>quidem</strong></span> <span class='ocrx_word' id='word_1_489' title='bbox 3476 2423 3595 2462; x_wconf 91' lang='lat' dir='ltr'><strong>non</strong></span> 
     </span>
    </p>
   </div>
   <div class='ocr_carea' id='block_1_70' title="bbox 1937 2494 3600 2571">
    <p class='ocr_par' dir='ltr' id='par_1_70' title="bbox 1937 2494 3600 2571">
     <span class='ocr_line' id='line_1_70' title="bbox 1937 2494 3600 2571; baseline -0.003 -18"><span class='ocrx_word' id='word_1_490' title='bbox 1937 2532 1941 2537; x_wconf 99' lang='lat'><strong><em>-</em></strong></span> <span class='ocrx_word' id='word_1_491' title='bbox 1982 2515 2087 2571; x_wconf 89' lang='lat' dir='ltr'><strong>pro</strong></span> <span class='ocrx_word' id='word_1_492' title='bbox 2110 2498 2336 2571; x_wconf 86' lang='lat' dir='ltr'><strong>integro</strong></span> <span class='ocrx_word' id='word_1_493' title='bbox 2366 2498 2978 2570; x_wconf 88' lang='lat' dir='ltr'><strong>biennio,posteriores</strong></span> <span class='ocrx_word' id='word_1_494' title='bbox 3006 2513 3141 2552; x_wconf 90' lang='lat' dir='ltr'><strong>vero</strong></span> <span class='ocrx_word' id='word_1_495' title='bbox 3174 2513 3292 2551; x_wconf 88' lang='lat' dir='ltr'><strong>non</strong></span> <span class='ocrx_word' id='word_1_496' title='bbox 3324 2512 3428 2567; x_wconf 93' lang='lat' dir='ltr'><strong>pro</strong></span> <span class='ocrx_word' id='word_1_497' title='bbox 3455 2494 3600 2549; x_wconf 89' lang='lat' dir='ltr'><strong>inte-</strong></span> 
     </span>
    </p>
   </div>
   <div class='ocr_carea' id='block_1_71' title="bbox 1982 2584 3596 2659">
    <p class='ocr_par' dir='ltr' id='par_1_71' title="bbox 1982 2584 3596 2659">
     <span class='ocr_line' id='line_1_71' title="bbox 1982 2584 3596 2659; baseline -0.004 -16"><span class='ocrx_word' id='word_1_498' title='bbox 1982 2604 2087 2659; x_wconf 84' lang='lat' dir='ltr'><strong>gro</strong></span> <span class='ocrx_word' id='word_1_499' title='bbox 2117 2586 2370 2643; x_wconf 89' lang='lat' dir='ltr'><strong>triennio</strong></span> <span class='ocrx_word' id='word_1_500' title='bbox 2402 2587 2773 2659; x_wconf 88' lang='lat' dir='ltr'><strong>accipiantur,</strong></span> <span class='ocrx_word' id='word_1_501' title='bbox 2806 2588 2960 2641; x_wconf 91' lang='lat' dir='ltr'><strong>totus</strong></span> <span class='ocrx_word' id='word_1_502' title='bbox 2987 2584 3258 2655; x_wconf 86' lang='lat' dir='ltr'><strong>Guigonis</strong></span> <span class='ocrx_word' id='word_1_503' title='bbox 3282 2587 3438 2639; x_wconf 88' lang='lat' dir='ltr'><strong>textu</strong></span> <span class='ocrx_word' id='word_1_504' title='bbox 3464 2599 3596 2637; x_wconf 91' lang='lat' dir='ltr'><strong>cum</strong></span> 
     </span>
    </p>
   </div>
   <div class='ocr_carea' id='block_1_72' title="bbox 1984 2675 3595 2748">
    <p class='ocr_par' dir='ltr' id='par_1_72' title="bbox 1984 2675 3595 2748">
     <span class='ocr_line' id='line_1_72' title="bbox 1984 2675 3595 2748; baseline -0.003 -17"><span class='ocrx_word' id='word_1_505' title='bbox 1984 2676 2277 2748; x_wconf 83' lang='lat' dir='ltr'><strong>Opinione,</strong></span> <span class='ocrx_word' id='word_1_506' title='bbox 2313 2693 2440 2748; x_wconf 70' lang='lat' dir='ltr'><strong>quae</strong></span> <span class='ocrx_word' id='word_1_507' title='bbox 2468 2676 2659 2731; x_wconf 89' lang='lat' dir='ltr'><strong>Sancti</strong></span> <span class='ocrx_word' id='word_1_508' title='bbox 2687 2675 2867 2730; x_wconf 89' lang='lat' dir='ltr'><strong>nostri</strong></span> <span class='ocrx_word' id='word_1_509' title='bbox 2887 2675 2959 2730; x_wconf 90' lang='lat' dir='ltr'><strong>ad</strong></span> <span class='ocrx_word' id='word_1_510' title='bbox 2977 2675 3280 2745; x_wconf 83' lang='lat' dir='ltr'><strong>Hugouem</strong></span> <span class='ocrx_word' id='word_1_511' title='bbox 3303 2687 3595 2727; x_wconf 90' lang='lat' dir='ltr'><strong>accessum</strong></span> 
     </span>
    </p>
   </div>
   <div class='ocr_carea' id='block_1_73' title="bbox 1984 2759 3590 2836">
    <p class='ocr_par' dir='ltr' id='par_1_73' title="bbox 1984 2759 3590 2836">
     <span class='ocr_line' id='line_1_73' title="bbox 1984 2759 3590 2836; baseline -0.002 -18"><span class='ocrx_word' id='word_1_512' title='bbox 1984 2780 2139 2820; x_wconf 90' lang='lat' dir='ltr'><strong>anno</strong></span> <span class='ocrx_word' id='word_1_513' title='bbox 2177 2766 2313 2819; x_wconf 90' lang='grc'>1084</span> <span class='ocrx_word' id='word_1_514' title='bbox 2357 2764 2560 2836; x_wconf 90' lang='lat' dir='ltr'><strong>illigat,</strong></span> <span class='ocrx_word' id='word_1_515' title='bbox 2594 2765 2750 2819; x_wconf 88' lang='lat' dir='ltr'><strong>nullo</strong></span> <span class='ocrx_word' id='word_1_516' title='bbox 2778 2768 2968 2835; x_wconf 90' lang='lat' dir='ltr'><strong>potest</strong></span> <span class='ocrx_word' id='word_1_517' title='bbox 2999 2762 3233 2834; x_wconf 86' lang='lat' dir='ltr'><strong>negotio</strong></span> <span class='ocrx_word' id='word_1_518' title='bbox 3265 2759 3590 2828; x_wconf 86' lang='lat' dir='ltr'><strong>conciliari;</strong></span> 
     </span>
    </p>
   </div>
   <div class='ocr_carea' id='block_1_74' title="bbox 1983 2849 3593 2924">
    <p class='ocr_par' dir='ltr' id='par_1_74' title="bbox 1983 2849 3593 2924">
     <span class='ocr_line' id='line_1_74' title="bbox 1983 2849 3593 2924; baseline -0.002 -18"><span class='ocrx_word' id='word_1_519' title='bbox 1983 2851 2102 2907; x_wconf 93' lang='lat' dir='ltr'><strong>imo</strong></span> <span class='ocrx_word' id='word_1_520' title='bbox 2129 2869 2261 2908; x_wconf 91' lang='lat' dir='ltr'><strong>vero</strong></span> <span class='ocrx_word' id='word_1_521' title='bbox 2294 2852 2469 2907; x_wconf 88' lang='lat' dir='ltr'><strong>etiam</strong></span> <span class='ocrx_word' id='word_1_522' title='bbox 2507 2854 2696 2924; x_wconf 90' lang='lat' dir='ltr'><strong>potest</strong></span> <span class='ocrx_word' id='word_1_523' title='bbox 2734 2851 2962 2922; x_wconf 85' lang='lat' dir='ltr'><strong>exponi,</strong></span> <span class='ocrx_word' id='word_1_524' title='bbox 3011 2850 3109 2922; x_wconf 90' lang='lat' dir='ltr'><strong>qui</strong></span> <span class='ocrx_word' id='word_1_525' title='bbox 3147 2849 3203 2905; x_wconf 92' lang='lat' dir='ltr'><strong>S.</strong></span> <span class='ocrx_word' id='word_1_526' title='bbox 3240 2849 3423 2921; x_wconf 87' lang='lat' dir='ltr'><strong>Hugo,</strong></span> <span class='ocrx_word' id='word_1_527' title='bbox 3457 2864 3593 2903; x_wconf 90' lang='lat' dir='ltr'><strong>cum</strong></span> 
     </span>
    </p>
   </div>
   <div class='ocr_carea' id='block_1_75' title="bbox 1983 2936 3593 3008">
    <p class='ocr_par' dir='ltr' id='par_1_75' title="bbox 1983 2936 3593 3008">
     <span class='ocr_line' id='line_1_75' title="bbox 1983 2936 3593 3008; baseline -0.003 -12"><span class='ocrx_word' id='word_1_528' title='bbox 1983 2957 2015 2996; x_wconf 93' lang='lat' dir='ltr'><strong>e</strong></span> <span class='ocrx_word' id='word_1_529' title='bbox 2047 2940 2325 2995; x_wconf 62' lang='lat' dir='ltr'><strong>Cassa-Dei</strong></span> <span class='ocrx_word' id='word_1_530' title='bbox 2348 2941 2699 2996; x_wconf 89' lang='lat' dir='ltr'><strong>monasterio</strong></span> <span class='ocrx_word' id='word_1_531' title='bbox 2714 2939 2995 3006; x_wconf 89' lang='lat' dir='ltr'><strong>rediisset,</strong></span> <span class='ocrx_word' id='word_1_532' title='bbox 3028 2942 3144 2993; x_wconf 89' lang='lat' dir='ltr'><strong>tres</strong></span> <span class='ocrx_word' id='word_1_533' title='bbox 3168 2937 3228 2992; x_wconf 92' lang='lat' dir='ltr'><strong>in</strong></span> <span class='ocrx_word' id='word_1_534' title='bbox 3261 2936 3593 3008; x_wconf 90' lang='lat' dir='ltr'><strong>episcopatu</strong></span> 
     </span>
    </p>
   </div>
   <div class='ocr_carea' id='block_1_76' title="bbox 1981 3024 3594 3101">
    <p class='ocr_par' dir='ltr' id='par_1_76' title="bbox 1981 3024 3594 3101">
     <span class='ocr_line' id='line_1_76' title="bbox 1981 3024 3594 3101; baseline -0.004 -17"><span class='ocrx_word' id='word_1_535' title='bbox 1981 3046 2166 3084; x_wconf 87' lang='lat' dir='ltr'><strong>annos</strong></span> <span class='ocrx_word' id='word_1_536' title='bbox 2192 3029 2440 3101; x_wconf 79' lang='lat' dir='ltr'><strong>necdum</strong></span> <span class='ocrx_word' id='word_1_537' title='bbox 2473 3029 2814 3099; x_wconf 90' lang='lat' dir='ltr'><strong>completos,</strong></span> <span class='ocrx_word' id='word_1_538' title='bbox 2841 3044 2942 3081; x_wconf 90' lang='lat' dir='ltr'><strong>seu</strong></span> <span class='ocrx_word' id='word_1_539' title='bbox 2972 3027 3114 3081; x_wconf 90' lang='lat' dir='ltr'><strong>duos</strong></span> <span class='ocrx_word' id='word_1_540' title='bbox 3129 3024 3380 3096; x_wconf 89' lang='lat' dir='ltr'><strong>amplius</strong></span> <span class='ocrx_word' id='word_1_541' title='bbox 3407 3040 3594 3078; x_wconf 89' lang='lat' dir='ltr'><strong>annos</strong></span> 
     </span>
    </p>
   </div>
   <div class='ocr_carea' id='block_1_77' title="bbox 1981 3111 3591 3186">
    <p class='ocr_par' dir='ltr' id='par_1_77' title="bbox 1981 3111 3591 3186">
     <span class='ocr_line' id='line_1_77' title="bbox 1981 3111 3591 3186; baseline -0.004 -14"><span class='ocrx_word' id='word_1_542' title='bbox 1981 3121 2115 3172; x_wconf 90' lang='lat' dir='ltr'><strong>ante</strong></span> <span class='ocrx_word' id='word_1_543' title='bbox 2144 3116 2200 3171; x_wconf 92' lang='lat' dir='ltr'><strong>S.</strong></span> <span class='ocrx_word' id='word_1_544' title='bbox 2236 3117 2518 3172; x_wconf 89' lang='lat' dir='ltr'><strong>Brunonis</strong></span> <span class='ocrx_word' id='word_1_545' title='bbox 2548 3117 2621 3171; x_wconf 86' lang='lat' dir='ltr'><strong>ad</strong></span> <span class='ocrx_word' id='word_1_546' title='bbox 2642 3117 2943 3186; x_wconf 83' lang='lat' dir='ltr'><strong>llugonem</strong></span> <span class='ocrx_word' id='word_1_547' title='bbox 2967 3114 3282 3168; x_wconf 88' lang='lat' dir='ltr'><strong>adventum</strong></span> <span class='ocrx_word' id='word_1_548' title='bbox 3312 3111 3591 3181; x_wconf 85' lang='lat' dir='ltr'><strong>exegerit,</strong></span> 
     </span>
    </p>
   </div>
   <div class='ocr_carea' id='block_1_78' title="bbox 1978 3200 3593 3277">
    <p class='ocr_par' dir='ltr' id='par_1_78' title="bbox 1978 3200 3593 3277">
     <span class='ocr_line' id='line_1_78' title="bbox 1978 3200 3593 3277; baseline -0.005 -17"><span class='ocrx_word' id='word_1_549' title='bbox 1978 3206 2184 3277; x_wconf 88' lang='lat' dir='ltr'><strong>hicque</strong></span> <span class='ocrx_word' id='word_1_550' title='bbox 2218 3204 2593 3259; x_wconf 88' lang='lat' dir='ltr'><strong>nihilominus</strong></span> <span class='ocrx_word' id='word_1_551' title='bbox 2634 3219 2787 3258; x_wconf 89' lang='lat' dir='ltr'><strong>anno</strong></span> <span class='ocrx_word' id='word_1_552' title='bbox 2828 3204 2964 3257; x_wconf 89' lang='grc'>1084</span> <span class='ocrx_word' id='word_1_553' title='bbox 3004 3200 3329 3272; x_wconf 89' lang='lat' dir='ltr'><strong>contigerit.</strong></span> <span class='ocrx_word' id='word_1_554' title='bbox 3364 3200 3435 3254; x_wconf 91' lang='lat' dir='ltr'><strong>Ut</strong></span> <span class='ocrx_word' id='word_1_555' title='bbox 3467 3215 3593 3254; x_wconf 90' lang='lat' dir='ltr'><strong>rem</strong></span> 
     </span>
    </p>
   </div>
   <div class='ocr_carea' id='block_1_79' title="bbox 1979 3287 3597 3365">
    <p class='ocr_par' dir='ltr' id='par_1_79' title="bbox 1979 3287 3597 3365">
     <span class='ocr_line' id='line_1_79' title="bbox 1979 3287 3597 3365; baseline -0.004 -17"><span class='ocrx_word' id='word_1_556' title='bbox 1979 3294 2245 3348; x_wconf 90' lang='lat' dir='ltr'><strong>ordinate</strong></span> <span class='ocrx_word' id='word_1_557' title='bbox 2271 3293 2632 3365; x_wconf 89' lang='lat' dir='ltr'><strong>dilucideque</strong></span> <span class='ocrx_word' id='word_1_558' title='bbox 2678 3308 2987 3363; x_wconf 86' lang='lat' dir='ltr'><strong>exponam,</strong></span> <span class='ocrx_word' id='word_1_559' title='bbox 3025 3288 3443 3361; x_wconf 90' lang='lat' dir='ltr'><strong>dispiciendum</strong></span> <span class='ocrx_word' id='word_1_560' title='bbox 3484 3287 3597 3360; x_wconf 88' lang='lat' dir='ltr'><strong>pri-</strong></span> 
     </span>
    </p>
   </div>
   <div class='ocr_carea' id='block_1_80' title="bbox 1979 3377 3596 3454">
    <p class='ocr_par' dir='ltr' id='par_1_80' title="bbox 1979 3377 3596 3454">
     <span class='ocr_line' id='line_1_80' title="bbox 1979 3377 3596 3454; baseline -0.004 -17"><span class='ocrx_word' id='word_1_561' title='bbox 1979 3399 2143 3437; x_wconf 92' lang='lat' dir='ltr'><strong>mum</strong></span> <span class='ocrx_word' id='word_1_562' title='bbox 2175 3386 2277 3449; x_wconf 89' lang='lat' dir='ltr'><strong>est,</strong></span> <span class='ocrx_word' id='word_1_563' title='bbox 2304 3382 2675 3454; x_wconf 88' lang='lat' dir='ltr'><strong>quandonam</strong></span> <span class='ocrx_word' id='word_1_564' title='bbox 2710 3381 2766 3435; x_wconf 93' lang='lat' dir='ltr'><strong>S.</strong></span> <span class='ocrx_word' id='word_1_565' title='bbox 2795 3381 2954 3451; x_wconf 84' lang='lat' dir='ltr'><strong>Hugo</strong></span> <span class='ocrx_word' id='word_1_566' title='bbox 2976 3380 3173 3433; x_wconf 64' lang='lat' dir='ltr'><strong>Romae</strong></span> <span class='ocrx_word' id='word_1_567' title='bbox 3200 3377 3377 3432; x_wconf 88' lang='lat' dir='ltr'><strong>fuerit</strong></span> <span class='ocrx_word' id='word_1_568' title='bbox 3400 3393 3596 3431; x_wconf 89' lang='lat' dir='ltr'><strong>conse-</strong></span> 
     </span>
    </p>
   </div>
   <div class='ocr_carea' id='block_1_81' title="bbox 1980 3464 3592 3542">
    <p class='ocr_par' dir='ltr' id='par_1_81' title="bbox 1980 3464 3592 3542">
     <span class='ocr_line' id='line_1_81' title="bbox 1980 3464 3592 3542; baseline -0.004 -17"><span class='ocrx_word' id='word_1_569' title='bbox 1980 3474 2169 3526; x_wconf 91' lang='lat' dir='ltr'><strong>cratus</strong></span> <span class='ocrx_word' id='word_1_570' title='bbox 2197 3470 2514 3542; x_wconf 90' lang='lat' dir='ltr'><strong>episcopus.</strong></span> <span class='ocrx_word' id='word_1_571' title='bbox 2538 3471 2717 3542; x_wconf 90' lang='lat' dir='ltr'><strong>Guigo</strong></span> <span class='ocrx_word' id='word_1_572' title='bbox 2750 3469 2903 3541; x_wconf 92' lang='lat' dir='ltr'><strong>apud</strong></span> <span class='ocrx_word' id='word_1_573' title='bbox 2938 3486 3043 3523; x_wconf 89' lang='lat' dir='ltr'><strong>nos</strong></span> <span class='ocrx_word' id='word_1_574' title='bbox 3075 3470 3218 3522; x_wconf 91' lang='lat' dir='ltr'><strong>tom.</strong></span> <span class='ocrx_word' id='word_1_575' title='bbox 3249 3468 3269 3520; x_wconf 90' lang='lat' dir='ltr'>I</span> <span class='ocrx_word' id='word_1_576' title='bbox 3298 3465 3506 3538; x_wconf 84' lang='lat' dir='ltr'><strong>Aprilis</strong></span> <span class='ocrx_word' id='word_1_577' title='bbox 3533 3464 3592 3519; x_wconf 90' lang='lat' dir='ltr'><strong>in</strong></span> 
     </span>
    </p>
   </div>
   <div class='ocr_carea' id='block_1_82' title="bbox 1981 3556 3592 3631">
    <p class='ocr_par' dir='ltr' id='par_1_82' title="bbox 1981 3556 3592 3631">
     <span class='ocr_line' id='line_1_82' title="bbox 1981 3556 3592 3631; baseline -0.003 -18"><span class='ocrx_word' id='word_1_578' title='bbox 1981 3559 2038 3613; x_wconf 90' lang='lat' dir='ltr'><strong>S.</strong></span> <span class='ocrx_word' id='word_1_579' title='bbox 2075 3560 2327 3630; x_wconf 83' lang='lat' dir='ltr'><strong>Hugonis</strong></span> <span class='ocrx_word' id='word_1_580' title='bbox 2355 3558 2870 3631; x_wconf 87' lang='lat' dir='ltr'><strong>Gratianopolitani</strong></span> <span class='ocrx_word' id='word_1_581' title='bbox 2896 3556 3147 3628; x_wconf 88' lang='lat' dir='ltr'><strong>episcopi</strong></span> <span class='ocrx_word' id='word_1_582' title='bbox 3177 3556 3323 3623; x_wconf 86' lang='lat' dir='ltr'><strong>Vita,</strong></span> <span class='ocrx_word' id='word_1_583' title='bbox 3341 3572 3475 3627; x_wconf 89' lang='lat' dir='ltr'><strong>pag.</strong></span> <span class='ocrx_word' id='word_1_584' title='bbox 3503 3556 3592 3624; x_wconf 87' lang='lat'><strong>37,</strong></span> 
     </span>
    </p>
   </div>
   <div class='ocr_carea' id='block_1_83' title="bbox 1981 3646 3592 3718">
    <p class='ocr_par' dir='ltr' id='par_1_83' title="bbox 1981 3646 3592 3718">
     <span class='ocr_line' id='line_1_83' title="bbox 1981 3646 3592 3718; baseline -0.004 -15"><span class='ocrx_word' id='word_1_585' title='bbox 1981 3664 2143 3703; x_wconf 89' lang='lat' dir='ltr'><strong>num.</strong></span> <span class='ocrx_word' id='word_1_586' title='bbox 2161 3652 2214 3715; x_wconf 76' lang='grc' dir='ltr'><strong>ὅ,</strong></span> <span class='ocrx_word' id='word_1_587' title='bbox 2232 3649 2309 3703; x_wconf 88' lang='lat' dir='ltr'><strong>sic</strong></span> <span class='ocrx_word' id='word_1_588' title='bbox 2325 3649 2549 3703; x_wconf 90' lang='lat' dir='ltr'><strong>scribit:</strong></span> <span class='ocrx_word' id='word_1_589' title='bbox 2568 3648 2908 3718; x_wconf 81' lang='lat' dir='ltr'><strong>«Aliquanto</strong></span> <span class='ocrx_word' id='word_1_590' title='bbox 2922 3646 3129 3700; x_wconf 89' lang='lat' dir='ltr'><strong>dehinc</strong></span> <span class='ocrx_word' id='word_1_591' title='bbox 3142 3648 3340 3699; x_wconf 90' lang='lat' dir='ltr'><strong>exacto</strong></span> <span class='ocrx_word' id='word_1_592' title='bbox 3364 3648 3592 3714; x_wconf 89' lang='lat' dir='ltr'><strong>tempo-</strong></span> 
     </span>
    </p>
   </div>
   <div class='ocr_carea' id='block_1_84' title="bbox 1979 3732 3593 3809">
    <p class='ocr_par' dir='ltr' id='par_1_84' title="bbox 1979 3732 3593 3809">
     <span class='ocr_line' id='line_1_84' title="bbox 1979 3732 3593 3809; baseline -0.004 -18"><span class='ocrx_word' id='word_1_593' title='bbox 1979 3737 2057 3791; x_wconf 90' lang='lat' dir='ltr'><strong>ris</strong></span> <span class='ocrx_word' id='word_1_594' title='bbox 2103 3738 2309 3809; x_wconf 90' lang='lat' dir='ltr'><strong>spatio,</strong></span> <span class='ocrx_word' id='word_1_595' title='bbox 2364 3737 2521 3791; x_wconf 91' lang='lat' dir='ltr'><strong>idem</strong></span> <span class='ocrx_word' id='word_1_596' title='bbox 2576 3737 2799 3807; x_wconf 85' lang='lat' dir='ltr'><strong>legatus</strong></span> <span class='ocrx_word' id='word_1_597' title='bbox 2856 3734 3011 3806; x_wconf 88' lang='lat' dir='ltr'><strong>apud</strong></span> <span class='ocrx_word' id='word_1_598' title='bbox 3063 3732 3422 3787; x_wconf 86' lang='lat' dir='ltr'><strong>Avenionem</strong></span> <span class='ocrx_word' id='word_1_599' title='bbox 3473 3747 3593 3785; x_wconf 90' lang='lat' dir='ltr'><strong>non</strong></span> 
     </span>
    </p>
   </div>
   <div class='ocr_carea' id='block_1_85' title="bbox 1978 3816 3594 3897">
    <p class='ocr_par' dir='ltr' id='par_1_85' title="bbox 1978 3816 3594 3897">
     <span class='ocr_line' id='line_1_85' title="bbox 1978 3816 3594 3897; baseline -0.005 -17"><span class='ocrx_word' id='word_1_600' title='bbox 1978 3824 2297 3897; x_wconf 87' lang='lat' dir='ltr'><strong>ignobilem</strong></span> <span class='ocrx_word' id='word_1_601' title='bbox 2338 3824 2646 3879; x_wconf 69' lang='lat' dir='ltr'><strong>Provinciae</strong></span> <span class='ocrx_word' id='word_1_602' title='bbox 2688 3822 2980 3877; x_wconf 86' lang='lat' dir='ltr'><strong>civitatem</strong></span> <span class='ocrx_word' id='word_1_603' title='bbox 3012 3819 3234 3891; x_wconf 87' lang='lat' dir='ltr'><strong>grande</strong></span> <span class='ocrx_word' id='word_1_604' title='bbox 3284 3816 3594 3873; x_wconf 89' lang='lat' dir='ltr'><strong>celebravit</strong></span> 
     </span>
    </p>
   </div>
   <div class='ocr_carea' id='block_1_86' title="bbox 1979 3905 3594 3985">
    <p class='ocr_par' dir='ltr' id='par_1_86' title="bbox 1979 3905 3594 3985">
     <span class='ocr_line' id='line_1_86' title="bbox 1979 3905 3594 3985; baseline -0.006 -17"><span class='ocrx_word' id='word_1_605' title='bbox 1979 3914 2294 3985; x_wconf 88' lang='lat' dir='ltr'><strong>ignobilem</strong></span> <span class='ocrx_word' id='word_1_606' title='bbox 2336 3911 2647 3967; x_wconf 70' lang='lat' dir='ltr'><strong>Provinciae</strong></span> <span class='ocrx_word' id='word_1_607' title='bbox 2687 3910 2977 3964; x_wconf 87' lang='lat' dir='ltr'><strong>civitatem</strong></span> <span class='ocrx_word' id='word_1_608' title='bbox 3022 3907 3242 3980; x_wconf 88' lang='lat' dir='ltr'><strong>grande</strong></span> <span class='ocrx_word' id='word_1_609' title='bbox 3279 3905 3594 3961; x_wconf 90' lang='lat' dir='ltr'><strong>celebravit</strong></span> 
     </span>
    </p>
   </div>
   <div class='ocr_carea' id='block_1_87' title="bbox 1979 3995 3590 4072">
    <p class='ocr_par' dir='ltr' id='par_1_87' title="bbox 1979 3995 3590 4072">
     <span class='ocr_line' id='line_1_87' title="bbox 1979 3995 3590 4072; baseline -0.006 -15"><span class='ocrx_word' id='word_1_610' title='bbox 1979 4002 2307 4069; x_wconf 90' lang='lat' dir='ltr'><strong>concilium,</strong></span> <span class='ocrx_word' id='word_1_611' title='bbox 2337 4000 2397 4055; x_wconf 90' lang='lat' dir='ltr'><strong>in</strong></span> <span class='ocrx_word' id='word_1_612' title='bbox 2428 4017 2541 4072; x_wconf 89' lang='lat' dir='ltr'><strong>quo</strong></span> <span class='ocrx_word' id='word_1_613' title='bbox 2566 4000 2750 4054; x_wconf 89' lang='lat' dir='ltr'><strong>multa</strong></span> <span class='ocrx_word' id='word_1_614' title='bbox 2772 3998 2845 4054; x_wconf 87' lang='lat' dir='ltr'><strong>ad</strong></span> <span class='ocrx_word' id='word_1_615' title='bbox 2874 3997 2972 4053; x_wconf 91' lang='lat' dir='ltr'><strong>Dei</strong></span> <span class='ocrx_word' id='word_1_616' title='bbox 2994 3998 3282 4052; x_wconf 90' lang='lat' dir='ltr'><strong>honorem</strong></span> <span class='ocrx_word' id='word_1_617' title='bbox 3314 3997 3373 4049; x_wconf 91' lang='lat' dir='ltr'><strong>et</strong></span> <span class='ocrx_word' id='word_1_618' title='bbox 3400 3995 3590 4049; x_wconf 87' lang='lat' dir='ltr'><strong>Eccle-</strong></span> 
     </span>
    </p>
   </div>
   <div class='ocr_carea' id='block_1_88' title="bbox 1979 4084 3266 4159">
    <p class='ocr_par' dir='ltr' id='par_1_88' title="bbox 1979 4084 3266 4159">
     <span class='ocr_line' id='line_1_88' title="bbox 1979 4084 3266 4159; baseline -0.005 -14"><span class='ocrx_word' id='word_1_619' title='bbox 1979 4091 2074 4145; x_wconf 67' lang='lat' dir='ltr'><strong>sia:</strong></span> <span class='ocrx_word' id='word_1_620' title='bbox 2107 4091 2417 4147; x_wconf 89' lang='lat' dir='ltr'><strong>utilitatem</strong></span> <span class='ocrx_word' id='word_1_621' title='bbox 2460 4087 2751 4159; x_wconf 66' lang='lat' dir='ltr'><strong>praeconio</strong></span> <span class='ocrx_word' id='word_1_622' title='bbox 2792 4086 2969 4158; x_wconf 90' lang='lat' dir='ltr'><strong>digna</strong></span> <span class='ocrx_word' id='word_1_623' title='bbox 2996 4084 3266 4156; x_wconf 90' lang='lat' dir='ltr'><strong>patravit.</strong></span> 
     </span>
    </p>
   </div>
   <div class='ocr_carea' id='block_1_89' title="bbox 2046 4170 3589 4247">
    <p class='ocr_par' dir='ltr' id='par_1_89' title="bbox 2046 4170 3589 4247">
     <span class='ocr_line' id='line_1_89' title="bbox 2046 4170 3589 4247; baseline -0.005 -13"><span class='ocrx_word' id='word_1_624' title='bbox 2046 4181 2173 4234; x_wconf 85' lang='grc'>459.</span> <span class='ocrx_word' id='word_1_625' title='bbox 2191 4178 2313 4234; x_wconf 84' lang='lat' dir='ltr'><strong>«Ad</strong></span> <span class='ocrx_word' id='word_1_626' title='bbox 2333 4179 2440 4233; x_wconf 89' lang='lat' dir='ltr'><strong>hoc</strong></span> <span class='ocrx_word' id='word_1_627' title='bbox 2462 4176 2769 4232; x_wconf 90' lang='lat' dir='ltr'><strong>concilium</strong></span> <span class='ocrx_word' id='word_1_628' title='bbox 2797 4175 3066 4247; x_wconf 89' lang='lat' dir='ltr'><strong>episcopo</strong></span> <span class='ocrx_word' id='word_1_629' title='bbox 3090 4176 3351 4228; x_wconf 87' lang='lat' dir='ltr'><strong>carentes</strong></span> <span class='ocrx_word' id='word_1_630' title='bbox 3379 4176 3437 4226; x_wconf 89' lang='lat' dir='ltr'><strong>et</strong></span> <span class='ocrx_word' id='word_1_631' title='bbox 3469 4170 3589 4243; x_wconf 91' lang='lat' dir='ltr'><strong>epi-</strong></span> 
     </span>
    </p>
   </div>
   <div class='ocr_carea' id='block_1_90' title="bbox 256 4258 3592 4347">
    <p class='ocr_par' dir='ltr' id='par_1_90' title="bbox 256 4258 3592 4347">
     <span class='ocr_line' id='line_1_90' title="bbox 256 4258 3592 4347; baseline -0.005 -15"><span class='ocrx_word' id='word_1_632' title='bbox 256 4275 495 4332; x_wconf 85' lang='lat' dir='ltr'><strong>nasterii</strong></span> <span class='ocrx_word' id='word_1_633' title='bbox 537 4275 794 4332; x_wconf 83' lang='lat' dir='ltr'><strong>reditum</strong></span> <span class='ocrx_word' id='word_1_634' title='bbox 832 4274 1134 4347; x_wconf 86' lang='lat' dir='ltr'><strong>completis</strong></span> <span class='ocrx_word' id='word_1_635' title='bbox 1178 4273 1366 4341; x_wconf 88' lang='lat' dir='ltr'><strong>annis,</strong></span> <span class='ocrx_word' id='word_1_636' title='bbox 1402 4273 1563 4329; x_wconf 89' lang='lat' dir='ltr'><strong>adest</strong></span> <span class='ocrx_word' id='word_1_637' title='bbox 1601 4268 1952 4345; x_wconf 74' lang='lat' dir='ltr'><strong>magisterD</strong></span> <span class='ocrx_word' id='word_1_638' title='bbox 1976 4284 2213 4340; x_wconf 91' lang='lat' dir='ltr'><strong>scopum</strong></span> <span class='ocrx_word' id='word_1_639' title='bbox 2228 4262 3291 4340; x_wconf 79' lang='lat' dir='ltr'><strong>quaerentesGratianopolitanivenere</strong></span> <span class='ocrx_word' id='word_1_640' title='bbox 3308 4258 3592 4328; x_wconf 88' lang='lat' dir='ltr'><strong>canonici,</strong></span> 
     </span>
    </p>
   </div>
   <div class='ocr_carea' id='block_1_91' title="bbox 256 4362 1876 4434">
    <p class='ocr_par' dir='ltr' id='par_1_91' title="bbox 256 4362 1876 4434">
     <span class='ocr_line' id='line_1_91' title="bbox 256 4362 1876 4434; baseline -0.002 -14"><span class='ocrx_word' id='word_1_641' title='bbox 256 4365 471 4421; x_wconf 87' lang='lat' dir='ltr'><strong>Bruno.</strong></span> <span class='ocrx_word' id='word_1_642' title='bbox 498 4386 528 4414; x_wconf 84' lang='lat'><strong>»</strong></span> <span class='ocrx_word' id='word_1_643' title='bbox 542 4364 727 4429; x_wconf 87' lang='lat' dir='ltr'><strong>Quam</strong></span> <span class='ocrx_word' id='word_1_644' title='bbox 752 4364 825 4420; x_wconf 89' lang='lat' dir='ltr'><strong>ob</strong></span> <span class='ocrx_word' id='word_1_645' title='bbox 846 4380 975 4420; x_wconf 90' lang='lat' dir='ltr'><strong>rem</strong></span> <span class='ocrx_word' id='word_1_646' title='bbox 999 4363 1045 4417; x_wconf 92' lang='lat' dir='ltr'><strong>si</strong></span> <span class='ocrx_word' id='word_1_647' title='bbox 1070 4362 1129 4417; x_wconf 92' lang='lat' dir='ltr'><strong>in</strong></span> <span class='ocrx_word' id='word_1_648' title='bbox 1158 4364 1366 4419; x_wconf 89' lang='lat' dir='ltr'><strong>eodem</strong></span> <span class='ocrx_word' id='word_1_649' title='bbox 1387 4365 1544 4418; x_wconf 86' lang='lat' dir='ltr'><strong>textu</strong></span> <span class='ocrx_word' id='word_1_650' title='bbox 1575 4378 1680 4434; x_wconf 91' lang='lat' dir='ltr'><strong>per</strong></span> <span class='ocrx_word' id='word_1_651' title='bbox 1706 4362 1876 4417; x_wconf 90' lang='lat' dir='ltr'><strong>hasce</strong></span> 
     </span>
    </p>
   </div>
   <div class='ocr_carea' id='block_1_92' title="bbox 255 4452 1875 4525">
    <p class='ocr_par' dir='ltr' id='par_1_92' title="bbox 255 4452 1875 4525">
     <span class='ocr_line' id='line_1_92' title="bbox 255 4452 1875 4525; baseline -0.002 -16"><span class='ocrx_word' id='word_1_652' title='bbox 255 4469 423 4509; x_wconf 82' lang='lat' dir='ltr'><strong>voces</strong></span> <span class='ocrx_word' id='word_1_653' title='bbox 437 4452 700 4508; x_wconf 86' lang='lat' dir='ltr'><strong>«duobus</strong></span> <span class='ocrx_word' id='word_1_654' title='bbox 711 4452 948 4525; x_wconf 89' lang='lat' dir='ltr'><strong>expletis</strong></span> <span class='ocrx_word' id='word_1_655' title='bbox 965 4469 1040 4507; x_wconf 90' lang='lat' dir='ltr'><strong>an</strong></span> <span class='ocrx_word' id='word_1_656' title='bbox 1047 4452 1190 4518; x_wconf 77' lang='lat' dir='ltr'><strong>nis,»</strong></span> <span class='ocrx_word' id='word_1_657' title='bbox 1205 4454 1335 4523; x_wconf 81' lang='lat' dir='ltr'><strong>post</strong></span> <span class='ocrx_word' id='word_1_658' title='bbox 1347 4468 1510 4523; x_wconf 88' lang='lat' dir='ltr'><strong>quos,</strong></span> <span class='ocrx_word' id='word_1_659' title='bbox 1529 4467 1563 4505; x_wconf 91' lang='lat' dir='ltr'><strong>a</strong></span> <span class='ocrx_word' id='word_1_660' title='bbox 1575 4467 1875 4506; x_wconf 88' lang='lat' dir='ltr'><strong>consecra-</strong></span> 
     </span>
    </p>
   </div>
   <div class='ocr_carea' id='block_1_93' title="bbox 254 4539 1868 4613">
    <p class='ocr_par' dir='ltr' id='par_1_93' title="bbox 254 4539 1868 4613">
     <span class='ocr_line' id='line_1_93' title="bbox 254 4539 1868 4613; baseline -0.001 -17"><span class='ocrx_word' id='word_1_661' title='bbox 254 4540 416 4597; x_wconf 88' lang='lat' dir='ltr'><strong>tione</strong></span> <span class='ocrx_word' id='word_1_662' title='bbox 439 4541 704 4597; x_wconf 83' lang='lat' dir='ltr'><strong>Romana</strong></span> <span class='ocrx_word' id='word_1_663' title='bbox 733 4543 976 4612; x_wconf 87' lang='lat' dir='ltr'><strong>elapsos,</strong></span> <span class='ocrx_word' id='word_1_664' title='bbox 1010 4541 1312 4613; x_wconf 87' lang='lat' dir='ltr'><strong>Hugonem</strong></span> <span class='ocrx_word' id='word_1_665' title='bbox 1346 4539 1629 4595; x_wconf 62' lang='lat' dir='ltr'><strong>Casa-Dei</strong></span> <span class='ocrx_word' id='word_1_666' title='bbox 1662 4557 1868 4595; x_wconf 89' lang='lat' dir='ltr'><strong>mona-</strong></span> 
     </span>
    </p>
   </div>
   <div class='ocr_carea' id='block_1_94' title="bbox 253 4637 1876 4710">
    <p class='ocr_par' dir='ltr' id='par_1_94' title="bbox 253 4637 1876 4710">
     <span class='ocr_line' id='line_1_94' title="bbox 253 4637 1876 4710; baseline -0.001 -16"><span class='ocrx_word' id='word_1_667' title='bbox 253 4638 433 4694; x_wconf 88' lang='lat' dir='ltr'><strong>chum</strong></span> <span class='ocrx_word' id='word_1_668' title='bbox 462 4639 679 4695; x_wconf 89' lang='lat' dir='ltr'><strong>factum</strong></span> <span class='ocrx_word' id='word_1_669' title='bbox 722 4638 937 4705; x_wconf 87' lang='lat' dir='ltr'><strong>scribit,</strong></span> <span class='ocrx_word' id='word_1_670' title='bbox 969 4654 1153 4695; x_wconf 89' lang='lat' dir='ltr'><strong>annos</strong></span> <span class='ocrx_word' id='word_1_671' title='bbox 1192 4638 1472 4693; x_wconf 89' lang='lat' dir='ltr'><strong>duntaxat</strong></span> <span class='ocrx_word' id='word_1_672' title='bbox 1490 4637 1876 4710; x_wconf 90' lang='lat' dir='ltr'><strong>incompletos</strong></span> 
     </span>
    </p>
   </div>
   <div class='ocr_carea' id='block_1_95' title="bbox 254 4727 1875 4800">
    <p class='ocr_par' dir='ltr' id='par_1_95' title="bbox 254 4727 1875 4800">
     <span class='ocr_line' id='line_1_95' title="bbox 254 4727 1875 4800; baseline -0.001 -16"><span class='ocrx_word' id='word_1_673' title='bbox 254 4744 359 4784; x_wconf 85' lang='lat' dir='ltr'><strong>seu</strong></span> <span class='ocrx_word' id='word_1_674' title='bbox 388 4744 611 4785; x_wconf 87' lang='lat' dir='ltr'><strong>annum</strong></span> <span class='ocrx_word' id='word_1_675' title='bbox 633 4745 815 4785; x_wconf 90' lang='lat' dir='ltr'><strong>unum</strong></span> <span class='ocrx_word' id='word_1_676' title='bbox 846 4731 946 4783; x_wconf 90' lang='lat' dir='ltr'><strong>aut</strong></span> <span class='ocrx_word' id='word_1_677' title='bbox 974 4728 1146 4800; x_wconf 93' lang='lat' dir='ltr'><strong>paulo</strong></span> <span class='ocrx_word' id='word_1_678' title='bbox 1175 4727 1421 4798; x_wconf 89' lang='lat' dir='ltr'><strong>amplius</strong></span> <span class='ocrx_word' id='word_1_679' title='bbox 1444 4728 1726 4799; x_wconf 89' lang='lat' dir='ltr'><strong>temporis</strong></span> <span class='ocrx_word' id='word_1_680' title='bbox 1746 4744 1875 4799; x_wconf 87' lang='lat' dir='ltr'><strong>spa-</strong></span> 
     </span>
    </p>
   </div>
   <div class='ocr_carea' id='block_1_96' title="bbox 255 4815 1875 4883">
    <p class='ocr_par' dir='ltr' id='par_1_96' title="bbox 255 4815 1875 4883">
     <span class='ocr_line' id='line_1_96' title="bbox 255 4815 1875 4883; baseline 0 -12"><span class='ocrx_word' id='word_1_681' title='bbox 255 4816 427 4883; x_wconf 83' lang='lat' dir='ltr'><strong>tium,</strong></span> <span class='ocrx_word' id='word_1_682' title='bbox 450 4817 682 4873; x_wconf 87' lang='lat' dir='ltr'><strong>initium</strong></span> <span class='ocrx_word' id='word_1_683' title='bbox 706 4821 765 4873; x_wconf 89' lang='lat' dir='ltr'><strong>et</strong></span> <span class='ocrx_word' id='word_1_684' title='bbox 792 4817 972 4872; x_wconf 84' lang='lat' dir='ltr'><strong>ﬁnem</strong></span> <span class='ocrx_word' id='word_1_685' title='bbox 996 4833 1127 4872; x_wconf 90' lang='lat' dir='ltr'><strong>cum</strong></span> <span class='ocrx_word' id='word_1_686' title='bbox 1160 4816 1382 4871; x_wconf 90' lang='lat' dir='ltr'><strong>duobus</strong></span> <span class='ocrx_word' id='word_1_687' title='bbox 1413 4815 1648 4871; x_wconf 89' lang='lat' dir='ltr'><strong>diversis</strong></span> <span class='ocrx_word' id='word_1_688' title='bbox 1668 4815 1875 4871; x_wconf 85' lang='lat' dir='ltr'><strong>Christi</strong></span> 
     </span>
    </p>
   </div>
   <div class='ocr_carea' id='block_1_97' title="bbox 252 4904 1877 4978">
    <p class='ocr_par' dir='ltr' id='par_1_97' title="bbox 252 4904 1877 4978">
     <span class='ocr_line' id='line_1_97' title="bbox 252 4904 1877 4978; baseline -0.002 -16"><span class='ocrx_word' id='word_1_689' title='bbox 252 4905 656 4962; x_wconf 86' lang='lat' dir='ltr'><strong>annishabens</strong></span> <span class='ocrx_word' id='word_1_690' title='bbox 681 4907 1076 4978; x_wconf 90' lang='lat' dir='ltr'><strong>conjunctum,</strong></span> <span class='ocrx_word' id='word_1_691' title='bbox 1105 4904 1429 4975; x_wconf 78' lang='lat' dir='ltr'><strong>significare</strong></span> <span class='ocrx_word' id='word_1_692' title='bbox 1482 4904 1775 4973; x_wconf 90' lang='lat' dir='ltr'><strong>voluisset,</strong></span> <span class='ocrx_word' id='word_1_693' title='bbox 1815 4904 1877 4959; x_wconf 91' lang='lat' dir='ltr'><strong>id</strong></span> 
     </span>
    </p>
   </div>
   <div class='ocr_carea' id='block_1_98' title="bbox 253 4990 1874 5066">
    <p class='ocr_par' dir='ltr' id='par_1_98' title="bbox 253 4990 1874 5066">
     <span class='ocr_line' id='line_1_98' title="bbox 253 4990 1874 5066; baseline -0.003 -17"><span class='ocrx_word' id='word_1_694' title='bbox 253 4994 475 5066; x_wconf 86' lang='lat' dir='ltr'><strong>pariter</strong></span> <span class='ocrx_word' id='word_1_695' title='bbox 504 4992 661 5049; x_wconf 90' lang='lat' dir='ltr'><strong>haud</strong></span> <span class='ocrx_word' id='word_1_696' title='bbox 706 4992 882 5050; x_wconf 88' lang='lat' dir='ltr'><strong>dubie</strong></span> <span class='ocrx_word' id='word_1_697' title='bbox 907 4994 1106 5048; x_wconf 91' lang='lat' dir='ltr'><strong>vocula</strong></span> <span class='ocrx_word' id='word_1_698' title='bbox 1128 4991 1355 5049; x_wconf 78' lang='lat' dir='ltr'><strong>necdum</strong></span> <span class='ocrx_word' id='word_1_699' title='bbox 1380 4993 1480 5046; x_wconf 90' lang='lat' dir='ltr'><strong>aut</strong></span> <span class='ocrx_word' id='word_1_700' title='bbox 1510 4991 1684 5047; x_wconf 89' lang='lat' dir='ltr'><strong>simili</strong></span> <span class='ocrx_word' id='word_1_701' title='bbox 1715 4990 1874 5061; x_wconf 85' lang='lat' dir='ltr'><strong>adje-</strong></span> 
     </span>
    </p>
   </div>
   <div class='ocr_carea' id='block_1_99' title="bbox 254 5079 1874 5155">
    <p class='ocr_par' dir='ltr' id='par_1_99' title="bbox 254 5079 1874 5155">
     <span class='ocr_line' id='line_1_99' title="bbox 254 5079 1874 5155; baseline -0.002 -17"><span class='ocrx_word' id='word_1_702' title='bbox 254 5085 348 5138; x_wconf 85' lang='lat' dir='ltr'><strong>cta</strong></span> <span class='ocrx_word' id='word_1_703' title='bbox 377 5082 727 5151; x_wconf 86' lang='lat' dir='ltr'><strong>indicasset;</strong></span> <span class='ocrx_word' id='word_1_704' title='bbox 780 5081 938 5155; x_wconf 89' lang='lat' dir='ltr'><strong>quod</strong></span> <span class='ocrx_word' id='word_1_705' title='bbox 977 5096 1109 5136; x_wconf 90' lang='lat' dir='ltr'><strong>cum</strong></span> <span class='ocrx_word' id='word_1_706' title='bbox 1148 5081 1209 5136; x_wconf 89' lang='lat' dir='ltr'><strong>in</strong></span> <span class='ocrx_word' id='word_1_707' title='bbox 1247 5084 1406 5137; x_wconf 88' lang='lat' dir='ltr'><strong>textu</strong></span> <span class='ocrx_word' id='word_1_708' title='bbox 1451 5081 1547 5136; x_wconf 93' lang='lat' dir='ltr'><strong>illo</strong></span> <span class='ocrx_word' id='word_1_709' title='bbox 1580 5080 1734 5153; x_wconf 91' lang='lat' dir='ltr'><strong>apud</strong></span> <span class='ocrx_word' id='word_1_710' title='bbox 1768 5079 1874 5135; x_wconf 89' lang='lat' dir='ltr'><strong>Co-</strong></span> 
     </span>
    </p>
   </div>
   <div class='ocr_carea' id='block_1_100' title="bbox 254 5168 1877 5243">
    <p class='ocr_par' dir='ltr' id='par_1_100' title="bbox 254 5168 1877 5243">
     <span class='ocr_line' id='line_1_100' title="bbox 254 5168 1877 5243; baseline -0.002 -17"><span class='ocrx_word' id='word_1_711' title='bbox 254 5170 544 5227; x_wconf 89' lang='lat' dir='ltr'><strong>lumbium</strong></span> <span class='ocrx_word' id='word_1_712' title='bbox 584 5174 643 5227; x_wconf 90' lang='lat' dir='ltr'><strong>et</strong></span> <span class='ocrx_word' id='word_1_713' title='bbox 684 5170 928 5243; x_wconf 84' lang='lat' dir='ltr'><strong>Pagium</strong></span> <span class='ocrx_word' id='word_1_714' title='bbox 971 5186 1089 5226; x_wconf 90' lang='lat' dir='ltr'><strong>non</strong></span> <span class='ocrx_word' id='word_1_715' title='bbox 1124 5169 1315 5238; x_wconf 86' lang='lat' dir='ltr'><strong>faciat,</strong></span> <span class='ocrx_word' id='word_1_716' title='bbox 1368 5185 1677 5241; x_wconf 88' lang='lat' dir='ltr'><strong>perperam</strong></span> <span class='ocrx_word' id='word_1_717' title='bbox 1710 5168 1877 5224; x_wconf 90' lang='lat' dir='ltr'><strong>binos</strong></span> 
     </span>
    </p>
   </div>
   <div class='ocr_carea' id='block_1_101' title="bbox 258 5258 1875 5331">
    <p class='ocr_par' dir='ltr' id='par_1_101' title="bbox 258 5258 1875 5331">
     <span class='ocr_line' id='line_1_101' title="bbox 258 5258 1875 5331; baseline -0.003 -14"><span class='ocrx_word' id='word_1_718' title='bbox 258 5260 444 5317; x_wconf 79' lang='lat' dir='ltr'><strong>dictos</strong></span> <span class='ocrx_word' id='word_1_719' title='bbox 473 5277 658 5316; x_wconf 88' lang='lat' dir='ltr'><strong>annos</strong></span> <span class='ocrx_word' id='word_1_720' title='bbox 683 5261 755 5316; x_wconf 90' lang='lat' dir='ltr'><strong>de</strong></span> <span class='ocrx_word' id='word_1_721' title='bbox 782 5258 950 5315; x_wconf 87' lang='lat' dir='ltr'><strong>annis</strong></span> <span class='ocrx_word' id='word_1_722' title='bbox 978 5259 1344 5331; x_wconf 90' lang='lat' dir='ltr'><strong>incompletis</strong></span> <span class='ocrx_word' id='word_1_723' title='bbox 1366 5275 1465 5314; x_wconf 89' lang='lat' dir='ltr'><strong>seu</strong></span> <span class='ocrx_word' id='word_1_724' title='bbox 1497 5258 1568 5313; x_wconf 89' lang='lat' dir='ltr'><strong>de</strong></span> <span class='ocrx_word' id='word_1_725' title='bbox 1582 5274 1761 5326; x_wconf 88' lang='lat' dir='ltr'><strong>anno,</strong></span> <span class='ocrx_word' id='word_1_726' title='bbox 1778 5258 1875 5330; x_wconf 87' lang='lat' dir='ltr'><strong>qui</strong></span> 
     </span>
    </p>
   </div>
   <div class='ocr_carea' id='block_1_102' title="bbox 255 5346 1875 5415">
    <p class='ocr_par' dir='ltr' id='par_1_102' title="bbox 255 5346 1875 5415">
     <span class='ocr_line' id='line_1_102' title="bbox 255 5346 1875 5415; baseline -0.002 -11"><span class='ocrx_word' id='word_1_727' title='bbox 255 5347 487 5404; x_wconf 88' lang='lat' dir='ltr'><strong>initium</strong></span> <span class='ocrx_word' id='word_1_728' title='bbox 513 5351 573 5404; x_wconf 90' lang='lat' dir='ltr'><strong>et</strong></span> <span class='ocrx_word' id='word_1_729' title='bbox 611 5349 791 5405; x_wconf 81' lang='lat' dir='ltr'><strong>finem</strong></span> <span class='ocrx_word' id='word_1_730' title='bbox 812 5364 946 5405; x_wconf 89' lang='lat' dir='ltr'><strong>cum</strong></span> <span class='ocrx_word' id='word_1_731' title='bbox 970 5347 1193 5404; x_wconf 91' lang='lat' dir='ltr'><strong>duobus</strong></span> <span class='ocrx_word' id='word_1_732' title='bbox 1217 5347 1448 5403; x_wconf 90' lang='lat' dir='ltr'><strong>diversis</strong></span> <span class='ocrx_word' id='word_1_733' title='bbox 1478 5346 1875 5415; x_wconf 86' lang='lat' dir='ltr'><strong>Christiannis,</strong></span> 
     </span>
    </p>
   </div>
   <div class='ocr_carea' id='block_1_103' title="bbox 255 5435 1877 5508">
    <p class='ocr_par' dir='ltr' id='par_1_103' title="bbox 255 5435 1877 5508">
     <span class='ocr_line' id='line_1_103' title="bbox 255 5435 1877 5508; baseline -0.002 -14"><span class='ocrx_word' id='word_1_734' title='bbox 255 5437 318 5494; x_wconf 89' lang='lat' dir='ltr'><strong>id</strong></span> <span class='ocrx_word' id='word_1_735' title='bbox 349 5441 457 5506; x_wconf 86' lang='lat' dir='ltr'><strong>est,</strong></span> <span class='ocrx_word' id='word_1_736' title='bbox 500 5453 634 5493; x_wconf 88' lang='lat' dir='ltr'><strong>cum</strong></span> <span class='ocrx_word' id='word_1_737' title='bbox 671 5454 826 5494; x_wconf 88' lang='lat' dir='ltr'><strong>anno</strong></span> <span class='ocrx_word' id='word_1_738' title='bbox 876 5439 1013 5495; x_wconf 84' lang='lat' dir='ltr'><strong>l080</strong></span> <span class='ocrx_word' id='word_1_739' title='bbox 1043 5439 1102 5492; x_wconf 89' lang='lat' dir='ltr'><strong>et</strong></span> <span class='ocrx_word' id='word_1_740' title='bbox 1144 5435 1410 5508; x_wconf 88' lang='lat' dir='ltr'><strong>sequenti</strong></span> <span class='ocrx_word' id='word_1_741' title='bbox 1442 5435 1710 5491; x_wconf 88' lang='lat' dir='ltr'><strong>habuerit</strong></span> <span class='ocrx_word' id='word_1_742' title='bbox 1739 5451 1877 5491; x_wconf 92' lang='lat' dir='ltr'><strong>con-</strong></span> 
     </span>
    </p>
   </div>
   <div class='ocr_carea' id='block_1_104' title="bbox 250 5523 1880 5601">
    <p class='ocr_par' dir='ltr' id='par_1_104' title="bbox 250 5523 1880 5601">
     <span class='ocr_line' id='line_1_104' title="bbox 250 5523 1880 5601; baseline 0 -20"><span class='ocrx_word' id='word_1_743' title='bbox 250 5525 545 5600; x_wconf 80' lang='lat' dir='ltr'><strong>junctum,</strong></span> <span class='ocrx_word' id='word_1_744' title='bbox 569 5527 777 5601; x_wconf 81' lang='lat' dir='ltr'><strong>Pagius</strong></span> <span class='ocrx_word' id='word_1_745' title='bbox 804 5528 1244 5600; x_wconf 87' lang='lat' dir='ltr'><strong>interpretatur.</strong></span> <span class='ocrx_word' id='word_1_746' title='bbox 1269 5523 1433 5589; x_wconf 84' lang='lat' dir='ltr'><strong>Quod</strong></span> <span class='ocrx_word' id='word_1_747' title='bbox 1459 5523 1504 5579; x_wconf 89' lang='lat' dir='ltr'><strong>si</strong></span> <span class='ocrx_word' id='word_1_748' title='bbox 1533 5523 1767 5580; x_wconf 89' lang='lat' dir='ltr'><strong>interim</strong></span> <span class='ocrx_word' id='word_1_749' title='bbox 1787 5542 1880 5581; x_wconf 87' lang='lat' dir='ltr'><strong>res</strong></span> 
     </span>
    </p>
   </div>
   <div class='ocr_carea' id='block_1_105' title="bbox 260 5612 1868 5693">
    <p class='ocr_par' dir='ltr' id='par_1_105' title="bbox 260 5612 1868 5693">
     <span class='ocr_line' id='line_1_105' title="bbox 260 5612 1868 5693; baseline 0.001 -22"><span class='ocrx_word' id='word_1_750' title='bbox 260 5630 427 5674; x_wconf 78' lang='lat' dir='ltr'><strong>secus</strong></span> <span class='ocrx_word' id='word_1_751' title='bbox 471 5616 732 5685; x_wconf 75' lang='lat' dir='ltr'><strong>haberet,</strong></span> <span class='ocrx_word' id='word_1_752' title='bbox 778 5635 842 5675; x_wconf 85' lang='lat' dir='ltr'><strong>ac</strong></span> <span class='ocrx_word' id='word_1_753' title='bbox 871 5616 1068 5693; x_wconf 90' lang='lat' dir='ltr'><strong>proin,</strong></span> <span class='ocrx_word' id='word_1_754' title='bbox 1119 5612 1367 5668; x_wconf 83' lang='lat' dir='ltr'><strong>admisso</strong></span> <span class='ocrx_word' id='word_1_755' title='bbox 1407 5612 1585 5669; x_wconf 85' lang='lat' dir='ltr'><strong>etiam</strong></span> <span class='ocrx_word' id='word_1_756' title='bbox 1635 5630 1739 5685; x_wconf 92' lang='lat' dir='ltr'><strong>pro</strong></span> <span class='ocrx_word' id='word_1_757' title='bbox 1769 5631 1868 5687; x_wconf 80' lang='lat' dir='ltr'><strong>ge-</strong></span> 
     </span>
    </p>
   </div>
   <div class='ocr_carea' id='block_1_106' title="bbox 1975 4350 3590 4430">
    <p class='ocr_par' dir='ltr' id='par_1_106' title="bbox 1975 4350 3590 4430">
     <span class='ocr_line' id='line_1_106' title="bbox 1975 4350 3590 4430; baseline -0.006 -16"><span class='ocrx_word' id='word_1_758' title='bbox 1975 4360 2412 4430; x_wconf 91' lang='lat' dir='ltr'><strong>compertoque,</strong></span> <span class='ocrx_word' id='word_1_759' title='bbox 2456 4354 2762 4427; x_wconf 72' lang='lat' dir='ltr'><strong>praefatum</strong></span> <span class='ocrx_word' id='word_1_760' title='bbox 2787 4353 3063 4424; x_wconf 88' lang='lat' dir='ltr'><strong>juvenem</strong></span> <span class='ocrx_word' id='word_1_761' title='bbox 3107 4350 3411 4407; x_wconf 88' lang='lat' dir='ltr'><strong>conventui</strong></span> <span class='ocrx_word' id='word_1_762' title='bbox 3442 4366 3590 4422; x_wconf 70' lang='lat' dir='ltr'><strong>prte-</strong></span> 
     </span>
    </p>
   </div>
   <div class='ocr_carea' id='block_1_107' title="bbox 1977 4439 3591 4517">
    <p class='ocr_par' dir='ltr' id='par_1_107' title="bbox 1977 4439 3591 4517">
     <span class='ocr_line' id='line_1_107' title="bbox 1977 4439 3591 4517; baseline -0.007 -15"><span class='ocrx_word' id='word_1_763' title='bbox 1977 4464 2097 4503; x_wconf 90' lang='lat' dir='ltr'><strong>esse</strong></span> <span class='ocrx_word' id='word_1_764' title='bbox 2149 4444 2443 4517; x_wconf 58' lang='lat' dir='ltr'><strong>praseuti,</strong></span> <span class='ocrx_word' id='word_1_765' title='bbox 2496 4443 2787 4515; x_wconf 88' lang='lat' dir='ltr'><strong>petierunt</strong></span> <span class='ocrx_word' id='word_1_766' title='bbox 2827 4440 3181 4512; x_wconf 88' lang='lat' dir='ltr'><strong>suppliciter,</strong></span> <span class='ocrx_word' id='word_1_767' title='bbox 3236 4439 3591 4509; x_wconf 75' lang='lat' dir='ltr'><strong>suffragante</strong></span> 
     </span>
    </p>
   </div>
   <div class='ocr_carea' id='block_1_108' title="bbox 1975 4526 3591 4605">
    <p class='ocr_par' dir='ltr' id='par_1_108' title="bbox 1975 4526 3591 4605">
     <span class='ocr_line' id='line_1_108' title="bbox 1975 4526 3591 4605; baseline -0.007 -13"><span class='ocrx_word' id='word_1_768' title='bbox 1975 4535 2238 4602; x_wconf 88' lang='lat' dir='ltr'><strong>concilio,</strong></span> <span class='ocrx_word' id='word_1_769' title='bbox 2270 4534 2343 4589; x_wconf 89' lang='lat' dir='ltr'><strong>ab</strong></span> <span class='ocrx_word' id='word_1_770' title='bbox 2374 4533 2496 4605; x_wconf 90' lang='lat' dir='ltr'><strong>ejus</strong></span> <span class='ocrx_word' id='word_1_771' title='bbox 2521 4529 2833 4586; x_wconf 89' lang='lat' dir='ltr'><strong>venerabili</strong></span> <span class='ocrx_word' id='word_1_772' title='bbox 2870 4532 3140 4601; x_wconf 88' lang='lat' dir='ltr'><strong>patrono,</strong></span> <span class='ocrx_word' id='word_1_773' title='bbox 3170 4528 3260 4583; x_wconf 88' lang='lat' dir='ltr'><strong>cui</strong></span> <span class='ocrx_word' id='word_1_774' title='bbox 3291 4530 3471 4599; x_wconf 69' lang='lat' dir='ltr'><strong>gratae</strong></span> <span class='ocrx_word' id='word_1_775' title='bbox 3506 4526 3591 4581; x_wconf 88' lang='lat' dir='ltr'><strong>of-</strong></span> 
     </span>
    </p>
   </div>
   <div class='ocr_carea' id='block_1_109' title="bbox 1974 4615 3591 4687">
    <p class='ocr_par' dir='ltr' id='par_1_109' title="bbox 1974 4615 3591 4687">
     <span class='ocr_line' id='line_1_109' title="bbox 1974 4615 3591 4687; baseline -0.007 -6"><span class='ocrx_word' id='word_1_776' title='bbox 1974 4626 2168 4681; x_wconf 82' lang='lat' dir='ltr'><strong>ficium</strong></span> <span class='ocrx_word' id='word_1_777' title='bbox 2210 4621 2494 4679; x_wconf 86' lang='lat' dir='ltr'><strong>societatis</strong></span> <span class='ocrx_word' id='word_1_778' title='bbox 2531 4620 2816 4687; x_wconf 86' lang='lat' dir='ltr'><strong>exibebat,</strong></span> <span class='ocrx_word' id='word_1_779' title='bbox 2860 4622 2923 4672; x_wconf 91' lang='lat' dir='ltr'><strong>ut</strong></span> <span class='ocrx_word' id='word_1_780' title='bbox 2970 4619 3125 4672; x_wconf 89' lang='lat' dir='ltr'><strong>hunc</strong></span> <span class='ocrx_word' id='word_1_781' title='bbox 3157 4617 3262 4672; x_wconf 89' lang='lat' dir='ltr'><strong>sibi</strong></span> <span class='ocrx_word' id='word_1_782' title='bbox 3296 4617 3419 4671; x_wconf 92' lang='lat' dir='ltr'><strong>sine</strong></span> <span class='ocrx_word' id='word_1_783' title='bbox 3452 4615 3591 4670; x_wconf 87' lang='lat' dir='ltr'><strong>dila-</strong></span> 
     </span>
    </p>
   </div>
   <div class='ocr_carea' id='block_1_110' title="bbox 1974 4705 3592 4782">
    <p class='ocr_par' dir='ltr' id='par_1_110' title="bbox 1974 4705 3592 4782">
     <span class='ocr_line' id='line_1_110' title="bbox 1974 4705 3592 4782; baseline -0.009 -12"><span class='ocrx_word' id='word_1_784' title='bbox 1974 4714 2134 4770; x_wconf 90' lang='lat' dir='ltr'><strong>tione</strong></span> <span class='ocrx_word' id='word_1_785' title='bbox 2164 4714 2328 4768; x_wconf 87' lang='lat' dir='ltr'><strong>daret</strong></span> <span class='ocrx_word' id='word_1_786' title='bbox 2352 4711 2707 4782; x_wconf 80' lang='lat' dir='ltr'><strong>episcopum.</strong></span> <span class='ocrx_word' id='word_1_787' title='bbox 2739 4707 2955 4773; x_wconf 87' lang='lat' dir='ltr'><strong>Quibus</strong></span> <span class='ocrx_word' id='word_1_788' title='bbox 2984 4707 3078 4761; x_wconf 89' lang='lat' dir='ltr'><strong>ille</strong></span> <span class='ocrx_word' id='word_1_789' title='bbox 3107 4705 3371 4778; x_wconf 86' lang='lat' dir='ltr'><strong>protinus</strong></span> <span class='ocrx_word' id='word_1_790' title='bbox 3400 4706 3592 4775; x_wconf 87' lang='lat' dir='ltr'><strong>gratu-</strong></span> 
     </span>
    </p>
   </div>
   <div class='ocr_carea' id='block_1_111' title="bbox 1973 4792 3588 4866">
    <p class='ocr_par' dir='ltr' id='par_1_111' title="bbox 1973 4792 3588 4866">
     <span class='ocr_line' id='line_1_111' title="bbox 1973 4792 3588 4866; baseline -0.009 -8"><span class='ocrx_word' id='word_1_791' title='bbox 1973 4802 2257 4858; x_wconf 91' lang='lat' dir='ltr'><strong>labundus</strong></span> <span class='ocrx_word' id='word_1_792' title='bbox 2287 4800 2547 4866; x_wconf 88' lang='lat' dir='ltr'><strong>assensit,</strong></span> <span class='ocrx_word' id='word_1_793' title='bbox 2578 4803 2702 4853; x_wconf 88' lang='lat' dir='ltr'><strong>tum</strong></span> <span class='ocrx_word' id='word_1_794' title='bbox 2735 4796 2927 4852; x_wconf 90' lang='lat' dir='ltr'><strong>dilecti</strong></span> <span class='ocrx_word' id='word_1_795' title='bbox 2953 4794 3182 4850; x_wconf 89' lang='lat' dir='ltr'><strong>comitis</strong></span> <span class='ocrx_word' id='word_1_796' title='bbox 3194 4794 3455 4865; x_wconf 83' lang='lat' dir='ltr'><strong>gaudens</strong></span> <span class='ocrx_word' id='word_1_797' title='bbox 3482 4792 3588 4844; x_wconf 90' lang='lat' dir='ltr'><strong>ho-</strong></span> 
     </span>
    </p>
   </div>
   <div class='ocr_carea' id='block_1_112' title="bbox 1975 4879 3589 4956">
    <p class='ocr_par' dir='ltr' id='par_1_112' title="bbox 1975 4879 3589 4956">
     <span class='ocr_line' id='line_1_112' title="bbox 1975 4879 3589 4956; baseline -0.011 -9"><span class='ocrx_word' id='word_1_798' title='bbox 1975 4892 2362 4956; x_wconf 88' lang='lat' dir='ltr'><strong>noribus,tum</strong></span> <span class='ocrx_word' id='word_1_799' title='bbox 2386 4888 2635 4943; x_wconf 71' lang='lat' dir='ltr'><strong>ecclesiae</strong></span> <span class='ocrx_word' id='word_1_800' title='bbox 2653 4887 2849 4941; x_wconf 88' lang='lat' dir='ltr'><strong>favens</strong></span> <span class='ocrx_word' id='word_1_801' title='bbox 2863 4901 2965 4956; x_wconf 89' lang='lat' dir='ltr'><strong>pro</strong></span> <span class='ocrx_word' id='word_1_802' title='bbox 2974 4882 3397 4952; x_wconf 66' lang='lat' dir='ltr'><strong>fectibus,cujus</strong></span> <span class='ocrx_word' id='word_1_803' title='bbox 3411 4879 3589 4932; x_wconf 88' lang='lat' dir='ltr'><strong>etiam</strong></span> 
     </span>
    </p>
   </div>
   <div class='ocr_carea' id='block_1_113' title="bbox 1976 4973 3590 5041">
    <p class='ocr_par' dir='ltr' id='par_1_113' title="bbox 1976 4973 3590 5041">
     <span class='ocr_line' id='line_1_113' title="bbox 1976 4973 3590 5041; baseline -0.012 -5"><span class='ocrx_word' id='word_1_804' title='bbox 1976 4981 2148 5037; x_wconf 86' lang='lat' dir='ltr'><strong>sacris</strong></span> <span class='ocrx_word' id='word_1_805' title='bbox 2174 4978 2373 5035; x_wconf 85' lang='lat' dir='ltr'><strong>officiis</strong></span> <span class='ocrx_word' id='word_1_806' title='bbox 2396 4978 2650 5033; x_wconf 89' lang='lat' dir='ltr'><strong>futurum</strong></span> <span class='ocrx_word' id='word_1_807' title='bbox 2672 4992 2790 5031; x_wconf 91' lang='lat' dir='ltr'><strong>non</strong></span> <span class='ocrx_word' id='word_1_808' title='bbox 2811 4974 3112 5029; x_wconf 89' lang='lat' dir='ltr'><strong>dubitabat</strong></span> <span class='ocrx_word' id='word_1_809' title='bbox 3133 4973 3590 5041; x_wconf 81' lang='lat' dir='ltr'><strong>opportunum.»</strong></span> 
     </span>
    </p>
   </div>
   <div class='ocr_carea' id='block_1_114' title="bbox 1975 5057 3599 5137">
    <p class='ocr_par' dir='ltr' id='par_1_114' title="bbox 1975 5057 3599 5137">
     <span class='ocr_line' id='line_1_114' title="bbox 1975 5057 3599 5137; baseline -0.012 -10"><span class='ocrx_word' id='word_1_810' title='bbox 1975 5074 2060 5129; x_wconf 91' lang='lat' dir='ltr'><strong>Ita</strong></span> <span class='ocrx_word' id='word_1_811' title='bbox 2077 5072 2194 5137; x_wconf 91' lang='lat' dir='ltr'><strong>ille,</strong></span> <span class='ocrx_word' id='word_1_812' title='bbox 2222 5069 2515 5124; x_wconf 87' lang='lat' dir='ltr'><strong>nonnullis</strong></span> <span class='ocrx_word' id='word_1_813' title='bbox 2535 5066 2744 5121; x_wconf 92' lang='lat' dir='ltr'><strong>deinde</strong></span> <span class='ocrx_word' id='word_1_814' title='bbox 2761 5060 3132 5134; x_wconf 89' lang='lat' dir='ltr'><strong>interpositis,</strong></span> <span class='ocrx_word' id='word_1_815' title='bbox 3152 5059 3329 5113; x_wconf 88' lang='lat' dir='ltr'><strong>etiam</strong></span> <span class='ocrx_word' id='word_1_816' title='bbox 3353 5057 3599 5123; x_wconf 86' lang='lat' dir='ltr'><strong>docens,</strong></span> 
     </span>
    </p>
   </div>
   <div class='ocr_carea' id='block_1_115' title="bbox 1977 5144 3609 5237">
    <p class='ocr_par' dir='ltr' id='par_1_115' title="bbox 1977 5144 3609 5237">
     <span class='ocr_line' id='line_1_115' title="bbox 1977 5144 3609 5237; baseline -0.014 -19"><span class='ocrx_word' id='word_1_817' title='bbox 1977 5163 2034 5219; x_wconf 92' lang='lat' dir='ltr'><strong>S.</strong></span> <span class='ocrx_word' id='word_1_818' title='bbox 2050 5163 2351 5233; x_wconf 80' lang='lat' dir='ltr'><strong>llugonem</strong></span> <span class='ocrx_word' id='word_1_819' title='bbox 2367 5156 2959 5228; x_wconf 84' lang='lat' dir='ltr'><strong>Cratiauopolitanum</strong></span> <span class='ocrx_word' id='word_1_820' title='bbox 2977 5150 3306 5221; x_wconf 90' lang='lat' dir='ltr'><strong>episcopum</strong></span> <span class='ocrx_word' id='word_1_821' title='bbox 3329 5144 3609 5237; x_wconf 68' lang='lat' dir='ltr'><strong>absoluto</strong></span> 
     </span>
    </p>
   </div>
   <div class='ocr_carea' id='block_1_116' title="bbox 1977 5228 3626 5314">
    <p class='ocr_par' dir='ltr' id='par_1_116' title="bbox 1977 5228 3626 5314">
     <span class='ocr_line' id='line_1_116' title="bbox 1977 5228 3626 5314; baseline -0.018 -6"><span class='ocrx_word' id='word_1_822' title='bbox 1977 5228 2357 5308; x_wconf 72' lang='lat' dir='ltr'><strong>Avenionensi</strong></span> <span class='ocrx_word' id='word_1_823' title='bbox 2412 5245 2679 5314; x_wconf 88' lang='lat' dir='ltr'><strong>concilio,</strong></span> <span class='ocrx_word' id='word_1_824' title='bbox 2722 5259 2852 5299; x_wconf 90' lang='lat' dir='ltr'><strong>cum</strong></span> <span class='ocrx_word' id='word_1_825' title='bbox 2890 5242 3129 5312; x_wconf 84' lang='lat' dir='ltr'><strong>Hugoue</strong></span> <span class='ocrx_word' id='word_1_826' title='bbox 3179 5235 3393 5301; x_wconf 89' lang='lat' dir='ltr'><strong>Diensi,</strong></span> <span class='ocrx_word' id='word_1_827' title='bbox 3455 5228 3626 5283; x_wconf 85' lang='lat' dir='ltr'><strong>sedis</strong></span> 
     </span>
    </p>
   </div>
   <div class='ocr_carea' id='block_1_117' title="bbox 1982 5327 3640 5415">
    <p class='ocr_par' dir='ltr' id='par_1_117' title="bbox 1982 5327 3640 5415">
     <span class='ocr_line' id='line_1_117' title="bbox 1982 5327 3640 5415; baseline -0.017 -18"><span class='ocrx_word' id='word_1_828' title='bbox 1982 5338 2308 5415; x_wconf 68' lang='lat' dir='ltr'><strong>apostolicae</strong></span> <span class='ocrx_word' id='word_1_829' title='bbox 2344 5340 2560 5411; x_wconf 89' lang='lat' dir='ltr'><strong>legato,</strong></span> <span class='ocrx_word' id='word_1_830' title='bbox 2608 5334 2857 5390; x_wconf 87' lang='lat' dir='ltr'><strong>Romam</strong></span> <span class='ocrx_word' id='word_1_831' title='bbox 2929 5333 2993 5384; x_wconf 92' lang='lat' dir='ltr'><strong>ut</strong></span> <span class='ocrx_word' id='word_1_832' title='bbox 3031 5328 3251 5383; x_wconf 89' lang='lat' dir='ltr'><strong>ibidem</strong></span> <span class='ocrx_word' id='word_1_833' title='bbox 3292 5343 3327 5380; x_wconf 92' lang='lat' dir='ltr'><strong>a</strong></span> <span class='ocrx_word' id='word_1_834' title='bbox 3364 5327 3640 5415; x_wconf 72' lang='lat' dir='ltr'><strong>summo</strong></span> 
     </span>
    </p>
   </div>
   <div class='ocr_carea' id='block_1_118' title="bbox 1982 5409 3662 5503">
    <p class='ocr_par' dir='ltr' id='par_1_118' title="bbox 1982 5409 3662 5503">
     <span class='ocr_line' id='line_1_118' title="bbox 1982 5409 3662 5503; baseline -0.019 -15"><span class='ocrx_word' id='word_1_835' title='bbox 1982 5409 2253 5503; x_wconf 78' lang='lat' dir='ltr'><strong>pontiﬁce</strong></span> <span class='ocrx_word' id='word_1_836' title='bbox 2266 5409 2703 5484; x_wconf 88' lang='lat' dir='ltr'><strong>consecraretur</strong></span> <span class='ocrx_word' id='word_1_837' title='bbox 2726 5422 3230 5495; x_wconf 85' lang='lat' dir='ltr'><strong>episcopatus,esse</strong></span> <span class='ocrx_word' id='word_1_838' title='bbox 3247 5411 3387 5487; x_wconf 88' lang='lat' dir='ltr'><strong>prof</strong></span> <span class='ocrx_word' id='word_1_839' title='bbox 3389 5409 3629 5503; x_wconf 78' lang='lat' dir='ltr'><strong>cetum</strong></span> <span class='ocrx_word' id='word_1_840' title='bbox 3642 5432 3662 5498; x_wconf 42' lang='grc' dir='ltr'>ζ</span> 
     </span>
    </p>
   </div>
   <div class='ocr_carea' id='block_1_119' title="bbox 1984 5477 3695 5595">
    <p class='ocr_par' dir='ltr' id='par_1_119' title="bbox 1984 5477 3695 5595">
     <span class='ocr_line' id='line_1_119' title="bbox 1984 5477 3695 5595; baseline -0.018 -18"><span class='ocrx_word' id='word_1_841' title='bbox 1984 5477 2681 5577; x_wconf 35' lang='lat' dir='ltr'><strong>l’d’e-ui—etiam-r‘nemorim</strong></span> <span class='ocrx_word' id='word_1_842' title='bbox 2708 5477 2900 5588; x_wconf 61' lang='lat' dir='ltr'><strong>prodit</strong></span> <span class='ocrx_word' id='word_1_843' title='bbox 2919 5477 3081 5583; x_wconf 67' lang='lat' dir='ltr'><strong>apud</strong></span> <span class='ocrx_word' id='word_1_844' title='bbox 3093 5477 3410 5595; x_wconf 57' lang='lat' dir='ltr'><strong>habbeum</strong></span> <span class='ocrx_word' id='word_1_845' title='bbox 3442 5499 3595 5595; x_wconf 62' lang='lat' dir='ltr'><strong>tom</strong></span> <span class='ocrx_word' id='word_1_846' title='bbox 3608 5477 3695 5595; x_wconf 39' lang='lat' dir='ltr'><strong>L“</strong></span> 
     </span>
    </p>
   </div>
   <div class='ocr_carea' id='block_1_120' title="bbox 1990 5587 3741 5670">
    <p class='ocr_par' dir='ltr' id='par_1_120' title="bbox 1990 5587 3741 5670">
     <span class='ocr_line' id='line_1_120' title="bbox 1990 5587 3741 5670; baseline -0.011 -3"><span class='ocrx_word' id='word_1_847' title='bbox 1990 5606 2359 5667; x_wconf 64' lang='lat' dir='ltr'><strong>Bibliotheca:</strong></span> <span class='ocrx_word' id='word_1_848' title='bbox 2378 5617 2543 5664; x_wconf 73' lang='lat' dir='ltr'><strong>novae</strong></span> <span class='ocrx_word' id='word_1_849' title='bbox 2558 5599 2845 5662; x_wconf 85' lang='lat' dir='ltr'><strong>librorum</strong></span> <span class='ocrx_word' id='word_1_850' title='bbox 2872 5615 3007 5656; x_wconf 88' lang='lat' dir='ltr'><strong>mss.</strong></span> <span class='ocrx_word' id='word_1_851' title='bbox 3026 5600 3190 5670; x_wconf 77' lang='lat' dir='ltr'><strong>Hugo</strong></span> <span class='ocrx_word' id='word_1_852' title='bbox 3215 5587 3741 5650; x_wconf 36' lang='lat' dir='ltr'><strong>Flaviniaee‘?‘</strong></span> 
     </span>
    </p>
   </div>
  </div>
