4026 6042
379 241 481 293 279

1231 238 1287 293 8.
1316 238 1660 295 BRUNONIS
1701 235 2330 295 CARTHUSIANORUM
2369 239 2836 296 INSTITUTORIS

3588 242 3691 295 280

376 360 470 427 sis,
508 362 577 415 de
605 361 842 432 Hugone
874 360 1087 428 Diensi,
1121 361 1269 417 sedis
1299 363 1627 434 apostolica
1656 365 1868 435 legato,
1904 362 1981 417 sic
2010 361 2149 424 Ain
2192 363 2459 430 concilio,
2519 364 2676 434 quod
2727 363 2991 436 proxime
3040 363 3429 417 celebraturus
3484 365 3588 429 est,
3633 379 3692 417 se

377 449 664 504 scribens:
702 471 731 499 «
755 449 1075 505 Celebravit
1112 454 1169 506 et
1211 453 1521 523 septimum
1564 452 1716 524 apud
1747 452 1986 507 Avenio-

379 554 517 593 nem
548 536 877 605 concilium,
910 539 967 593 in
988 556 1101 611 quo
1128 540 1418 611 depositus
1435 544 1518 595 est
1534 542 1828 597 Achardus
1851 542 1985 595 Are-

374 626 616 681 tatensis
642 626 888 695 invasor,
930 630 988 681 et
1027 629 1239 683 electus
1276 633 1359 683 est
1390 629 1661 685 Gibilinus
1689 629 1748 684 in
1793 631 1984 685 Arela-

376 717 600 770 tensem
635 715 1197 789 archiepiscopum...
1231 718 1393 790 Hugo
1423 719 1480 772 in
1512 718 1986 791 Gratianopolita-

376 820 516 859 num
555 803 956 875 episcopum...
999 824 1142 877 quos
1185 811 1313 877 post
1350 807 1739 880 expletionem
1780 807 1983 863 concili

374 909 568 947 secum
602 894 847 947 Romam
895 894 1072 961 duxit,
1107 898 1164 948 et
1209 896 1524 951 consecrati
1571 900 1703 951 sunt
1740 913 1774 952 a
1810 914 1979 969 papa,

373 982 471 1054 qui
508 981 815 1036 concilium
848 983 1046 1038 Roma
1078 983 1381 1039 indixerat.
1424 1009 1438 1031 ι
1480 987 1640 1056 Hugo
1678 1002 1816 1056 ergo
1843 987 1979 1041 Gra-

371 1070 822 1142 tianOpolitanus
877 1071 935 1126 in
981 1073 1365 1129 Avenionensi
1428 1074 1672 1129 concilio
1727 1075 1978 1129 ecclesia

368 1159 911 1231 Gratianopolitana
940 1160 997 1213 in
1014 1162 1343 1233 episcopum
1370 1165 1687 1234 postulatus
1701 1165 1978 1234 datusque

366 1248 494 1318 fuit,
519 1266 583 1303 ac
603 1249 831 1316 deinde,
854 1250 1112 1305 absoluto
1128 1251 1367 1305 concilio
1382 1252 1649 1320 Romam,
1662 1252 1974 1319 utibidem,

368 1337 522 1408 quod
551 1340 608 1392 et
632 1338 870 1405 factum,
906 1357 938 1393 a
963 1356 1192 1393 summo
1220 1340 1493 1411 pontiﬁce
1512 1341 1812 1414 episcOpus
1828 1341 1979 1396 ordi-

367 1428 623 1492 naretur,
657 1443 788 1481 cum
819 1428 1077 1498 Hugone,
1108 1428 1256 1483 sedis
1286 1430 1610 1501 apostolica
1639 1432 1850 1501 legato,
1892 1432 1978 1483 est

364 1515 676 1585 profectus.

2082 454 2434 523 prasentare
2483 451 2744 506 debeat...
2762 453 2874 507 Nec
2915 454 3068 506 certe
3107 450 3410 523 Gregorius
3438 450 3694 522 loquitur

2084 541 2156 595 de
2169 539 2957 612 consilioLugdunensi,quod
2969 542 3195 594 tantum
3213 555 3412 593 mense
3423 538 3692 593 Januario

2085 629 2221 684 anni
2238 628 2873 701 soquentishabendum
2898 645 3018 683 esse
3038 627 3351 683 testaturin
3367 626 3478 682 alia
3497 627 3568 681 ad
3586 627 3694 681 Ma-

2083 734 2335 784 nassem,
2354 716 2845 788 archiepiscopum
2873 718 3241 785 Remensem,
3264 716 3523 787 epistola.
3539 717 3689 770 Pra-

2083 809 2263 873 terea,
2275 806 2439 877 juxta
2459 806 2731 860 eumdem
2752 806 3093 877 Guigonem,
3118 806 3277 876 Hugo
3291 805 3538 859 Romam
3559 820 3689 859 cum

2083 895 2322 966 Hugone
2367 896 2559 967 legato
2613 897 2816 966 postea
2870 895 3161 966 profectus
3197 897 3302 956 est,
3334 896 3398 948 ut
3457 910 3491 948 a
3541 892 3689 948 sedis

2083 983 2409 1056 apostolica
2447 1000 2674 1038 summo
2727 986 3161 1038 consecraretur
3206 982 3480 1037 antistite.
3527 983 3687 1037 Idem

2081 1072 2259 1127 refert
2289 1074 2451 1143 Hugo
2473 1072 2909 1128 Flaviniacensis
2940 1073 3010 1127 de
3037 1071 3244 1126 eodem
3276 1073 3466 1141 legato
3486 1088 3683 1142 agens.

2083 1182 2111 1210 ››
2138 1161 2473 1227 Celebravit,
2496 1160 2702 1232 inquit,
2736 1164 2793 1215 et
2825 1160 3135 1231 septimum
3164 1160 3313 1230 apud
3331 1160 3681 1219 Avenionem

2079 1271 2108 1300 »
2134 1250 2461 1318 concilium,
2508 1249 2568 1304 in
2617 1267 2730 1322 quo
2778 1249 3069 1320 depositus
3115 1252 3201 1304 est
3228 1249 3521 1303 Achardus
3550 1250 3684 1304 Are-

2077 1359 2106 1389 »
2140 1339 2377 1394 latensis
2398 1339 2645 1406 invasor,
2669 1342 2727 1393 et
2756 1339 2970 1393 electus
2994 1341 3079 1392 est
3110 1337 3386 1393 Giailinus
3409 1338 3465 1392 in
3492 1339 3683 1392 Arela-

2075 1430 2354 1481 »tensem
2401 1427 2967 1500 archiepiscopum...
3008 1428 3168 1498 Hugo
3214 1426 3273 1480 in
3304 1425 3679 1496 Gratianopo-

2076 1536 2105 1565 »
2129 1515 2374 1571 litanum
2399 1515 2799 1588 episcopum...
2825 1531 2967 1586 quos
2996 1518 3125 1587 post
3142 1514 3526 1587 expletionem
3549 1530 3682 1569 con-

432 1605 556 1657 460.
592 1605 803 1657 Verum
842 1621 957 1675 quo
1006 1605 1115 1660 fuit
1164 1609 1427 1677 tempore
1474 1606 1781 1662 concilium
1833 1606 1975 1661 illud
2003 1673 2043 1677 Α
2075 1627 2104 1655 ››
2134 1604 2245 1659 cilii
2278 1621 2472 1659 secum
2519 1605 2765 1659 Romam
2797 1605 2976 1671 duxit,
3009 1607 3067 1659 et
3117 1603 3430 1658 consecrati
3485 1606 3619 1657 sunt
3648 1620 3682 1657 a

362 1692 757 1747 celebratum?
802 1673 944 1747 Cum
989 1711 1023 1748 a
1053 1673 1339 1767 tempore,
1372 1712 1484 1766 quo
1538 1697 1755 1750 factum
1795 1695 1853 1749 id
1883 1695 1972 1763 sit,
2002 1673 2052 1731 B
2074 1715 2103 1743 »
2134 1709 2352 1766 papa,»
2378 1693 2475 1765 qui
2494 1692 2800 1747 concilium
2830 1694 3029 1747 Roma
3049 1692 3340 1746 indixerat
3362 1708 3516 1745 anno
3544 1693 3680 1746 1080

361 1779 620 1835 definitio
680 1782 979 1853 temporis,
1027 1782 1119 1836 hic
1160 1800 1225 1837 ex
1270 1784 1436 1838 dictis
1468 1784 1805 1856 indagandi,
1860 1800 1973 1854 quo

358 1869 519 1939 Hugo
547 1872 911 1924 consecratus
953 1870 1129 1925 fuerit
1157 1872 1356 1927 Roma
1395 1872 1716 1943 episcopus,
1754 1876 1975 1927 utcum-

359 1974 468 2027 que
498 1957 840 2028 dependeat,
870 1959 1208 2030 conciliique
1240 1960 1848 2017 illiuscelebrationem
1876 1960 1970 2016 alii

358 2045 591 2115 quidem
631 2063 784 2100 anno
840 2050 996 2113 1078,
1040 2046 1133 2101 alii
1170 2065 1326 2117 vero,
1361 2049 1533 2121 idque
1584 2050 1969 2115 communius,

356 2150 509 2187 anno
536 2136 669 2188 1080
683 2134 1125 2205 afﬁgant;lubet
1142 2136 1248 2191 hac
1268 2137 1586 2205 occasione,
1619 2140 1682 2192 ut
1706 2137 1967 2205 tandem,

356 2238 469 2292 quo
483 2222 605 2275 haec
629 2239 780 2277 anno
800 2223 1238 2295 contigerit,pro
1253 2228 1408 2280 certo
1425 2226 1651 2293 sciatur,
1677 2226 1971 2297 operosius

354 2311 617 2365 nonnihil
640 2311 865 2365 inhunc
882 2311 1193 2383 inquirere.
1207 2314 1285 2367 Ac
1304 2313 1494 2384 primo
1528 2314 1762 2386 quidem
1780 2314 1969 2369 conci-

352 2398 495 2452 lium
524 2400 662 2453 illud
692 2416 846 2455 anno
881 2403 1013 2456 1078
1046 2401 1397 2457 celebratum
1426 2420 1544 2458 non
1576 2403 1768 2469 fuisse,
1791 2403 1971 2474 liquet

352 2502 418 2541 ex
439 2486 701 2557 epistola,
731 2504 886 2543 anno
920 2491 1077 2555 1079,
1105 2490 1603 2546 KalendisMartiis
1619 2492 1964 2563 conscripta,

353 2591 466 2646 qua
496 2576 800 2646 Gregorius
827 2577 912 2631 VII
944 2594 1095 2649 papa
1129 2579 1348 2633 clerum
1374 2583 1433 2634 et
1461 2581 1742 2650 populum
1775 2581 1966 2635 Arela-

352 2665 577 2718 tensem
599 2664 712 2734 (adi
746 2665 1036 2720 Labbeum
1058 2670 1202 2721 tom.
1230 2668 1270 2720 X
1305 2666 1691 2723 Conciliorum
1715 2667 1964 2738 col.213)

353 2751 659 2808 admonuit
695 2756 758 2808 ut
811 2753 1309 2826 archiepiscopum
1369 2756 1475 2810 sibi
1525 2756 1832 2828 eligerent.
1865 2756 1964 2828 qui

352 2840 412 2895 in
441 2841 849 2908 Avenionensi,
884 2842 943 2896 in
979 2844 1139 2913 cujus
1168 2844 1260 2898 hic
1287 2845 1570 2916 epocham
1595 2844 1963 2916 inquirimus,

2074 1781 2131 1836 in
2161 1780 2623 1853 quadragesima,
2666 1781 2827 1851 cujus
2856 1781 3047 1851 prima
3087 1778 3387 1835 Dominica
3410 1778 3680 1832 Kalendis
3706 1796 3711 1801 ”

2071 1869 2285 1926 Martiis
2336 1868 2615 1938 occurrit;
2666 1869 2755 1923 cui
2807 1870 3041 1940 quidem
3087 1868 3327 1923 concilio
3376 1867 3678 1939 Hugonem

2073 1959 2331 2028 legatum
2377 1960 2437 2011 ct
2470 1961 2889 2029 consequenter
2919 1958 3221 2028 Hugonem
3269 1960 3530 2011 nostrum
3585 1954 3683 2011 ad-

2073 2046 2264 2113 fuisse,
2298 2063 2363 2100 ex
2393 2046 2649 2116 Gregorii
2678 2046 2940 2117 Epistolis
2971 2045 3259 2101 discimus.

2142 2137 2266 2189 462.
2287 2157 2315 2185 (ί
2330 2135 2406 2188 Ex
2432 2134 2520 2188 his
2540 2135 2751 2189 iterum
2789 2137 2968 2206 patet,
3003 2134 3258 2206 Hugonis
3289 2133 3361 2188 ad
3393 2133 3681 2205 episcopa-

2070 2224 2198 2277 tum
2226 2221 2590 2289 electionem,
2640 2239 2814 2294 quam
2874 2222 3112 2278 Baronis
3163 2239 3199 2277 a
3245 2222 3679 2277 consecratione

2070 2327 2189 2365 non
2223 2309 2511 2376 discernit,
2546 2311 2689 2365 sicut
2723 2314 2779 2366 et
2826 2310 3028 2382 synodi
3077 2308 3492 2365 Avenionensis
3528 2310 3676 2364 cele-

2070 2397 2398 2453 brationem
2409 2398 2744 2454 referendas
2755 2416 2874 2453 esse
2888 2399 2959 2453 ad
2973 2399 3277 2469 prafatum
3291 2414 3508 2452 annum
3519 2399 3673 2466 1079;

2068 2486 2740 2541 consecrationem'vero
2795 2487 2868 2541 ad
2909 2490 3281 2558 sequentem;
3315 2486 3467 2557 quod
3498 2485 3676 2540 etiam

2069 2575 2325 2629 absolute
2352 2574 2777 2629 conﬁciendum
2817 2578 2991 2630 estex
3022 2575 3210 2630 verbis
3247 2574 3539 2645 Guigonis,
3573 2573 3674 2629 ad-

2069 2662 2292 2731 dendis,
2326 2681 2460 2719 eum
2493 2663 2677 2718 obisse
2706 2685 2729 2714 ε(
2744 2665 2911 2719 Anno
2937 2662 3380 2718 consecrationis
3393 2663 3466 2717 ad
3484 2662 3675 2718 minus

2072 2773 2100 2802 ‹‹
2132 2751 2612 2824 quinquagesimo
2632 2752 2951 2819 secundo,»
2976 2768 3147 2823 quem
3181 2751 3416 2822 exjuxta
3457 2767 3671 2822 suppu-

2065 2839 2308 2907 tatione,
2360 2840 2432 2895 ab
2482 2856 2635 2895 anno
2687 2843 2824 2896 1080
2871 2840 3137 2903 deducta,
3171 2839 3497 2895 invenimus
3546 2840 3674 2911 jam

353 2930 592 2985 concilio
643 2929 972 3001 designatus
1001 2931 1127 2999 fuit,
1180 2933 1260 2987 uti
1316 2950 1347 2987 e
1398 2933 1659 3003 proxime
1714 2934 1966 2989 recitatis
1994 2955 2041 3014 α
2068 2930 2359 3001 expletum
2407 2928 2579 2983 fuisse
2609 2945 2807 2983 mense
2837 2928 3034 2984 Martio
3087 2931 3243 2994 1132,
3277 2944 3411 3000 quo,
3443 2931 3507 2982 ut
3532 2927 3675 2983 dixi-

350 3019 1256 3090 HugonisFlaviniacensisverbis
1278 3021 1639 3093 intelligitur.
1658 3021 1821 3086 Quod
1836 3023 1961 3093 jam
2072 3032 2220 3084 mus,
2252 3016 2444 3088 prima
2467 3016 2673 3089 Aprilis
2693 3016 2994 3072 defunctus
3025 3020 3128 3071 est.
3163 3035 3196 3069 s
3230 3018 3314 3072 Ita
3343 3017 3456 3084 ille,
3492 3033 3523 3071 e
3551 3016 3678 3071 Vita

351 3108 425 3162 ad
451 3125 690 3174 annum,
747 3108 836 3162 cui
879 3108 973 3163 alii
1014 3109 1318 3164 concilium
1364 3109 1505 3165 illud
1535 3110 1782 3182 illigant,
1831 3114 1965 3166 1080

353 3195 625 3267 pertinet,
658 3199 936 3251 tractatus
957 3215 990 3251 a
1024 3194 1963 3269 Carthusianishujatibusmecum

353 3283 767 3339 communicati
787 3288 986 3339 auctor
1014 3286 1184 3354 hujus
1210 3286 1625 3341 lucubrationis
1649 3304 1763 3341 sua
1797 3304 1961 3341 num.

360 3375 423 3427 17
456 3372 527 3426 de
557 3372 709 3426 dicto
743 3372 983 3427 concilio
1015 3373 1370 3444 Hugoneque
1402 3373 1459 3428 in
1482 3375 1591 3429 hoc
1622 3376 1802 3429 electo
1833 3375 1966 3431 Gra-

355 3459 773 3531 tianopolitano
805 3460 1167 3531 episcopoita
1182 3461 1379 3515 scribit
1403 3479 1415 3516 :
1449 3485 1475 3512 ‹‹
1498 3463 1808 3517 Prafatum
1827 3465 1969 3518 Ave-

358 3547 636 3602 nionense
668 3548 981 3604 concilium
1012 3552 1069 3603 et
1109 3550 1362 3620 Hugonis
1399 3551 1601 3606 electio
1657 3550 1718 3605 in
1747 3569 1966 3608 annum

362 3638 498 3692 1080
530 3654 563 3691 a
590 3637 835 3693 Baronio
867 3641 925 3692 et
955 3638 1079 3692 aliis
1121 3638 1489 3709 rejiciuntur;
1526 3640 1625 3694 sed
1656 3641 1728 3695 ad
1760 3658 1969 3713 prace-

357 3726 593 3781 dentem
618 3742 737 3780 esse
769 3727 1111 3794 revocanda,
1141 3727 1304 3782 facile
1337 3731 1421 3782 est
1459 3728 1723 3800 probatu.
1761 3729 1969 3785 Scribit

358 3815 514 3869 enim
549 3815 627 3885 (in
657 3816 785 3869 Vita
807 3816 1022 3871 scilicet
1055 3814 1111 3870 8.
1148 3817 1402 3888 Hugonis
1430 3818 1963 3888 Gratianopolitani)

358 3907 557 3958 noster
585 3903 785 3975 Guigo,
813 3905 972 3975 cujus
1000 3905 1176 3959 etiam
1203 3904 1544 3960 auctoritate
1575 3922 1708 3960 usus
1737 3910 1823 3960 est
1860 3907 1963 3960 Ba-

358 3993 574 4057 ronius,
602 3992 661 4045 8.
690 3994 994 4063 Hugonem
1024 4009 1054 4046 e
1080 3993 1195 4046 vita
1225 3992 1528 4047 decessisse
1553 3994 1742 4064 prima
1758 3994 1966 4064 Aprilis

360 4097 513 4135 anno
540 4083 694 4147 1132,
727 4080 909 4134 atatis
934 4096 1047 4133 sua
1073 4080 1145 4133 ad
1177 4080 1367 4135 minus
1395 4082 1748 4153 octogesimo
1767 4100 1966 4139 mense

362 4171 589 4241 quarto,
621 4167 678 4222 id
698 4172 801 4236 est,
833 4168 1257 4242 septuagesimo
1281 4186 1437 4225 nono
1465 4173 1523 4224 et
1542 4174 1788 4243 quatuor
1799 4188 1964 4227 men-

320 4289 328 4297 ~
360 4257 533 4312 sibus.

407 4348 503 4402 461
519 4387 530 4399 .
544 4347 735 4401 «Unde
748 4345 1394 4418 rectecolligimus,eum
1411 4352 1613 4404 natum
1626 4349 1797 4405 fuisse
1811 4368 1965 4408 anno

366 4437 503 4490 1052
545 4435 694 4489 circa
727 4436 1125 4503 novembrem,
1161 4454 1224 4491 ac
1250 4437 1462 4510 poinde
1495 4440 1700 4494 eodem
1736 4443 1964 4498 tantum

363 4540 560 4578 mense
576 4523 854 4578 anni1079
866 4523 1207 4596 vigesimum
1222 4525 1534 4597 septimum
1550 4527 1734 4583 atatis
1745 4545 1964 4585 annum

362 4613 689 4683 explevisse;
709 4628 839 4667 cum
851 4628 985 4667 vero
1006 4613 1077 4667 ab
1093 4614 1299 4668 eodem
1314 4617 1546 4670 auctore
1561 4614 1783 4671 dicatur
1792 4617 1964 4674 fuisse

363 4717 651 4755 annorum
684 4701 805 4755 fere
843 4700 1046 4773 viginti
1076 4706 1318 4773 septem,
1348 4703 1580 4775 quando
1612 4719 1646 4759 a
1670 4705 1965 4762 Gratiano-

360 4790 618 4862 politano
632 4789 784 4844 clero
814 4788 874 4843 in
893 4792 1185 4860 pastorem
1201 4791 1519 4861 postulatus
1534 4794 1620 4846 est
1633 4791 1695 4846 in
1723 4794 1967 4851 Avenio—

362 4877 527 4934 nensi
564 4878 834 4934 consilio:
875 4878 1010 4933 hinc
1048 4878 1274 4934 videtur
1311 4880 1631 4935 necessario
1661 4882 1967 4939 conficien-

362 4967 523 5034 dum,
552 4966 705 5022 istud
725 4966 1032 5022 concilium
1044 4967 1249 5022 eodem
1265 4985 1417 5023 anno
1434 4971 1567 5023 ante
1583 4969 1965 5026 Novembrem

360 5058 623 5110 coactum
653 5055 854 5125 fuisse;
888 5055 1043 5129 quod
1098 5055 1274 5111 etiam
1325 5073 1393 5110 ex
1436 5056 1692 5127 Gregorii
1718 5058 1809 5111 VII
1841 5060 1963 5131 epi-

360 5145 526 5212 stola,
560 5144 822 5199 Laterani
871 5146 1076 5216 quarto
1120 5146 1245 5212 Kal,
1276 5143 1467 5211 Iulias,
1524 5143 1836 5200 indictione
1875 5164 1963 5202 se-

358 5233 546 5288 cunda
572 5233 706 5288 data
740 5233 1025 5306 conjicere
1056 5233 1208 5302 licet,
1239 5250 1352 5306 qua
1399 5249 1660 5288 summus
1703 5236 1964 5304 pontifex

284 5373 291 5380 .
358 5321 670 5394 quemdam
702 5322 985 5378 Bosonem
1017 5323 1313 5389 admonet,
1343 5320 1498 5395 quod
1546 5320 1590 5375 si
1629 5321 1843 5394 aliquid
1863 5325 1961 5397 ju-

356 5410 524 5464 stitia
556 5410 614 5464 in
648 5411 886 5466 ecclesia
923 5411 1015 5481 (de
1041 5428 1155 5484 qua
1192 5410 1406 5466 scilicet
1437 5409 1734 5482 agebatur)
1777 5428 1836 5467 se
1857 5413 1959 5468 ha-

353 5496 492 5557 bere
522 5498 779 5568 conﬁdit,
811 5504 946 5557 ante
980 5500 1258 5571 legatum,
1294 5498 1559 5556 Diensem
1594 5498 1950 5573 episcopum,

2066 3105 2715 3177 pracipueS.Hugonis,
2739 3104 3253 3175 Gratianopolitani
3273 3104 3547 3176 episcopi,
3572 3121 3678 3176 per

2066 3194 2411 3265 Guigonem,
2459 3194 2800 3264 scriptorem
2822 3194 3109 3265 aqualem
3140 3192 3373 3265 fideque
3405 3192 3671 3265 dignissi-

2066 3297 2251 3349 mum,
2286 3280 2496 3335 litteris
2531 3282 2829 3348 mandata,
2860 3281 3235 3348 contendens,
3268 3284 3326 3335 et
3363 3280 3677 3337 concilium

2064 3370 2461 3426 Avenionense
2488 3387 2642 3425 anno
2676 3373 2812 3426 1079
2829 3370 3183 3425 celebratum
3203 3370 3400 3439 fuisse,
3417 3374 3474 3426 et
3489 3370 3546 3426 8.
3571 3371 3683 3426 Hu-

2066 3476 2300 3531 gonem,
2327 3459 2422 3532 qui
2449 3459 2504 3514 in
2530 3460 2639 3515 hoc
2662 3459 2773 3514 fuit
2804 3459 3348 3531 Gratianopolitanis
3366 3456 3683 3531 postulatus

2068 3547 2346 3620 datusque
2381 3548 2441 3603 in
2491 3548 2850 3620 episcopum,
2907 3565 3062 3603 anno
3117 3547 3257 3603 1080
3304 3549 3502 3604 Roma
3542 3564 3680 3605 con-

2068 3640 2354 3691 secratum
2395 3635 2587 3691 fuisse.
2643 3637 2711 3690 Et
2757 3653 2894 3691 sane
2941 3636 3250 3691 concilium
3302 3636 3446 3691 illud
3500 3653 3677 3704 anno,

2067 3742 2243 3797 quem
2275 3724 2546 3796 assignat,
2581 3725 2935 3779 celebratum
2958 3725 3151 3792 fuisse,
3184 3727 3473 3797 spectatis,
3501 3743 3534 3781 e
3562 3726 3683 3799 qui-

2064 3814 2170 3868 bus
2200 3813 2257 3868 id
2286 3815 2593 3885 probatum
2630 3815 2769 3869 dare
2804 3814 3023 3882 nititur,
3059 3814 3315 3886 prafata
3333 3813 3391 3869 8.
3426 3815 3682 3886 Hugonis

2065 3901 2205 3956 Vita
2261 3902 2467 3967 verbis,
2536 3901 2925 3957 indubitatum
2981 3906 3241 3975 apparet.
3304 3903 3555 3972 Etenim,
3615 3907 3680 3959 ut

2065 3990 2244 4062 Guigo
2275 3990 2375 4057 ait,
2402 3990 2457 4045 S.
2493 3991 2656 4062 Hugo
2687 4012 2715 4040 «
2744 3990 2887 4046 obiit
2916 4009 3138 4047 anno...
3175 3993 3246 4047 ab
3277 3992 3677 4048 lncarnatione

2066 4079 2300 4136 Domini
2338 4079 2648 4135 millesimo
2703 4081 3020 4137 centesimo
3060 4080 3357 4153 trigesimo
3401 4082 3674 4151 secundo,

2066 4168 2320 4224 atatis...
2336 4186 2452 4224 sua
2470 4169 2542 4224 ad
2563 4168 2756 4224 minus
2773 4168 3151 4241 octogesimo,
3168 4186 3368 4226 mense
3398 4175 3673 4243 quarto...

1991 4242 2044 4300 D
2064 4257 2338 4313 Kalendis
2366 4256 2574 4330 Aprilis
2595 4275 2609 4327 ;
2630 4278 2658 4306 »
2689 4257 2846 4330 quod
2874 4257 3116 4330 perinde
3140 4261 3245 4327 est,
3273 4275 3339 4314 ac
3362 4242 3675 4330 siidiceret,

2066 4348 2228 4419 Hugo
2286 4346 2428 4401 obiit
2455 4363 2609 4402 anno
2636 4349 2792 4413 1132,
2824 4348 2910 4401 vel
2941 4364 3072 4401 cum
3096 4348 3222 4418 jam
3253 4349 3677 4421 octogesimum

2065 4436 2249 4492 atatis
2293 4452 2409 4491 sua
2442 4451 2664 4490 annum
2697 4438 2914 4506 ageret,
2965 4435 3053 4490 vel
3078 4436 3257 4491 etiam
3286 4454 3417 4493 cum
3442 4442 3677 4512 octoge-

2064 4525 2229 4581 nario
2276 4527 2425 4580 esset
2468 4523 2699 4595 major;
2749 4540 2951 4578 verum
2989 4523 3034 4579 si
3072 4527 3443 4597 octogenario
3483 4529 3677 4600 major

2065 4614 2227 4681 obiit,
2260 4618 2618 4685 consequens
2661 4615 2765 4679 est,
2819 4614 2882 4667 ut
2919 4615 3055 4668 ante
3084 4629 3304 4669 annum
3340 4618 3477 4673 1052
3508 4621 3677 4673 natus

2063 4704 2155 4772 sit,
2193 4720 2259 4759 ac
2292 4702 2482 4776 proin,
2509 4704 2574 4757 ut
2599 4700 2910 4757 concilium
2929 4702 3352 4773 Avenionense,
3380 4704 3492 4774 cui,
3524 4709 3670 4762 teste

2064 4793 2343 4865 Guigone,
2378 4789 2542 4846 annis
2578 4790 2763 4845 ferme
2809 4789 3013 4862 viginti
3041 4794 3264 4863 septem
3296 4797 3467 4850 natus
3492 4794 3673 4851 inter-

2064 4881 2191 4949 fuit,
2226 4883 2362 4937 ante
2416 4896 2636 4935 annum
2672 4881 2808 4935 1079
2860 4880 3214 4936 celebratum
3262 4882 3437 4939 fuerit
3468 4902 3483 4951 ;
3519 4885 3675 4956 quod

2066 4986 2198 5025 cum
2230 4986 2299 5024 ex
2327 4967 2492 5023 dictis
2523 4966 2753 5023 admitti
2774 4984 2893 5023 non
2923 4968 3124 5039 possit,
3153 4986 3307 5025 anno
3340 4971 3527 5028 atatis
3555 4989 3672 5029 sua

2065 5057 2441 5129 octogesimo,
2475 5072 2675 5111 mense
2690 5059 2897 5127 quarto
2929 5057 3138 5113 obiisse
3161 5061 3248 5113 est
3279 5058 3573 5129 dicendus,
3605 5078 3672 5118 ac

2064 5145 2231 5221 proin
2259 5144 2568 5201 concilium
2598 5144 3016 5213 Avenionense,
3058 5146 3147 5202 cui
3180 5164 3247 5202 ex
3285 5147 3447 5205 dictis
3470 5148 3676 5222 viginti

2064 5238 2286 5308 septem
2339 5234 2524 5289 ferme
2579 5233 2744 5288 annis
2790 5238 2960 5291 natus
2997 5234 3277 5305 interfuit,
3329 5253 3485 5294 anno
3537 5240 3674 5295 1079

2061 5323 2232 5380 fuisse
2262 5321 2612 5378 celebratum
2624 5363 2637 5377 .

2131 5415 2256 5479 463,
2286 5412 2499 5467 Verum
2530 5411 2692 5485 Hugo
2725 5411 3186 5481 Flaviniacensis,
3228 5417 3432 5471 auctor
3452 5417 3673 5489 pariter

2059 5502 2314 5578 aqualis,
2360 5502 2579 5559 calculo
2605 5502 2738 5559 huic
2765 5520 2872 5576 per
2897 5503 3093 5573 verba,
3124 5502 3386 5574 proxime
3417 5506 3675 5563 recitatis
