4224 6058
218 262 315 314 281

1796 248 1975 309 ACTA
3024 266 3047 295 κ

3433 256 3537 311 282

220 379 497 447 auctoris,
523 381 619 452 qui
646 382 976 436 Tractatum
1011 382 1082 435 de
1112 381 1169 435 S.
1218 382 1487 435 Brunone
1527 398 1561 433 a
1591 380 1831 434 Carthu-
1859 382 1913 438 Α
1938 396 2101 450 psum
2135 397 2168 433 a
2200 380 2468 434 Kalendis
2491 380 2699 435 Martiis
2721 381 2855 434 anni
2890 384 3025 434 1079
3057 398 3232 452 usque
3282 382 3353 435 ad
3403 383 3539 438 anni

212 469 395 524 sianis
429 469 721 540 hujatibus
741 486 969 524 mecum
998 469 1493 524 communicatum
1523 467 1831 534 contexuit,

215 556 413 611 verbis
426 557 1216 627 inclusa,adversarividetur.
1231 559 1359 613 Haec
1376 557 1533 614 enim
1553 557 1647 611 ille
1661 556 1835 611 Chro-

215 646 333 701 nici
364 646 737 702 Virdunensis
758 647 1004 718 scriptor
1017 664 1111 703 sex
1141 648 1651 717 diversorum,quae
1669 647 1831 715 Hugo

212 735 462 803 Diensis,
494 735 644 791 sedis
674 735 1000 807 apostolicae
1031 737 1273 808 legatus,
1308 736 1365 790 in
1397 736 1564 790 Galiis
1586 736 1835 789 celebra-

209 827 324 891 rat,
352 825 737 881 conciliorum
759 823 1083 880 recensioni
1108 825 1367 896 proxime
1388 824 1704 895 subjungit,
1733 823 1834 877 sic-

210 931 325 985 que
342 914 747 968 Avenionense
776 930 870 968 sex
901 913 1075 980 hisce,
1104 931 1350 985 quorum
1391 918 1589 968 tamen
1620 928 1826 979 unum,

210 1001 993 1074 Lugdunensenempe,ante
1017 1019 1236 1056 annum
1271 1004 1407 1057 1080
1439 1020 1504 1056 ex
1527 999 1827 1055 communi

210 1091 580 1146 eruditorum
615 1090 879 1145 omnium
912 1091 1183 1161 opinione
1210 1092 1564 1145 celebratum
1586 1106 1703 1144 non
1722 1088 1829 1144 fuit

211 1179 496 1234 exstitisse
544 1179 846 1250 posterius,
879 1196 945 1234 ac
974 1179 1139 1252 proin
1174 1180 1349 1234 etiam
1381 1182 1514 1233 ante
1547 1179 1827 1233 eumdem

212 1286 436 1324 annum
472 1270 610 1323 1080
640 1269 995 1323 celebratum
1031 1285 1147 1323 non
1179 1267 1369 1335 fuisse,
1392 1262 1649 1322 indicare
1668 1267 1825 1321 vide-

210 1361 323 1411 tur.
352 1359 440 1411 Ita
468 1360 670 1411 contra
696 1358 996 1423 calculum,
1022 1374 1134 1429 quo
1156 1357 1379 1412 concilii
1412 1356 1828 1411 Avenionensis

212 1446 529 1500 celebratio
556 1461 687 1500 cum
715 1462 869 1501 anno
902 1449 1038 1501 1079
1081 1445 1468 1517 componitur,
1497 1448 1686 1515 potest
1743 1462 1829 1499 ar-

211 1533 554 1602 gui.Verum
600 1550 733 1589 cum
753 1535 914 1605 Hugo
949 1533 1387 1589 Flaviniacensis
1421 1534 1547 1605 (Adi
1566 1532 1827 1587 Historiae

208 1621 511 1676 litterariae
544 1622 794 1677 Francia:
836 1623 1141 1692 scriptores
1188 1626 1331 1677 tom.
1384 1623 1446 1683 X.
1477 1637 1613 1693 pag.
1674 1624 1742 1677 79
1773 1624 1831 1677 et

1934 468 2195 540 proxime
2250 468 2540 540 sequentis
2573 468 2824 536 initium,
2870 468 3341 541 Mabilloniusque
3380 486 3534 526 anno

1937 560 2093 623 1080,
2118 557 2207 611 cui
2237 556 2372 612 illud
2400 557 2707 612 concilium
2734 560 2859 613 loco
2893 558 3153 630 proxime
3171 558 3538 630 cit.primum

1932 646 2183 719 lligarat,
2240 663 2459 701 annum
2515 649 2650 701 1079
2681 647 3162 715 substituendum,
3191 647 3252 701 in
3302 646 3537 701 Annali-

1929 737 2057 792 ibus
2085 737 2183 791 lib.
2218 738 2306 801 66,
2360 752 2520 789 num.
2556 737 2622 789 34
2672 753 2789 791 non
2835 737 3074 791 obscure
3106 735 3315 791 innuit.
3360 737 3538 791 Porro

1932 843 2035 900 pro
2068 842 2220 880 anno
2265 826 2421 889 1079,
2480 824 2569 879 cui
2598 826 2892 879 Tractatus
2929 826 2998 881 de
3053 825 3110 880 S.
3161 826 3450 892 Brunone,
3508 841 3541 879 a

1931 913 2331 971 Carthusianis
2351 913 2645 983 hujatibus
2684 930 2915 968 mecum
2962 913 3395 980 communicati,
3439 930 3539 967 au-

1928 1007 2053 1059 ctor
2081 1006 2592 1075 prmmemoratum
2615 1002 3012 1058 Avenionense
3042 1003 3349 1058 concilium
3377 1002 3540 1057 inne-

1928 1093 2046 1157 ctit,
2082 1096 2392 1164 utcumque
2423 1092 2596 1147 etiam
2630 1092 2841 1147 militat
2900 1092 3159 1164 epistola,
3218 1109 3390 1163 quam
3444 1091 3538 1147 hic

1925 1181 2112 1236 verbis
2169 1197 2340 1250 supra
2386 1180 2638 1235 recitatis
2686 1180 2900 1243 laudat,
2945 1182 3015 1234 ab
3050 1181 3255 1235 eodem
3306 1196 3535 1234 summo

1927 1269 2200 1342 pontifice
2237 1268 2307 1323 ad
2345 1270 2630 1323 Bosonem
2680 1270 2992 1340 quemdam
3019 1273 3223 1340 quarto
3252 1268 3538 1323 Kalendas

1924 1358 2099 1413 Julias
2129 1375 2283 1412 anno
2318 1359 2452 1410 1079
2484 1357 2829 1428 conscripta.
2864 1360 2923 1411 In
2952 1359 3059 1412 hac
3090 1358 3245 1413 enim
3280 1356 3540 1429 pontifex

1928 1445 2154 1501 concilii
2186 1446 2257 1499 ab
2288 1445 2529 1515 Hugone
2562 1445 2774 1511 Diensi,
2802 1447 2993 1517 legato
3025 1463 3147 1513 suo,
3172 1444 3437 1519 proxime
3454 1460 3540 1498 ce-
3587 1439 3600 1456 '

1927 1534 2188 1589 lebrandi
2222 1533 2509 1600 meminit;
2554 1533 2633 1588 ita
2685 1537 2899 1600 autem,
2956 1535 3109 1606 quod
3142 1534 3385 1606 proinde
3414 1533 3537 1605 ipso
3572 1552 3579 1561 ι

1929 1639 2083 1678 anno
2135 1625 2269 1678 1079
2323 1623 2675 1678 celebratum
2722 1623 2913 1691 fuerit,
2958 1623 3266 1678 concilium
3298 1621 3542 1677 Avenio-

207 1710 396 1782 seqq.)
450 1711 508 1765 in
554 1711 719 1766 factis
748 1713 870 1766 tam
900 1710 1214 1778 undecimi,
1258 1728 1372 1782 quo
1405 1711 1620 1776 ﬂoruit,
1651 1725 1826 1781 quam
1858 1696 1908 1755 Β
1929 1728 2106 1767 nense
2131 1711 2344 1767 idcirco
2377 1711 2679 1783 designare
2695 1711 2941 1777 videtur,
2966 1712 3120 1783 quod
3147 1712 3259 1766 duo
3276 1709 3538 1782 proxime

207 1798 573 1853 anteriorum
614 1800 957 1854 saeculorum
1003 1798 1370 1853 recensendis
1396 1798 1661 1853 ordinem
1708 1815 1826 1853 non

206 1904 465 1959 semper,
523 1904 637 1960 quo
689 1904 932 1960 quaeque
964 1889 1124 1958 gesta
1177 1890 1331 1954 sunt,
1383 1887 1668 1953 observet,
1702 1886 1827 1942 ﬁeri

208 1979 399 2047 potest
417 1980 481 2031 ut
509 1977 663 2031 hunc
686 1977 869 2049 necin
889 1976 1297 2043 Avenionensi,
1328 1993 1535 2047 sexque
1553 1977 1676 2031 aliis
1694 1993 1829 2032 con-

206 2063 350 2118 ciliis
381 2062 922 2135 quazAvenionense
954 2064 1168 2119 fuerint
1195 2081 1532 2137 praegressa,
1562 2064 1826 2119 recendis

207 2152 546 2207 observarit.
583 2153 697 2207 Nec
718 2155 824 2219 est,
858 2153 1012 2225 quod
1045 2169 1313 2225 reponas,
1336 2170 1369 2207 a
1393 2153 1670 2225 scriptore
1700 2154 1821 2223 illo,

205 2247 521 2313 postquam
539 2241 610 2296 dc
625 2258 721 2296 sex
742 2240 864 2295 aliis
881 2241 1135 2297 conciliis
1155 2257 1489 2296 sermonem
1522 2241 1824 2309 fecit,Ave-

203 2329 489 2384 nionense
538 2331 826 2401 septimum
858 2330 1066 2384 diserte
1096 2329 1285 2385 vocari
1316 2347 1331 2398 ;
1381 2329 1504 2384 fieri
1528 2329 1686 2384 enim
1718 2347 1821 2403 po-

204 2419 336 2484 test,
397 2420 462 2471 ut
497 2417 601 2485 ita,
631 2434 749 2473 non
779 2418 1070 2484 ordinem,
1101 2434 1214 2489 quo
1242 2421 1380 2472 tunc
1410 2418 1539 2484 hoc,
1570 2421 1696 2473 tum
1727 2435 1823 2472 sex

204 2505 317 2560 alia
348 2507 643 2561 celebrata
668 2506 933 2574 fuissent,
969 2506 1069 2561 sed
1088 2506 1250 2561 illum
1280 2505 1647 2578 unice,quem
1670 2506 1821 2577 ipse-

204 2597 326 2648 met
368 2595 430 2649 in
482 2594 549 2649 iis
588 2594 1119 2651 commemorandis
1173 2597 1375 2661 servat,
1413 2593 1701 2665 spectarit.
1736 2596 1824 2650 Ad

202 2684 329 2738 haec
354 2683 522 2755 Hugo
554 2682 996 2739 Flaviniacensis
1022 2681 1148 2755 (Adi
1178 2681 1387 2737 iterum
1447 2682 1705 2737 Historiae
1730 2682 1823 2737 lit-

202 2770 438 2827 terariae
470 2771 725 2827 Francia:
780 2771 1088 2843 scriptores
1133 2775 1276 2827 tom.
1325 2770 1585 2843 proxime
1620 2770 1737 2826 cit.l
1763 2771 1823 2827 in

203 2860 516 2915 narrandis
558 2861 737 2915 etiam
767 2859 854 2928 iis,
892 2877 1018 2931 qum
1048 2862 1217 2914 astate
1255 2877 1357 2915 sua
1383 2863 1544 2931 gesta
1566 2863 1824 2929 sunt,su-

1932 1803 2060 1874 post
2091 1800 2376 1855 Kalendas
2412 1800 2586 1854 Julias
2616 1800 2753 1853 anni
2809 1802 2944 1854 1079
2976 1800 3266 1854 celebrata
3294 1797 3541 1853 concilia

1926 1889 2043 1944 sint
2103 1887 2499 1943 Avenionense
2550 1890 2607 1942 et
2636 1887 3016 1958 Lugdunense
3047 1888 3270 1958 hocque
3296 1885 3536 1959 'postre-

1926 1994 2091 2032 mum
2117 1980 2250 2031 ante
2278 1993 2495 2031 annum
2532 1977 2669 2031 1080
2689 1980 2843 2032 certe
2873 1977 3064 2031 locum
3099 1993 3217 2031 non
3246 1973 3534 2029 habuerit.

1994 2064 2717 2136 465.Consideratisitaque
2736 2063 3539 2131 omnibus,dubitandumnon

1924 2152 2164 2226 apparet
2177 2155 2314 2227 quin
2336 2153 2732 2209 Avenionense
2753 2152 3143 2220 concilium,in
3168 2169 3281 2224 quo
3295 2151 3352 2207 S.
3376 2152 3538 2221 Hugo

1923 2242 2467 2315 Gratianopolitanis
2490 2244 2805 2315 postulatus
2823 2242 3102 2313 datusque
3120 2240 3537 2312 fuitepiscopus

1923 2350 2077 2388 anno
2103 2335 2237 2388 1079
2258 2331 2431 2387 fuerit
2456 2330 3009 2402 celebratum,idque
3031 2333 3163 2385 ante
3183 2329 3353 2399 hujus
3369 2344 3533 2382 men-

1921 2439 2044 2478 sem
2075 2421 2480 2485 Novembrem,
2512 2419 2593 2474 uti
2626 2418 2802 2474 etiam
2835 2436 2902 2473 ex
2933 2417 3192 2489 Guigone
3222 2432 3395 2488 supra
3430 2414 3533 2469 do-

1924 2511 2014 2566 Cet
2040 2510 2303 2565 laudatus
2324 2509 2618 2563 Tractatus
2639 2508 2708 2562 de
2740 2508 2797 2563 S.
2830 2508 3119 2574 Brunone,
3151 2524 3184 2561 a
3216 2504 3538 2561 Carthusia-

1924 2599 2012 2653 nis
2026 2597 2316 2669 hujatibus
2336 2613 2563 2652 mecum
2590 2595 3023 2663 communicati,
3049 2598 3267 2661 auctor,
3292 2594 3425 2649 licet
3450 2591 3537 2646 in-

1923 2686 2118 2753 terim,
2148 2702 2321 2758 quam
2350 2685 2592 2741 concilio
2614 2684 2704 2739 isti
2724 2684 3336 2755 praestituit,epocham
3371 2679 3539 2736 mini-

1926 2792 2019 2831 me
2033 2775 2531 2846 confirment,quae
2545 2773 2762 2827 ibidem
2780 2773 2953 2828 etiam
2971 2772 3131 2828 addit
3146 2769 3538 2842 deS.Hugonis

1926 2880 2099 2937 gone,
2160 2863 2309 2918 sedis
2354 2861 2682 2934 apostolicae
2720 2863 2935 2932 legato,
2976 2860 3204 2927 itinere,
3232 2863 3361 2933 post
3391 2860 3535 2914 Ave-

199 2950 380 3005 binde
411 2952 471 3004 et
501 2965 536 3004 a
587 2965 723 3004 vera
754 2949 1134 3019 chronologia
1165 2951 1223 3003 et
1253 2965 1287 3003 a
1309 2948 1561 3004 veritate
1594 2949 1825 3005 histori-
1850 2980 1897 3041 α
1928 2953 2207 3008 nionense
2239 2951 2547 3005 concilium
2595 2951 2839 3006 Romam
2872 2967 3067 3004 versus
3093 2953 3381 3021 suscepto,
3414 2948 3535 3020 eju-

199 3056 266 3094 ca
293 3040 550 3105 aberrat,
572 3038 799 3110 hocque
832 3054 994 3093 naevo
1027 3037 1294 3092 laborare
1363 3037 1544 3108 Guigo
1577 3055 1696 3093 non
1727 3039 1826 3094 de-

200 3127 677 3201 prehenditur,ut
708 3124 1084 3198 proinde,etsi
1120 3125 1299 3181 etiam
1327 3127 1399 3181 ab
1429 3128 1668 3198 Hugone
1686 3128 1826 3184 Ave-

200 3217 508 3283 nioncnse,
542 3216 602 3270 in
626 3216 785 3287 cujus
818 3214 911 3269 hic
932 3216 1215 3287 epocham
1246 3215 1611 3287 inquirimus,
1635 3217 1827 3272 conci-

200 3306 346 3361 lium
370 3320 529 3359 anno
563 3306 700 3359 1080
735 3303 964 3358 disertis
989 3303 1177 3358 verbis
1208 3304 1564 3374 afﬁgeretur,
1594 3307 1829 3361 creden-

201 3394 344 3448 dum
367 3396 570 3447 tamen
584 3392 777 3463 potius
797 3391 984 3446 adhuc
1000 3391 1535 3457 foret,celebratum
1554 3392 1611 3447 id
1632 3393 1825 3462 fuisse,

202 3497 325 3537 non
369 3484 512 3535 tunc
543 3479 823 3552 primum,
858 3479 959 3534 sed
1002 3496 1158 3533 anno
1190 3479 1454 3550 proxime
1486 3497 1825 3552 praegresso,

203 3570 266 3626 id
292 3572 401 3636 est,
430 3585 585 3624 anno
642 3570 799 3636 1079,
848 3567 929 3622 uti
970 3583 1001 3621 e
1050 3568 1429 3639 suppeditatis
1486 3586 1519 3623 a
1570 3569 1828 3641 Gnigone

204 3656 637 3713 cbaracteribus
669 3655 953 3711 chronicis
983 3672 1017 3711 a
1035 3656 1353 3723 Tractatus,
1381 3674 1550 3729 quem
1586 3658 1825 3714 Carthu-

205 3747 356 3802 siani
386 3746 614 3817 hujates
637 3760 871 3800 mecum
897 3743 1420 3814 communicavere,
1445 3749 1676 3802 auctore
1693 3763 1829 3803 ano-

208 3851 394 3908 nymo
422 3834 611 3889 verbis
638 3850 812 3905 supra
832 3833 1087 3888 recitatis
1119 3832 1361 3888 eruitur.

282 3926 414 3980 464.
432 3924 659 3996 Necque
674 3923 769 3977 hic
787 3939 919 3977 cum
936 3920 1263 3978 Mabillonio
1283 3922 1630 3979 Preefatione
1643 3924 1701 3979 in
1728 3924 1826 3980 Se-

209 4013 390 4070 culiv1
412 4010 765 4067 Benedictini
778 4013 943 4083 parte
968 4027 1028 4076 n,
1055 4026 1219 4065 num.
1248 4012 1314 4065 86
1331 4027 1436 4082 pro
1455 4012 1695 4083 Hugone
1712 4013 1832 4068 Fla-

207 4100 548 4167 viniacensi,
582 4116 679 4155 seu
698 4099 886 4173 potius
899 4114 1006 4171 pro
1017 4101 1424 4171 tempore,quo
1443 4117 1509 4154 ex
1524 4101 1634 4155 hoc
1654 4102 1828 4174 scrip-

208 4188 673 4257 tore,concilium
689 4186 1088 4242 Avenionense
1106 4187 1522 4255 celebratum,a
1540 4191 1833 4247 nonnullis

1926 3041 2203 3112 sdemque
2235 3038 2453 3094 ibidem
2480 3043 2606 3093 tum
2654 3038 3020 3093 ordinatione
3051 3037 3380 3110 episcopali,
3410 3039 3536 3091 tum

1928 3128 2233 3204 prmsentia
2259 3127 2319 3182 in
2351 3127 2615 3193 concilio,
2648 3143 2802 3181 anno
2830 3128 2965 3181 1080
2996 3125 3055 3180 in
3086 3124 3539 3197 Quadragesima‘

1931 3219 2242 3274 celebrato.
2274 3216 2501 3271 Etenim
2558 3216 2721 3286 Hugo
2760 3216 3003 3286 legatus,
3038 3231 3156 3269 non
3191 3230 3343 3269 anno
3375 3213 3535 3279 1079,

1931 3308 2031 3363 sed
2081 3305 2341 3379 sequenti
2381 3308 2609 3360 tantum
2640 3305 2909 3371 Romam,
2956 3306 3019 3357 ut
3049 3302 3291 3359 concilio
3319 3302 3538 3357 ibidem

1929 3395 2274 3451 celebrando
2306 3394 2831 3466 przesens‘adesset,
2865 3392 3160 3465 profectus
3181 3395 3285 3447 est.
3333 3390 3538 3462 Liquet

1927 3485 1987 3541 id
2025 3502 2091 3539 ex
2122 3483 2363 3538 concilio
2410 3481 2799 3554 Lugdunensi,
2832 3481 3009 3553 quod,
3043 3485 3356 3554 antequam
3376 3479 3435 3535 id
3450 3478 3536 3533 fa-

1928 3576 2103 3641 ceret,
2156 3571 2483 3639 celebravit,
2528 3570 2819 3644 quodquc'
2849 3572 3156 3643 postquam
3203 3586 3354 3625 anno
3398 3567 3543 3624 1080

1929 3662 2043 3735 (adi
2077 3679 2204 3735 quae
2233 3678 2393 3716 num.
2432 3662 2531 3715 147
2563 3660 2717 3715 dicta
2741 3662 2894 3726 sunt)
2942 3661 3074 3731 post
3121 3657 3353 3714 tertiam
3404 3656 3536 3711 Jan-

1928 3750 2116 3807 nuarii
2147 3750 2301 3805 diem
2333 3749 2671 3815 celebraret,
2704 3749 2995 3802 celebrare
3026 3746 3181 3801 aliud
3209 3743 3532 3811 Avenione,

1930 3844 2241 3911 antequam
2289 3839 2535 3893 Romam
2587 3852 2647 3891 se
2690 3836 3000 3901 conferret,
3029 3833 3324 3906 potuisset.
3369 3830 3534 3897 Quod

1929 3928 2105 3985 modo
2147 3927 2220 3982 ad
2249 3925 2306 3981 S.
2357 3924 2612 3998 Hugonis
2658 3923 3087 3979 ordinationem
3120 3920 3530 3995 episcopalem,

1930 4015 2413 4089 praesentiamque
2439 4014 2498 4068 in
2529 4012 2789 4078 concilio,
2815 4012 3013 4067 Romae
3042 4008 3534 4082 celebrato,perti-

1930 4088 2051 4174 net,
2083 4105 2192 4160 fuit
2218 4105 2346 4170 hoc,
2379 4101 2627 4175 ipsomet
2654 4100 2886 4155 laudato
2911 4100 3205 4155 Tractatus
3233 4100 3303 4154 de
3326 4099 3381 4155 S.
3403 4100 3539 4154 Bru-
3648 4088 3662 4104 ’

1932 4211 2106 4262 none,
2141 4210 2175 4248 a
2205 4189 2594 4248 Carthusianis
2631 4188 2923 4260 hujatibus
2948 4204 3177 4243 mecum
3207 4187 3532 4243 communi-

209 4276 586 4351 colligitur,in
604 4275 869 4331 medium
891 4274 1142 4330 adducas
1160 4274 1831 4350 epistolam,aGregorio
1852 4272 1905 4332 D
1932 4283 2064 4350 cati,
2096 4284 2325 4337 auctore
2377 4278 2489 4352 (adi
2522 4294 2683 4332 num.
2717 4277 2842 4349 461)
2884 4276 3147 4344 docente,
3184 4274 3245 4330 in
3294 4275 3540 4348 quadra-

207 4362 565 4435 VII,summo
586 4363 861 4421 Pontiﬂce
884 4364 959 4419 ad
990 4364 1208 4418 clerum
1241 4366 1297 4418 et
1333 4366 1613 4436 populum
1634 4368 1829 4423 Arela-

211 4460 464 4522 tensem,
496 4471 610 4526 qua
638 4453 751 4520 hic,
786 4455 851 4507 ut
887 4452 1388 4524 archiepiscopum
1428 4454 1534 4509 sibi
1569 4455 1828 4528 eligeret,

211 4543 320 4599 fuit
348 4541 706 4608 admonitus,
763 4540 1035 4596 Kalendis
1064 4540 1277 4595 Martiis
1318 4558 1473 4596 anno
1519 4546 1655 4599 1079
1691 4560 1829 4600 con-

210 4634 491 4707 scriptam
524 4634 697 4705 atqne
733 4647 767 4685 a
794 4631 1022 4685 Labbeo
1048 4633 1195 4684 tom.
1229 4631 1270 4685 X
1298 4630 1687 4688 Conciliorum
1719 4636 1826 4692 col.

208 4725 314 4779 213
350 4721 656 4777 insertam.
692 4719 849 4775 Licet
876 4718 1035 4775 enim
1060 4719 1168 4774 hac
1206 4720 1426 4775 clerum
1467 4723 1524 4776 et
1551 4724 1828 4794 populum

207 4812 633 4878 Arelatensem,
666 4811 730 4864 ut
757 4807 1255 4880 archiepiscopum
1277 4807 1384 4863 sibi
1408 4809 1656 4882 eligant;
1679 4829 1832 4869 sum-

209 4916 343 4956 mus
390 4898 649 4972 pontifex
680 4898 1014 4965 admoneat,
1044 4897 1331 4969 fueritque
1352 4898 1485 4953 huic
1532 4901 1829 4972 pontificio

210 4988 444 5046 monito
481 4987 544 5043 in
601 4986 845 5044 concilio
890 4985 1277 5042 Avenionensi
1335 4987 1826 5060 obtemperatum,

210 5078 352 5134 inde
401 5080 604 5133 tamen
646 5075 892 5131 minime
917 5075 1303 5147 consequitur,
1340 5078 1406 5131 ut
1432 5074 1493 5131 id
1527 5094 1645 5132 non
1673 5079 1831 5150 prius

135 5170 147 5180 ’
212 5182 394 5239 quam
439 5181 595 5221 anno
629 5166 766 5220 1080
794 5162 969 5218 fuerit
995 5164 1373 5228 celebratum,
1409 5163 1556 5229 Quid
1586 5165 1643 5220 ni
1670 5166 1828 5223 enim

209 5260 343 5327 post
369 5254 656 5311 Kalendas
674 5252 904 5310 Martias
921 5253 1182 5326 ejusdem
1210 5253 1526 5324 anni1079,
1556 5270 1669 5326 quo
1690 5272 1828 5328 pro-

210 5342 368 5399 xime
427 5342 639 5398 dictam
683 5341 988 5416 epistolam
1034 5341 1337 5413 Gregorius
1379 5341 1620 5414 scripsit,
1681 5347 1829 5402 cele-

211 5431 369 5487 brari
408 5431 707 5505 potuerit?
737 5431 907 5501 Sane,
956 5446 1074 5503 quo
1107 5431 1299 5485 minus
1336 5430 1395 5485 id
1448 5434 1587 5486 tunc
1611 5433 1828 5494 factum

210 5521 507 5591 credatur,
555 5520 726 5579 nimis
753 5524 1065 5598 augustum
1122 5519 1280 5575 haud
1326 5521 1413 5574 est
1452 5521 1688 5592 tempus
1715 5526 1829 5585 cla.

1931 4371 2172 4445 gesima,
2207 4369 2366 4441 cujus
2392 4366 2695 4423 Dominica
2725 4365 2916 4439 prima
2944 4364 3003 4420 in
3037 4364 3321 4420 Kalendas
3350 4361 3537 4420 Martii

1929 4459 2152 4525 incidit,
2186 4474 2340 4512 anno
2377 4458 2513 4511 1080
2550 4456 2926 4522 celebratum,
2955 4456 3021 4508 ut
3067 4453 3177 4509 hoc
3206 4452 3328 4526 ipso
3381 4468 3536 4509 anno

1935 4552 2070 4605 1080
2095 4548 2218 4619 jam
2251 4545 2519 4600 inchoato
2549 4544 2710 4615 Hugo
2738 4543 2962 4615 legatus
2991 4544 3049 4597 et
3073 4540 3380 4597 concilium
3394 4542 3538 4598 A‘ve-

1931 4637 2107 4692 nione
2138 4634 2450 4700 celebrare,
2484 4635 2544 4687 et
2589 4632 2699 4688 hoc
2728 4631 2904 4699 facto,
2936 4629 3207 4698 Romam,
3242 4633 3307 4685 ut
3353 4630 3542 4687 conci-

1928 4726 2027 4794 lio,
2061 4723 2277 4780 ibidem
2308 4722 2369 4778 in
2402 4719 2854 4794 Quadragesima
2893 4719 3261 4788 celebrando,
3295 4719 3538 4776 interes-

1931 4819 2034 4882 set,
2069 4811 2372 4886 pervenire
2404 4810 2675 4883 potuerit,
2712 4826 2777 4865 ac
2807 4809 2978 4882 proin
3027 4811 3109 4878 ut,
3163 4807 3421 4881 quamvis
3472 4826 3540 4864 ex

1931 4902 2095 4959 dictis
2119 4900 2423 4958 concilium
2436 4899 2836 4955 Avenionense
2853 4915 3006 4954 anno
3025 4899 3159 4953 1079
3185 4897 3538 4952 celebratum

1929 4991 2121 5061 fuerit,
2154 4992 2213 5047 id
2238 4994 2438 5046 tamen
2471 4992 2611 5045 tunc
2635 4988 2875 5056 factum,
2908 5004 2977 5043 ex
3014 4988 3229 5043 asserta
3258 4983 3315 5040 S.
3350 4984 3539 5056 Hugo-

1930 5081 2038 5148 nis,
2073 5079 2325 5155 episcopi
2355 5075 2870 5150 Gratianopolitani
2892 5075 3019 5147 jam
3041 5072 3226 5141 electi,
3258 5071 3320 5128 in
3347 5071 3538 5129 conci-

1928 5169 2003 5226 lio
2034 5171 2297 5226 Romano
2326 5167 2635 5241 praesentia
2663 5165 2827 5239 argui
2856 5181 2975 5219 non
2996 5160 3191 5234 possit.

1999 5260 2124 5314 466.
2162 5259 2276 5313 Nec
2300 5256 2359 5313 id
2384 5260 2522 5314 tunc
2550 5256 2791 5323 factum,
2832 5250 3013 5325 asrgui
3053 5250 3228 5307 etiam
3252 5249 3446 5323 potest
3469 5262 3541 5302 ex

1932 5347 2298 5404 ordinatione
2343 5343 2670 5421 episcopali,
2714 5359 2889 5418 quam
2915 5341 2973 5397 S.
3006 5341 3167 5414 Hugo
3195 5355 3349 5395 anno
3406 5335 3548 5421 1080

1932 5437 2134 5492 Romae
2162 5453 2195 5491 a
2222 5420 2452 5493 summo
2508 5432 2790 5505 pontiﬁce
2851 5431 3092 5505 accepit.
3139 5428 3371 5483 Etenim
3405 5420 3560 5479 nihil

1934 5526 2175 5581 omnino
2205 5526 2362 5599 cogit
2386 5528 2497 5583 hoc
2524 5520 2690 5577 illam
2720 5538 2872 5581 anno
2899 5525 3023 5578 tam
3046 5531 3257 5593 parum
3278 5510 3578 5592 provecto
