4026 6042
400 253 502 308 283

1249 247 1306 303 S.
1340 246 1682 303 BRUNONIS
1727 241 2357 302 CARTHUSlANORUM
2386 238 2854 297 lNSTlTUTORIS

3603 235 3713 288 284

408 378 679 440 statuere,
709 377 772 427 ut
801 373 999 428 Romae
1032 371 1104 426 ad
1136 371 1403 426 eamdem
1443 370 1859 443 suscipiendam
1889 384 2008 424 esse
2035 374 2085 432 Α
2109 365 2378 437 pontifice
2403 382 2467 419 ex
2496 364 2658 420 dictis
2682 360 2983 434 acceperit,
3017 357 3433 415 consectarium
3456 357 3537 423 iit,
3571 361 3635 411 ut
3666 356 3725 411 id

403 462 710 534 nequierit,
741 461 844 515 nisi
868 461 994 532 jam
1025 460 1158 515 inde
1181 461 1252 515 ab
1285 476 1438 514 anno
1465 461 1598 514 1079
1622 458 2010 525 Avenione,eo

402 567 461 606 se
492 552 818 618 collaturus,
843 549 954 604 iter
981 549 1179 604 fuisset
1200 565 1520 619 aggressus.
1558 549 1624 601 Et
1645 564 1777 602 V810
1810 546 1868 600 S.
1908 547 2017 600 Hu-

403 655 615 711 gonem
648 642 782 693 ante
811 655 1032 692 annum
1066 640 1200 692 1080
1223 638 1470 690 Romam
1503 652 1694 690 versus
1727 653 1844 690 non
1879 651 2010 705 per-

402 727 633 795 rexisse,
683 727 1071 782 indubitatum
1104 728 1208 792 est,
1242 724 1397 797 quod
1431 724 1620 778 itineri
1656 723 1734 778 illi
1768 740 1888 777 sese
1921 723 2016 777 de-

404 815 553 870 derit
577 832 706 870 cum
741 817 977 886 Hugone
1014 814 1163 868 sedis
1189 812 1513 885 apostolicae
1561 814 1772 884 legato,
1807 811 2014 882 hicque

405 900 540 956 illud
583 918 700 957 non
741 906 874 956 ante
901 918 1118 956 annum
1174 903 1329 965 1080,
1386 900 1504 955 imo
1562 916 1693 954 vero
1729 917 1845 956 non
1879 901 2013 953 ante

402 990 571 1060 hujus
619 1007 878 1045 mensem
932 988 1306 1044 Februarium
1331 988 1672 1060 susceperit;
1726 987 1882 1059 quod
1937 986 2014 1040 sic

405 1078 646 1134 ostendo
671 1095 684 1134 :
707 1078 1010 1150 Gregorius
1044 1078 1156 1144 νη,
1190 1094 1449 1131 summus
1479 1076 1761 1148 pontifex,
1794 1077 2012 1130 Manas-

402 1168 876 1234 sen,Remensem
913 1165 1294 1221 simoniacum
1352 1165 1865 1236 archiepiscopum,
1901 1163 2016 1235 epi-

403 1256 548 1309 stola
579 1255 806 1309 «Tertio
841 1271 1022 1309 nonas
1047 1252 1321 1321 Januarii,
1345 1253 1663 1308 lndictione
1691 1252 2011 1319 secunda,»

402 1343 460 1397 id
493 1347 579 1398 est
597 1360 664 1397 ex
688 1343 850 1397 dictis
879 1360 1041 1397 num.
1082 1345 1202 1408 147,
1237 1358 1390 1396 anno
1426 1343 1559 1396 1080
1583 1340 1697 1412 (adi
1726 1341 2014 1394 Labbeum

402 1435 524 1486 tom
556 1433 596 1486 X
617 1432 991 1486 conciliorum
1017 1431 1125 1486 col.
1165 1429 1290 1501 223)
1318 1431 1563 1502 signata,
1598 1429 1920 1494 admonuit,
1956 1431 2018 1483 ut

403 1520 665 1587 concilio,
718 1520 979 1591 Lugduni
1007 1521 1079 1574 ab
1109 1521 1348 1591 Hugone
1380 1518 1530 1573 sedis
1565 1517 1892 1588 apostolicae
1936 1518 2016 1571 le-

404 1611 538 1680 gato
558 1609 1278 1679 celebrando,praesentem
1297 1624 1354 1661 se
1371 1607 1615 1673 sisteret;
1632 1605 2016 1660 dubitandum

2110 455 2234 526 ipso
2260 455 2354 508 illo
2380 470 2532 508 anno
2568 455 2624 506 ct
2652 468 2850 506 mense
2870 449 3278 505 verosimilime
3303 446 3592 501 acciderit.

2183 544 2306 597 468.
2338 543 2585 614 Tempus
2618 541 2832 612 itaque,
2865 555 2978 611 quo
3013 537 3071 593 S.
3117 538 3278 607 Hugo
3327 537 3523 591 Romae
3554 532 3732 589 fuerit

2113 634 2479 686 consecratus
2497 629 2816 702 episcopus,
2852 627 3026 682 modo
3054 625 3229 680 etiam
3258 625 3560 679 habemus.
3595 623 3733 677 Pro-

2114 720 2335 774 ximum
2355 735 2509 774 nunc
2531 721 2633 785 est,
2659 721 2721 772 ut
2739 720 2795 770 et
2813 716 3206 781 ostendamus,
3234 713 3328 784 qui
3349 712 3406 766 in
3428 711 3727 782 opinione,

2115 824 2241 880 quae
2287 807 2343 862 S.
2384 806 2666 861 Brunonis
2696 806 2769 860 ad
2796 805 2852 860 S.
2888 806 3211 876 Hugonem,
3243 799 3727 870 Gratianopolita-

2117 914 2256 952 num
2285 896 2650 967 episcopum,
2684 909 2973 948 accessum
3009 891 3384 962 ejusdemque
3407 889 3464 943 in
3484 888 3725 942 Carthu-

2114 985 2211 1040 size
2252 1001 2516 1038 eremum
2532 990 2823 1037 “secessum
2847 998 3000 1036 anno
3028 981 3183 1046 1084,
3219 977 3292 1032 ad
3309 977 3540 1031 Junium
3555 993 3620 1030 ex
3644 974 3730 1029 di-

2116 1073 2313 1128 cendis
2327 1073 2452 1144 jam
2471 1068 3224 1144 provecto,afﬂigit,veritati
3248 1065 3466 1138 possint
3491 1061 3732 1134 intelligi

2116 1178 2370 1216 consona
2386 1177 2450 1215 ex
2471 1161 2725 1231 Guigone
2741 1176 2902 1213 num.
2932 1160 3034 1212 458
3053 1157 3292 1211 recitata
3311 1155 3504 1219 verba,
3528 1153 3733 1225 quibus

2115 1252 2208 1306 hic
2243 1251 2376 1306 ﬁdei
2409 1250 2650 1305 omnino
2680 1249 2935 1320 probata:
2968 1246 3231 1319 scriptor,
3266 1244 3637 1316 quandonam
3669 1239 3728 1296 S.

2119 1341 2307 1394 Bruno
2340 1340 2409 1393 ad
2444 1339 2502 1393 S.
2529 1339 2830 1410 Hugonem
2863 1334 3459 1406 Gratianopolitanum
3513 1330 3732 1402 episco-

2117 1444 2256 1500 pum
2309 1427 2628 1493 accesserit,
2673 1425 3103 1495 Carthusizeque
3157 1438 3420 1477 eremum
3478 1417 3729 1490 petierit,

2119 1516 2321 1571 definit
2351 1533 2448 1570 seu
2481 1515 2671 1587 potius
2716 1514 2950 1568 indicat.
2986 1513 3127 1567 Cum
3181 1529 3247 1566 ex
3298 1510 3462 1566 dictis
3491 1509 3547 1563 S.
3568 1509 3730 1579 Hugo

2117 1621 2316 1658 mense
2360 1605 2556 1659 Martio
2599 1603 2736 1657 anni
2779 1604 2913 1656 1080
2939 1602 3137 1655 Romae
3170 1599 3342 1654 fuerit
3368 1598 3735 1652 consecratus

403 1700 597 1751 autem
624 1714 742 1751 non
763 1699 1023 1768 apparet,
1067 1695 1206 1767 quin
1225 1696 1378 1750 inter
1409 1694 1665 1765 epistolae
1693 1694 1862 1764 hujus
1889 1695 2019 1749 scri-
2047 1692 2098 1751 B
2118 1692 2435 1765 episCOpus,
2461 1691 2595 1764 quid
2620 1691 2664 1744 si
2679 1707 2832 1744 anno
2860 1692 2984 1744 1081
3017 1689 3089 1744 ad
3111 1704 3369 1743 mensem
3393 1686 3598 1741 Maium
3629 1687 3729 1739 aut

399 1784 661 1856 ptionem
675 1784 1013 1854 conciliique
1027 1783 1420 1854 Lugdunensis
1435 1782 1881 1836 celebrationem
1897 1786 2020 1836 tan-

401 1875 525 1927 tum
550 1871 831 1942 temporis
867 1872 1114 1942 spatium
1168 1870 1574 1937 intercesserit,
1604 1875 1667 1925 ut
1683 1887 1750 1925 eo
1777 1873 1835 1924 et
1866 1870 2018 1924 dicta

404 1961 644 2033 epistola
680 1960 752 2015 ad
782 1960 1096 2015 Manassem
1118 1959 1358 2031 perferri
1393 1963 1450 2014 et
1478 1959 1590 2025 hic,
1636 1959 1729 2013 illa
1758 1961 2012 2030 accepta,

405 2048 750 2120 Lugdunum
778 2049 850 2102 ad
881 2047 1185 2102 concilium
1227 2047 1525 2119 pervenire
1570 2047 1840 2120 potuerit.
1887 2047 2012 2101 Jam

403 2152 559 2204 vero,
592 2153 724 2190 cum
769 2136 844 2190 ad
885 2136 994 2191 hoc
1025 2152 1142 2190 non
1173 2135 1363 2190 minus
1395 2153 1570 2207 quam
1612 2139 1858 2207 quatuor
1918 2137 2017 2188 aut

404 2224 656 2297 quinque
668 2224 1168 2278 hebdomadarum
1184 2223 1432 2295 spatium
1446 2224 1830 2278 necessarium
1845 2223 2014 2277 fuisse

403 2313 684 2380 videatur,
707 2329 1063 2384 consequens
1085 2315 1190 2378 est,
1215 2315 1277 2366 ut
1303 2312 1687 2383 Lugdunense
1708 2311 2014 2366 concilium

406 2405 541 2456 ante
555 2401 690 2456 anni
709 2403 844 2456 1080
856 2399 1230 2455 Februarium
1249 2400 1602 2455 celebratum
1622 2417 1739 2455 non
1752 2400 2017 2467 fuerit,ac

403 2489 571 2563 proin
590 2491 720 2544 utet
746 2488 971 2560 S.Hugo
1005 2491 1062 2543 et
1083 2489 1242 2560 Hugo
1275 2490 1725 2560 legatus,utpote
1757 2506 1824 2542 ex
1854 2488 2017 2544 dictis

404 2578 650 2633 Romam
677 2577 1186 2644 demum,concilio
1205 2577 1568 2649 Lugdunensi
1580 2578 1706 2648 jam
1727 2579 2016 2632 celebrato

402 2666 644 2738 profecti
660 2665 920 2720 iterillud
936 2669 1070 2720 ante
1084 2665 1239 2720 idem
1255 2669 1483 2737 tempus
1503 2683 1619 2721 non
1637 2665 2012 2737 susceperint.

476 2756 601 2810 467.
639 2754 802 2818 Quod
820 2771 950 2809 cum
969 2754 1047 2808 ita
1064 2753 1154 2820 sit,
1171 2755 1228 2809 8.
1261 2754 1421 2826 Hugo
1434 2772 1571 2809 sane
1585 2754 2014 2810 ordinationem

405 2843 789 2916 episcopalem
826 2844 1023 2897 Romae
1043 2859 1194 2898 anno
1232 2845 1366 2897 1080
1385 2846 1502 2897 tam
1522 2859 1727 2914 parum
1744 2845 2014 2914 provecto

405 2948 522 2987 non
545 2932 917 3004 acceperit,ut
936 2930 1154 2986 ibidem
1177 2933 1312 2985 tunc
1328 2948 1448 2987 esse
1463 2931 1882 3004 nequierit,nisi
1888 2931 2015 3002 jam

405 3019 539 3076 inde
557 3021 794 3075 abanno
821 3023 954 3075 1079
981 3018 1278 3074 Avenione
1309 3036 1498 3074 versus
1533 3019 1822 3074 civitatem
1858 3019 2017 3073 illam

405 3106 598 3164 itineri
617 3125 737 3163 sese
759 3108 1215 3180 dedisset.Atque
1237 3108 1358 3163 haec
1373 3108 1444 3162 de
1457 3111 1572 3163 tem
1580 3124 1861 3180 pore,quo
1879 3123 2017 3162 con-

406 3196 618 3251 cilium-
643 3197 1040 3252 Avenionense
1066 3198 1420 3251 celebratum
1441 3187 1632 3263 fuerit,
1661 3194 2018 3268 argumenti-

408 3284 780 3356 sque,quibus
795 3285 853 3338 id
870 3302 969 3339 seu
989 3285 1266 3355 probetur
1277 3301 1375 3338 seu
1395 3301 1512 3339 non
1530 3284 1824 3355 probetur,
1863 3301 2017 3339 anno

411 3375 546 3429 1079
567 3373 916 3427 celebratum
938 3372 1286 3440 fuisse,dicta
1299 3372 1822 3428 sufﬁciant.Verum
1841 3391 2021 3446 quan-

409 3460 626 3516 donam
657 3463 787 3533 post
807 3459 866 3515 id
889 3461 1014 3532 jam
1041 3461 1392 3515 celebratum
1415 3461 1472 3516 S.
1508 3462 1670 3534 Hugo
1705 3462 1904 3516 Roma;
1932 3478 2020 3516 or-

408 3548 637 3604 dinatus
657 3549 764 3603 fuit
791 3548 1130 3621 episcopus?
1161 3549 1302 3604 Cum
1326 3566 1394 3604 ex
1425 3549 1586 3604 dictis
1618 3550 1864 3605 Romam
1887 3565 2017 3604 cum

409 3637 648 3709 Hugone
680 3639 868 3709 legate
887 3637 1178 3710 profectus
1205 3655 1324 3693 non
1369 3637 1460 3705 sit,
1502 3637 1609 3692 nisi
1634 3638 1760 3709 jam
1789 3638 2015 3711 Lugdu-

407 3725 573 3781 nensi
602 3726 889 3782 celebrato
917 3725 1178 3793 concilio,
1206 3726 1428 3798 hocque
1459 3726 1662 3782 itidem
1687 3744 1755 3782 ex
1771 3727 1898 3798 jam
1932 3726 2018 3781 di-

404 3815 510 3871 ctis
574 3818 708 3870 ante
797 3813 936 3870 anni
1015 3816 1151 3870 1080
1208 3815 1586 3870 Februarium
1664 3816 2017 3871 celebratum

406 3921 526 3960 non
557 3903 751 3970 fuerit,
783 3905 1030 3958 Romam
1078 3903 1512 3958 verosimillime
1561 3906 1698 3958 ante
1751 3919 2016 3958 mensem

405 3991 672 4048 Martium
702 3991 839 4044 anni
895 3993 1030 4046 1080
1062 4008 1180 4045 non
1207 3991 1555 4062 pervenerit,
1587 4007 1653 4045 ac
1701 3991 1867 4062 proin
1912 4007 2018 4046 nec

407 4082 543 4134 ante
572 4079 682 4133 hoc
702 4081 932 4149 tempus
961 4077 1179 4132 ibidem
1209 4095 1245 4132 a
1277 4095 1506 4134 summo
1540 4079 1812 4150 pontiﬁce
1845 4079 2020 4135 fuerit

406 4165 1509 4238 consecratusepiscopus.Verumnonne
1526 4167 1820 4240 aliquanto
1839 4168 2017 4223 etiam

2116 1781 2348 1836 Iunium
2385 1781 2511 1851 jam
2542 1783 2832 1852 provecto,
2867 1777 3157 1833 Casze-Dei
3181 1774 3617 1841 monasterium,
3645 1771 3728 1827 uti

2117 1870 2305 1940 reipsa
2336 1869 2459 1923 fieri
2486 1869 2692 1940 potuit,
2713 1869 2964 1938 petierit,
2994 1866 3368 1933 monachum,
3386 1863 3730 1934 contemptis

2115 1959 2290 2014 rebus
2319 1957 2606 2025 omnibus,
2664 1956 2935 2023 induerit,
2992 1971 3238 2027 cumque
3268 1953 3543 2008 novitium
3573 1967 3728 2005 anno

2117 2048 2467 2114 circiter,seu
2485 2047 2906 2118 novem(neque
2923 2045 3081 2100 enim
3101 2060 3320 2100 annum
3339 2042 3626 2114 integrum
3640 2039 3731 2094 hic

2117 2135 2373 2190 indicare
2411 2136 2590 2207 Guigo
2613 2135 2855 2205 videtur)
2890 2135 3158 2189 dccemve
3191 2131 3484 2187 mensibus
3514 2130 3730 2185 ibidem

2121 2224 2349 2296 egisset,
2384 2224 2456 2278 ad
2473 2224 2890 2296 episcopatum,
2918 2223 3160 2294 jubente
3183 2236 3412 2276 summo
3437 2218 3729 2293 pontifice,

2120 2329 2274 2367 anno
2310 2315 2446 2368 1082
2471 2329 2670 2369 mense
2701 2312 2898 2366 Martio
2924 2311 3150 2365 circiter
3181 2327 3211 2364 e
3257 2309 3406 2364 dicto
3440 2310 3730 2362 monaste-

2117 2400 2205 2455 rio
2241 2400 2414 2454 fuerit
2444 2399 2745 2454 reversus?
2771 2402 2854 2454 lta
2895 2416 3030 2454 sane
3059 2417 3092 2453 a
3120 2397 3378 2468 Guigone
3420 2414 3451 2448 α
3483 2395 3730 2449 necdum

2119 2488 2343 2543 duobus
2374 2491 2503 2560 post
2523 2488 3016 2543 consecrationem
3041 2486 3277 2558 expletis
3297 2484 3531 2551 annis,»
3554 2482 3733 2538 Casm-

2120 2577 2218 2632 Dei
2250 2579 2566 2632 monachus
2595 2578 2776 2632 factus
2825 2594 2969 2644 esse,
3020 2593 3174 2632 anno
3231 2575 3449 2630 ibidem
3487 2572 3730 2628 novitius

2118 2667 2336 2735 vixisse,
2365 2683 2430 2722 ac
2477 2667 2716 2722 tandem
2750 2665 3224 2739 Gratianopolim,
3243 2665 3457 2719 «tribus
3482 2662 3728 2717 necdum

2118 2755 2177 2810 in
2208 2757 2539 2829 episcopatu
2573 2759 2701 2828 post
2727 2755 3063 2811 monasterii
3094 2754 3414 2820 reditum,»
3461 2752 3520 2807 id
3551 2755 3654 2818 est,
3695 2768 3730 2805 a

2117 2862 2240 2912 suo,
2274 2863 2304 2900 e
2339 2845 2478 2901 Casa
2503 2846 2602 2901 Dei
2636 2845 2845 2913 reditu,
2873 2843 3231 2916 «Completis
3256 2843 3478 2910 annis,»
3491 2840 3727 2896 venien-

2119 2951 2252 2989 nem
2269 2934 2325 2988 S.
2346 2935 2678 2990 Brunonem
2707 2951 2859 2989 anno
2883 2937 3018 2989 1084
3037 2933 3338 3003 excepisse‘
3369 2931 3582 3002 absque
3612 2930 3727 2984 ullo

2117 3023 2370 3078 veritatis
2420 3023 2718 3095 dispendio
2753 3022 2861 3077 dici
2898 3021 3168 3095 potuerit,
3206 3020 3284 3075 uti
3317 3018 3726 3091 unusquisque,

2118 3114 2401 3182 quantum
2434 3110 2766 3183 opinor,qui
2785 3126 2912 3165 rem
2932 3113 3151 3165 attente
3167 3106 3729 3180 perpenderit,facile

2119 3199 2443 3272 perspiciet,
2475 3216 2715 3271 remque
2764 3198 3008 3271 proinde
3056 3199 3233 3254 modo
3272 3197 3398 3267 jam
3442 3195 3729 3266 assignato

2119 3286 2308 3358 reipsa
2337 3291 2561 3360 gestam
2594 3304 2736 3354 esse,
2771 3286 3145 3358 concipiatur,
3183 3289 3300 3354 aut,
3337 3285 3382 3340 si
3415 3284 3596 3338 mavis
3626 3281 3729 3336 ad-

2122 3374 2403 3444 mittatur,
2442 3392 2669 3431 necesse
2717 3378 2823 3443 est,
2867 3392 2940 3430 ne
2971 3374 3246 3447 alioquin,
3283 3389 3414 3428 cum
3455 3371 3728 3444 equidem

2120 3463 2178 3518 S.
2207 3465 2493 3519 Brunonis
2523 3464 2596 3519 ad
2632 3463 2690 3518 S.
2726 3464 3028 3533 Hugonem
3073 3479 3361 3517 accessum
3393 3477 3546 3516 anno
3592 3458 3730 3514 1084

2118 3551 2554 3620 innectendum,
2618 3551 2850 3606 aliunde
2909 3553 3152 3618 constet,
3217 3549 3440 3605 veritati
3497 3548 3731 3604 dissona

2117 3642 2295 3713 Guigo
2329 3641 2614 3714 scripsisse
2637 3639 2710 3695 sit
2734 3639 3073 3694 credendus.

2188 3731 2312 3785 469.
2335 3732 2456 3797 Ast,
2479 3727 2726 3801 inquies,
2760 3728 2841 3782 ita
2868 3729 3029 3800 llugo
3073 3730 3203 3798 post
3232 3725 3729 3782 consecrationem

2117 3818 2352 3890 quidem
2380 3834 2534 3872 anno
2562 3817 2838 3872 duntaxat
2859 3833 2972 3872 uno
2999 3819 3058 3870 et
3087 3816 3307 3870 duobus
3321 3814 3545 3870 circiter
3564 3829 3731 3868 men-

2117 3905 2268 3961 sibus
2291 3905 2347 3960 in
2369 3906 2656 3961 Casa-Dei
2687 3905 3040 3960 monasterio
3069 3904 3419 3959 monachum
3451 3900 3729 3968 induerit,

2117 3997 2246 4064 post
2297 4010 2464 4048 suum
2519 4010 2652 4048 vero
2699 4010 2765 4048 ex
2795 3994 2903 4048 hoc
2929 3993 3180 4048 reditum
3213 3993 3378 4048 annis
3431 3991 3732 4046 dumtaxat

2119 4081 2341 4137 duobus
2383 4081 2745 4154 totidemque
2800 4081 3026 4136 circiter
3070 4081 3382 4148 mensibus,
3413 4083 3727 4151 antequam

2119 4171 2192 4226 ad
2217 4187 2351 4226 eum
2384 4169 2442 4225 S.
2498 4171 2687 4226 Bruno
2733 4170 2985 4238 accessit,
3042 4170 3100 4225 in
3163 4170 3493 4242 episcopatu
3542 4165 3733 4239 egerit

405 4255 684 4328 temporis
709 4253 893 4327 spatio
915 4254 1094 4308 serius
1114 4254 1174 4309 id
1207 4254 1428 4310 evenit?
1459 4255 1601 4311 Cum
1633 4256 1690 4312 S.
1718 4257 1902 4328 Hugo,
1937 4256 2019 4312 uti
2043 4241 2094 4300 Ῑ)
2117 4259 2495 4332 videnturque
2527 4276 2558 4313 e
2587 4259 2838 4314 recitatis
2850 4259 3123 4331 Guigonis
3144 4241 3328 4314 verbis
3357 4258 3477 4312 haec
3491 4254 3726 4328 quidem

407 4344 559 4415 apud
579 4360 684 4398 nos
723 4347 867 4398 tom.
901 4341 1156 4414 IAprilis
1186 4359 1320 4414 pag.
1355 4345 1422 4399 46
1453 4344 1513 4398 in
1547 4345 1669 4416 ejus
1694 4345 1822 4400 Vita
1853 4361 2016 4400 num.

407 4434 475 4487 33
505 4431 682 4502 Guigo
701 4432 967 4498 testatur,
1003 4451 1032 4481 «
1063 4447 1286 4487 anno...
1312 4431 1382 4487 ab
1407 4433 1809 4488 Incarnatione
1828 4433 2021 4490 Domi-

405 4518 465 4575 ni
495 4519 801 4574 millesimo
834 4519 1150 4576 centesimo
1179 4520 1476 4592 trigesimo
1507 4522 1852 4592 secundo...,
1888 4539 2020 4580 con-

406 4607 742 4663 sacrationis
752 4649 765 4662 .
775 4648 788 4662 .
799 4649 813 4662 .
828 4608 914 4663 Ad
927 4608 1118 4663 minus
1131 4608 1616 4683 quinquagesimo
1631 4612 2022 4680 secundo,Ka—

404 4697 589 4752 lendis
611 4696 886 4769 Aprilis...
920 4696 1190 4769 migrarit
1215 4698 1288 4752 ad
1311 4699 1694 4768 Dominum,»
1726 4700 1954 4773 sintque
1987 4719 2020 4756 a

405 4785 595 4857 prima
633 4786 726 4840 die
755 4785 970 4840 mensis
1001 4785 1182 4841 Martii
1211 4787 1349 4841 anni
1382 4790 1518 4843 1080
1554 4806 1730 4860 usque
1778 4789 1853 4844 ad
1883 4789 2020 4844 anni

409 4877 431 4928 1
449 4877 545 4930 132
559 4874 966 4947 primaAprilis
983 4875 1280 4948 diem,qua
1295 4875 1521 4949 S.Hugo
1537 4877 1841 4946 obiit,anni
1860 4878 2023 4951 quin-

407 4963 684 5034 quaginta
703 4963 816 5018 duo
835 4979 954 5018 una
974 4979 1108 5018 cum
1130 4963 1352 5036 aliquot
1384 4964 1686 5021 dumtaxat
1704 4966 2023 5022 hebdoma-

406 5050 493 5106 dis
512 5052 708 5124 elapsi,
735 5051 905 5107 fuisse
934 5053 1088 5107 hunc
1107 5068 1223 5108 non
1255 5053 1435 5108 serius
1464 5055 1847 5127 etiam,quam
1862 5072 2023 5110 men-

405 5156 463 5195 se
487 5140 686 5194 Martio
717 5141 854 5196 anni
886 5144 1020 5197 1080
1052 5159 1086 5197 a
1113 5158 1342 5197 summo
1368 5141 1640 5213 pontiﬁce
1687 5143 2020 5216 episcopum

405 5231 825 5298 consecratum,
855 5231 1379 5298 verosimillimum,
1414 5248 1486 5286 ne
1517 5231 1706 5286 dicam
1736 5232 2022 5288 indubita-

404 5321 800 5392 tum,apparet
826 5335 912 5387 ,ac
931 5321 1102 5392 proin
1123 5338 1253 5376 cum
1271 5336 1378 5375 nec
1404 5323 1538 5376 ante
1578 5321 1852 5376 eumdem
1883 5321 2019 5378 dicti

408 5408 545 5462 anni
564 5423 826 5465 mensem
838 5411 1332 5467 consecrationem
1361 5409 1746 5483 episcopalem
1768 5410 1967 5467 Roma:
1987 5428 2022 5468 a

2123 4371 2152 4400 ‹‹
2181 4349 2436 4404 Necdum
2461 4348 2682 4403 duobus
2713 4349 2947 4419 expletis
2970 4347 3138 4402 annis
3164 4367 3196 4399 »
3220 4346 3467 4418 amplius
3496 4341 3729 4416 aliquod

2118 4437 2399 4509 temporis
2443 4437 2714 4508 spatium,
2748 4453 2925 4508 quam
2953 4435 3121 4490 annis
3152 4436 3318 4490 unius
3365 4434 3728 4504 duorumque

2119 4525 2428 4592 mensium,
2455 4525 2552 4581 illa
2580 4542 2714 4580 vero
2749 4548 2776 4575 ‹‹
2803 4524 3002 4579 Tribus
3029 4525 3280 4580 necdum
3307 4522 3607 4594 completis
3633 4537 3734 4575 an-

2118 4615 2264 4683 nis,»
2287 4631 2462 4687 quam
2486 4614 2733 4670 duorum
2755 4630 3043 4669 annorum
3068 4613 3426 4684 totidemque
3442 4608 3730 4666 mensium

2120 4703 2464 4776 significare.
2503 4703 2739 4772 Fateor;
2772 4719 2863 4757 res
2913 4719 3070 4768 sane,
3115 4702 3160 4756 si
3212 4702 3270 4756 in
3313 4717 3482 4756 sensu
3542 4698 3730 4770 magis

2121 4792 2287 4848 obvio
2315 4788 2984 4863 accipiatur,itaomnino
3000 4791 3195 4859 habet;
3215 4793 3429 4858 vetum,
3463 4789 3508 4843 si
3534 4804 3732 4843 secun-

2122 4880 2261 4935 dum
2288 4880 2545 4934 strictam
2594 4880 2899 4934 verborum
2936 4879 3417 4950 significationem
3464 4875 3729 4932 conside-

2120 4973 2299 5037 retur,
2328 4986 2446 5025 non
2471 4968 2661 5035 video,
2694 4984 2795 5022 cur
2825 4967 3004 5040 Guigo
3029 4985 3250 5022 annum
3282 4967 3519 5039 quidem
3546 4981 3730 5020 unum

2121 5073 2461 5128 mensesque
2488 5057 2629 5111 duos
2654 5072 2758 5127 per
2783 5073 2967 5112 annos
2998 5056 3142 5112 duos
3172 5055 3422 5110 necdum
3449 5055 3726 5127 expletos,

2121 5163 2304 5202 annos
2333 5161 2466 5200 vero
2500 5145 2642 5200 duos
2677 5144 3038 5217 totidemque
3087 5145 3312 5200 circiter
3363 5159 3591 5198 menses
3626 5158 3731 5213 per

2121 5252 2304 5291 annos
2323 5233 2713 5301 tres,necdum
2725 5234 3064 5305 completos,
3095 5232 3424 5305 designatos
3437 5232 3578 5286 velle
3609 5246 3728 5285 non

2119 5324 2388 5395 potuerit.
2442 5322 2771 5389 Enimvero,
2813 5321 2910 5395 qui
2942 5338 3163 5377 annum
3217 5321 3495 5377 duntaxat
3545 5334 3728 5374 unum

2118 5428 2458 5485 mensesque
2481 5411 2623 5467 duos
2634 5410 2932 5467 biennium
2946 5410 3208 5468 nondum
3222 5411 3538 5483 integrum,
3560 5409 3728 5464 item-
