4224 6058
257 171 361 227 285

1832 166 2013 228 ACTA

3482 173 3586 230 586

261 311 375 366 que
403 293 505 366 qui
536 310 721 349 annos
747 293 1047 349 dumtaxat
1079 294 1223 350 duos
1251 295 1611 367 totidemque
1632 312 1879 361 menses,
1905 299 1960 358 Α
2052 298 2175 352 471.
2208 296 2333 350 Iam
2354 312 2486 351 vero
2501 312 2632 350 cum
2652 296 2708 350 in
2738 299 2984 368 quatuor
3006 295 3328 367 primorum
3347 295 3607 369 Carthu-_

258 382 579 438 triennium
612 383 909 456 integrum
941 384 1205 439 nondum
1228 383 1519 457 implevit;
1552 401 1658 439 nec
1688 384 1879 450 video,

262 489 296 527 a
324 471 567 526 veritate
594 471 854 527 futurum
890 472 1142 540 devium,
1188 472 1286 544 qui
1327 489 1546 527 annum
1606 474 1882 530 duntaxat

262 578 445 615 unum
476 576 819 633 mensesque
834 561 977 616 duos
991 560 1208 616 biennii
1223 561 1473 617 necdum
1486 563 1761 634 completi
1776 580 1879 619 no-

264 649 447 717 mine,
483 649 760 722 itemque,
794 649 891 721 qui
906 649 1051 705 duos
1078 654 1304 706 tantum
1321 668 1506 707 annos
1520 652 1881 724 totidemque

261 754 496 794 menses
526 737 760 792 triennii
793 737 1044 793 necdum
1078 740 1288 812 expleti
1316 739 1704 812 appellatione
1738 740 1882 795 desi-

258 827 477 900 gnarit,
506 827 580 881 Ut
608 830 671 881 ut
696 827 785 893 sit,
820 826 1096 897 praedicta
1126 828 1422 900 equidem,
1444 829 1514 884 de
1535 829 1741 901 quibus
1764 829 1877 898 hic,

259 914 539 986 Guigonis
566 915 740 969 verba
770 914 945 969 modo
968 916 1092 986 jam
1117 917 1406 988 assignato
1439 917 1772 989 accipienda
1799 918 1879 973 vi-

260 1004 497 1071 dentur,
524 1007 650 1059 tum
683 1019 776 1070 ne,
810 1004 965 1075 quod
988 1005 1278 1060 absonum
1320 1023 1424 1061 nec
1455 1010 1542 1062 sat
1571 1007 1877 1064 fundatum

258 1095 525 1165 apparet,
561 1092 857 1164 sequentia
870 1093 1079 1148 horum
1105 1094 1217 1149 tria
1247 1116 1275 1145 ‹‹
1301 1100 1431 1167 post
1448 1096 1882 1152 monasteriire-

261 1179 451 1235 ditum
472 1202 500 1228 η
534 1180 659 1234 loco
693 1196 811 1235 non
845 1197 946 1235 suo
976 1182 1165 1251 posita
1190 1199 1323 1237 cum
1358 1184 1658 1239 Columhio
1691 1184 1880 1241 dicere

258 1284 566 1339 cogamur,
607 1271 735 1322 tum
770 1286 844 1323 ne
873 1286 1136 1341 pugnare
1164 1271 1319 1326 idem
1354 1272 1555 1344 Guigo,
1589 1273 1648 1327 in
1705 1290 1880 1345 quem

259 1356 532 1411 falsitatis
583 1356 827 1427 suspicio
853 1357 1011 1411 haud
1041 1358 1214 1426 cadit,
1264 1360 1604 1415 asserendus
1653 1361 1881 1417 sitcum

261 1444 544 1516 opinione
573 1462 697 1517 qum
731 1444 1090 1501 S.Brunonis
1115 1447 1188 1502 ad
1218 1446 1275 1502 S.
1310 1448 1633 1519 Hugonem,
1663 1450 1881 1506 Gratia-

262 1532 672 1605 nopolitanum
704 1533 1061 1606 episcopum,
1109 1552 1421 1603 accessum,
1485 1554 1885 1611 secessumque

1981 385 2077 441 site
2110 386 2373 457 priorum
2391 386 2692 451 Chronico,
2723 401 2966 439 summa:
2999 385 3195 457 utique
3225 384 3337 457 (adi
3361 401 3487 456 quas
3518 384 3589 438 de

1980 474 2090 530 hoc
2106 478 2133 544 §
2166 478 2186 529 1
2218 474 2369 529 dicta
2381 473 2531 546 sunt)
2548 472 2904 545 antiquitatis
2920 472 3167 544 ﬁdeique
3182 473 3588 537 monumento,

1982 562 2223 618 Sanctus
2237 566 2453 626 noster,
2470 565 2783 634 antequam
2808 563 3052 616 Romam
3076 560 3383 633 pontificiae
3397 561 3594 615 volun-

1980 652 2084 707 tati
2112 653 2484 708 obsecuturus
2509 654 2757 724 peteret,
2794 650 3156 707 Carthusiam
3187 668 3282 705 sex
3309 649 3474 705 annis
3504 666 3593 704 re-

1978 742 2122 797 xisse
2154 742 2396 811 dicatur,
2427 742 2624 814 hique,
2652 741 2694 796 si
2714 757 2818 814 pro
2845 740 3148 812 completis
3179 739 3295 795 sint
3312 737 3588 807 habendi,

1980 832 2051 887 ab
2074 848 2227 887 anno
2259 834 2414 899 4090,
2438 849 2616 904 usque
2649 831 2721 886 ad
2751 830 3006 897 Junium,
3025 847 3138 903 quo
3162 847 3229 885 ex
3260 827 3516 885 dicendis
3529 827 3588 882 in

1980 935 2243 974 eremum
2273 920 2433 974 illam
2462 917 2718 990 primum
2746 936 2867 974 sese
2882 917 3123 986 abdidit,
3148 919 3442 991 provecto,
3467 918 3587 985 aut,

1979 1009 2023 1063 si
2051 1026 2155 1081 pro
2187 1008 2568 1080 incompletis,
2594 1009 2789 1079 quales
2811 1024 2877 1062 ex
2899 1007 3158 1063 dicendis
3179 1023 3311 1062 vere
3331 1007 3587 1074 fuerunt,

1981 1099 2230 1155 debeant
2261 1097 2481 1164 haberi,
2516 1097 2587 1151 ab
2615 1097 2818 1152 eodem
2855 1114 3009 1152 anno
3050 1099 3183 1152 4090
3227 1095 3490 1150 nondum
3516 1093 3589 1150 ad

1979 1186 2234 1253 Junium,
2265 1189 2364 1240 aut
2395 1185 2465 1240 ab
2497 1202 2649 1240 anno
2685 1186 2840 1251 4089,
2867 1186 3015 1238 ultra
3037 1184 3270 1238 Junium
3297 1184 3421 1254 jam
3453 1198 3588 1253 pro—

1980 1277 2164 1341 vecto,
2198 1273 2401 1329 ordine
2446 1273 2790 1344 retrogrado
2826 1272 3165 1343 computati,
3197 1271 3486 1326 deducant
3517 1268 3591 1324 ad

1982 1379 2136 1417 anno
2162 1364 2318 1429 1084,
2348 1362 2413 1416 fit
2436 1362 2522 1416 vel
2567 1361 2725 1429 hinc,
2755 1359 2812 1415 S.
2857 1361 3187 1414 Brunonem
3226 1360 3403 1414 hocce
3434 1373 3587 1412 anno

1984 1451 2056 1506 ad
2099 1449 2156 1505 S.
2214 1452 2518 1522 Hugonem
2569 1449 2791 1505 venisse
2839 1448 3317 1521 Carthusiamque
3358 1446 3586 1514 adiisse,

1983 1538 2226 1594 omnino
2242 1538 2654 1593 indubitatum.
2668 1537 2755 1591 Ad
2768 1538 2889 1591 hanc
2902 1536 2959 1590 in
2975 1535 3181 1591 eodem
3195 1535 3292 1590 illo
3306 1534 3588 1590 Chronico

260 1620 321 1675 in
338 1620 657 1676 Carthusia:
677 1639 940 1677 eremum
976 1640 1129 1678 anno
1166 1626 1303 1679 1084
1334 1624 1594 1693 innectit,
1629 1644 1883 1699 namque
1906 1613 1958 1672 Β
1983 1644 2081 1682 seu
2108 1626 2298 1700 potius
2336 1626 2395 1681 in
2427 1625 2619 1681 Sancti
2651 1624 2851 1689 nostri,
2881 1624 3035 1696 quod
3059 1623 3586 1690 inillocontinetur,

260 1708 429 1764 omni
458 1709 633 1764 dubio
647 1711 847 1780 procul
872 1710 1099 1765 veritati
1114 1727 1235 1766 esse
1251 1713 1513 1784 apprime
1542 1730 1879 1784 consonam,

260 1813 383 1851 non
415 1813 601 1868 pauca
627 1797 686 1851 in
719 1798 980 1853 medium
1011 1800 1188 1856 modo
1228 1801 1569 1858 adducenda
1614 1804 1877 1860 suadent.

255 1888 305 1939 Α
345 1885 549 1940 charta
580 1885 908 1941 donationis
940 1886 1252 1943 Carthusiaa
1279 1890 1423 1945 duco
1450 1890 1699 1946 initium.

333 1976 463 2030 470.
499 1975 650 2042 Haec,
684 1992 860 2048 quam
891 1977 1182 2049 integram
1240 1978 1393 2034 infra
1420 1998 1484 2035 ex
1519 1983 1877 2054 apographo,

263 2081 299 2119 a
328 2065 604 2120 Michaele
632 2066 957 2122 Morkensio
1014 2067 1088 2122 ad
1142 2068 1883 2144 Chronologico-diploma-

257 2152 595 2226 ticaa,quam
610 2154 680 2209 de
697 2153 1031 2211 S.Brunone
1046 2158 1358 2226 contexuit,
1380 2160 1649 2217 Diatribm
1663 2163 1879 2218 calcem

261 2242 773 2315 adjecto,editerus
802 2263 951 2313 sum,
985 2247 1089 2302 sub
1122 2247 1300 2304 finem
1331 2249 1408 2304 sic
1437 2250 1612 2305 habet
1644 2268 1657 2307 :
1691 2255 1881 2309 «Prae-

259 2330 383 2386 fata
417 2332 656 2404 quidem
685 2336 842 2389 terra
876 2335 1207 2407 (Carthasim
1238 2335 1524 2412 videlicet)
1552 2340 1639 2395 his
1676 2342 1876 2397 termi-

258 2420 601 2477 nationibus
630 2421 822 2495 (supra
848 2424 1127 2481 nimirum
1142 2426 1559 2501 determinetis)
1587 2432 1873 2499 conclusa,

257 2526 292 2563 a
330 2509 613 2582 magistro
648 2511 916 2566 Brunone
949 2515 1006 2567 et
1035 2513 1241 2582 abhis,
1276 2516 1529 2587 quicum
1561 2535 1629 2573 eo
1688 2523 1874 2589 erant,

254 2596 541 2653 fratribus
571 2598 742 2671 οωρῆ
770 2599 1079 2656 inhabitari
1111 2605 1168 2657 et
1190 2605 1443 2659 construi
1472 2622 1625 2660 anno
1680 2608 1753 2663 ab
1784 2609 1876 2663 In-

256 2686 605 2741 carnatione
634 2687 867 2743 Domini
898 2691 1053 2759 4084;
1086 2691 1447 2763 episcopatus
1474 2711 1608 2750 vero
1649 2696 1881 2753 Domini

256 2775 525 2849 Rugonis
537 2776 1057 2850 Gratian0politani
1075 2780 1328 2853 episcopi
1347 2786 1574 2854 quarto,
1605 2784 1702 2857 qui
1725 2786 1879 2843 vide-

1983 1715 2170 1787 elogio
2201 1715 2376 1770 vitam
2391 1715 2540 1769 hanc
2569 1714 2877 1769 mortalem
2909 1730 3040 1767 cum
3066 1710 3587 1767 immortdiano

1981 1807 2366 1859 commutasse
2403 1802 2652 1857 traditur
2683 1824 2711 1852 ‹‹
2743 1803 2873 1874 post
2928 1817 3222 1873 egressum
3273 1799 3586 1855 Carthusiaa
3630 1856 3635 1859 ,

1981 1889 2762 1965 (videsisnum.7)undecimo
2793 1888 3124 1961 plusminus
3153 1904 3329 1956 anno;
3354 1907 3385 1941 α
3409 1902 3587 1960 quare

1980 1998 2112 2037 cum
2126 1980 2386 2045 Sanctus,
2402 1981 2464 2034 ut
2477 1980 2603 2050 jam
2617 1978 2855 2046 dictum,
2885 1977 3587 2048 Carthusiam,antequam

1980 2089 2045 2127 ex
2074 2070 2183 2125 hac
2215 2086 2247 2124 a
2277 2084 2507 2123 summo
2537 2067 2810 2139 pontifice
2851 2066 3159 2126 accersitus
3187 2063 3582 2138 egrederetur,

1979 2159 2145 2215 annis
2177 2175 2271 2213 sex
2297 2156 2552 2223 rexisset,
2582 2154 2998 2211 consectasium
3012 2155 3094 2222 fit,
3123 2156 3191 2210 ut
3217 2170 3403 2208 annus
3427 2155 3586 2221 1101,

1979 2265 2114 2321 quo,
2148 2246 2228 2301 uti
2283 2246 2436 2301 inter
2485 2261 2689 2301 omnes
2742 2243 3030 2309 convenit,
3073 2242 3228 2298 diem
3260 2245 3586 2298 extremum

1977 2337 2198 2405 clausit,
2232 2335 2509 2409 septimus
2527 2333 2785 2389 decimus
2809 2331 2981 2388 fuerit
3010 2332 3080 2387 ab
3105 2329 3298 2403 ejusin
3313 2329 3469 2385 illam
3496 2330 3585 2386 in-

1937 2443 2196 2500 --gressu,
2224 2441 2289 2480 ac
2334 2423 2503 2498 proin
2548 2426 2611 2478 ut
2636 2422 2906 2478 eamdem
2953 2438 3104 2477 anno
3141 2421 3277 2476 1084
3329 2420 3585 2492 primum
3691 2442 3697 2455 -

1976 2517 2175 2573 fuisset
2204 2516 2510 2588 ingressus.
2560 2514 2747 2583 Atque
2780 2510 2838 2567 id
2862 2515 2999 2567 tunc
3039 2509 3279 2576 factum,
3314 2508 3490 2565 etiam
3519 2525 3588 2564 ex

1978 2605 2269 2679 Guigonis,
2290 2602 2477 2676 quinti
2504 2600 2817 2657 Carthusiae
2845 2598 3235 2672 prioris,quod
3266 2598 3421 2671 apud
3440 2598 3584 2654 Lab-

1977 2696 2154 2751 beum
2180 2698 2325 2749 tom.
2351 2694 2373 2746 Ι
2404 2690 2768 2746 Bibliotheca).
2796 2705 2958 2744 novae
2984 2688 3263 2743 librorum
3308 2704 3416 2742 ms.
3448 2703 3583 2760 pag.

1980 2785 2083 2839 639
2104 2785 2290 2853 etseq.
2317 2780 2390 2836 ad
2401 2780 2724 2852 primorum
2739 2780 2984 2850 quatuor
3001 2775 3312 2833 Garthusiae
3323 2775 3585 2849 priorum

254 2866 394 2921 licet
423 2864 625 2920 laudat
653 2868 711 2920 et
744 2868 1082 2923 corroborat
1124 2870 1233 2925 hoc
1262 2871 1504 2939 donum,
1541 2875 1696 2945 quod
1728 2874 1879 2931 fece-
1899 2894 1946 2953 ο
1981 2870 2309 2928 Chronicon
2337 2870 2519 2924 exstat
2543 2866 2856 2938 adjectum,
2913 2865 3182 2938 quodque
3222 2865 3309 2953 ab,
3352 2866 3584 2921 auctore

256 2958 402 3010 runt
435 2970 611 3026 supra
630 2955 853 3028 scripta:
890 2973 1175 3028 personae,
1209 2975 1341 3014 cum
1393 2961 1552 3016 omni
1592 2968 1881 3019 conventu

258 3042 609 3098 clericorum
624 3061 858 3099 suorum
876 3048 934 3100 et
957 3050 1237 3129 quantum
1267 3049 1340 3103 ad
1353 3066 1411 3104 se
1442 3049 1883 3124 pertinet,quid-

262 3131 408 3202 quid
441 3130 527 3185 sui
569 3132 715 3202 juris
773 3150 895 3188 esse
942 3134 1187 3203 videtur,
1239 3136 1477 3193 omnino
1532 3139 1816 3195 concedit.
1847 3160 1877 3191 »

261 3217 549 3273 Sanctum
568 3219 761 3292 itaque
786 3238 939 3277 anno
959 3224 1092 3278 1084
1125 3223 1435 3280 Carthusim
1466 3243 1730 3282 eremum
1758 3245 1879 3285 esse

260 3307 618 3379 ingressum,
648 3325 716 3363 ex
742 3308 883 3381 ipsa,
909 3327 1023 3382 qua
1062 3312 1301 3368 fundata
1339 3313 1464 3369 haec
1505 3314 1633 3382 fuit,
1679 3316 1880 3373 charta

256 3395 515 3451 habetur
526 3401 915 3470 compertum;
936 3400 1032 3471 qui
1048 3403 1352 3469 autem,uti
1385 3402 1442 3458 in
1460 3404 1568 3459 hac
1595 3404 1874 3475 innuitur,

255 3487 506 3557 quartus
535 3485 893 3559 episcopatus
911 3488 1228 3561 S.Bugonis
1255 3509 1460 3559 annus,
1494 3492 1591 3565 qui
1622 3510 1689 3548 ex
1714 3494 1878 3549 dictis

248 3573 385 3644 jam
416 3572 554 3629 inde
586 3592 620 3629 a
645 3592 846 3631 mense
875 3578 1075 3633 Martio
1101 3579 1241 3634 anni
1277 3582 1411 3636 1080
1424 3579 1722 3653 episcopus
1744 3598 1880 3638 con-

260 3665 526 3717 secratus
547 3662 674 3730 fuit,
708 3663 768 3718 in
805 3683 970 3721 cursu
1003 3667 1210 3735 adhuc,
1239 3685 1371 3724 cum
1405 3668 1718 3726 Carthusiae
1750 3688 1876 3727 ere-

257 3768 428 3806 mum
444 3749 685 3806 Sanctus
697 3756 893 3809 noster
908 3755 1162 3827 primum
1186 3757 1709 3831 adiithabitareque
1721 3776 1876 3817 anno

260 3840 427 3907 1084,
460 3839 534 3893 ad
558 3839 790 3897 Junium
821 3860 887 3898 ex
914 3844 1171 3900 dicendis
1198 3845 1327 3916 jam
1359 3850 1651 3918 provecto,
1685 3849 1874 3921 capit,

255 3944 385 3983 esse
416 3928 691 3999 potuerit,
707 3929 861 3987 infra
881 3935 1428 4007 exponam,quando
1442 3935 1703 3991 chartam
1717 3937 1877 3993 illam

253 4016 575 4089 integram,
606 4017 691 4072 uti
724 4037 818 4075 me
843 4021 1131 4078 facturum
1158 4023 1334 4079 modo
1348 4024 1570 4093 monui,
1595 4024 1876 4081 huctran-

252 4105 535 4161 scribam.
571 4104 766 4163 Sancti
806 4109 880 4165 ad
933 4111 1237 4183 Hugonem
1280 4111 1877 4184 Gratianopolitanum

1979 2957 2298 3016 S.Brunoni
2320 2960 2419 3012 aut
2439 2954 2628 3027 aquati
2676 2956 2774 3009 aut
2804 2956 2958 3009 certe
2989 2951 3335 3025 bubaaquali,
3358 2955 3587 3007 contex-

1978 3052 2103 3105 tum
2129 3047 2374 3114 videtur,
2399 3044 2585 3117 elogio
2598 3040 3149 3099 conﬁcitur.Etenim
3178 3040 3236 3095 in
3266 3040 3377 3095 hoc
3404 3038 3584 3095 Guido

1981 3138 2185 3196 obiisse
2229 3134 2521 3200 asseritur,
2560 3155 2588 3183 ‹‹
2617 3148 2749 3187 cum
2804 3131 2874 3186 ab
2904 3129 3137 3185 exordio
3171 3126 3585 3185 Carthusiensis

1979 3226 2161 3284 eremi
2185 3242 2370 3281 annus
2396 3219 2906 3295 quinquagesimus
2959 3217 3163 3273 tertius
3201 3219 3472 3289 ageretur
3502 3232 3519 3285 ;
3552 3237 3581 3266 n

1978 3333 2176 3390 quare,
2220 3330 2351 3370 cum
2398 3311 2599 3385 Guigo,
2650 3306 3149 3383 quemadmodum
3180 3305 3333 3361 inter
3382 3321 3588 3361 omnes

1976 3402 2263 3470 convenit,
2324 3416 2479 3456 anno
2534 3401 2668 3455 4437
2716 3398 2871 3454 diem
2926 3399 3251 3453 extremum
3298 3392 3586 3461 clauserit,

1975 3490 2409 3563 computatique
2440 3488 2511 3544 ab
2530 3489 2640 3543 hoc
2661 3504 2815 3542 anno
2848 3486 3050 3542 ordine
3080 3483 3422 3556 retrogrado
3449 3480 3587 3538 anni

1976 3578 2398 3654 quinquaginta
2442 3579 2500 3633 et
2532 3578 2650 3632 tres
2690 3575 2763 3631 ad
2812 3591 3032 3630 annum
3087 3573 3224 3629 1084-
3275 3571 3585 3639 deducant,

1974 3683 2334 3740 consequens
2355 3667 2442 3721 est
2470 3667 2533 3719 ut
2561 3663 2671 3720 hoc
2702 3679 2855 3718 anno
2879 3659 3195 3717 Carthusiae
3224 3676 3453 3715 eremus
3474 3658 3586 3715 ini-

1974 3755 2120 3812 tium
2152 3750 2457 3827 acceperit,
2491 3769 2611 3819 seu,
2672 3749 2827 3822 quod
2883 3748 3091 3804 eodem
3146 3747 3369 3814 recidit,
3416 3748 3481 3801 ut
3524 3744 3585 3803 in

1973 3846 2124 3901 hanc
2151 3846 2286 3899 tunc
2302 3840 2557 3914 primum
2593 3839 2835 3895 Sanctus
2853 3839 3051 3892 noster
3074 3835 3250 3891 fuerit
3271 3834 3582 3907 ingressus.

2046 3936 2113 3992 47
2124 3931 2528 4003 2.«Denique,»
2547 3927 2735 4001 inquit
2752 3925 3134 3992 Mabillonius,
3166 3922 3584 3998 praefationein

1976 4021 2167 4079 saeculi
2199 4019 2341 4076 sexti
2372 4015 2725 4074 Benedictini
2759 4017 2909 4088 part.
2936 4031 2998 4082 II,
3054 4029 3217 4069 num.
3263 4011 3350 4085 86)
3379 4029 3502 4068 esse
3526 4011 3588 4068 id

1975 4114 2114 4167 tunc
2132 4109 2371 4175 factum,
2407 4105 2585 4162 etiam
2616 4104 2868 4177 «probat
2890 4100 3073 4158 sancti
3102 4099 3386 4157 Brunonis
3409 4100 3589 4173 epita-

252 4210 557 4250 accessum
591 4198 765 4268 atque
813 4197 872 4253 in
912 4199 1224 4255 Carthusias
1276 4217 1540 4256 eremum
1589 4218 1874 4258 secessum
1894 4185 1947 4245 D
1974 4198 2199 4273 phium,
2224 4214 2255 4253 e
2276 4195 2455 4252 veteri
2484 4194 2683 4252 codice
2723 4191 3073 4265 descriptum
3112 4190 3172 4247 in
3198 4192 3321 4247 haec
3360 4190 3537 4246 verba
3566 4205 3582 4247 :

254 4301 419 4343 anno
455 4285 616 4355 1084,
641 4285 1113 4358 accidisse,modo
1129 4288 1220 4344 hic
1233 4287 1469 4344 ulterius
1478 4290 1871 4361 probandum.

254 4372 528 4448 Sanctus,
562 4378 646 4434 uti
675 4377 829 4433 infra
867 4377 1107 4446 docebo,
1154 4379 1226 4434 ab
1269 4378 1497 4434 Urbano
1525 4380 1588 4446 lI,
1642 4397 1872 4436 summo

254 4466 560 4535 pontifice,
584 4469 682 4540 qui
710 4467 861 4522 illius
905 4466 1043 4523 olim
1074 4466 1263 4522 fuerat
1315 4467 1640 4539 discipulus,
1673 4485 1704 4523 e
1737 4469 1873 4525 Car-

253 4552 452 4610 thusia
467 4556 713 4612 Romam
726 4555 834 4610 fuit
847 4555 1566 4628 evocatus,Carthusiaaque
1584 4573 1870 4627 eremum,

250 4642 438 4715 quod,
469 4660 537 4700 eo
564 4645 835 4713 abeunte,
870 4643 1201 4699 Landuinus
1231 4643 1448 4716 pariter
1472 4644 1703 4717 aliique,
1746 4645 1871 4718 qui-

249 4732 503 4788 buscum
517 4732 577 4789 in
592 4750 815 4789 sacram
836 4732 997 4789 illam
1010 4732 1381 4789 solitudinem
1410 4750 1533 4789 sese
1547 4734 1871 4805 abdiderat,

251 4820 492 4877 discede
518 4839 585 4878 ex
612 4823 720 4878 hac
772 4823 1004 4889 vellent,
1049 4820 1307 4895 Siguino,
1341 4821 1629 4877 Casaa-Dei
1679 4823 1872 4880 abbati

251 4910 596 4983 resignavit,
630 4911 726 4985 qui
775 4914 978 4985 postea
1020 4911 1289 4967 eamdem
1333 4910 1524 4966 eidem
1573 4911 1872 4968 Landuino

252 4998 499 5071 aliisque
525 5000 719 5056 Sancti
746 4999 1054 5073 discipulis,
1087 5016 1219 5055 cum
1251 4999 1324 5055 ad
1366 5000 1560 5055 locum
1592 5016 1628 5054 a
1679 5017 1739 5055 se
1779 5001 1875 5057 de-

251 5091 504 5157 sertum,
536 5090 813 5145 suadente
844 5089 1077 5157 Sancto,
1112 5088 1390 5157 redirent,
1424 5087 1619 5144 media
1674 5089 1875 5146 charta

252 5176 493 5250 publica
518 5178 794 5248 restituit;
817 5179 940 5234 haec
970 5181 1167 5233 autem
1200 5194 1353 5234 anno
1380 5179 1518 5234 1090
1540 5177 1677 5232 data
1705 5182 1871 5235 nota-

253 5270 373 5333 tur,
404 5267 467 5321 ut
496 5266 607 5322 hoc
652 5284 804 5323 anno
838 5265 1168 5323 Landuinus
1208 5266 1419 5339 aliique
1466 5265 1660 5322 Sancti
1692 5268 1874 5323 nostri

2043 4287 2212 4344 Anno
2250 4285 2483 4349 mz'lleno,
2514 4289 2705 4357 quarto
2725 4298 2951 4355 quoque,
2977 4281 3026 4334 si
3045 4280 3169 4337 bene
3185 4296 3392 4353 penses.

2044 4378 2131 4433 Ac
2160 4384 2410 4447 octogeno
2426 4381 2550 4430 sunt
2573 4375 2682 4429 orti
2710 4370 3125 4427 Carthasiensis.

2043 4467 2155 4523 His
2185 4472 2360 4520 ortum
2394 4463 2582 4518 tribuit
2611 4459 2841 4517 excelsus
2878 4457 3071 4515 Bruno
3103 4459 3377 4530 magister,
3405 4477 3436 4508 »
3469 4460 3580 4513 etc.

1975 4556 2216 4622 Quantae
2244 4551 2601 4625 antiquitatis
2630 4548 2702 4605 sit
2746 4548 2945 4617 codex,
2994 4564 3025 4603 e
3064 4564 3177 4620 quo
3204 4548 3377 4604 hosce
3406 4547 3583 4603 versi-

1972 4646 2128 4701 culos
2158 4641 2537 4717 deprompsit,
2563 4637 2922 4697 Mabillonius
2951 4637 3219 4710 nuspiam
3252 4636 3442 4705 edicit,
3476 4651 3583 4691 nec

1972 4733 2107 4790 alibi
2135 4731 2196 4788 id
2219 4729 2542 4804 comperire
2565 4728 2737 4802 quivi.
2754 4730 2817 4783 In
2844 4726 3353 4784 confirmationem
3375 4723 3593 4793 adduci,
3621 4717 3633 4727 ’

1970 4822 2062 4879 hic
2082 4820 2597 4895 prteterea'posset
2631 4814 2914 4890 Sigeberti
2965 4813 3386 4871 Gemblacensis
3419 4811 3580 4868 testi-

1972 4911 2262 4978 monium,
2294 4911 2354 4965 et
2381 4908 2602 4976 charta,
2631 4922 2832 4962 mense
2861 4903 3007 4960 Julio
3034 4903 3172 4958 anni
3202 4902 3337 4957 1084
3363 4900 3435 4956 ab
3467 4900 3583 4956 Hu-

1972 5018 2124 5073 gone
2148 4996 2679 5070 Gratianopolitano
2701 4995 2988 5067 episcopo,
3018 4988 3582 5047 utMabilloniusloco

1970 5089 2233 5164 proxime
2244 5086 2339 5142 cit.
2355 5087 2665 5153 memorat,
2692 5083 2753 5139 in
2784 5078 3292 5138 Carthusianorum
3321 5077 3586 5132 favorem

1973 5194 2262 5246 concessa;
2286 5193 2489 5233 verum
2505 5190 2638 5230 cum
2668 5173 2792 5228 haec
2820 5170 2894 5226 ad
2919 5183 3162 5224 manum
3188 5183 3308 5222 non
3338 5165 3433 5235 sit,
3465 5180 3599 5219 ver-

1972 5268 2185 5341 baque,
2217 5283 2347 5339 quae
2373 5266 2443 5324 de
2463 5263 2520 5320 S.
2548 5263 2817 5318 Brunone
2838 5256 3066 5315 Pistorii
3089 5255 3265 5313 editio
3289 5253 3599 5326 Sigeberto

256 5355 544 5428 discipuli,
567 5355 643 5412 ad
668 5356 1050 5425 Carthusiam,
1082 5372 1279 5428 quam,
1325 5355 1593 5411 Brunone
1625 5354 1875 5416 Romam
1977 5353 2260 5421 attribuit,
2290 5348 2650 5427 supposititia
2681 5366 2749 5404 ex
2780 5346 2945 5402 dictis
2966 5362 3132 5402 num.
3160 5346 3264 5400 298
3294 5342 3428 5410 sint,
3462 5353 3616 5428 nec,

258 5443 536 5511 abeunte,
561 5443 952 5504 deseruerant.
960 5424 1445 5519 jam—rediissem.

1979 5460 2111 5516 quae
2134 5442 2193 5498 in
2212 5424 2465 5500 editione
2482 5436 2656 5497 Mirei
2700 5435 3028 5503 occurrunt,
3056 5428 3491 5491 characteribus
3514 5424 3639 5479 iis—

3612 5730 3800 5927 ,
