4026 6042
383 270 490 325 289

1953 253 2135 312 ACTA

3592 273 3699 331 290

382 391 530 448 lulas
562 409 669 465 per
696 408 903 467 gyrum
933 392 1161 449 claustri
1185 391 1469 465 proprias,
1517 390 1576 445 in
1611 389 1816 462 quibus
1853 400 1989 459 ope-
2010 382 2067 442 Α
2096 381 2369 434 sacellum
2396 380 2669 450 vicinum,
2701 381 2760 438 in
2793 401 2906 457 quo
2942 386 3178 444 missam
3210 390 3535 450 celebrabat
3562 411 3576 452 :
3612 398 3696 455 al-

381 485 610 550 rantur,
666 482 965 537 dormiunt
995 500 1059 537 ac
1087 486 1446 537 vescuntur.»
1480 483 1563 534 Ita
1586 480 1701 547 ille,
1735 476 1833 549 qui
1861 488 1992 529 cum

382 573 637 637 anno,ut
667 573 939 627 num.l70
953 571 1169 638 docui,l
1188 573 1287 627 124
1302 569 1529 626 circiter
1549 586 1579 623 e
1602 568 1735 622 vivis
1767 562 1991 626 abierit,

382 660 775 732 ecclesiaeque,
809 676 981 730 quam
1017 663 1184 714 aetate
1207 677 1309 714 sua
1361 659 1418 713 in
1464 656 1677 712 montis
1701 650 1994 724 crepidine

382 751 737 802 exstructam
779 746 1090 802 Carthusiar.
1108 763 1336 801 eremus
1358 746 1465 801 fuit
1493 746 1813 816 complexa,
1837 757 1997 796 men-

380 835 610 890 tionem
632 836 825 903 faciat,
846 836 1167 902 ecclesiam,
1192 853 1226 889 a
1251 837 1684 890 Blomenvenna
1706 847 1996 887 memora-

377 927 527 992 tam,
561 928 761 996 utpote
791 925 863 978 ab
880 925 987 978 hac
1020 923 1448 977 verosimillime
1489 939 1606 976 non
1626 921 1929 986 diversam,
1963 934 1997 971 a

381 1012 599 1067 Sancto
624 1015 821 1067 nostro
844 1012 1079 1083 ejusque
1101 1011 1410 1083 sociis,jam
1436 1014 1561 1065 tum
1594 1025 1723 1064 eum
1761 1008 1996 1063 Carthu-

380 1102 531 1156 siam
550 1100 803 1174 primum
819 1105 1007 1156 essent
1026 1100 1288 1172 ingressi,
1306 1100 1477 1156 fuisse
1500 1101 1840 1155 exstructam
1854 1138 1867 1163 ,
1899 1112 1993 1151 ve-

381 1189 918 1256 rosimillimum,ne
942 1188 1735 1259 dicamindubium,apparet.
1761 1186 1830 1240 Et
1859 1184 1992 1238 vero

380 1277 524 1350 quin
556 1277 796 1333 Sanctus
816 1277 1051 1349 ejusque
1064 1276 1198 1331 socii
1220 1276 1275 1331 id
1294 1279 1444 1331 tunc
1460 1273 1994 1342 fecerint,dubitare

380 1383 504 1421 non
535 1365 668 1420 sinit
692 1365 933 1420 eximius
953 1366 1125 1438 plone
1156 1380 1354 1419 eorum
1392 1364 1451 1418 in
1481 1366 1662 1419 Deum
1688 1376 1992 1430 amor,quo

381 1454 816 1523 verosimillime
833 1454 1049 1508 factum
1069 1452 1263 1519 fuerit,
1288 1456 1351 1507 ut
1377 1450 1738 1507 Carthusiam
1750 1449 1875 1519 jam
1902 1447 1989 1500 in-

382 1543 564 1615 gressi
624 1542 765 1596 nihil
796 1542 1103 1596 habuerint
1134 1540 1443 1613 antiquius,
1486 1555 1661 1611 quam
1709 1539 1991 1591 sacratam

382 1632 551 1686 unice
571 1630 744 1686 cultui
768 1630 890 1701 ejus
921 1630 1161 1684 domum
1191 1647 1290 1684 seu
1321 1629 1621 1683 ecclesiam
1653 1628 1751 1681 aut
1788 1625 1993 1679 saltem

2094 470 2217 523 tare
2248 468 2404 523 enim
2436 470 2590 524 istius
2616 472 2805 527 sacelli
2841 474 2951 530 huc
2973 493 3150 549 usque
3168 478 3478 537 immotum
3504 501 3695 556 perse-

2094 574 2315 612 verasse
2342 559 2610 613 creditur.
2666 560 2885 617 Ibidem
2931 564 3109 621 etiam
3138 566 3249 623 tria
3299 572 3397 624 aut
3453 576 3699 643 quatuor

2098 664 2311 719 magna
2331 648 2661 719 fragmenta
2680 651 2933 723 rupium,
2961 655 3097 711 olim
3113 657 3183 711 ab
3200 658 3324 713 aliis
3343 661 3581 731 rupibus
3607 679 3699 718 so-

2096 736 2216 791 luta
2244 740 2302 791 et
2345 737 2553 806 decisa,
2603 744 2936 811 cernuntur,
2970 761 3003 798 a
3043 762 3100 800 se
3129 745 3372 803 invicem
3404 751 3699 820 paululum

2095 829 2379 897 separata,
2437 827 2509 881 ad
2571 845 2819 899 quorum
2870 832 3045 903 pedes
3094 836 3324 907 tuguria
3382 841 3520 894 tunc
3574 838 3700 894 illos

2095 912 2397 968 fabricasse
2429 915 2595 968 multi
2616 917 2879 987 suspicati
2896 925 3059 989 sunt;
3093 927 3151 977 et
3176 924 3411 996 quidem
3444 926 3505 982 id
3539 926 3701 1001 quasi

2096 1001 2156 1056 in
2186 1003 2428 1057 transitu
2454 1003 2673 1059 factum
2699 1006 3207 1080 fuisse,probabile
3235 1018 3340 1069 est.

2167 1091 2613 1146 478.«Atstatim
2647 1093 2772 1149 illos
2804 1112 2935 1151 cum
2963 1096 3020 1152 S.
3057 1099 3316 1172 Hugone,
3353 1106 3412 1159 et
3439 1105 3542 1160 sub
3579 1105 3701 1178 ejus

2096 1193 2203 1249 ope
2221 1178 2290 1232 de
2308 1195 2481 1249 parvo
2498 1182 2850 1238 monasterio
2873 1184 2947 1238 ibi
2965 1190 3372 1259 construendo,
3390 1194 3447 1246 et
3463 1193 3533 1248 de
3564 1194 3702 1249 locis

2094 1267 2451 1338 regularibus
2480 1270 2767 1341 erigendis
2794 1276 3084 1343 tractasse,
3117 1279 3471 1336 credendum
3499 1282 3702 1338 est.Vi-

2094 1356 2175 1411 sio
2195 1357 2373 1425 enim,
2406 1375 2581 1428 quam
2616 1360 2837 1415 viderat
2867 1362 2926 1416 in
2949 1366 3171 1421 somnis
3191 1372 3418 1427 sanctus
3443 1373 3700 1441 antistes,

2097 1446 2302 1501 Christi
2316 1447 2417 1501 sibi
2443 1448 2684 1503 domum
2710 1449 2765 1504 in
2782 1450 2889 1505 ista
2912 1469 3110 1509 eremo
3129 1460 3613 1529 construentis,ad
3642 1461 3703 1517 id

2094 1536 2491 1607 impellebat.»
2522 1538 2651 1593 Haec
2672 1540 2981 1608 Massonus,
3013 1544 3230 1601 addens
3256 1527 3559 1618 praeterea,
3587 1527 3701 1623 quo

2094 1626 2229 1677 tunc
2252 1641 2286 1678 a
2313 1625 2577 1679 Brunone
2601 1627 2835 1699 ejusque
2874 1630 3038 1684 sociis
3068 1635 3192 1687 tum
3228 1637 3548 1706 ecclesiam,
3578 1641 3703 1693 tum

383 1721 657 1774 sacellum
687 1722 999 1774 exstruere.
1031 1718 1116 1772 Ad
1146 1718 1289 1785 haec,
1332 1720 1393 1771 ut
1419 1717 1492 1771 ad
1516 1715 1667 1770 Petri
1688 1710 1995 1768 Vcnerabi-
2021 1717 2068 1774 B
2096 1711 2443 1767 nominatim
2500 1716 2915 1771 monasterium
2946 1720 3140 1774 statim
3189 1725 3397 1779 exstrui
3452 1729 3703 1799 coeptum

382 1808 453 1863 lis
477 1809 668 1875 verba,
702 1808 812 1861 huc
840 1805 1208 1878 potissimum
1255 1804 1571 1877 spectantia
1602 1804 1728 1873 jam
1761 1800 1989 1855 veniam

381 1896 684 1968 sequentia
708 1896 832 1949 haec
848 1895 918 1950 de
939 1893 1454 1959 Carthusianis,suo
1489 1895 1751 1961 tempore
1774 1906 1873 1942 seu
1888 1903 1991 1940 sae-

382 1986 511 2039 culo
539 1982 904 2049 duodecimo,
939 1991 1073 2054 quo,
1106 1983 1179 2037 ad
1211 1998 1429 2035 annum
1466 1996 1642 2051 usque
1675 1975 1990 2031 secundum

381 2089 555 2145 supra
584 2072 925 2144 vigesimum
957 2074 1246 2144 provecto,
1298 2068 1519 2124 abbatis
1549 2082 1787 2125 munere
1838 2062 1989 2135 apud

383 2162 785 2218 Cluniacenses
810 2161 976 2232 fungi
1005 2160 1195 2231 coepit,
1225 2157 1537 2214 Carthasim
1560 2170 1820 2210 eremum
1838 2153 1992 2207 inco-

382 2252 653 2317 lentibus,
686 2250 787 2305 lib.
820 2266 859 2304 II
909 2252 988 2304 De
1021 2248 1327 2314 miraculis,
1356 2263 1481 2319 cap.
1517 2248 1584 2301 28
1610 2241 1941 2315 suppeditat
1973 2256 1987 2295 :

383 2342 576 2396 «More
596 2339 835 2410 antiquo
855 2337 1255 2411 Egyptiorum
1290 2335 1709 2390 monachorum
1744 2330 1993 2400 singula-

377 2445 474 2484 res
494 2428 663 2482 cellas
690 2426 766 2498 (S.
805 2428 993 2481 Bruno
1022 2426 1258 2497 ejusque
1300 2423 1458 2489 socii,
1495 2418 1853 2476 Carthusiam
1883 2415 1986 2488 pri-

381 2535 547 2573 mum
572 2515 833 2587 ingressi,
852 2515 972 2570 bini
994 2517 1051 2569 et
1070 2512 1419 2583 bini,utjam
1443 2505 1996 2580 dictum,persingu-

380 2608 465 2663 las
478 2604 829 2677 cellas,quod
841 2605 989 2658 forte
1002 2604 1091 2658 hae
1109 2592 1524 2657 monachorum
1545 2613 1852 2653 numerum
1876 2612 1993 2649 non

382 2697 682 2768 mquarent
716 2694 1027 2761 incoluere)
1082 2695 1362 2764 perpetua
1410 2687 1813 2744 inhabitabant
1846 2703 1860 2753 ;
1902 2683 1998 2738 ubi

380 2784 632 2852 silentio,
665 2781 896 2837 lectioni
922 2785 1094 2852 atque
1123 2779 1284 2851 operi
1315 2794 1620 2843 manuum,
1654 2774 1905 2830 maxime
1937 2771 1997 2826 in

382 2871 700 2927 scribendis
730 2866 1513 2940 libris,irrequietiinsistunt.
1549 2867 1612 2919 In
1644 2862 1864 2918 eisdem
1886 2859 1997 2914 cel-

2091 1802 2586 1873 probct,tempore
2604 1803 2871 1874 Guigonis
2875 1806 2999 1875 jam
3020 1808 3269 1877 plurima
3282 1813 3524 1869 aedificia
3541 1815 3706 1870 exsti-

2091 1889 2223 1943 tisse
2245 1892 2548 1957 exstrueta,
2608 1908 2711 1945 nec
2758 1892 3015 1948 futurum
3051 1896 3103 1950 id
3146 1897 3338 1967 fuisse,
3372 1902 3430 1956 ni
3462 1902 3703 1958 Sanctus

2091 1977 2284 2032 statim
2315 1995 2349 2032 a
2380 1996 2481 2033 suo
2514 1978 2570 2032 in
2593 1980 2951 2036 Carthusiam
2972 1983 3232 2056 ingressu
3263 2005 3505 2045 manum
3538 1990 3702 2063 operi

2092 2065 2387 2120 admoveri
2405 2068 2887 2123 eurasset.Verum
2912 2088 3041 2125 cum
3073 2090 3106 2127 a
3131 2076 3392 2146 tempore
3424 2096 3535 2150 quo
3559 2079 3704 2134 San-

2091 2156 2216 2208 ctus
2245 2154 2479 2225 ejusque
2506 2156 2642 2209 socii
2674 2156 2732 2210 in
2780 2157 3094 2215 Carthusiaa
3146 2178 3411 2219 eremum
3450 2166 3706 2238 primum

2092 2259 2215 2297 sese
2256 2243 2549 2306 abdidere,
2574 2245 2646 2299 ad
2664 2248 2891 2317 tempus
2912 2266 3088 2321 usque
3119 2267 3232 2323 quo
3260 2253 3439 2326 Guigo
3458 2256 3710 2317 Carthu-

2094 2331 2239 2385 siam
2257 2332 2698 2403 gubernandam
2717 2336 2958 2407 accepit,
2994 2339 3131 2392 anni
3165 2357 3258 2395 sex
3281 2359 3454 2414 supra
3480 2345 3705 2419 viginti,

2093 2419 2173 2474 uti
2192 2420 2437 2490 ipsemet
2475 2422 2598 2476 loco
2617 2422 2711 2476 cit.
2736 2423 3025 2480 Massonus
3068 2427 3302 2498 fatetur,
3329 2437 3706 2509 excurrerint,

2096 2524 2213 2562 non
2245 2508 2408 2562 video
2464 2510 2560 2581 qui
2592 2510 2855 2579 aediﬁcia,
2901 2530 3030 2584 qua:
3082 2516 3380 2574 Carthusia
3436 2504 3709 2597 Guigonis

2099 2599 2267 2651 (etate
2299 2598 2811 2668 complectebatur,
2843 2604 3129 2659 exstructa
3161 2607 3421 2678 essejam
3452 2613 3577 2668 tum
3606 2632 3708 2671 ne-

2099 2684 2395 2755 quiissent,
2415 2686 2639 2740 etiamsi
2656 2688 2844 2742 Bruno
2870 2689 3106 2762 ejusque
3132 2693 3270 2748 socii
3291 2694 3357 2749 iis
3379 2702 3712 2758 construen-

2100 2771 2185 2826 dis
2205 2772 2399 2826 statim
2427 2789 2460 2827 a
2488 2790 2588 2828 suo
2603 2774 2660 2828 in
2691 2774 3569 2852 Carthusiamingressuinitium
3590 2806 3708 2845 non

2100 2859 2408 2914 dedissent.
2437 2862 2587 2915 Utut
2624 2862 2714 2929 sit,
2746 2864 3016 2935 equidem
3045 2869 3169 2921 tum
3191 2869 3318 2939 jam
3336 2888 3509 2943 supra
3534 2866 3706 2947 dicta,

383 2960 454 3015 lis
482 2960 742 3015 debitum
763 2956 1117 3030 regularium
1138 2957 1437 3022 horarum,
1456 2955 1564 3009 hoc
1595 2954 1700 3019 est,
1720 2949 1995 3014 Primam,
2028 2952 2074 3011 C
2099 2950 2244 3016 tum,
2259 2966 2373 3020 qua
2382 2950 2560 3021 pressi
2584 2951 2816 3007 indubie
2836 2952 3074 3009 fuerunt
3095 2958 3284 3013 Bruno
3299 2960 3535 3034 ejusque
3546 2965 3706 3035 socii,

380 3048 658 3115 Tertiam,
712 3046 964 3114 Sextam,
1018 3046 1266 3111 Nonam,
1325 3041 1780 3116 Completorium
1831 3036 1996 3108 signo

384 3137 648 3193 Ecclesiae
671 3134 1015 3190 commoniti
1046 3135 1162 3188 Deo
1195 3133 1543 3205 persolvunt.
1592 3130 1678 3184 Ad
1720 3128 1998 3197 Vesperas

384 3229 447 3281 et
474 3224 776 3280 Matutinas
807 3224 866 3277 in
899 3222 1139 3276 ecclesia
1168 3221 1361 3275 cuncti
1390 3220 1757 3274 conveniunt.
1794 3241 1821 3269 ››

455 3316 582 3369 477.
639 3313 777 3367 Cum
804 3327 942 3382 ergo
975 3309 1127 3364 Petri
1158 3308 1510 3363 Venerabilis
1549 3311 1717 3363 aetate
1764 3308 2001 3364 Carthu-

312 3390 329 3405 ’
383 3400 588 3456 siensis
617 3400 800 3455 eremi
858 3398 1058 3453 incolae
1088 3396 1246 3451 statis
1288 3396 1665 3467 temporibus,
1706 3396 1787 3450 uti
1815 3414 1881 3451 ex
1910 3396 1998 3451 his

384 3490 541 3545 Petri
561 3490 749 3545 verbis
791 3487 1149 3558 intelligitur,
1183 3487 1256 3539 ad
1281 3485 1580 3540 Matutinas
1622 3488 1680 3538 et
1722 3485 1998 3556 Vcsperas

384 3579 695 3635 convenire
727 3579 916 3633 essent
948 3575 1117 3643 soliti,
1151 3575 1325 3646 hique
1354 3574 1530 3628 vitam
1569 3590 1732 3627 suam
1765 3574 1837 3628 ad
1868 3591 1999 3629 nor-

388 3684 551 3722 mam
577 3684 752 3739 quam
785 3666 841 3721 S.
895 3667 1084 3719 Bruno
1117 3663 1352 3734 ejusque
1401 3660 1536 3715 socii
1583 3660 1843 3716 moribus
1886 3662 1999 3716 suis

387 3758 811 3826 expresserant,
847 3752 1008 3809 omni
1035 3751 1209 3807 dubio
1243 3750 1440 3822 procul
1464 3748 1778 3820 exegerint,
1813 3748 1998 3804 ambi-

390 3845 651 3915 gendum
675 3860 792 3898 non
819 3844 905 3896 est
938 3841 1074 3913 quin
1099 3844 1156 3893 et
1205 3838 1445 3893 Sanctus
1483 3837 1718 3908 ejusque
1760 3837 1896 3892 socii
1928 3838 2002 3892 ad

391 3932 696 3987 Matutinas
719 3935 776 3985 et
799 3931 1079 4000 Vesperas
1108 3926 1415 3981 convenire
1447 3926 1661 3996 pariter
1689 3926 1998 3994 voluerint;

392 4024 458 4075 ut
486 4020 752 4095 proinde,
787 4035 900 4091 quo
930 4019 1141 4083 locum,
1173 4016 1233 4069 in
1267 4031 1379 4087 quo
1418 4014 1477 4068 id
1512 4014 1790 4082 facerent,
1824 4015 2003 4068 habe-

392 4110 1034 4181 rent,qualemcumque
1048 4107 1251 4159 saltem
1276 4102 1573 4157 ecclesiam
1601 4119 1701 4156 seu
1730 4103 2001 4156 sacellum

393 4199 591 4253 statim
606 4194 1099 4268 atqueCarthusize
1116 4207 1380 4248 eremum
1404 4193 1593 4245 essent
1610 4190 1850 4261 ingressi
1865 4191 2004 4245 αθᾱὶ-

2097 3054 2220 3092 sese
2247 3039 2512 3093 adversus
2543 3040 2690 3095 aeris
2718 3041 2956 3112 injurias
2977 3046 3203 3100 tutandi
3230 3050 3535 3106 necessitas
3550 3054 3711 3112 dubi-

2098 3130 2224 3182 tare
2253 3144 2373 3183 non
2400 3128 2556 3197 sinit,
2589 3130 2727 3202 quin
2748 3132 2943 3186 statim
2967 3149 3000 3186 a
3028 3151 3129 3188 suo
3153 3134 3211 3189 in
3228 3135 3591 3197 Carthusiam
3616 3142 3707 3200 in-

2100 3232 2297 3287 gressu
2348 3218 2577 3271 cellulas
2651 3221 3095 3293 qualescunque,
3139 3240 3265 3295 quae
3305 3242 3509 3283 omnes
3537 3231 3708 3288 simul

2100 3305 2415 3376 quamdam
2438 3308 2770 3361 monasterii
2801 3310 3050 3380 speciem
3071 3313 3433 3384 praeferrent,
3468 3319 3713 3378 aediﬁca-

2097 3392 2334 3446 rint.Ait
2356 3395 2661 3465 quidemin
2681 3395 2885 3469 Stylita
2908 3399 3147 3469 mystico
3166 3406 3381 3472 puncta
3402 3409 3624 3472 2,num.
3655 3412 3707 3465 3.

2098 3481 2462 3552 Raynaudus,
2485 3487 2620 3537 tunc
2650 3484 2803 3555 ipsos
2845 3486 2901 3540 in
2926 3488 3157 3559 rupium
3190 3492 3526 3550 cavitatibus
3547 3498 3712 3554 sedes

2098 3569 2317 3639 ﬁxisse;
2346 3587 2588 3643 usosque
2606 3573 3048 3645 tuguriis,opere
3073 3580 3446 3637 tumultuario
3490 3588 3711 3642 exstru-

2099 3658 2222 3721 ctis,
2254 3659 2349 3713 alii
2381 3664 2734 3723 asseverant;
2762 3680 2958 3718 verum
2989 3664 3068 3733 id,
3092 3670 3155 3720 ut
3187 3672 3249 3722 ut
3274 3670 3353 3724 ita
3381 3673 3575 3730 forsan
3607 3676 3718 3732 ini-

2100 3745 2180 3801 tio
2205 3747 2490 3814 habuerit,
2515 3748 2612 3802 diu
2628 3752 2825 3804 tamen
2857 3768 2977 3805 non
3012 3753 3266 3822 durasse,
3305 3759 3589 3833 cellasque
3622 3765 3710 3819 in-

2102 3837 2262 3889 terea
2291 3852 2356 3889 ac
2385 3835 2684 3891 ecclesiam
2717 3854 2750 3891 a
2781 3839 3047 3894 Brunone
3088 3841 3326 3915 ejusque
3342 3848 3511 3901 sociis
3536 3852 3713 3908 (edifi-

2102 3926 2256 3976 catas
2286 3922 2479 3989 fuisse,
2532 3925 2617 3978 vel
2643 3926 2764 3979 sola
2795 3926 2972 3980 fidem
3004 3928 3139 3982 facit
3187 3931 3543 3990 fundationis
3574 3938 3709 3994 Car-

2102 4009 2304 4065 thusize
2326 4011 2526 4066 charta
2555 4010 2706 4065 infra
2748 4013 3063 4083 recitanda,
3100 4016 3159 4071 in
3191 4034 3305 4088 qua
3349 4026 3565 4092 praeter
3599 4027 3712 4083 alia

2105 4098 2226 4152 haec
2278 4100 2553 4170 luguntur
2584 4116 2597 4155 :
2626 4101 2987 4156 «Praefata...
3029 4104 3383 4179 (Carthusize)
3414 4112 3591 4182 terra,
3626 4115 3713 4172 his

2102 4186 2609 4242 terminationibus
2628 4191 2955 4258 conclusa,a
2980 4193 3255 4265 magistro
3273 4197 3535 4255 Brunone
3566 4204 3713 4261 etab

393 4285 555 4339 ﬁcari
568 4282 1095 4349 verosimillime,ne
1113 4277 2007 4346 dicamindubie,curarint,sum-
2029 4272 2082 4330 D
2106 4276 2213 4343 his,
2245 4277 2342 4348 qui
2376 4294 2506 4331 cum
2526 4294 2593 4333 eo
2626 4282 2813 4346 erant,
2834 4279 3104 4336 fratribus
3130 4284 3280 4355 cepit
3319 4285 3633 4347 inhabitari
3658 4298 3717 4350 et

393 4377 528 4445 ptus
552 4370 947 4428 liberalissime
976 4368 1380 4441 suppeditante
1404 4366 1461 4420 S.
1495 4366 1757 4437 Hugone,
1787 4366 2005 4421 Gratia-

396 4462 738 4535 nopolitano
786 4458 1075 4530 episcopo.
1118 4458 1296 4511 Porro
1326 4455 1634 4521 Massonus,
1671 4471 1845 4527 supra
1889 4472 2009 4511 non

396 4568 532 4607 raro
554 4551 680 4622 jam
710 4548 995 4614 laudatur,
1022 4545 1083 4600 in
1110 4561 1306 4618 opere,
1342 4543 1497 4616 quod
1527 4543 1743 4598 ordinis
1766 4543 2008 4599 Carthu-

398 4639 598 4695 siensis
623 4638 872 4692 Annales
896 4633 1203 4705 inscripsit,
1224 4632 1323 4688 lib.
1367 4649 1406 4699 ι,
1440 4648 1565 4704 cap.
1614 4636 1667 4699 2,
1724 4649 1887 4687 num.
1947 4635 2011 4689 lO

399 4730 475 4785 ad
496 4727 895 4801 quaestionem,
918 4741 1052 4797 qua,
1081 4742 1113 4775 «
1139 4721 1450 4794 qualiter...
1488 4719 1544 4775 S.
1564 4722 1752 4776 Bruno
1780 4725 1838 4776 et
1874 4721 2011 4777 socii

399 4820 525 4889 ejus
555 4814 915 4871 domicilium
964 4811 1070 4866 sibi
1120 4809 1468 4865 constituere
1507 4808 1787 4880 coeperint
1815 4809 1876 4863 in
1907 4809 2015 4865 ista

402 4903 757 4979 (Carthasim)
808 4917 1029 4967 eremo,
1061 4899 1120 4953 in
1160 4896 1550 4971 preeminenti
1604 4897 1700 4952 illo
1729 4899 1877 4964 loco,
1917 4898 2014 4953 ubi

398 4994 673 5048 sacellum
696 4990 878 5046 sancti
926 4986 1210 5042 Brunonis
1229 4986 1346 5057 (adi
1370 5002 1533 5040 num.
1570 4985 1696 5057 447)
1719 5002 1871 5041 nunc
1892 4986 2016 5041 visi-

400 5087 552 5151 tur,»
572 5082 823 5151 seipsum
845 5075 1566 5148 interrogat,sequentihus
1586 5075 1762 5144 hisce,
1783 5079 1843 5129 ut
1876 5075 2015 5130 San-

402 5175 561 5227 ctum
612 5172 849 5241 ejusque
876 5165 1078 5232 socios,
1113 5163 1424 5219 Carthusize
1459 5180 1725 5218 eremum
1757 5163 2015 5235 primum

402 5261 716 5333 ingressos,
750 5253 1102 5311 monasterio
1150 5268 1249 5307 seu
1278 5252 1517 5333 cellulis,
1550 5251 1883 5323 eclesiasque
1916 5268 2016 5307 seu

404 5350 612 5405 sacello
644 5343 997 5401 azdificandis
1033 5356 1275 5397 manum
1307 5326 1647 5407 admovisse,
1683 5342 2013 5411 conﬁrmet,

406 5433 933 5505 verbisrespondct:
957 5430 1318 5484 «Traditione
1349 5432 1732 5495 constat,eum
1767 5428 1846 5499 (S.
1879 5431 2014 5484 Bru-

2109 4365 2363 4420 construi
2391 4382 2545 4421 anno
2572 4366 2642 4422 ab
2671 4368 3070 4424 Incarnatione
3099 4372 3330 4429 Domini
3374 4379 3528 4433 1084.
3559 4398 3590 4433 »

2179 4457 2304 4510 479.
2339 4458 2517 4511 Porro
2549 4457 2845 4511 ecclesiam
2904 4476 2968 4513 ac
2999 4461 3228 4517 cellulas
3259 4464 3426 4535 juxta
3468 4468 3714 4540 fontem,

2111 4542 2209 4616 qui
2230 4543 2518 4616 hodieque
2540 4545 2686 4599 Fons
2709 4543 2765 4598 S.
2794 4547 3079 4602 Brunonis
3120 4549 3347 4620 dicitur,
3364 4555 3537 4611 fuisse
3580 4561 3718 4615 tunc

2112 4650 2146 4686 a
2158 4631 2490 4686 S.Brunone
2504 4632 2553 4702 ej
2562 4634 2909 4704 usquesociis
2922 4638 3255 4707 exstructas,
3287 4640 3720 4703 Blomenvenna

2113 4720 2365 4776 recitatis
2385 4738 2546 4775 num.
2557 4723 2663 4777 474
2676 4722 2861 4778 verbis
2874 4724 3342 4801 afﬁrmat.Atque
3361 4732 3469 4787 hoc
3481 4736 3718 4805 quidem

2115 4813 2337 4864 certum
2359 4812 2901 4883 apparet,nec,quin
2926 4815 3346 4889 qualiacunque
3370 4819 3465 4875 illa
3477 4824 3720 4882 aedificia

2119 4920 2147 4949 ‹‹
2168 4898 2254 4953 Ad
2286 4899 2571 4953 honorem
2602 4899 2702 4953 Dei
2730 4902 2786 4953 et
2799 4900 2982 4956 beatae
2999 4920 3229 4976 semper
3260 4905 3505 4978 Virginis
3528 4910 3719 4971 Mariae

2116 4989 2173 5041 et
2208 4986 2361 5040 beati
2398 4986 2634 5042 Joannis
2652 4988 2918 5059 Baptista:
2935 5010 2962 5039 ››
2982 4991 3197 5046 fuerint
3226 4998 3529 5067 exstructa,
3554 5000 3720 5057 dubi-

2115 5076 2358 5131 tandum
2389 5078 2493 5143 est,
2521 5093 2653 5131 cum
2681 5077 2760 5132 ita
2780 5077 2836 5131 in
2867 5078 3161 5149 Guigonis,
3186 5082 3344 5136 testis
3371 5087 3531 5141 omni
3566 5106 3722 5148 exce-

2115 5165 2314 5237 ptione
2346 5164 2602 5235 majoris,
2651 5167 3159 5222 consuetudinibus
3209 5186 3334 5241 cap.
3390 5176 3456 5229 23
3513 5177 3720 5237 diserte

2117 5253 2637 5337 asseratur.Verum
2668 5258 2820 5321 sunt,
2865 5255 2963 5325 qui
2992 5255 3216 5312 fontem
3247 5258 3409 5315 illum
3443 5263 3721 5325 miraculo

2118 5342 2426 5397 excitatum
2457 5341 2628 5396 fuisse
2660 5342 2953 5409 scribunt;
2987 5360 3053 5397 ac
3078 5345 3173 5399 alii
3205 5347 3720 5424 quidem,quorum

2119 5430 2462 5502 Raynaudus
2496 5430 2552 5483 in
2576 5430 2779 5501 Stylita
2828 5432 3068 5502 mystico
3117 5438 3332 5505 puncto
3377 5442 3429 5505 2,
3490 5458 3651 5499 num.
3686 5450 3716 5501 3

413 5542 632 5589 nonem
688 5520 971 5593 videlicet)
1040 5520 1246 5575 cellam
1298 5516 1411 5572 illic
1454 5516 1738 5587 habuisse,
1792 5517 1913 5574 imo
1964 5525 2024 5577 et
2103 5520 2392 5589 meminit,
2417 5519 2475 5574 id
2498 5518 2718 5575 meritis
2743 5519 2800 5577 S.
2825 5522 3132 5593 Brunonis,
3152 5524 3247 5581 alii
3277 5533 3480 5587 contra
3498 5531 3718 5611 hosque
