4224 6058
580 295 676 351 291

579 417 737 474 inter
766 411 1090 472 Dorlandus
1120 406 1388 467 Chronici
1413 403 1830 464 Carthusiensis
1855 402 1953 458 lib.
1976 419 2037 469 ιι,
2053 417 2179 475 cap.

579 504 902 579 8,precibus
919 502 976 558 8.
1001 492 1796 569 Hugonis,Gratianopolitani
1811 489 2084 564 episcopi,
2103 492 2185 545 at-

579 594 860 650 tribuunt.
917 589 1216 645 Zacharias
1241 586 1598 650 Benedictus,
1614 584 1835 638 fontem
1858 579 2019 634 illum
2051 595 2181 650 pre-

579 682 737 738 cibus
765 684 824 736 et
853 676 1214 734 S.Brunonis
1245 679 1301 730 et
1337 675 1582 730 aliorum
1612 669 1897 736 omnium,
1929 667 2026 740 qui
2051 683 2184 721 cum

578 785 648 824 eo
671 769 730 824 in
763 765 1080 832 Cartbusia,
1108 764 1245 819 dum
1263 763 1517 836 primum
1543 761 1600 816 iu
1615 760 1764 814 hanc
1782 755 2022 829 ingressi
2049 755 2185 810 aedi-

580 857 710 913 ﬁcia
733 854 1053 911 necessaria
1081 853 1483 908 construerent
1538 862 1816 921 aquaaqua
1835 843 2079 916 penuria
2099 843 2180 898 la-

580 946 876 1010 borarent,
900 961 933 997 a
953 945 1071 998 Deo
1095 941 1264 995 fuisse
1296 939 1690 1011 impetratum,
1720 935 1780 990 in
1808 932 2096 988 metricae
2122 945 2182 985 se

579 1032 860 1089 adornata
887 1029 1080 1086 Sancti
1113 1027 1294 1083 nostri
1314 1027 1441 1081 Vita
1467 1026 1621 1080 hunc
1649 1023 1804 1079 canit
1827 1021 1888 1076 in
1919 1019 2181 1075 modum:

645 1120 887 1177 Planitie
913 1120 969 1172 in
993 1133 1201 1172 summa
1230 1114 1473 1186 cellaeque
1503 1119 1554 1168 et
1571 1113 1760 1184 phana
1790 1116 2096 1174 struuntur,

581 1211 592 1217 ’
649 1206 1097 1278 Christipara'que
1130 1219 1342 1260 sacrum
1375 1201 1638 1256 Genitrici
1660 1199 1730 1253 ad
1749 1217 1846 1252 ara
1877 1197 2108 1252 dicatur.

646 1295 751 1352 Ille
775 1296 916 1351 locus
936 1297 1191 1367 privat-us
1216 1303 1330 1347 erat
1366 1289 1678 1360 ﬂuvialibus
1710 1287 1884 1341 undis.

645 1384 778 1440 Non
804 1385 883 1438 ibi
909 1385 1148 1438 cisternae
1169 1389 1462 1452 puteusque
1489 1396 1582 1432 nec
1602 1377 1741 1431 ullus
1771 1375 1982 1430 ibidem.

550 1479 556 1486 ’
627 1474 727 1529 «In
743 1475 900 1544 fovea
929 1479 1184 1543 tanquam
1199 1467 1455 1540 pluvialis
1481 1466 1694 1537 lympha
1725 1463 1972 1536 manebat

653 1562 900 1628 Mortua,
928 1567 979 1615 et
1005 1557 1283 1614 interdum
1313 1556 1451 1611 luteo
1482 1555 1694 1615 fatebat
1712 1553 1888 1607 odore.

647 1650 719 1706 In
759 1664 977 1704 merere
1013 1663 1190 1701 omnes
1223 1643 1556 1698 incommoda
1581 1645 1731 1696 tanta
1755 1640 1999 1712 ferebant
2029 1655 2047 1704 ;

1434 281 1493 338 S.
1526 277 1873 338 BRUNONIS
1905 273 2537 335 CARTHUSIANOBUH
2574 274 3041 335 INSTITUTORIS

3790 282 3900 339 292

2284 401 2516 476 probari
2550 401 2802 459 indicare
2833 402 3155 459 videantur.
3185 399 3300 460 Sed
3328 401 3452 460 haec
3485 403 3556 460 de
3584 403 3766 476 fonte,
3792 405 3897 481 qui

2281 491 2548 563 prodigio
2577 509 2706 546 cum
2734 491 2976 548 Sanctus
2996 493 3230 564 ejusque
3258 492 3395 548 socii
3425 492 3784 551 Carthusiam
3806 515 3896 553 es-

2283 583 2410 635 sent
2437 580 2700 651 ingressi,
2725 581 2998 637 excitatus
3027 582 3218 649 fuerit,
3257 581 3408 638 dicta
3429 583 3750 654 sufﬁciant;
3795 586 3897 660 qui

2283 669 2446 740 plura
2472 669 2542 723 de
2566 686 2634 724 eo
2668 669 2976 738 desiderat,
2998 670 3487 726 adeatSurianum
3512 671 3570 726 in
3588 673 3700 727 suis
3726 673 3786 729 in
3809 692 3900 732 ca-

2283 759 2386 827 put
2421 759 2484 811 l2
2516 756 2667 812 Surii
2699 757 3222 826 Observationibus,
3243 777 3404 814 num.
3438 763 3522 828 l2,
3553 763 3612 816 et
3637 762 3901 835 Raynau-

2283 844 2420 898 dum
2450 844 2508 898 in
2538 845 2740 916 Stylita
2769 847 3028 918 mystico,
3066 851 3274 919 puncto
3305 853 3358 915 2,
3391 866 3552 904 num.
3585 853 3638 905 3.

2352 935 2447 987 481
2463 934 3121 990 .ZachariusBenedictus
3134 936 3191 990 in
3213 937 3652 1010 metrica,qdam
3668 939 3900 996 concin-

2283 1020 2980 1088 navit,SanctinostriVita
2994 1023 3256 1096 prodigio
3268 1025 3464 1093 fontis,
3496 1023 3765 1083 divinitus
3795 1046 3893 1085 ex-

2283 1108 2459 1176 citati,
2493 1127 2655 1165 novaa
2668 1111 2940 1179 ecclesiae,
2973 1129 3221 1168 unacum
3249 1113 3373 1168 aliis
3403 1115 3895 1191 qualibuscunque

2283 1197 2540 1253 aediliciis
2569 1199 2626 1253 in
2661 1199 2980 1268 Carthusia,
3029 1201 3222 1256 statim
3273 1206 3445 1275 atque
3498 1203 3742 1260 Sanctus
3769 1207 3894 1278 eju-

2285 1302 2395 1357 que
2425 1287 2562 1340 socii
2586 1304 2846 1342 eremum
2869 1289 3016 1344 hanc
3047 1289 3287 1344 fuissent
3318 1291 3584 1362 ingressi,
3617 1293 3892 1351 aediﬁcari

2285 1389 2351 1428 ex
2383 1375 2547 1430 dictis
2601 1379 2823 1448 coeptae,
2869 1378 3109 1449 jamque
3159 1378 3233 1433 ad
3279 1379 3614 1436 umbilicum
3645 1399 3775 1438 cum
3826 1384 3897 1440 iis

2286 1463 2597 1534 perductae,
2626 1465 3142 1532 consecrationem,
3166 1483 3294 1538 quae
3322 1467 3394 1522 ab
3419 1469 3658 1540 Hugone
3678 1472 3897 1528 Gratia-

2284 1553 2620 1624 nopolitano
2649 1553 2916 1626 episcopo
2949 1571 3178 1610 summo
3211 1560 3491 1628 apparatu
3517 1557 3669 1614 facta
3696 1560 3894 1629 fuerit,

2283 1640 2600 1712 subjungit.
2639 1642 2709 1696 Ut
2731 1644 2788 1696 et
2813 1642 2906 1697 hic
2935 1646 3231 1714 praestem,
3259 1644 3414 1716 quod
3447 1645 3670 1702 curioso
3692 1647 3895 1704 lectori

645 1738 756 1795 Sed
780 1737 911 1810 quid
935 1743 1076 1791 certa
1109 1733 1241 1804 ﬁdes
1289 1749 1396 1786 non
1424 1734 1670 1803 impetrat
1714 1737 1872 1802 atque
1901 1735 2132 1782 meretur
2156 1729 2184 1781 ?
2207 1727 2257 1785 Β
2281 1727 2539 1783 futurum
2587 1747 2754 1802 spero
2788 1746 2904 1784 nou
2953 1732 3274 1802 ingratum,
3313 1749 3505 1788 versus
3549 1727 3893 1808 praecipuos,

643 1827 716 1884 Se
741 1826 888 1880 dedit
919 1826 974 1878 in
1007 1825 1274 1894 lacrgmas
1300 1819 1818 1892 oravitqueinclytus
1848 1817 1934 1872 ille

647 1913 846 1982 Catus,
874 1919 924 1968 et
955 1913 1184 1967 obtinuit
1203 1909 1420 1981 supplex
1449 1909 1590 1980 quod
1617 1907 1686 1963 ab
1707 1923 1827 1961 arce
1831 1906 2054 1977 petivit;

645 2003 898 2075 Namque
918 2003 1099 2056 statim
1131 2001 1186 2054 in
1216 1999 1353 2052 dura
1381 1997 1563 2068 fodere
1593 1996 1856 2068 crepidine
1881 1997 2056 2066 rupis;

646 2091 762 2147 Nec
792 2107 966 2158 mora,
999 2091 1252 2144 continuo
1285 2087 1463 2140 latices
1485 2087 1688 2155 ﬂuxere
1719 2093 1949 2139 recentes

643 2179 722 2236 Et
751 2181 890 2234 rivos
927 2194 1074 2248 egere
1104 2174 1310 2246 amplos
1338 2173 1421 2228 vel
1445 2174 1687 2242 ﬂuminis
1719 2173 1908 2226 instar.

644 2266 845 2323 Latati
865 2267 1132 2338 fremuere
1162 2280 1341 2320 omnes
1359 2262 1642 2332 laudesque
1671 2259 1947 2326 dederunt,

643 2356 826 2430 Atque
854 2354 1170 2411 salutarunt
1188 2370 1254 2408 cx
1276 2353 1380 2406 imo
1397 2358 1612 2422 pectore
1640 2349 1845 2404 caelum.

645 2444 861 2499 Lambit
878 2443 1052 2498 adhuc
1075 2458 1238 2496 curvo
1268 2440 1391 2510 fons
1433 2437 1520 2492 ille
1549 2438 1828 2491 cacumina
1856 2453 2034 2504 cursu,

645 2531 1024 2604 Cellarumque
1051 2530 1226 2599 hortos
1251 2529 1418 2582 vitreo
1443 2527 1768 2594 circumﬂuit
1791 2541 1966 2578 amne.

642 2623 768 2677 480.
804 2621 1088 2674 Hactenus
1122 2617 1384 2672 laudatus
1413 2613 1770 2679 Benedictus,
1803 2613 1900 2684 qui
1921 2611 2181 2684 quamvis

569 2709 816 2776 fontem,
845 2708 916 2763 de
947 2724 1061 2780 quo
1093 2704 1364 2777 loquitur,
1395 2702 1680 2774 hodieque
1710 2702 1934 2756 fontem
1965 2701 2021 2756 S.
2040 2701 2178 2755 Bru-

570 2798 741 2853 nonis
769 2794 1047 2868 appellari
1083 2811 1201 2848 non
1237 2792 1446 2858 edicat,
1491 2791 1764 2845 eumdem
1797 2793 1993 2845 tamen
2047 2789 2178 2844 fon-

566 2887 708 2952 tem,
742 2901 916 2957 quem
946 2884 1028 2938 ita
1053 2883 1110 2938 in
1126 2880 1472 2936 hodiernum
1487 2895 1665 2950 usque
1686 2878 1840 2934 diem
1860 2877 2174 2944 nominari,

566 2977 827 3030 auctores
847 2969 1246 3045 supralaudati
1287 2969 1603 3034 affirmant,
1637 2966 1872 3022 indubie
1904 2967 2154 3021 celebrat

566 3079 697 3117 cum
727 3065 849 3116 tam
877 3060 1028 3128 fons,
1061 3059 1132 3113 de
1157 3075 1270 3130 quo
1300 3057 1379 3124 hi,
1425 3072 1602 3128 quam
1632 3055 1780 3122 fons,
1813 3055 1882 3110 de
1915 3071 2028 3126 quo
2059 3055 2174 3122 ille,

567 3149 844 3205 miraculo
860 3149 1078 3202 feratur
1090 3149 1338 3201 exortus.
1352 3147 1446 3198 Ast
1465 3160 1670 3198 verene
1686 3143 1816 3198 fons
1829 3141 1874 3196 is
1896 3141 2174 3196 miraculo

562 3254 727 3292 suam
749 3237 957 3292 debeat
971 3233 1298 3305 originem?
1325 3231 1386 3286 Id
1406 3231 1674 3302 equidem
1694 3246 1813 3284 non
1845 3228 2177 3300 puto.0uod

564 3323 722 3380 enim
747 3341 782 3379 a
806 3322 1177 3394 scriptoribus
1206 3318 1642 3384 recentioribus,
1679 3317 1758 3372 uti
1791 3317 1882 3371 hic
1913 3317 1996 3382 lit,
2019 3317 2174 3371 nullo

565 3427 798 3483 prorsus
822 3410 964 3465 vade
1017 3408 1256 3480 antiquo
1303 3407 1708 3478 adstipulante,
1768 3405 2046 3460 miraculo
2097 3404 2178 3458 fa-

559 3503 716 3554 ctum
747 3497 1038 3564 asseritur,
1087 3495 1367 3550 miraculo
1407 3511 1538 3549 vere
1569 3495 1786 3549 factum
1817 3511 1961 3560 esse,
2017 3493 2171 3548 credi

561 3605 678 3643 non
706 3585 898 3654 debet,
931 3585 1036 3640 nisi
1068 3583 1215 3639 ratio
1243 3582 1484 3639 omnino
1515 3582 1698 3638 solida
1735 3599 1800 3636 ac
1829 3581 2174 3637 convinceus

563 3676 918 3732 contrarium
941 3673 1198 3730 suadeat.
1224 3671 1372 3737 Quid
1391 3669 2172 3742 autem,quteso,occurrit,ut

557 3765 803 3832 fontem,
844 3763 998 3836 quia
1026 3762 1084 3818 S.
1111 3763 1380 3816 Brunone
1432 3759 1488 3814 in
1518 3758 1830 3814 Carthusiae
1883 3758 2170 3830 hodieque

558 3869 774 3908 nomen
802 3853 1122 3915 conservat,
1164 3848 1429 3922 prodigio
1461 3848 1601 3902 olim
1635 3845 2168 3911 excitatum,inani-

561 3957 724 3996 mum
773 3935 1157 3994 inducamus?
1199 3938 1288 3990 An
1335 3935 1490 4007 quod
1535 3935 1821 4006 hodieque
1877 3955 1905 3983 «
1935 3933 2065 3988 fons
2108 3933 2166 3987 S.

559 4025 845 4082 Brunonis
881 4045 909 4073 ››
945 4023 1222 4080 vocetur?
1267 4022 1476 4076 Verum
1516 4021 1714 4093 quidni
1749 4021 2168 4075 nomenclatio-

562 4130 702 4169 nem
731 4113 883 4168 hanc
912 4111 1255 4166 contrahere
1305 4112 1478 4182 atque
1508 4109 1567 4162 in
1611 4108 1959 4163 hodiernum
1991 4126 2167 4181 usque

559 4201 716 4257 diem
767 4215 1104 4256 conservare
1153 4196 1426 4270 potuerit,
1472 4196 1628 4268 quod
1669 4197 1879 4252 Sancto
1933 4197 2167 4270 ejusque

2161 3006 2175 3032 ’
2210 3013 2258 3072 C

2283 1817 2488 1889 quibus
2519 1817 2792 1872 metricus
2811 1819 2904 1872 ille
2935 1819 3288 1892 biographus
3311 1838 3436 1876 rem
3454 1822 3604 1877 hanc
3621 1823 3898 1880 describit

2283 1922 2348 1960 ac
2379 1907 2650 1972 celebrat,
2669 1907 2777 1961 huc
2807 1907 3144 1963 transcribo.
3171 1908 3260 1963 Sic
3289 1909 3512 1966 habent
3541 1927 3555 1965 :

2351 1993 2582 2066 Jamque
2609 1994 2718 2048 dies
2743 1995 2987 2049 solemnis
3015 2003 3150 2064 erat,
3182 2014 3286 2069 quo
3316 1999 3568 2054 machina
3586 2017 3810 2072 surgens

2341 2079 2594 2154 Hospitio
2614 2090 2827 2155 poterat
2857 2085 3139 2139 monachos
3167 2103 3376 2141 servare
3407 2087 3629 2142 decenti.

2353 2170 2517 2240 Hugo
2543 2173 2646 2226 ciet
2661 2170 2867 2240 clerum
2891 2173 3126 2244 civesque
3146 2175 3340 2229 invitat
3365 2175 3434 2229 ab
3465 2176 3594 2231 urbe

2343 2258 2438 2313 Ad
2462 2275 2696 2315 summos
2726 2261 2904 2314 aditus
2938 2261 3244 2334 incultaque
3271 2262 3459 2318 limina
3490 2266 3682 2318 montis

2361 2347 2583 2401 Visuros
2605 2348 2727 2416 ﬁeri
2745 2348 2928 2418 festivi
2947 2351 3179 2403 enca’nia
3213 2351 3411 2422 templi.

2351 2435 2475 2491 ίΕσς
2493 2435 2716 2490 sublime
2746 2445 2921 2500 sonat,
2965 2437 3264 2510 clamatque
3295 2439 3366 2493 ad
3391 2440 3530 2512 festa
3561 2447 3820 2496 catervas.

2357 2523 2508 2577 Tunc
2537 2523 2756 2578 delubra
2793 2532 3018 2596 parant,
3061 2525 3310 2600 foliisque
3339 2529 3630 2584 virentibus
3666 2537 3887 2586 ornant.

2350 2611 2594 2683 Aptatur
2612 2614 2792 2684 paries
2821 2614 3049 2678 hederis,
3061 2616 3326 2686 pendente
3351 2617 3600 2688 corymbo
3625 2635 3642 2682 ;

2349 2699 2534 2772 Hique
2561 2700 2732 2769 ligant
2765 2701 2945 2768 buxos,
2975 2709 3025 2756 et
3047 2719 3186 2775 quas
3214 2705 3464 2759 Tritonia
3487 2707 3701 2776 frondes

2348 2786 2578 2850 Servat;
2606 2789 2673 2842 ab
2695 2789 2903 2844 excelsis
2931 2791 3159 2845 trabitus
3177 2791 3386 2848 Paneia
3401 2793 3588 2848 laurus

2349 2875 2606 2944 Frondet,
2636 2884 2686 2930 et
2708 2879 2930 2932 hirsutae
2963 2886 3152 2934 coeunt
3174 2882 3230 2934 in
3254 2888 3394 2936 serta
3432 2884 3650 2953 myricae

2345 2963 2697 3036 Spargantur
2723 2968 2878 3034 ﬂores
2901 2967 3152 3040 violaeque
3166 2987 3267 3040 per
3297 2970 3474 3026 ardua
3493 2978 3628 3025 tecta

2340 3053 2483 3106 Lilia
2515 3071 2621 3107 non
2647 3054 2853 3121 desunt,
2887 3058 3172 3123 narcissus,
3198 3058 3456 3112 achanlus
3476 3065 3524 3112 et
3555 3059 3684 3130 ajaa:

2347 3141 2749 3214 Purpureusque
2771 3160 2900 3197 rosae
2923 3161 3074 3216 ;quae
3082 3162 3184 3216 per
3205 3147 3379 3200 vicina
3409 3149 3645 3201 ministri

2353 3229 2560 3300 Oppida
2585 3230 2854 3299 legerunt;
2883 3249 3064 3286 crocus
3094 3239 3168 3288 est
3192 3240 3242 3286 et
3266 3242 3474 3304 myrtus
3495 3236 3678 3293 odora.

2344 3317 2476 3371 Esse
2504 3319 2588 3372 hic
2612 3317 2888 3373 Paestanas
2919 3319 3096 3376 hortos
3123 3328 3172 3375 et
3201 3341 3328 3376 rura
3359 3331 3598 3394 putares.

2342 3405 2453 3460 Hic
2485 3406 2655 3460 aulam
2671 3413 2894 3476 patent;
2924 3408 3008 3462 hic
3025 3410 3175 3480 picta
3207 3413 3404 3480 tapetia
3427 3412 3638 3484 fulgent

2343 3493 2498 3548 Misit
2526 3495 2874 3566 eplmncrides
2894 3499 3071 3550 varias
3085 3505 3133 3551 et
3160 3516 3379 3553 munera
3396 3501 3608 3571 praesul

2341 3582 2437 3636 Ad
2455 3599 2590 3636 nova
2613 3583 2822 3654 phana,
2854 3585 3044 3656 quibus
3075 3587 3220 3640 muri
3245 3593 3543 3656 tegerentur
3568 3596 3616 3643 et
3645 3608 3774 3645 arae.

2345 3669 2500 3724 0ser
2519 3678 2568 3723 et
2587 3671 2874 3724 luminibus
2909 3673 3126 3727 stellant
3156 3674 3352 3729 altaria
3377 3678 3596 3731 circum.

2343 3759 2466 3812 482.
2492 3758 2755 3812 Versibus
2778 3759 2867 3813 his
2899 3761 3238 3816 Benedictus
3261 3765 3402 3819 alios
3433 3767 3888 3840 nonnullos,qui-

2271 3845 2374 3900 bus
2401 3846 2550 3917 ipsos
2593 3846 2770 3900 etiam
2810 3849 3090 3904 caelicolas
3117 3851 3191 3906 ad
3221 3853 3645 3908 solemnitatem
3677 3871 3885 3912 conve-

2273 3933 2421 3989 nisse
2449 3938 2755 4001 memorat,
2787 3953 2886 3990 seu
2917 3937 3108 4007 potius
3149 3955 3312 3994 more
3343 3941 3591 4012 poetico,
3648 3946 3706 3997 et
3761 3944 3883 4016 qui-

2271 4022 2404 4077 dem
2456 4038 2571 4076 non
2620 4022 2784 4090 nihil,
2834 4042 3010 4096 quam
3043 4043 3148 4096 par
3180 4027 3273 4095 sit,
3331 4027 3638 4099 licentiori,
3691 4031 3880 4104 ﬁngit,

2269 4127 2404 4164 mox
2425 4110 2732 4177 subnectit,
2766 4128 2831 4165 ac
2863 4112 3073 4167 deinde
3105 4113 3183 4169 ita
3205 4118 3574 4188 prosequitur
3601 4137 3614 4173 :

2339 4197 2554 4252 Praesul
2579 4198 2744 4264 adest,
2777 4217 2956 4254 sacras
2984 4201 3142 4256 solito
3167 4205 3310 4273 capit
3329 4206 3512 4260 ordine
3533 4214 3694 4262 vestes

557 4289 726 4346 sociis
749 4305 984 4360 aquam,
1017 4303 1192 4360 quam
1210 4283 1686 4359 quolidianissuis
1707 4285 1898 4340 usibus
1912 4303 2166 4340 necessa-
2193 4297 2246 4356 1)
2339 4285 2416 4339 Et
2445 4286 2600 4339 decus
2621 4289 2845 4358 imponit
2870 4291 3054 4359 capiti,
3080 4290 3399 4364 bi/idamque
3431 4297 3646 4350 tiaram.

557 4377 705 4432 riam
737 4375 1049 4441 habebant,
1094 4371 1586 4430 subministrarit‘?
1619 4372 1766 4436 Quid
1799 4373 1857 4426 ni
1889 4373 2064 4427 etiam
2090 4373 2170 4428 ita

555 4463 747 4520 vocari
770 4463 1041 4536 potuerit,
1059 4463 1214 4534 quod
1233 4479 1412 4534 prope
1425 4477 1559 4516 eum
1577 4463 1764 4516 Bruno
1789 4462 2077 4529 cellulam,
2107 4461 2166 4516 in

556 4569 672 4625 qua
704 4551 1000 4618 habitarit,
1034 4553 1378 4606 exstructam
1409 4549 1722 4605 habuerit?
1746 4549 1816 4604 Ut
1844 4554 1905 4604 ut
1928 4550 2018 4618 sit,
2056 4552 2165 4606 Pu-

555 4638 1503 4710 teanusequidem,Blomenvenna
1515 4641 1574 4692 et
1598 4637 1816 4704 Surius,
1840 4637 1942 4693 etsi
1965 4655 2168 4694 omnes

554 4728 732 4784 fontis
765 4726 856 4782 cui
881 4727 938 4782 S.
991 4727 1274 4782 Brunonis
1303 4727 1446 4781 cella
1477 4725 1648 4780 fuerit
1680 4726 1968 4797 adjuncta,
2003 4744 2165 4780 men-

552 4817 775 4873 tionem
803 4815 1038 4883 faciant,
1069 4815 1139 4870 de
1172 4815 1448 4870 miraculo
1484 4817 1700 4879 tamen,
1734 4830 1847 4886 quo
1875 4814 1964 4868 hic
1993 4815 2170 4870 fuerit

555 4905 848 4972 excitatus,
880 4905 1056 4959 altum
1090 4903 1280 4972 silent,
1315 4902 1410 4976 qui
1442 4905 1661 4968 tamen,
1690 4919 1753 4956 ac
1777 4903 2029 4958 maxime
2065 4905 2168 4959 Pu-

552 4993 981 5064 teanus,utpote
996 4993 1084 5047 cui
1095 4991 1381 5047 Zacharim
1405 4990 1695 5045 Benedicti
1719 4991 1956 5046 metrica
1969 4991 2168 5048 S.Bru-

554 5079 722 5134 nonis
735 5080 942 5147 Vita,in
957 5098 1070 5152 qua
1083 5081 1141 5136 1d
1160 5083 1698 5146 memoratur,anno
1718 5081 1977 5148 l5l0,seu
1998 5081 2164 5154 quin-

555 5167 811 5237 quennio
845 5172 1160 5240 antequam
1191 5185 1355 5224 suam
1390 5168 1460 5224 de
1492 5168 1602 5222 hoc
1622 5170 1820 5224 sancto
1862 5169 2032 5224 Patre
2061 5187 2164 5226 suo

556 5254 1016 5310 lucubrationem
1047 5257 1380 5323 adornaret,
1410 5255 1482 5310 ab
1507 5254 1759 5327 ipsemet
1801 5260 2032 5312 auctore
2075 5257 2163 5314 in-

554 5339 769 5410 scripta
825 5359 889 5397 ac
923 5343 1186 5398 dedicata
1215 5343 1406 5412 fuerit,
1434 5346 1736 5416 perspecta
1763 5344 1918 5399 haud
1969 5345 2162 5416 dubie,

558 5439 690 5494 quae
725 5426 795 5480 de
826 5431 1156 5502 prodigioso
1179 5431 1338 5486 fonte
1369 5431 1729 5500 dicebantur,
1763 5432 2025 5504 apprime
2067 5435 2168 5491 ha-

551 5511 840 5581 buerunt;
895 5521 958 5572 ut
1003 5517 1249 5590 proinde
1282 5517 1510 5574 silentio
1535 5535 1636 5575 suo
1673 5535 1743 5576 ea
1779 5520 1885 5577 sibi
1923 5523 2164 5581 minima

2343 4372 2551 4427 Fumus
2571 4375 2822 4429 odoratus
2851 4379 3061 4432 veniens
3087 4395 3113 4430 e
3151 4379 3304 4433 thure
3323 4379 3512 4436 Sabaeo

2337 4461 2522 4516 Altius
2549 4463 2802 4529 ascendit,
2823 4465 3098 4537 phanique
3120 4467 3392 4524 volumina
3418 4473 3661 4543 complet.

2337 4550 2596 4621 Ponti/lci
2617 4552 2922 4606 cathedrata
2934 4561 3100 4624 parat
3132 4556 3236 4623 ille,
3269 4558 3355 4612 hic
3399 4561 3640 4629 stragula
3664 4565 3873 4628 sternit,

2333 4638 2566 4710 Jamque
2593 4639 2885 4694 sacerdotes
2910 4659 3060 4713 aequo
3087 4643 3392 4700 discrimine
3412 4665 3598 4702 vocum

2337 4726 2612 4797 Incipiunt
2637 4736 2843 4794 cantus,
2872 4730 3062 4785 rutilas
3091 4735 3324 4803 assurgit
3356 4736 3430 4790 ad
3459 4755 3582 4792 aras

2336 4815 2534 4870 Pastor
2561 4823 2610 4870 et
2625 4819 2805 4872 erectis
2816 4818 2931 4872 cteli
2951 4819 3022 4873 ad
3042 4821 3265 4891 fastigia
3275 4823 3476 4894 palmis

2330 4905 2566 4975 Mgstica
2596 4912 2782 4961 sancta
2814 4907 2934 4961 litat
2961 4913 3162 4980 superis
3183 4918 3232 4964 et
3257 4931 3478 4970 munera
3509 4915 3659 4971 libat.

2342 4993 2641 5067 Implentur
2669 4995 2914 5066 clangore
2941 4999 3100 5065 tubae,
3118 5017 3250 5054 cava
3279 5002 3410 5056 tibia
3436 5003 3611 5058 dulces

2333 5084 2430 5140 Ad
2458 5101 2700 5139 numeros
2725 5087 2952 5156 inﬂabat
2972 5087 3120 5157 ebur,
3153 5089 3286 5145 dant
3311 5108 3516 5162 organa
3526 5095 3771 5167 plausus.

2333 5173 2627 5228 Alternant
2653 5173 2776 5228 litui
2791 5178 2974 5246 parite
2995 5180 3232 5242 carmine
3261 5198 3438 5236 versus
3463 5200 3480 5247 ;

2333 5263 2550 5318 Plectra
2584 5263 2816 5336 lyraeque
2868 5265 3112 5335 aderant,
3160 5267 3494 5344 Pha’beaque
3549 5281 3740 5328 cuncta
3794 5295 3881 5331 su-

3595 5363 3802 5434 [pellam

2333 5441 2561 5496 Dedicat
2589 5442 2795 5498 interea
2820 5443 3070 5515 templum
3095 5445 3493 5522 claustrumque
3511 5452 3767 5511 sacerdos,

2333 5528 2522 5602 Sitque
2549 5547 2698 5586 novae
2725 5531 2914 5588 domui
2933 5550 3122 5590 nomen
3159 5533 3447 5593 Carthust'a
3489 5539 3727 5600 mandat.
