4224 6058
201 223 312 274 ‘293

280 340 705 413 Condmdasque
725 339 905 396 domos
934 339 1212 396 habituras
1239 358 1445 396 nomem
1475 340 1542 395 ab
1572 341 1685 403 illa,

275 431 517 493 Praedia,
552 430 798 497 donavit,
831 430 1052 484 donavit
1071 432 1308 501 pinguia
1337 430 1478 485 villo:

275 520 505 590 Jugera,
523 537 626 592 quo
660 522 914 575 monachi
936 523 1048 576 sine
1071 528 1276 593 quaestu
1311 523 1482 574 vivere
1496 521 1720 592 possint.

203 610 290 664 Ita
318 608 587 663 laudatus
609 609 883 663 metricus
914 609 1107 664 Sancti
1135 608 1315 663 nostri
1361 609 1730 681 biographus.
1766 605 1833 658 Et

201 712 307 751 τεο
334 695 650 751 Carthusia:
677 697 996 763 ecclesiam,
1021 714 1149 752 cum
1181 697 1254 751 ad
1271 697 1607 752 umbilicum
1635 697 1833 751 fuisset

199 785 477 851 adducta,
512 801 546 838 a
575 785 632 839 8.
669 785 930 856 Hugone,
952 785 1485 857 Gratianopolitauo
1537 785 1827 856 episcopo,

197 878 606 930 consecratam
631 874 824 941 fuisse,
851 875 1259 946 unusquisque,
1293 878 1574 947 quantum
1598 876 1824 948 Opinor,

197 965 383 1019 etiam
414 964 630 1036 absque
662 965 803 1018 vade
836 964 1072 1035 antiquo
1103 963 1266 1019 facile
1299 965 1514 1030 credet,
1541 965 1645 1019 etsi
1675 965 1824 1018 inte-

193 1054 314 1110 rim
347 1057 512 1109 tanto
537 1053 595 1108 id
619 1057 921 1126 apparatu,
955 1056 1170 1125 quanto
1200 1053 1289 1108 hic
1323 1055 1602 1120 innuitur,
1654 1071 1821 1126 pera-

195 1146 362 1197 ctum
386 1142 580 1207 fuisse,
612 1141 959 1212 persuadere
996 1145 1164 1196 natus
1183 1143 1336 1196 haud
1380 1142 1451 1196 sit
1478 1142 1522 1196 is
1553 1142 1818 1215 scriptor,

195 1233 295 1306 qui
329 1235 726 1304 praeterquam
756 1232 910 1303 quod
943 1248 976 1285 a
1005 1249 1068 1287 re
1097 1236 1258 1303 gesta
1300 1237 1546 1304 quatuor
1575 1233 1821 1304 amplius

194 1322 425 1376 szeculis
453 1324 713 1376 remotus
738 1321 959 1388 vixerit,
993 1325 1296 1393 poetarum
1324 1315 1578 1394 loquitur
1619 1323 1676 1377 in
1701 1340 1823 1379 mo-

194 1427 348 1474 rem,
385 1409 485 1481 qui
537 1411 877 1482 plerumque
925 1427 1036 1475 res,
1089 1428 1230 1481 quas
1261 1415 1529 1477 tractant,
1555 1412 1724 1466 variis
1754 1413 1820 1466 fi-

193 1499 479 1568 gmentis,
513 1501 990 1554 ornamentorem
1033 1499 1466 1572 quodammodo
1511 1500 1702 1555 locum
1737 1505 1822 1556 te-

194 1588 496 1654 nentibus,
524 1587 900 1658 amplificant.

1776 211 1954 268 ACTA

1851 338 1908 398 Α
1937 336 1964 402 §
1999 352 2124 390 xxiv
2153 336 2210 390 in
2240 339 2500 394 medium
2522 341 2769 398 adducta
2787 343 2913 415 jam
2936 348 3086 401 sunt.
3121 342 3350 417 Necest,
3383 351 3538 423 quod

3431 226 3534 285 294

1933 426 2482 494 reponas,Sanctam
2505 447 2537 483 a
2559 430 2817 501 Guigone
2848 433 2904 488 in
2956 433 3012 489 S.
3044 437 3298 507 Hugonis
3327 439 3540 495 Gratia-

1933 513 2255 583 nopolitani
2279 517 2404 570 Vita
2434 535 2502 572 eo
2548 519 2696 588 loco,
2753 539 2865 593 quo
2928 524 3002 578 ad
3055 526 3206 580 hunc
3242 527 3538 583 accessisse

1933 605 2475 676 narratur,Magistri
2507 607 2670 663 titulo
2699 611 3166 680 condecorari,ac
3196 615 3362 686 proin
3381 633 3536 686 eum,

1932 705 2064 743 cum
2097 691 2170 744 ad
2219 691 2275 746 8.
2312 693 2616 765 Hugonem
2651 701 2902 766 accessit,
2950 701 3150 757 habitu
3217 705 3535 760 monastico

1930 776 2197 832 indutum
2215 782 2472 836 nondum
2488 783 2903 852 fuisse,nedum
2919 791 3268 846 monachum
3282 794 3535 862 exstisse,

1929 869 2316 938 praeterquam
2345 871 2503 925 enim
2535 874 2691 943 quod
2721 878 2844 929 tum
2872 877 3133 947 Sanctus,
3167 881 3301 952 quia
3331 900 3364 936 a
3396 883 3540 939 Lan-

1928 954 2103 1010 duino
2135 956 2498 1030 aliisque,qui
2521 977 2651 1014 cum
2685 979 2751 1016 eo
2768 963 3534 1039 Gratianopolimvenerant,

1925 1060 2098 1115 seque
2119 1044 2177 1099 in
2202 1046 2351 1100 illius
2371 1048 2734 1121 disciplinam
2758 1051 3059 1120 dederant,
3082 1055 3330 1127 Magistri
3370 1059 3535 1116 titulo

1922 1131 2626 1206 honorabatur,magister
2643 1155 2676 1190 a
2688 1139 2946 1209 Guigone
2969 1145 3244 1212 appellari
3261 1148 3535 1217 potuerit,

1923 1221 2111 1290 potuit
2131 1223 2330 1289 etiam,
2350 1228 2411 1279 ut
2436 1229 2497 1278 ut
2515 1227 2883 1282 Remensium
2913 1231 3238 1288 scholarum
3269 1236 3537 1307 magiste-

1922 1308 2006 1362 rio
2037 1326 2137 1364 seu
2161 1313 2505 1382 prmfectura
2519 1315 2645 1384 jam
2664 1333 2784 1371 sese
2800 1318 3135 1387 abdicasset,
3160 1321 3240 1376 ita
3261 1323 3447 1378 adhuc
3459 1325 3534 1379 ob

1922 1395 1980 1451 id
2009 1398 2148 1452 olim
2174 1404 2401 1470 gestum
2449 1403 2658 1457 vocari.
2710 1406 2789 1458 Ac
2823 1407 3126 1476 posteriori
3158 1410 3394 1480 quidem
3425 1413 3536 1468 hoc

1921 1501 2090 1540 sensu
2117 1486 2393 1543 Sanctum
2429 1490 2736 1562 aGuigone
2766 1495 2951 1547 vocari
2971 1496 3300 1567 Magistrum
3322 1499 3533 1557 idcirco

1925 1573 2210 1640 existimo,
2249 1578 2405 1648 quod
2428 1577 2650 1633 ibidem
2673 1584 2731 1634 at
2747 1581 3072 1638 Landuinus
3085 1586 3430 1657 Magisterab
3462 1606 3531 1646 eo

267 1677 401 1731 433.
433 1650 645 1732 νει-ητις
674 1677 922 1731 multum
955 1676 1207 1741 abestmt
1237 1692 1522 1748 ριιορθηεθ
1545 1678 1688 1732 adeo
1707 1695 1824 1732 ore-
1847 1650 1898 1708 Β
1925 1666 2176 1728 vocetur,
2205 1681 2310 1718 nec
2343 1665 2455 1720 alia
2486 1667 2556 1721 de
2588 1684 2778 1733 causa,
2811 1687 2986 1740 quam
3018 1650 3342 1743 quodvelim
3376 1677 3537 1734 scho-

196 1762 363 1830 dam,
394 1782 522 1837 quin
551 1764 761 1819 deinde
787 1765 942 1819 idem
973 1765 1312 1820 Benedictus
1342 1766 1554 1837 absque
1575 1768 1688 1820 ullo
1722 1784 1820 1838 pa-

195 1853 343 1908 riter
374 1853 517 1908 vade
539 1854 777 1926 antiquo
792 1855 969 1909 tradit
995 1855 1064 1908 de
1086 1855 1284 1909 habitu
1301 1855 1820 1927 monastico,quem

196 1941 254 1995 S.
291 1943 489 1996 Bruno
520 1942 755 2013 ejusque
782 1942 918 1996 socii
952 1959 1021 1997 eo
1055 1942 1178 2013 ipso
1197 1942 1309 2005 die,
1333 1959 1446 2013 quo
1465 1959 1814 2013 praememo-

194 2033 325 2084 rata
361 2029 780 2084 Carthusiensis
814 2030 1065 2085 ecclesiae
1107 2030 1389 2085 dedicatio
1445 2030 1595 2084 facta
1647 2035 1822 2106 est,_a

197 2118 254 2172 8.
288 2119 536 2188 Hugone
563 2120 936 2190 susceperint.
961 2118 1130 2184 Audi,
1152 2119 1246 2190 qui
1278 2135 1404 2174 rem
1436 2119 1593 2174 illam
1623 2120 1820 2176 statim

196 2210 376 2278 atque
404 2207 726 2262 solemnem
761 2208 1013 2263 ecclesia:
1055 2207 1470 2262 Carthusiensis
1516 2209 1827 2266 dedicatio-

199 2312 340 2349 nem
383 2295 601 2362 retulit,
665 2297 905 2351 metrice
945 2300 1216 2368 exponat.
1251 2296 1410 2352 Hisce
1470 2299 1592 2369 ejus
1637 2299 1819 2355 oratio

196 2383 462 2437 versibus
495 2385 819 2455 concipitur
845 2401 858 2438 :

266 2471 429 2525 Tunc
459 2471 626 2541 adyta
652 2471 950 2541 ingreditur
972 2471 1400 2544 Bruno,senique
1424 2473 1650 2538 sodales,

262 2559 532 2629 Singulus
561 2563 776 2614 exuitur
793 2564 1045 2632 preciosis
1075 2567 1232 2633 atque
1263 2562 1490 2617 lacernis

267 2649 554 2715 Mollibus,
585 2657 748 2722 atque
795 2651 1015 2705 tra/lunt
1045 2651 1284 2721 crepidas
1304 2669 1331 2704 e
1360 2652 1603 2706 cruribus
1648 2670 1824 2706 omnes

265 2737 590 2808 Confestim,
625 2739 840 2793 tondent
875 2757 1123 2809 generoso
1151 2757 1178 2793 e
1205 2742 1394 2794 vertice
1417 2743 1606 2808 crines,

263 2828 557 2898 Apparent
575 2828 839 2897 juvenum
858 2845 1107 2898 generosa
1139 2828 1366 2882 etlactea
1386 2830 1644 2897 membra,

261 2915 598 2987 .Nudatique
626 2921 864 2983 manent,
898 2917 1221 2988 genibusque
1239 2924 1289 2970 et
1324 2933 1538 2989 corpore
1556 2921 1701 2987 ﬂexi.

263 3004 476 3058 Dulcia
507 3006 750 3059 mittebat
787 3007 1015 3076 suspiria
1036 3014 1222 3076 pectus
1251 3007 1539 3071 anhelum;

264 3091 388 3145 Nec
408 3099 664 3163 poterant
694 3099 916 3148 retinere
936 3097 1054 3165 pios
1072 3096 1168 3165 pia
1189 3101 1408 3165 pectora
1445 3095 1714 3164 planctus.

264 3172 315 3227 0
318 3172 593 3238 juvenem
613 3175 813 3242 fervor,
851 3174 1064 3245 divique
1083 3177 1305 3245 affectus
1336 3176 1571 3228 amoris!

270 3259 530 3315 Candida
560 3261 785 3316 doctoris
807 3263 1149 3334 fratrumque
1175 3264 1457 3316 tenerrima
1488 3263 1646 3317 dorsa

263 3347 412 3404 .5102:
440 3353 612 3420 operit
634 3351 816 3422 lugens
841 3352 1049 3405 cilicino
1081 3353 1306 3420 tegmine
1327 3358 1536 3421 pastor,

261 3437 459 3508 Atque
479 3437 605 3490 rudi
631 3440 1131 3510 sacco,niveumquc
1160 3441 1385 3509 imponit
1417 3440 1672 3492 amictum

275 3525 509 3594 Virgine
528 3524 592 3578 de
608 3525 752 3590 lana,
785 3528 937 3579 nivea
963 3533 1073 3580 tum
1107 3527 1343 3581 cannabe
1372 3529 1560 3597 cingit,

265 3614 461 3683 Atque
488 3615 614 3680 tegit
638 3614 879 3684 scapulas
901 3614 1020 3667 albo
1071 3614 1348 3686 clausoque
1372 3613 1598 3676 cucullo,

265 3699 559 3754 Indicium
586 3707 792 3754 (eterna:
820 3700 1085 3754 clausura
1105 3703 1497 3773 munditiisque.

267 3778 586 3833 Innumerae
615 3781 862 3833 astabant
893 3781 1081 3846 turbae,
1115 3784 1393 3853 cunctique
1412 3781 1690 3851 gemebant

272 3869 404 3922 Hac
438 3875 587 3921 tanto
616 3869 846 3940 exemplo
875 3871 1008 3922 moti
1034 3875 1082 3922 et
1093 3869 1367 3923 dulcedine
1399 3877 1570 3923 tanta.

271 3959 405 4013 484.
442 3958 618 4012 Addit
671 3962 954 4030 praeterea
1007 3959 1271 4013 laudatus
1329 3959 1603 4014 metricus
1633 3959 1824 4014 Sancti

203 4047 393 4102 nostri
456 4046 828 4118 biographus,
867 4048 1230 4119 angelorum,
1259 4049 1428 4104 rebus
1484 4049 1574 4103 die
1623 4048 1720 4103 illa
1767 4049 1825 4104 in

205 4134 514 4190 Carthusia
564 4135 738 4206 gestis
787 4136 1264 4207 applaudentium
1295 4179 1309 4203 ,
1364 4154 1528 4192 voces
1608 4138 1830 4193 auditas

1923 1751 2111 1805 larum
2138 1753 2344 1808 alicubi
2384 1755 2771 1825 Magisterium
2805 1759 3088 1827 gessisset,
3122 1762 3406 1820 altiorisve
3438 1783 3532 1821 or-

1924 1838 2074 1894 dinis
2093 1839 2363 1895 scientias
2393 1841 2694 1910 docuisset,
2723 1845 2849 1899 talis
2875 1847 3006 1902 huic
3032 1853 3421 1909 nomenclatio
3451 1853 3531 1910 vi-

1921 1926 2128 1982 deatur
2163 1928 2412 1999 potuisse
2442 1931 2699 1985 attribui.
2733 1933 2803 1988 Ut
2852 1939 2914 1989 ut
2935 1935 3025 2003 sit,
3061 1937 3337 1994 Sanctum
3369 1943 3530 2014 equi-

1923 2015 2055 2070 dem
2073 2033 2140 2070 ex
2170 2032 2259 2082 eo,
2294 2018 2448 2087 quod
2480 2036 2513 2071 a
2533 2019 2790 2090 Guigone
2821 2039 2888 2077 eo
2915 2025 3062 2090 loco,
3091 2043 3206 2097 quo
3238 2029 3312 2082 ad
3342 2029 3532 2101 Hugo-

1924 2121 2080 2171 nem,
2113 2105 2711 2177 Gratianopolitanum
2727 2111 3081 2183 episcopum,
3105 2131 3236 2170 cum
3253 2134 3348 2171 sex
3369 2119 3535 2175 sociis

1921 2192 2220 2247 accessisse
2256 2197 2548 2262 narratur,
2594 2197 2871 2268 magister
2914 2207 3299 2274 nuncupetur,
3333 2206 3534 2264 habitu

1924 2281 2241 2336 monastico
2269 2281 2536 2336 indutum
2569 2287 2691 2338 tum
2716 2287 2978 2342 nondum
3003 2289 3196 2359 fuisse,
3229 2293 3394 2365 argui
3415 2311 3534 2352 non

1922 2373 2130 2440 potest,
2161 2386 2291 2424 cum
2328 2370 2504 2425 etiam
2537 2372 2594 2425 in
2623 2373 2823 2428 charta
2843 2375 3172 2434 donationis
3221 2380 3534 2438 Carthusia:

1923 2449 2075 2512 infra
2103 2459 2214 2512 huc
2256 2461 2716 2527 transcribenda,
2751 2463 2998 2536 dataque
3030 2483 3184 2522 anno
3235 2471 3390 2537 1086,
3420 2489 3534 2544 quo

1925 2545 2367 2601 Carthusianum
2384 2547 2620 2602 biennio
2632 2549 2757 2619 jam
2776 2555 3265 2625 egerat,Magister
3283 2562 3532 2628 vocetur,

1923 2634 2247 2706 eodemque
2262 2636 2438 2690 etiam
2454 2637 2641 2703 titulo,
2657 2654 2786 2693 cum
2803 2644 2932 2709 post
2944 2641 3002 2695 in
3017 2659 3214 2698 eremo
3235 2645 3538 2703 Calabrina

1917 2723 2044 2794 jam
2077 2727 2418 2789 versaretur,
2442 2725 2515 2778 ad
2549 2729 2799 2780 mortem
2832 2745 3008 2800 usque
3028 2731 3345 2788 honoratus
3364 2735 3532 2791 fueri.

1995 2813 2118 2866 485.
2152 2811 2238 2865 Ad
2261 2813 2487 2866 vivendi
2517 2815 2780 2881 modum,
2807 2834 2980 2887 quem
3013 2819 3256 2874 Sanctus
3299 2822 3537 2897 ejusque

1851 2933 1897 2993 Ο
1924 2900 2059 2955 socii
2091 2901 2148 2954 in
2174 2901 2471 2956 Carthusia
2495 2905 2805 2971 tenuerint,
2827 2922 3159 2963 sermonem
3190 2911 3365 2966 modo
3398 2929 3536 2969 con-

1925 2992 2234 3043 vertamus.
2272 2989 2456 3053 Quem
2503 2990 2559 3044 S.
2596 2992 2784 3047 Bruno
2813 2995 3047 3066 ejusque
3094 2997 3230 3052 socii
3286 2999 3345 3054 in
3406 3001 3536 3057 Car-

1926 3077 2116 3132 thusia
2143 3081 2456 3131 tenuerunt
2489 3077 2713 3133 vivendi
2739 3082 3002 3149 modum,
3056 3085 3328 3140 eumdem
3356 3087 3533 3145 etiam

1925 3171 2024 3220 aut
2053 3168 2205 3219 certe
2225 3182 2340 3220 non
2356 3167 2606 3220 multum
2630 3168 2955 3224 absimilem
2979 3188 3250 3242 servasse,
3273 3175 3369 3246 qui
3392 3194 3532 3248 qua-

1924 3253 2195 3325 draginta
2225 3254 2487 3308 nondum
2521 3259 2647 3325 post
2674 3256 2866 3312 Sancti
2885 3259 3104 3314 obitum
3136 3262 3340 3334 elapsis
3370 3265 3537 3320 annis

1923 3359 2020 3396 seu
2045 3341 2196 3395 Petri
2229 3342 2584 3397 Venerabilis
2627 3347 2795 3399 astate
2834 3347 3177 3416 ﬂoruerunt,
3236 3352 3536 3423 religiosos

1924 3429 2341 3484 Carthusiensis
2358 3429 2538 3483 eremi
2554 3430 3212 3505 incolas,ambigendum
3227 3455 3343 3493 non
3366 3457 3538 3512 appa-

1922 3521 2030 3572 ret.
2067 3518 2137 3571 Ut
2183 3534 2347 3587 ergo,
2377 3535 2554 3588 quam
2601 3518 2680 3572 illi
2723 3519 2947 3575 vivendi
2996 3523 3282 3579 rationem
3323 3528 3539 3584 fuerint

1923 3606 2115 3672 seculi,
2139 3607 2414 3659 lectorem
2443 3609 2754 3678 utcumque
2779 3608 3077 3678 edoceam,
3105 3613 3245 3668 Vitae
3280 3616 3351 3671 ab
3381 3617 3535 3672 hisce

1925 3693 2109 3747 ductae
2131 3691 2319 3763 capita
2339 3692 2627 3763 praecipua
2673 3710 2703 3746 e
2730 3695 2898 3749 Petro
2930 3697 3251 3754 Venerabili
3281 3701 3332 3754 ei
3385 3703 3539 3758 exhi-

1923 3782 2053 3836 beo.
2099 3781 2196 3834 Hic
2249 3779 2444 3852 itaque
2494 3779 2756 3851 scriptor,
2805 3783 2917 3836 fide
2978 3785 3174 3856 utique
3219 3788 3326 3842 hac
3376 3790 3434 3844 in
3473 3809 3537 3847 re

1925 3871 2096 3940 longe
2125 3867 2511 3940 dignissimus,
2539 3868 2638 3925 lib.
2668 3885 2706 3923 ιι
2740 3871 2818 3924 De
2853 3871 3161 3941 miraculis,
3189 3892 3314 3946 cap.
3342 3880 3429 3944 28,
3465 3879 3536 3936 de

1927 3956 2010 4010 sui
2027 3956 2307 4026 temporis
2335 3956 2722 4011 Carthusianis
2753 3957 2832 4012 ita
2865 3965 3190 4016 memorat:
3229 3986 3258 4013 «
3282 3966 3370 4020 Ad
3400 3967 3533 4023 edo-

1930 4045 2550 4115 mandumjumentum
2569 4048 2824 4118 corporis
2851 4047 2956 4115 sui,
2988 4051 3129 4104 etad
3155 4052 3538 4124 subigendam

1921 4135 2087 4205 juxta
2115 4134 2655 4204 Apostolumlegem
2671 4135 3072 4191 membrorum
3095 4155 3352 4208 suorum,
3373 4158 3539 4213 repu-

203 4224 402 4278 fuisse.
438 4223 649 4278 Verum
682 4224 753 4278 de
783 4241 846 4278 re
868 4225 974 4279 hac
1006 4224 1356 4279 censendum
1383 4225 1519 4297 quid
1541 4224 1630 4291 sit,
1665 4225 1829 4280 facile
1856 4214 1908 4271 D
1931 4225 2209 4294 gnantem
2246 4220 2357 4291 legi
2407 4220 2618 4274 mentis
2668 4238 2814 4288 suae,
2877 4223 3032 4278 duris
3071 4241 3304 4282 carnem
3346 4229 3539 4286 ciliciis

201 4330 269 4368 ex
290 4313 426 4383 jam
448 4312 611 4366 dictis
640 4313 879 4384 quisque
899 4314 1215 4384 intelliget;
1249 4315 1402 4386 quod
1431 4331 1566 4368 vero
1579 4314 1831 4384 pertinet

205 4402 277 4456 ad
301 4401 571 4456 habitum
596 4402 1001 4469 monasticum,
1017 4420 1189 4475 quem
1220 4408 1354 4458 tunc
1375 4405 1565 4457 Bruno
1593 4402 1828 4475 ejusque

199 4487 345 4544 socii
377 4489 452 4543 ab
475 4489 713 4560 Hugone
729 4490 1264 4563 Gratianopolitano
1286 4491 1555 4562 episcopo
1589 4507 1826 4563 accepe-

204 4579 347 4643 rint,
406 4578 513 4632 etsi
565 4579 822 4650 quidem,
857 4579 1009 4652 ipsos
1066 4581 1125 4635 in
1190 4581 1494 4636 Carthusia
1535 4580 1827 4636 vilioribus

203 4666 733 4738 asperioribusque,
763 4685 938 4740 quam
971 4672 1124 4735 ante,
1161 4670 1406 4724 vestibus
1457 4686 1585 4724 usos
1605 4686 1745 4735 esse,
1795 4686 1827 4724 e

203 4755 381 4810 Petro
409 4754 732 4810 Venerabili
760 4757 858 4811 lib.
883 4774 920 4811 ιι
939 4759 1016 4812 De
1051 4758 1356 4823 miraculis,
1393 4774 1516 4828 cap.
1551 4760 1638 4823 28,
1667 4757 1825 4813 colli-

202 4843 472 4914 gendum
487 4843 1064 4914 appareat,Sanctum
1080 4847 1275 4900 tamen
1292 4846 1490 4900 habitu
1505 4847 1825 4901 monastico

203 4933 277 4987 ab
309 4933 554 5003 Hugone
596 4932 850 5004 primum
895 4932 1064 4986 fuisse
1122 4933 1410 5001 indutum,
1443 4934 1598 4990 haud
1629 4934 1823 4988 credo.

205 5021 610 5091 Praeterquam
633 5021 792 5074 enim
809 5020 1035 5091 quodid
1067 5039 1100 5074 a
1125 5023 1280 5076 nullo
1295 5039 1525 5093 prorsus
1551 5022 1826 5094 scriptore

206 5107 454 5178 antiquo
485 5107 784 5161 memoria:
815 5106 1106 5179 proditum
1130 5107 1474 5174 inveniatur,
1500 5108 1828 5163 Brunonem

199 5196 330 5267 jam
365 5194 503 5248 inde
532 5195 603 5248 ab
643 5212 712 5249 eo
767 5198 1050 5266 tempore,
1103 5212 1216 5267 quo
1258 5195 1315 5249 in
1357 5196 1829 5252 Siccae-Fontame

210 5282 524 5338 solitudine
555 5283 739 5338 adhuc
763 5287 1106 5351 versaretur,
1141 5300 1206 5337 ac
1258 5284 1424 5354 proin
1469 5283 1829 5340 Carthusiam

213 5372 483 5427 nondum
514 5371 764 5442 adiisset,
790 5371 1603 5429 babitumonastieoindutum
1635 5371 1826 5442 fuisse,

214 5478 400 5536 reque
427 5461 606 5517 etiam
626 5460 746 5536 ipsa
775 5463 1128 5522 manachum
1154 5460 1403 5527 exstisse,
1423 5458 1688 5530 suadent,
1711 5478 1838 5535 quae
1939 5462 2204 5523 tecostes,
2230 5456 2548 5531 Epiphania
2595 5455 2852 5527 Domini,
2878 5459 3410 5533 Repressentatione
3431 5461 3566 5530 ejus

1928 4326 2159 4382 semper
2175 4310 2888 4381 exasperant,continuatis
2907 4329 3054 4382 pene
3075 4315 3542 4388 acribusjejuniis

1929 4416 2172 4471 corpora
2203 4398 2489 4469 afﬂigunt,
2525 4402 2840 4454 extenuant
2867 4404 2924 4454 et
2950 4402 3258 4459 desiccant.
3289 4407 3425 4462 Inde
3457 4413 3544 4466 est

1929 4489 2083 4560 quod
2122 4503 2270 4558 pane
2321 4486 2578 4540 furfureo
2629 4504 2858 4559 semper
2910 4493 3172 4560 utuntur,
3221 4495 3353 4550 vino
3394 4498 3540 4554 adeo

1928 4578 2236 4648 adaquato,
2271 4577 2332 4628 ut
2387 4575 2595 4629 merito
2642 4576 2828 4646 magis
2871 4578 3088 4645 villum,
3114 4599 3291 4654 quam
3340 4585 3540 4642 vinum

1928 4665 2166 4720 dicatur.
2196 4663 2281 4716 Ab
2303 4661 2466 4717 omni
2485 4663 2746 4718 carnium
2762 4681 2860 4719 esu
2890 4669 3011 4722 tam
3043 4670 3164 4724 sani
3190 4688 3365 4742 quam
3399 4674 3540 4745 aegri

1928 4753 1986 4807 in
2007 4754 2352 4824 perpetuum
2375 4751 2686 4806 abstinent.
2736 4752 2921 4808 Pisces
2967 4773 3267 4829 nunquam
3313 4765 3540 4830 emunt,

1927 4841 2026 4896 sed
2056 4841 2204 4896 forte
2227 4857 2295 4894 ex
2315 4839 2592 4894 charitate
2612 4841 2776 4895 datos
2791 4843 3095 4915 accipiunt.
3116 4847 3216 4901 Die
3239 4847 3539 4906 Dominico

1929 4933 1986 4985 et
2005 4929 2205 5001 quinta
2227 4927 2370 4982 feria
2386 4931 2614 4983 tantum
2643 4946 2872 4986 caseum
2887 4933 2972 4986 vel
2988 4949 3092 4986 ova
3110 4933 3180 4988 ad
3194 4937 3542 4995 vescendum

1930 5018 2268 5072 admittunt.
2302 5017 2493 5072 Tertia
2522 5017 2667 5072 feria
2692 5035 2756 5072 ac
2801 5018 3073 5084 Sabbato,
3119 5025 3217 5076 aut
3246 5023 3541 5092 legumine

1931 5109 2028 5160 aut
2061 5106 2215 5160 olere
2247 5108 2407 5160 cocto
2439 5109 2697 5160 utuntur.
2734 5106 2902 5161 Omni
2927 5109 3201 5174 secunda,
3257 5115 3463 5181 quarta
3484 5119 3544 5170 et

1932 5198 2088 5249 sexta
2116 5193 2260 5248 feria
2290 5211 2440 5266 pane
2471 5195 2590 5247 solo
2613 5199 2673 5248 et
2698 5210 2847 5265 aqua
2875 5197 3136 5251 contenti
3169 5201 3320 5251 sunt.
3347 5197 3542 5258 Semel

1931 5283 1992 5337 in
2025 5284 2116 5338 die
2147 5299 2378 5353 semper
2405 5280 2738 5348 comedunt,
2763 5283 3009 5354 exceptis
3037 5290 3166 5341 octo
3210 5284 3408 5340 diebus
3434 5286 3546 5342 Na-

1934 5371 2064 5426 talis
2089 5369 2343 5437 Domini,
2367 5373 2493 5424 octo
2526 5367 2728 5442 diebus
2748 5371 2998 5437 Paschse,
3019 5377 3148 5429 octo
3173 5371 3372 5426 diebus
3399 5375 3550 5427 Pen-

3579 5761 4130 5989 1....
