4026 6042
460 328 564 384 295

1315 321 1373 377 S.
1402 319 1745 377 BRUNONIS
1786 317 2419 376 CABTHUSIANOBUM
2460 318 2927 379 INSTITUTORIS

3678 339 3782 395 296

457 454 570 509 hoc
588 454 693 520 est,
727 450 1130 508 Purificatione
1142 444 1354 505 sanctae
1368 450 1574 516 Mari-az,
1603 447 2058 503 Annuntiatione
2085 452 2140 512 Α
2162 444 2349 519 inquit
2372 446 2472 502 lib.
2508 466 2524 503 ι
2559 449 2772 535 devita
2792 468 2912 519 sua,
2936 467 3061 524 cap.
3082 457 3166 523 ll,
3186 454 3245 511 in
3272 458 3614 518 omnimoda
3632 478 3782 535 pau-

458 542 946 614 Domini,quando
971 539 1504 609 Paschalitempore
1521 538 1786 609 provenit
1809 555 1823 605 ;
1852 540 2060 590 Ascen-

456 632 617 687 sione
648 630 898 696 Domini,
930 629 1336 700 Assumptione
1354 646 1417 682 ac
1434 627 1733 681 Nativitate
1756 627 1882 697 jam
1899 624 2064 679 dicta:

456 737 630 775 sacrze
652 718 918 790 Virginis,
948 708 1138 773 Matris
1168 717 1309 788 ejus,
1349 720 1406 769 et
1435 715 1680 785 exceptis
1705 714 1863 768 festis
1919 714 2062 767 duo-

457 808 644 864 decim
665 808 1089 878 Apostolarum,
1113 804 1293 859 sancti
1311 805 1545 859 Joannis
1577 803 1863 875 Baptistae,
1883 800 2066 856 sancti

454 896 758 962 Michaelis,
813 894 993 948 sancti
1046 893 1288 959 Martini,
1348 896 1405 946 et
1458 892 1593 958 illo,
1653 892 1809 964 quod
1868 892 1928 944 in
1952 892 2061 944 Ka-

455 985 641 1040 lendis
671 983 1004 1038 Novembris
1035 983 1374 1048 celebratur,
1408 982 1552 1036 festo
1586 980 1860 1036 Omnium
1894 979 2066 1034 Sanc-

453 1077 670 1130 torum.

523 1166 626 1218 486
661 1183 688 1213 ‹‹
721 1161 905 1232 Super
924 1160 1048 1214 haec
1076 1158 1275 1213 omnia
1317 1174 1481 1213 more
1512 1159 1749 1230 antiquo
1776 1157 2065 1229 Egyptia-

454 1265 586 1306 rum
617 1248 1037 1304 monachorum
1099 1246 1417 1317 singulares
1456 1248 1626 1302 cellas
1658 1248 1941 1315 (tempore
1999 1243 2057 1298 S.

457 1341 739 1396 Brunonis
763 1356 829 1394 ex
860 1338 1022 1392 dictis
1053 1353 1214 1391 num.
1266 1338 1368 1391 475
1402 1336 1521 1391 bini
1553 1337 1608 1390 in
1639 1335 1875 1406 singulis
1907 1334 2063 1388 cellis

456 1427 867 1497 morabantur)
914 1428 1194 1499 perpetuo
1256 1424 1602 1491 inhabitant,
1666 1426 1761 1479 ubi
1809 1422 2058 1489 silentio,

451 1518 705 1585 lectioni,
735 1516 981 1571 orationi
1008 1519 1178 1585 atque
1206 1514 1365 1584 operi
1394 1531 1696 1580 manuum,
1730 1512 1980 1567 maxime
1999 1511 2061 1565 in

454 1606 770 1664 scribendis
800 1605 979 1670 libris,
1041 1604 1337 1675 irrequieti
1397 1604 1682 1657 insistunt.
1736 1605 1799 1657 In
1841 1602 2061 1657 eisdem

453 1697 610 1751 cellis
630 1694 891 1749 debitum
934 1691 1289 1763 regularium
1338 1692 1642 1758 Horarum,
1675 1693 1782 1745 hoc
1813 1695 1916 1757 est,
1947 1691 2063 1745 Pri-

2164 539 2385 606 pertate
2411 555 2468 592 se
2498 529 2847 611 deprimant,
2883 541 3224 600 ditissimam
3248 550 3444 603 tamen
3470 529 3772 607 bibliothe-

2165 641 2293 679 cam
2328 632 2694 697 coaggerant.
2715 629 2836 692 Quo
2853 631 3010 685 enim
3043 633 3232 687 minus
3247 636 3411 706 panis
3426 637 3595 709 hujus
3614 641 3781 712 copia

2166 713 2478 768 materialis
2491 716 2929 795 exuberant,tan
2940 723 2994 773 to
3012 722 3197 792 magis
3211 722 3330 791 illo,
3349 725 3445 796 qui
3467 744 3583 781 non
3605 728 3774 799 perit,

2165 802 2265 856 sed
2294 803 2353 856 in
2384 806 2667 859 aeternum
2681 811 3007 877 permanet,
3023 810 3147 865 cibo
3163 828 3405 882 operose
3422 815 3724 872 desudant.
3746 839 3774 868 »

2167 891 2485 948 Conﬁrmat
2509 894 2567 948 id
2593 895 2801 949 deinde
2815 898 3044 953 comitis
3060 899 3298 956 Niversis
3329 906 3614 975 exemplo,
3651 906 3772 977 qui,

2165 999 2297 1036 cum
2327 987 2624 1054 argentea,
2666 1002 2793 1056 quae
2825 986 3210 1044 Carthusianis
3243 990 3499 1060 miserat,
3530 1012 3777 1050 munera

2164 1071 2469 1142 rupudiata
2501 1072 2692 1139 fuisse,
2736 1076 3063 1146 accepisset,
3095 1080 3276 1134 Boum
3306 1084 3540 1153 tergora
3565 1086 3623 1136 et
3650 1100 3780 1155 per-

2163 1176 2412 1231 gamena
2432 1162 2696 1233 plurimae
2722 1164 2800 1217 eis
2832 1166 3179 1236 transmiset,
3205 1186 3333 1241 quze
3358 1187 3505 1242 pene
3538 1171 3775 1226 inevita-

2161 1246 2352 1301 biliter
2373 1248 2601 1321 ipsis(ad
2618 1253 3065 1309 conscribendos
3077 1254 3550 1330 consuendosque
3563 1259 3778 1314 scilicet

2158 1336 2350 1408 libros}
2379 1341 2699 1396 necessaria
2721 1359 2842 1398 esse
2875 1345 3162 1416 cognovit.
3198 1366 3225 1395 ››
3254 1346 3364 1401 Cur
3404 1363 3577 1418 porro
3610 1365 3770 1402 sum-

2163 1442 2322 1480 mam
2348 1428 2711 1500 diligentiam
2734 1449 3088 1505 operamque
3116 1434 3177 1489 in
3206 1436 3597 1491 describendis
3614 1436 3773 1491 libris

2160 1520 2467 1586 ponerent,
2514 1519 2683 1574 docet
2728 1538 2831 1575 nos
2882 1522 3085 1593 Guigo,
3140 1522 3200 1577 in
3252 1525 3772 1580 Consuetudinibus

2162 1619 2287 1674 cap.
2320 1608 2386 1659 28
2417 1606 2496 1660 sic
2527 1609 2815 1664 scribens:
2856 1633 2883 1661 «
2907 1611 3199 1680 Libros...,
3236 1615 3517 1685 tanquam
3561 1616 3770 1687 sempi-

2159 1703 2388 1755 ternam
2427 1703 2756 1759 animarum
2798 1710 3128 1763 nostrarum
3173 1709 3388 1777 cibum,
3441 1711 3768 1766 cautissime

455 1801 635 1850 mam,
667 1782 940 1847 Tertiam,
970 1780 1222 1845 Sextam,
1270 1782 1517 1845 Nonum,
1578 1780 2058 1852 Completorium,

2161 1791 2429 1845 custodiri
2477 1794 2534 1846 et
2569 1794 2982 1849 studiosissime
3021 1798 3284 1853 volumus
3316 1798 3466 1867 ﬁeri;
3511 1803 3592 1866 ut,
3635 1800 3772 1871 quia

450 1874 614 1945 signo
647 1870 896 1927 ecclesice
923 1869 1265 1923 commoniti
1288 1871 1404 1923 Deo
1434 1869 1783 1939 persolvunt.
1816 1870 1903 1923 Ad
1934 1870 2064 1922 Ves-

450 1979 619 2034 peras
649 1964 706 2015 et
747 1959 1049 2014 Matutinas
1079 1958 1138 2011 in
1180 1958 1414 2011 ecclesia
1447 1957 1635 2010 cuncti
1689 1958 2056 2024 conveniunt,

448 2052 661 2122 ibique,
696 2065 814 2102 non
842 2045 1248 2118 perfunctorie,
1267 2049 1327 2098 ut
1349 2044 1607 2116 quidam,
1632 2045 1730 2099 sed
1748 2045 2058 2099 intentissi-

448 2136 819 2206 me,oculisin
840 2139 1052 2189 terram
1073 2134 1353 2199 demissis,
1383 2134 1648 2187 cordibus
1676 2135 1816 2189 ccelo
1848 2134 2056 2201 infixis,

448 2230 566 2284 Deo
598 2241 816 2297 preces,
870 2225 986 2278 Deo
1027 2222 1345 2293 gratiarum
1397 2222 1652 2275 actiones
1689 2224 2056 2291 persolvunt;

446 2319 751 2386 totumque
783 2327 949 2366 suum
975 2313 1095 2364 tam
1125 2309 1486 2377 interiorem,
1520 2326 1695 2380 quam
1712 2310 2057 2365 exteriorem

443 2403 748 2460 hominem
776 2399 998 2465 habitu,
1028 2414 1183 2463 voce,
1214 2398 1392 2464 vultu,
1422 2398 1595 2452 rebus
1634 2398 1874 2452 visibilia
1894 2415 2055 2453 exce-

446 2492 747 2556 dentibus,
805 2488 1011 2561 spretis
1070 2486 1289 2540 cunctis
1344 2486 1487 2551 aliis,
1548 2484 1878 2554 intentum,
1937 2487 2055 2542 imo

445 2581 681 2637 afﬁxam
714 2594 854 2642 esse,
888 2576 1220 2631 ostendunt.
1277 2574 1362 2628 Ab
1402 2576 1510 2629 hoc
1552 2591 1713 2629 more
1769 2575 2056 2646 excipiunt

444 2670 570 2725 illos
600 2667 828 2722 festivos
855 2665 995 2730 dies,
1028 2664 1125 2735 qui
1159 2680 1333 2735 supra
1362 2663 1557 2734 scripti
1587 2667 1739 2729 sunt,
1765 2664 1824 2717 in
1851 2664 2056 2735 quibus

442 2758 529 2813 bis
558 2754 891 2818 comedunt,
927 2752 1057 2806 etin
1088 2752 1293 2822 quibus
1306 2767 1471 2805 more
1494 2752 1921 2806 monachorum
1934 2769 2051 2807 non

442 2863 548 2918 per
558 2846 747 2910 cellas,
764 2841 864 2896 sed
883 2840 1053 2895 simul
1070 2839 1478 2905 habitantium,
1502 2856 1622 2894 non
1641 2841 1828 2894 solum
1846 2857 2054 2896 omnes

443 2935 753 3005 Regulares
783 2931 962 2985 Horas
992 2928 1050 2982 in
1098 2927 1335 2982 ecclesia
1395 2928 1727 2996 decantant,
1771 2929 1873 2983 sed
1903 2933 1961 2983 et
1992 2929 2051 2983 in

440 3020 745 3079 refectorio
779 3023 898 3073 tam
921 3019 1049 3087 post
1088 3016 1343 3081 Sextam,
1373 3033 1549 3088 quam
1578 3020 1708 3088 post
1753 3019 2047 3087 Vesperas,

442 3112 598 3167 nullo
633 3108 844 3180 sospite
871 3109 1128 3176 excepto,
1162 3106 1551 3159 communiter
1581 3108 1780 3161 edunt.
1837 3106 2050 3170 Quibus

338 3226 355 3233 ~
439 3203 669 3254 tantum
690 3192 1287 3264 diebusfantiquorum
1333 3193 1707 3248 eremitarum
1725 3197 2048 3252 aemulatio-

440 3306 535 3355 ne,
583 3286 654 3341 ab
709 3284 832 3339 aliis
860 3282 1035 3336 sacris
1064 3282 1352 3352 operibus,
1384 3281 1518 3335 licet
1579 3282 1858 3352 dignitate
1909 3284 2050 3339 infe-

438 3375 706 3439 rioribus,
740 3370 1153 3443 impediantur,
1202 3370 1449 3423 salutare
1495 3371 1885 3441 omnipotenti
1926 3374 2044 3429 Deo

439 3480 543 3537 pro
571 3463 751 3517 salute
780 3475 883 3514 sua
902 3475 968 3512 ac
1000 3457 1202 3511 mundi
1231 3457 1576 3511 sacrificium
1608 3458 2044 3532 olferunt,quod

436 3570 505 3608 ex
530 3568 634 3606 usu
653 3550 779 3619 jam
813 3545 991 3600 veteri
1039 3548 1221 3599 tracto
1245 3544 1502 3611 nomine,
1537 3547 1673 3617 quia
1712 3549 1827 3602 Deo
1860 3549 2041 3603 mitti-

434 3645 550 3707 tur,
583 3638 746 3694 Missa
773 3636 1026 3689 vocatur.
1058 3634 1153 3687 His
1181 3633 1356 3687 sacris
1387 3634 1607 3701 diebus,
1640 3635 1738 3705 qui
1767 3636 2042 3707 singulari

433 3724 731 3800 privilegio
754 3722 1044 3778 aDomino
1066 3722 1150 3775 vel
1165 3722 1287 3792 ejus
1304 3722 1737 3777 Resurrectione
1758 3724 2042 3780 Dominici

434 3817 722 3880 dicuntur,
753 3829 818 3865 ac
834 3828 984 3882 saepe
1013 3810 1178 3865 dictis
1207 3810 1382 3880 ipsius
1412 3811 1497 3864 vel
1545 3811 1888 3866 Sanctorum
1921 3814 2042 3883 ejus

432 3900 892 3960 solemnitatibus
920 3899 1121 3952 missas
1146 3899 1460 3952 celebrant.
1495 3898 1720 3958 Diebus.
1739 3901 1942 3971 quibus
1958 3903 2041 3956 eis

432 3992 722 4064 legumine
755 3990 835 4042 uti
868 3989 1018 4053 licet,
1076 3987 1215 4040 illud
1247 3986 1372 4058 ipsi,
1407 3986 1480 4040 ad
1513 4003 1848 4043 mensuram
1877 4007 2037 4045 acce-

428 4082 611 4151 pium,
646 4078 752 4131 sibi
779 4079 980 4145 aptant
1010 4077 1066 4128 et
1098 4077 1379 4144 coquunt.

500 4170 624 4222 487.
653 4187 679 4215 ‹‹
706 4165 818 4218 Hoc
834 4179 967 4217 vero
984 4166 1138 4229 tunc,
1167 4161 1399 4232 quando
1418 4179 1537 4216 non
1568 4166 1958 4222 communiter
1976 4169 2035 4223 in

428 4254 755 4319 refectorio,
788 4252 888 4305 sed
918 4250 1149 4322 quando
1164 4266 1263 4303 eos
1282 4250 1340 4303 in
1373 4251 1527 4304 cellis
1547 4252 1660 4305 suis
1672 4255 1819 4308 solos
1840 4272 2031 4312 come-

2161 1896 2259 1934 ore
2286 1898 2404 1935 non
2431 1897 2751 1951 possumus,
2784 1884 2884 1937 Dei
2917 1885 3155 1939 verbum
3198 1887 3466 1941 manibus
3502 1888 3772 1960 przedice-

2161 1985 2308 2023 mus.
2331 1971 2479 2034 Quot
2496 1972 2651 2026 enim
2672 1973 2846 2027 libros
2873 1974 3192 2039 scribimus,
3212 1977 3298 2028 tot
3326 1974 3491 2029 nobis
3512 1974 3766 2029 veritatis

2159 2074 2455 2129 praecones
2465 2060 2653 2114 facere
2666 2060 2852 2115 videm
2862 2062 3132 2116 ur.»Addi
3146 2065 3353 2132 potest,
3368 2063 3578 2132 partim
3591 2064 3768 2117 etiam

2159 2146 2219 2200 id
2247 2146 2445 2201 fecisse
2475 2148 2622 2215 illos,
2657 2152 2780 2204 tum
2812 2153 2874 2204 ut
2900 2150 3109 2222 inopiae
3134 2168 3251 2204 sua:
3283 2150 3583 2222 (pauperes
3608 2152 3766 2207 enim

2159 2251 2291 2289 vere
2318 2238 2504 2302 erant,
2557 2254 2731 2307 seque
2758 2238 2910 2309 ipsos
2939 2240 3026 2293 vel
3056 2239 3327 2310 Pauperes
3385 2241 3471 2295 vel
3495 2239 3768 2310 Pauperes

2160 2323 2379 2389 Christi,
2405 2325 2485 2377 uti
2518 2326 2673 2395 apud
2697 2326 2979 2397 Cangium
3006 2328 3080 2382 ad
3110 2345 3309 2383 vocem
3327 2346 3535 2399 pauper
3570 2328 3765 2384 videre

2157 2415 2264 2478 est,
2314 2413 2703 2483 appellabant)
2756 2416 3141 2481 consulerent,
3201 2420 3324 2470 tum
3374 2432 3446 2470 ne
3505 2416 3766 2472 Ecclesia;

2155 2498 2489 2554 viderentur
2536 2518 2766 2573 prorsus
2825 2502 3074 2570 inutiles,
3134 2504 3383 2576 hincque
3430 2521 3632 2560 eorum
3677 2505 3765 2560 in-

2156 2588 2419 2643 stitutum
2453 2590 2846 2645 calumniandi
2878 2608 3079 2647 ansam
3105 2594 3373 2648 malevoli
3417 2594 3761 2666 arriperent.

2157 2713 2434 2779 §XXVIIL
2469 2712 2588 2789 _A7_z_
2628 2712 2862 2770 Sanctus
2912 2732 3107 2773 novam
3167 2716 3429 2788 Regulam
3477 2721 3761 2789 scripserit,

2225 2791 2275 2836 ct
2312 2802 2384 2858 {In
2410 2784 2479 2837 ad
2508 2784 2675 2858 ullam
2720 2804 2784 2839 ex
2812 2794 2935 2858 ante
2953 2790 3132 2858 θεὴ)ίὼ
3181 2784 3261 2843 ατί
3284 2784 3607 2843 nominatim
3652 2790 3760 2843 Be-

2224 2855 2546 2932 nedz‘ctz'nam
2576 2856 2959 2913 observandam
3000 2855 3053 2914 se
3100 2877 3322 2932 suosque
3356 2860 3637 2931 discipulos
3664 2860 3759 2914 ad-

2223 2928 2514 2980 strinxerit.

2223 3033 2349 3087 488.
2376 3035 2680 3089 Austeram
2703 3035 3046 3103 admodum,
3063 3054 3239 3108 quam
3254 3037 3495 3093 Sanctus
3521 3038 3758 3111 ejusque

2153 3120 2410 3192 discipuli
2445 3123 2503 3176 in
2530 3123 2830 3178 Carthusia
2860 3126 3284 3193 duxere,fuisse
3300 3128 3498 3195 vitam,
3534 3129 3619 3183 vel
3640 3130 3762 3183 sola

2150 3226 2393 3277 normze,
2419 3211 2490 3265 ad
2525 3229 2701 3283 quam
2732 3214 2881 3268 hanc
2934 3217 3249 3287 exegerint,
3284 3220 3312 3284 §
3347 3217 3696 3288 praecedenti
3727 3233 3760 3273 e

2148 3298 2318 3352 Petro
2338 3299 2662 3355 Venerabili
2677 3304 2975 3373 proposita
2988 3305 3177 3375 capita
3191 3306 3544 3361 sufficienter
3567 3309 3757 3361 osten-

2148 3386 2318 3453 dunt;
2342 3405 2541 3442 verum
2564 3391 2743 3461 quaeri
2779 3393 2875 3446 hic
2888 3393 3016 3462 jam
3051 3398 3259 3465 potest,
3293 3396 3485 3465 primo
3518 3395 3756 3468 quidem

2144 3493 2218 3530 an
2239 3477 2360 3531 haec
2376 3476 2432 3532 S.
2467 3480 2657 3533 Bruno
2671 3482 2895 3553 aliaque
2911 3484 3128 3553 Regula
3143 3485 3413 3555 quapiam
3429 3484 3760 3556 prtescripta

2145 3565 2433 3637 discipulis
2458 3567 2570 3621 suis
2592 3568 2951 3624 observanda
2980 3571 3328 3640 injunxerit;
3380 3573 3590 3627 deinde
3619 3589 3755 3627 vero

2142 3669 2215 3706 an
2254 3655 2425 3708 hosce
2457 3656 2627 3710 simul
2649 3674 2711 3711 ac
2725 3658 2978 3728 seipsum
2991 3659 3064 3713 ad
3084 3661 3261 3714 ullam
3277 3679 3343 3716 ex
3361 3666 3495 3717 ante
3513 3661 3755 3732 scriptis,

2142 3758 2205 3795 ac
2238 3744 2586 3798 nominatim
2612 3745 2668 3798 S.
2705 3747 2997 3801 Benedicti
3029 3749 3309 3819 Regulam
3361 3751 3752 3805 obstrinxerit.

2140 3829 2508 3884 Innocentius
2539 3832 2587 3885 le
2617 3832 2840 3887 Masson
2871 3833 2929 3887 in
2966 3835 3173 3904 Opere,
3196 3836 3350 3906 quod
3383 3837 3601 3891 ordinis
3626 3837 3756 3891 Car-

2138 3917 2445 3972 thusiensis
2478 3922 2727 3975 Annales
2752 3922 3058 3993 inscripsit,
3093 3924 3193 3978 lib.
3230 3942 3268 3992 Ι,
3304 3942 3429 3996 cap.
3453 3929 3749 3994 3,num.3,

2138 4006 2217 4060 sic
2265 4007 2500 4062 scribit:
2540 4031 2567 4059 «
2616 4010 2844 4093 l‘iullam
2887 4013 3111 4066 vivendi
3158 4031 3425 4068 normam
3462 4032 3496 4069 a
3553 4018 3749 4069 sancto
3796 4086 3803 4093 ο

2138 4094 2407 4149 Brunone
2460 4078 2734 4167 scriptam
2779 4098 2970 4165 fuisse,
3022 4100 3357 4156 credimus:
3420 4103 3521 4157 sed
3567 4102 3748 4158 sancti

2136 4181 2286 4236 illius
2308 4183 2409 4237 viri
2440 4185 2789 4241 documenta
2815 4192 2872 4242 et
2903 4192 3168 4260 exempla
3215 4194 3380 4245 erant
3428 4190 3536 4245 illis
3583 4190 3745 4263 quasi

2132 4271 2325 4325 vivens
2352 4273 2585 4344 Regula,
2625 4292 2800 4345 quam
2829 4277 3147 4348 adimplere
3165 4282 3222 4332 et
3251 4280 3323 4333 ad
3374 4296 3503 4332 suos
3534 4296 3748 4334 succes-

428 4346 564 4400 dere
582 4338 1169 4397 eremiticainstitutio
1196 4339 1698 4411 prcecipit.Vinum
1715 4345 1870 4398 [111110
1893 4349 2035 4400 tem-
2058 4342 2110 4400 D
2131 4376 2289 4414 SOI-es
2321 4376 2424 4432 per
2439 4365 2702 4434 exempla
2733 4365 2911 4418 etiam
2943 4366 3050 4435 ipsi
3070 4367 3384 4421 transferre
3400 4368 3738 4423 didicerant.

426 4449 568 4506 pore
599 4433 732 4484 ante
765 4444 1029 4482 mensam
1060 4429 1149 4481 vel
1178 4431 1378 4501 postea
1404 4434 1658 4484 sumunt.
1692 4432 1804 4487 Sed
1830 4435 1875 4488 si
1905 4435 2031 4507 quis

424 4526 562 4576 tunc
590 4518 744 4573 sitim
779 4533 974 4588 passus
994 4516 1187 4583 fuerit,
1209 4534 1358 4589 aqua
1388 4518 1460 4576 ei.
1510 4536 1627 4573 non
1661 4522 1810 4589 vino,
1836 4527 1938 4593 uti,
1970 4527 2032 4581 li-

424 4612 533 4665 cet.
567 4628 595 4658 »
631 4606 846 4661 Eadem
875 4605 995 4659 fere
1023 4608 1123 4659 aut
1147 4608 1301 4660 certe
1324 4623 1440 4660 non
1458 4608 1703 4662 multum
1724 4612 2027 4684 absimilia,

423 4714 552 4770 quee
578 4713 611 4750 a
646 4693 1052 4758 Carthusianis,
1084 4696 1256 4748 aetate
1285 4712 1388 4749 sua
1425 4697 1781 4766 ﬂorentibus,
1816 4701 2029 4761 fuerint

422 4787 741 4852 observata,
771 4783 1071 4838 Guibertus
1090 4783 1160 4838 de
1193 4784 1510 4856 Novigento
1522 4788 1830 4859 saepissime
1857 4810 2029 4865 supra

380 4906 387 4925 .
420 4875 702 4941 laudatus,
735 4873 834 4946 qui
862 4889 1018 4928 anno
1053 4875 1191 4929 1124
1233 4889 1264 4927 e
1295 4874 1430 4928 vivis
1459 4877 1713 4945 excessit,
1748 4879 1847 4935 lib.
1892 4898 1907 4935 ι
1957 4886 2026 4939 de

419 4966 546 5020 Vita
581 4980 703 5032 sua,
734 4979 859 5035 cap.
897 4966 953 5018 11
976 4965 1265 5030 recenset;
1298 4962 1371 5016 ad
1391 4979 1565 5035 quem
1580 4966 1826 5037 proinde
1847 4972 2029 5027 curio-

419 5071 548 5108 sum
578 5054 857 5108 lectorem
884 5051 1141 5117 remitto,
1172 5048 1325 5105 Petri
1346 5050 1698 5108 Venerabilis
1714 5058 2024 5125 verba,huc

416 5141 754 5214 spectantia,
784 5139 922 5212 quid
934 5139 1173 5211 majoris
1188 5139 1383 5211 utique
1400 5139 1535 5194 fidei
1557 5145 2023 5219 auctoritatisque

416 5245 593 5301 quam
621 5229 926 5283 Guibertus
944 5229 1048 5283 hac
1082 5228 1141 5281 in
1155 5243 1218 5281 re
1250 5229 1429 5294 est,1n
1448 5229 1706 5285 medium
1722 5237 2024 5303 protulisse

413 5320 740 5373 contentus.
777 5317 901 5371 Non
927 5332 1161 5388 possum
1193 5318 1412 5382 tamen,
1443 5317 1583 5387 quin
1612 5319 1722 5373 huc
1748 5324 2016 5381 transcri-

414 5406 552 5461 bam
571 5406 767 5474 verba,
797 5405 1001 5477 quibus
1021 5404 1113 5459 hic
1142 5404 1385 5477 scriptor
1411 5404 1877 5467 Carthusiensum
1904 5419 2019 5471 stu-

418 5496 601 5562 dium,
634 5512 669 5548 a
699 5494 735 5548 S
761 5496 1049 5548 .Brunone
1075 5497 1314 5564 parente
1345 5493 1415 5546 ad
1443 5510 1540 5547 eos
1567 5494 1801 5554 indubie
1832 5505 2016 5560 tranS-

418 5582 680 5648 missum,
708 5582 767 5638 in
800 5580 1226 5638 conscribendis
1255 5581 1415 5637 libris
1456 5582 1748 5653 praedicat.
1786 5611 1816 5639 «
1846 5590 2009 5664 Cum,

2131 4449 2319 4519 Ipsam
2344 4453 2547 4505 tamun
2587 4452 2856 4506 eamdem
2888 4469 3009 4507 esse
3043 4471 3160 4509 non
3185 4455 3533 4522 dubitamus,
3567 4474 3741 4529 quam

2130 4540 2329 4607 postea
2353 4539 2415 4591 Π.
2450 4540 2615 4593 Pater
2648 4541 2826 4612 Guigo
2857 4541 3082 4612 scriptis
3114 4544 3449 4613 mandavit;
3482 4546 3735 4616 nihilque

2128 4625 2188 4679 in
2219 4627 2341 4697 ejus
2372 4628 2900 4683 Consuetudinibus
2948 4630 3189 4701 reperiri
3232 4632 3541 4697 credimm,
3582 4633 3736 4704 quod

2128 4716 2288 4785 quasi
2336 4716 2406 4769 ab
2439 4732 2538 4771 ore
2584 4716 2765 4771 sancti
2794 4718 3078 4772 Brunonis
3110 4735 3216 4789 per
3262 4720 3585 4792 discipulos,
3642 4721 3739 4793 qui

2128 4817 2261 4855 eum
2275 4802 2605 4858 viderantet
2636 4805 2958 4873 audierant,
2996 4823 3113 4861 non
3146 4807 3428 4863 didicerit.
3461 4809 3558 4862 Vix
3580 4810 3738 4863 enim

2128 4894 2262 4943 ante
2293 4891 2545 4961 quinque
2573 4896 2673 4946 aut
2691 4909 2784 4947 sex
2816 4910 2999 4948 annos
3028 4900 3256 4950 sanctus
3282 4898 3468 4951 Bruno
3495 4896 3736 4965 obierat,

2126 4978 2358 5048 quando
2375 4978 2555 5049 Guigo
2575 4983 2771 5057 noster
2799 4982 2871 5035 ad
2894 4982 3171 5039 Ordinem
3184 4985 3428 5040 venit.ln
3451 4985 3569 5040 istis
3596 5001 3735 5056 ergo

2127 5066 2349 5137 scriptis
2378 5083 2412 5121 a
2440 5068 2688 5123 R.Patre
2718 5070 2977 5140 Guigone
3006 5072 3527 5129 Consuetudinibus
3550 5074 3731 5128 firmi-

2126 5157 2217 5208 ter
2247 5155 2603 5210 credendum
2624 5161 2709 5212 est
2738 5158 2918 5213 sancti
2943 5161 3228 5216 Brunonis
3259 5167 3538 5231 mentem,
3563 5164 3736 5217 docu-

2127 5246 2326 5298 menta
2354 5246 2412 5298 et
2427 5244 2710 5316 dirigendi
2728 5248 2967 5302 modum
2985 5249 3221 5322 depingi
3239 5254 3297 5306 et
3308 5253 3731 5318 contineri,acsi

2125 5332 2360 5403 propria
2388 5332 2511 5403 ejus
2525 5349 2705 5389 manu
2719 5335 2929 5409 scripta
2953 5337 3213 5393 fuissent.
3239 5340 3405 5404 Quod
3428 5358 3494 5395 eo
3512 5341 3733 5395 facilius

2123 5421 2363 5491 quisque
2395 5421 2500 5475 sibi
2545 5425 2936 5494 persuadebit,
2969 5444 3081 5499 quo
3130 5429 3341 5483 certior
3383 5430 3508 5484 ﬁeri
3552 5431 3727 5484 debet

2118 5510 2178 5562 Β.
2215 5510 2779 5584 Landuinum,quem
2806 5519 3031 5569 sanctus
3062 5517 3250 5571 Bruno
3283 5518 3465 5586 sociis,
3501 5519 3571 5571 ad
3604 5535 3725 5572 ere-

2118 5616 2279 5655 mum
2312 5599 2622 5657 Carthusiee
2678 5604 3117 5673 revertentibus,
3173 5606 3529 5677 praefecerat,
3563 5607 3715 5663 viam
