4026 6042
401 278 507 343 299

1262 278 1321 339 S.
1353 277 1700 338 BRUNONIS
1727 273 2360 338 CARTHUSIANORUM
2396 279 2862 338 INSTITUTORIS

3614 277 3720 339 300

401 410 641 477 dictum,
674 405 790 463 sive
813 404 967 479 apud
988 404 1131 462 alios
1173 423 1545 480 quoscunque
1569 406 1797 461 sanctos
1823 405 2081 470 PatresA
2106 404 2337 461 nedicti.
2368 404 2581 459 Verum
2613 422 2686 460 ne
2716 405 2827 461 hoc
2858 403 3094 477 quidem
3123 401 3351 459 veritati
3394 407 3590 460 exacte
3634 405 3718 460 vi-

398 500 453 556 ei
477 499 605 554 vitaz
628 494 1008 568 generi,quod
1022 496 1271 566 amplexi
1285 499 1471 564 erant,
1504 493 1691 566 magis
1718 492 2003 548 existima-

395 590 539 645 bant
554 587 853 653 idonea;ut
865 584 1161 640 annalium
1186 583 1675 639 Carthusiensium
1689 581 1817 637 libri
1838 597 2005 653 quar-

395 676 441 731 ti
453 676 728 730 hactenus
740 689 857 727 non
870 672 1083 744 vulgati
1095 676 1296 727 auctor
1307 688 1630 743 anonymus
1648 670 1854 725 merito
1872 685 2005 724 con-

394 765 617 831 tendat,
664 762 721 817 S.
758 762 1083 816 Brunonem
1115 762 1349 832 ejusque
1375 760 1678 831 discipulos
1702 774 2003 830 nunquam

396 869 517 907 sese
592 849 992 906 determinatus
1046 849 1212 903 alicui
1266 866 1336 902 ex
1392 847 1723 903 monasticis
1784 845 1999 918 regulis

395 939 849 1006 astrinxisse,sed
863 955 965 1010 pro
982 938 1197 991 arbitro
1225 937 1506 1009 accepisse
1530 953 1599 992 ex
1630 935 2003 1008 antiquorum

396 1032 524 1084 tum
552 1026 793 1100 scriptis,
815 1029 940 1080 tum
959 1026 1252 1097 exemplis,
1302 1026 1457 1097 quod
1502 1024 1631 1080 vitae
1692 1022 2004 1079 eremiticaa

392 1116 735 1190 perfectioni
769 1115 1275 1170 accommodatum
1296 1114 1607 1170 videretur.
1644 1135 1671 1162 »

466 1260 812 1317 492.Atvero
842 1257 921 1313 ait
949 1258 1133 1313 verbis
1163 1257 1426 1329 proxime
1460 1255 1712 1312 recitatis
1748 1252 2003 1311 Mabillo-

396 1348 544 1417 nius,
578 1346 811 1403 condita
836 1363 870 1402 a
907 1346 1165 1417 Guigone
1208 1347 1419 1401 statuta
1463 1344 1523 1399 in
1575 1344 1771 1399 codice
1803 1344 2003 1397 Porta-

392 1454 527 1495 rum
557 1438 709 1493 hunc
732 1434 1074 1509 praeferunt:
1099 1455 1126 1483 ‹‹
1146 1432 1370 1488 Statuta
1390 1432 1663 1505 Guigonis
1690 1430 2003 1487 Carthusiaa

390 1525 600 1599 prioris
655 1527 714 1579 et
770 1522 1014 1578 aliorum
1049 1523 1284 1576 Patrum
1326 1521 1492 1591 juxta
1522 1521 1786 1591 regulam
1822 1517 2003 1572 sancti

394 1611 706 1669 Benedicti.
741 1631 769 1660 »
798 1610 1061 1665 Primum
1090 1610 1198 1664 hoc
1238 1611 1342 1675 est,
1379 1608 1534 1680 quod
1581 1624 1685 1680 pro
1730 1606 2004 1678 opinione

395 1719 497 1758 sua
525 1701 573 1755 is
592 1700 835 1772 scriptor
856 1697 1107 1763 adducit,
1156 1698 1589 1767 argumentum.
1630 1695 1841 1749 Verum
1861 1711 2005 1767 prte-

391 1789 603 1854 ferant,
630 1791 693 1842 ut
724 1785 931 1858 inquit,
965 1786 1117 1839 hunc
1143 1784 1201 1839 in
1244 1784 1439 1839 codice
1467 1783 1563 1839 illo
1589 1782 1823 1837 titulum
1879 1782 2007 1838 Gui-

394 1878 561 1953 gonis
586 1877 817 1942 statuta,
842 1874 976 1927 hinc
999 1876 1219 1940 tamen,
1254 1874 1318 1926 ut
1337 1873 1475 1939 vult,
1503 1888 1862 1943 consequens
1884 1888 2003 1927 non

393 1971 499 2033 est,
531 1968 596 2019 ut
624 1965 747 2019 haec
778 1962 851 2017 ad
882 1962 1098 2033 regula:
1127 1960 1512 2015 Benedictinae
1535 1963 1796 2014 mentem
1825 1959 2005 2031 Guigo

394 2054 669 2128 exegerit.
700 2053 842 2107 Cum
877 2050 1034 2106 enim
1065 2049 1264 2105 titulus
1294 2049 1389 2104 ille
1422 2045 1756 2121 ipsummet,
1800 2051 1862 2103 ut
1906 2064 2007 2119 ap-

392 2149 577 2218 paret,
605 2142 926 2213 Guigonem
959 2156 1076 2194 non
1103 2139 1314 2193 habeat
1330 2137 1780 2204 auctorem,ﬁeri
1796 2139 2005 2209 potest,

392 2237 458 2289 ut
477 2233 549 2288 ab
576 2230 791 2302 aliquo,
826 2228 946 2300 qui,
994 2244 1108 2299 qua
1134 2226 1361 2281 ratione
1403 2225 1583 2297 Guigo
1630 2228 1845 2280 statuta
1907 2241 2010 2280 sua

391 2317 963 2385 condidisset,minus
978 2316 1232 2370 habebat
1248 2316 1635 2386 compertum,
1651 2314 1893 2386 praefato
1911 2330 2007 2369 co-

395 2410 508 2466 dici
550 2407 725 2464 fuerit
773 2405 1071 2476 ascriptus.
1115 2404 1187 2458 Ut
1232 2405 1297 2457 ut
1334 2402 1427 2470 sit,
1463 2403 1536 2457 ad
1572 2403 1747 2458 solius
1790 2404 2006 2474 regulae

390 2496 778 2556 Benedictinaa
810 2497 1071 2549 mentem
1116 2494 1329 2547 statuta
1356 2508 1457 2547 suo
1485 2508 1605 2547 non
1636 2492 1886 2563 exegisse
1907 2508 2007 2547 seu

390 2585 714 2643 condidisse
727 2582 1068 2654 Guigonem,
1085 2581 1332 2653 ipsemet
1352 2580 1411 2634 in
1442 2579 1805 2651 praefatione,
1828 2597 2006 2653 quam

392 2677 549 2733 hisce
566 2673 831 2747 praeﬁxit,
859 2689 977 2727 non
1001 2672 1239 2726 obscure
1265 2670 1503 2726 indicat.
1535 2670 1629 2725 Ait
1660 2671 1842 2739 enim,
1860 2688 2004 2738 sese,

388 2782 508 2822 non
541 2780 689 2820 nova
706 2780 806 2817 seu
832 2763 1123 2833 praecepta
1140 2777 1239 2814 seu
1266 2759 1606 2827 statuta,sed
1635 2759 2008 2815 Consuetudi-

388 2871 493 2912 nes
524 2852 747 2925 scriptis
774 2851 1076 2916 mandare,
1104 2849 1164 2903 id
1196 2850 1301 2914 est,
1322 2865 1450 2920 qua:
1480 2848 1573 2921 agi
1592 2851 1729 2903 tunc
1756 2848 2008 2904 solerent

388 2944 451 3000 in
480 2941 816 3008 Carthusia;
850 2956 1049 3012 quare,
1082 2955 1214 2993 cum
1260 2938 1403 3006 haec,
1432 2938 1514 2992 uti
1544 2938 1791 3010 ipsemet
1817 2937 2007 2993 verbis

388 3049 563 3107 supra
582 3033 693 3087 huc
719 3028 1080 3099 transcriptis
1110 3026 1348 3093 indicat,
1368 3043 1487 3081 non
1518 3026 1576 3080 in
1606 3028 1725 3081 sola
1757 3025 1814 3081 S.
1833 3027 2010 3081 Bene-
2039 3031 2086 3090 ο

392 3121 529 3177 dicti
568 3119 791 3191 regula,
833 3117 935 3171 sed
967 3116 1053 3169 vel
1097 3114 1158 3169 in
1189 3115 1317 3181 hac,
1346 3115 1433 3169 vel
1464 3114 1525 3169 in
1559 3114 1824 3185 Epistolis
1852 3114 2006 3170 beati

392 3206 750 3280 Hieronymi,
774 3207 863 3261 vel
900 3205 958 3259 in
985 3203 1111 3259 aliis
1136 3203 1430 3275 scripturis
1460 3202 1805 3259 authenticis
1821 3203 2005 3258 conti-

390 3302 659 3365 neantur,
693 3311 1056 3366 consequens
1096 3293 1181 3358 ﬁt,
1224 3295 1288 3346 ut
1319 3292 1499 3363 Guigo
1546 3296 1759 3348 statuta
1802 3310 1904 3349 sua
1934 3294 2009 3349 ad

387 3390 573 3444 solam
586 3386 642 3441 S.
677 3382 969 3439 Benedicti
992 3381 1255 3452 regulam
1287 3396 1405 3435 non
1423 3382 1781 3452 exegerit,ac
1812 3383 2005 3455 proin,

383 3480 451 3542 ut.
471 3476 539 3531 ad
565 3476 714 3529 hanc
752 3472 919 3526 unice
960 3469 1305 3525 servandam
1345 3484 1403 3523 se
1452 3486 1699 3542 suosque
1733 3487 2008 3543 sequaces

390 3581 510 3622 non
533 3560 903 3619 astrinxerint
947 3557 1004 3614 S.
1052 3559 1241 3612 Bruno
1284 3557 1519 3629 ejusque
1560 3558 1839 3631 discipuli.
1895 3561 2009 3616 Nec

390 3654 667 3711 Sanctum
710 3649 945 3721 ejusque
991 3647 1296 3718 discipulos
1331 3662 1452 3725 sese
1476 3646 1574 3701 uni
1619 3646 1675 3702 S.
1718 3649 2010 3705 Benedicti

390 3744 607 3815 regula:
630 3737 976 3803 astrinxisse,
1008 3735 1236 3801 evincit,
1256 3735 1413 3807 quod
1444 3735 1802 3792 Mabillonius
1832 3738 2009 3794 etiam

390 3831 609 3895 laudat,
642 3825 1006 3900 privilegium
1040 3822 1353 3880 Carthusia:
1379 3823 1708 3880 Montis-Dei
1738 3826 1811 3882 ab
1826 3827 2009 3898 Euge-

396 3920 496 3977 nio
519 3920 589 3973 ΙΙΙ
615 3931 970 3973 concessum.

464 4042 713 4098 493.Hoc
733 4038 890 4093 enim
904 4036 1165 4110 pontifex
1183 4034 1473 4103 statuit,ut
1488 4035 1705 4092 ibidem
1728 4036 1871 4093 ordo
1891 4054 2016 4095 mo-

395 4125 1064 4189 nasticusinviolahiliter
1093 4128 1350 4178 servetur
1386 4128 1739 4182 nontantum
1768 4147 1797 4177 «
1818 4144 2016 4182 secun-

398 4221 538 4276 dum
556 4216 708 4272 beati
722 4213 1013 4270 Benedicti
1029 4212 1486 4284 regulam,«sed»
1502 4214 1677 4268 etiam
1698 4216 2014 4271 secundum

2106 493 2274 548 detur
2305 509 2649 548 consonum.
2680 493 2907 547 Etenim
2933 493 3220 547 Massonus
3249 491 3307 547 in
3343 509 3539 565 opere,
3562 495 3719 566 quod

2104 582 2323 637 ordinis
2382 581 2797 637 Carthusiensis
2849 582 3086 636 annales
3132 581 3439 653 inscripsit,
3480 581 3539 636 in
3592 582 3716 638 haec

2103 673 2449 727 statutorum
2478 671 2749 743 Guigonis
2778 671 2988 726 verba:
3014 693 3041 721 ‹‹
3066 672 3127 725 In
3153 687 3265 743 quo
3292 671 3497 742 (ofﬁcio
3525 671 3717 727 divino

2106 759 2404 831 nimirum)
2433 778 2563 815 cum
2591 760 2810 815 caeteris
2828 759 3128 815 monachis
3158 762 3430 828 multum,
3465 760 3718 817 maxime

2105 848 2164 903 in
2184 850 2506 920 psalmodia
2534 850 2806 923 regulari,
2838 849 3153 905 concordes
3174 849 3560 920 inveniantur;
3580 872 3609 900 »
3637 850 3719 907 ita

2105 942 2534 994 commentatur
2583 957 2597 994 :
2658 962 2686 991 «
2732 940 2857 995 Non
2889 939 3045 1007 dicit,
3099 939 3216 994 «in
3256 941 3465 1007 totum,
3496 959 3530 991 »
3584 939 3719 1012 quia

2106 1044 2309 1083 revera
2334 1028 2393 1083 in
2435 1028 2843 1101 componendo
2893 1027 3087 1083 divino
3114 1027 3304 1083 officio
3337 1027 3713 1084 Carthusiano

2106 1116 2249 1171 ritus
2277 1117 2512 1189 quidem
2543 1117 2894 1172 monasticus
2923 1117 2981 1171 in
3007 1116 3313 1172 duodecim
3334 1117 3587 1190 psalmis,
3610 1115 3715 1171 tri-

2104 1204 2213 1259 bus
2245 1204 2491 1260 Canticis
2514 1209 2574 1260 et
2599 1206 2905 1261 duodecim
2935 1205 3295 1261 Lectionibus
3322 1210 3380 1261 et
3409 1205 3531 1261 aliis
3556 1205 3713 1261 simi-

2106 1292 2253 1350 libus
2286 1298 2611 1366 assumptus
2637 1299 2742 1364 est,
2762 1294 2863 1350 sed
2888 1311 3007 1350 non
3041 1311 3222 1367 pauca
3236 1294 3412 1350 etiam
3431 1294 3483 1349 ei
3509 1294 3713 1366 adjun-

2104 1386 2196 1439 cta
2224 1384 2459 1439 fuerunt
2486 1400 2553 1438 ex
2583 1384 2785 1439 ritibus
2835 1387 2961 1439 tum
3000 1384 3251 1439 ecclesia:
3301 1383 3714 1456 Lugdunensis,

2102 1476 2228 1529 tum
2259 1472 2891 1544 Gratianopolitanasﬁn
2907 1473 3067 1545 cujus
3079 1472 3304 1529 dicecesi
3339 1473 3445 1528 sita
3469 1475 3554 1528 est
3580 1472 3715 1528 Car-

2104 1560 2313 1629 thusia,
2350 1565 2411 1616 ut
2444 1562 2676 1633 probari
2708 1564 2898 1632 potest
2926 1578 2993 1617 ex
3020 1561 3268 1634 antiquis
3293 1562 3603 1618 Missalibus
3623 1579 3715 1618 ec-

2104 1652 2289 1707 clesiae
2345 1650 2891 1723 Gratianopolitanaa
2916 1655 2975 1707 et
3003 1652 3179 1707 modo
3207 1651 3538 1707 celebrandi
3577 1651 3714 1707 mis-

2029 1745 2079 1804 B
2106 1757 2230 1795 sam
2262 1743 2398 1795 tunc
2424 1739 2503 1794 ibi
2521 1739 2751 1807 usitato,
2783 1757 2909 1813 quae
2940 1740 3000 1795 in
3026 1739 3235 1796 nostris
3259 1741 3331 1796 ad
3358 1756 3613 1812 unguem
3637 1740 3718 1796 fe-

2106 1846 2169 1884 re
2190 1829 2491 1897 feruntur;
2518 1828 2777 1900 itemque
2805 1846 2871 1884 ex
2902 1829 3191 1884 veteribus
3219 1827 3634 1902 antiphonariis
3660 1831 3719 1885 et

2107 1917 2392 1988 precibus,
2421 1934 2549 1989 quas
2577 1918 2646 1972 ab
2689 1917 2925 1972 ecclesia
2969 1917 3337 1991 Lugdunensi
3362 1917 3421 1973 in
3455 1922 3716 1974 nostrum

2108 2023 2275 2062 usum
2305 2009 2530 2061 constat
2558 2006 2730 2061 fuisse
2756 2008 3141 2079 transumpta.
3177 2028 3206 2056 ι)

2176 2097 2304 2150 494.
2333 2094 2741 2150 Carthusianus
2783 2111 3125 2165 anonymus,
3173 2094 3469 2151 annalium
3500 2094 3716 2151 ordinis

2108 2182 2193 2238 sui
2222 2183 2352 2238 libri
2383 2182 2572 2256 quarti
2601 2184 2879 2238 hactenus
2911 2199 3029 2237 non
3060 2182 3273 2255 vulgati
3290 2184 3509 2252 auctor,
3538 2184 3595 2239 in
3611 2200 3712 2239 au-

2108 2271 2271 2326 ctiori
2302 2272 2470 2343 hujus
2519 2272 2709 2344 operis
2740 2271 2822 2326 sui
2858 2271 3192 2343 exemplari,
3223 2271 3379 2344 quod
3417 2288 3594 2342 penes
3621 2288 3717 2328 me

2109 2376 2227 2414 non
2246 2363 2448 2428 exstat,
2472 2361 2750 2433 quodque
2782 2360 3095 2415 Carthusiae
3116 2359 3421 2415 Vallis-Dei
3455 2362 3559 2427 est,
3576 2376 3720 2415 non-

2109 2449 2265 2503 nulla
2286 2448 2463 2504 etiam
2494 2450 2605 2503 huc
2617 2448 2935 2520 spectantia
2960 2464 3093 2520 pag.
3129 2450 3197 2503 56
3224 2448 3713 2520 suppeditat.Ver-

2107 2537 2202 2603 ba,
2237 2537 2441 2609 quibus
2472 2537 2531 2592 id
2550 2536 2706 2604 facit,
2742 2537 3149 2593 Carthusianus
3187 2536 3518 2591 Parisiensis
3546 2552 3718 2608 supra

2109 2626 2294 2681 adhuc
2321 2626 2605 2693 laudatus,
2640 2626 2737 2699 qui
2766 2626 2926 2694 illud,
2950 2628 3013 2680 ut
3042 2624 3186 2680 mihi
3230 2625 3475 2697 ipsemet
3495 2624 3715 2697 signiﬁ-

2108 2714 2274 2781 cavit,
2340 2715 2411 2769 ad
2461 2731 2703 2769 manum
2745 2714 2942 2781 habet,
2999 2713 3211 2785 quique
3260 2730 3426 2768 suum
3501 2728 3717 2768 nomen

2108 2801 2375 2857 subticeri
2402 2802 2673 2858 omnibus
2699 2802 2888 2857 modis
2916 2803 3056 2870 vult,
3085 2800 3426 2869 describere,
3455 2817 3714 2857 mecum-

2109 2908 2220 2963 que
2249 2890 2680 2945 communicare
2714 2907 2821 2962 pro
2853 2906 3084 2945 summa
3110 2906 3214 2944 sua
3240 2889 3601 2944 humanitate
3632 2889 3719 2943 est

2110 2979 2397 3053 dignatus.
2432 2978 2579 3034 Sunt
2596 2982 2791 3034 autem
2812 2980 2934 3033 haec
2956 2996 2969 3034 :
2994 2977 3302 3035 «Sanctum
3318 2977 3712 3046 Benedictum,

2108 3067 2461 3124 cmnobiticaa
2483 3067 2611 3121 vitae
2626 3068 2685 3121 in
2700 3067 2958 3140 partibus
2970 3067 3429 3124 Occidentalibus
3440 3065 3720 3121 instaura-

2108 3159 2322 3223 torem,
2352 3156 2423 3210 ab
2442 3155 2615 3227 ipsius
2631 3155 3223 3212 ordinisincunabulis
3253 3155 3433 3211 nostri
3459 3153 3715 3209 venerati

2109 3247 2262 3313 sunt,
2285 3245 2407 3317 ejus
2444 3244 2656 3299 festum
2681 3261 2801 3316 prae
2828 3246 3048 3301 caeteris
3074 3247 3332 3301 solemne
3365 3259 3595 3316 semper
3622 3258 3719 3297 co-

2108 3334 2312 3399 lentes,
2346 3334 2409 3386 ut
2455 3349 2522 3387 ex
2558 3333 3065 3388 consuetudinibus
3089 3333 3362 3405 Guigonis
3384 3331 3579 3387 videre
3609 3333 3715 3387 est.

2108 3421 2222 3475 Nec
2246 3420 2565 3488 immerito,
2606 3436 2739 3475 cum
2761 3438 2828 3475 ex
2852 3421 2975 3493 ejus
3002 3423 3202 3493 regula
3218 3420 3571 3476 coenobitica:
3589 3419 3719 3475 vita:

2111 3510 2489 3565 accommoda
2517 3510 2783 3581 quaedam
2814 3510 3299 3583 deprompserint,
3340 3509 3593 3564 maxime
3626 3525 3715 3576 ea,

2111 3615 2239 3670 quas
2257 3597 2407 3653 circa
2420 3598 2677 3654 divinum
2692 3598 2945 3653 ofﬁcium
2977 3601 3297 3653 versantur.
3313 3599 3475 3653 Unde
3506 3597 3721 3653 Rober—

2110 3688 2202 3742 tus
2223 3687 2293 3741 de
2323 3688 2532 3754 Monte,
2572 3687 2631 3741 in
2668 3690 2917 3743 tractatu
2948 3687 3018 3742 de
3051 3686 3352 3742 abbatibus
3387 3689 3445 3741 et
3474 3683 3721 3740 abbatiis

2113 3774 2184 3829 de
2210 3774 2433 3847 origine
2449 3774 2936 3830 Carthusiensium
2968 3792 3165 3848 agens,
3186 3775 3294 3830 ait:
3316 3798 3341 3825 ‹‹
3358 3773 3622 3829 Instituta
3634 3789 3726 3827 ve-

2114 3883 2142 3912 «
2176 3878 2242 3917 ro
2275 3862 2541 3917 nocturni
2590 3866 2648 3917 et
2673 3863 2862 3919 diurni
2893 3863 3066 3919 officii
3110 3864 3426 3919 secundum
3457 3863 3719 3935 regulam

2113 3967 2147 4003 α
2175 3950 2356 4006 sancti
2383 3950 2673 4006 Benedicti
2704 3953 3058 4023 persolvunt.
3090 3974 3119 4001 ιι
3139 3953 3207 4007 Et
3238 3949 3628 4021 nosterGuigo
3660 3948 3719 4004 in

2112 4040 2358 4112 prologo
2407 4057 2644 4095 suarum
2679 4040 3169 4096 Consuetudinum
3196 4040 3353 4108 dicit,
3414 4061 3443 4089 «
3474 4038 3631 4111 quod
3661 4036 3718 4092 in

2116 4150 2145 4177 «
2177 4127 2369 4183 divino
2418 4128 2605 4183 ofﬁcio
2660 4145 2790 4183 cum
2839 4128 3059 4183 caeteris
3102 4126 3400 4184 monachis
3448 4128 3725 4193 muttum,

2120 4238 2148 4266 ‹‹
2183 4216 2436 4271 maxime
2485 4216 2543 4271 in
2575 4216 2898 4288 psalmodia
2925 4216 3198 4289 regulari,
3229 4215 3542 4271 concordes
3572 4214 3726 4267 inve-

400 4322 673 4365 normam
692 4301 1156 4359 etinstitutiones
1177 4300 1423 4355 fratrum
1448 4300 1966 4372 Carthusiensium;
1989 4325 2016 4353 ››
2044 4315 2097 4375 D
2122 4327 2150 4355 «
2175 4304 2429 4359 niantur.
2450 4326 2476 4353 »
2509 4306 2634 4360 Non
2668 4309 2865 4360 tamen
2894 4305 2974 4360 ita
3009 4305 3201 4359 stricte
3228 4304 3371 4359 ritus
3401 4301 3582 4357 sancti
3623 4302 3727 4356 Be-

398 4400 465 4453 ut
493 4393 738 4467 proinde
784 4389 1064 4464 privilegii
1098 4388 1247 4444 illius
1295 4388 1572 4460 pontiﬁcii
1601 4389 1654 4445 vi
1698 4390 1756 4445 in
1787 4392 2017 4447 Montis-

402 4483 507 4542 Dei
534 4478 886 4536 monasterio
914 4495 1033 4532 non
1058 4494 1194 4544 una,
1213 4476 1332 4533 imo
1347 4494 1419 4532 ne
1439 4480 1561 4532 tota
1581 4478 1818 4551 quidem
1843 4480 1900 4535 S.
1925 4482 2023 4536 Be-

405 4570 623 4631 nedicti
651 4569 854 4641 regula
882 4565 1055 4621 fuerit
1086 4566 1466 4630 observanda,
1505 4567 1605 4622 sed
1635 4584 1717 4623 eae
1748 4567 2024 4624 duntaxat

403 4659 576 4732 huius
615 4659 826 4731 partes,
860 4671 987 4727 quae
1032 4670 1164 4708 cum
1200 4653 1636 4726 particularibus
1658 4655 2021 4710 Carthusien-

406 4747 556 4805 sium
573 4743 1028 4800 institutionibus
1046 4740 1423 4795 convenirent
1444 4759 1459 4809 ;
1476 4758 1541 4795 ex
1565 4759 1632 4797 eo
1645 4746 2025 4816 autem,quod

411 4837 608 4908 aliqua
632 4833 847 4903 regulae
890 4829 1275 4885 Benedic-tina;
1311 4829 1571 4884 instituta
1600 4848 1635 4885 a
1664 4831 1721 4888 8.
1757 4833 2026 4887 Brunone

410 4926 644 4997 ejusque
668 4920 958 4993 discipulis
974 4918 1254 4974 horumve
1268 4918 1603 4990 sequacibus
1614 4920 1887 4992 adoptata
1903 4921 2026 4976 fue-

409 5013 529 5069 rint
576 5014 748 5083 atque
789 5010 1111 5075 observata,
1156 5023 1512 5078 consequens
1555 5024 1671 5063 non
1703 5011 1807 5077 est,
1850 5012 1914 5064 ut
1955 5010 2030 5065 ad

410 5118 592 5157 uuam
624 5116 688 5154 ac
713 5102 898 5154 totam
942 5097 1102 5151 illam
1152 5096 1416 5167 regulam
1453 5096 1869 5153 observandam
1906 5116 2027 5154 sese

413 5189 473 5246 S.
502 5192 695 5245 Bruno
733 5189 970 5260 ejusque
1016 5185 1275 5257 discipuli
1319 5185 1604 5241 voluerint
1644 5186 2022 5259 obstringere.

410 5279 552 5335 Hinc
572 5294 677 5349 pro
712 5276 988 5349 opinione
1001 5292 1104 5330 sua
1117 5273 1473 5330 Mabillonius
1505 5273 1646 5328 nihil
1667 5280 1860 5348 posset
1886 5293 2023 5333 con-

412 5369 605 5434 ficere,
628 5366 731 5422 etsi
764 5366 938 5420 etiam
966 5364 1038 5431 ei,
1066 5363 1223 5437 quod
1239 5362 1587 5434 praetereain
1614 5369 2025 5436 argumentum

416 5456 668 5523 adducit,
690 5455 974 5527 tantisper
997 5453 1286 5520 daremus,
1307 5451 1711 5508 Carthusianus
1737 5454 2025 5529 hodieque

418 5542 593 5602 divini
623 5542 796 5601 ofﬁcii
818 5541 1250 5620 dispositionem
1277 5539 1527 5600 retinere
1553 5556 1621 5599 ex
1632 5543 1899 5618 regulas.
1926 5546 2026 5603 Be-

2122 4392 2334 4447 nedicti
2350 4392 2885 4464 observamus,quin
2905 4394 2963 4447 in
2977 4392 3319 4464 quibusdam
3334 4392 3727 4461 discrepemus

2123 4481 2195 4536 ab
2218 4481 2319 4548 eis,
2345 4481 2597 4536 maxime
2626 4481 2777 4536 circa
2804 4481 3180 4536 caeremonias
3209 4484 3335 4535 tum
3368 4479 3576 4546 missae,
3600 4480 3726 4532 tum

2125 4569 2300 4625 divini
2333 4570 2527 4637 officii,
2574 4570 2726 4626 circa
2750 4571 3027 4625 lectiones
3054 4570 3491 4635 Matutinarum,
3531 4582 3730 4639 preces

2126 4659 2669 4726 Horarum,cantus,
2704 4658 2971 4729 hymnos,
3005 4660 3062 4712 et
3078 4659 3191 4713 alia
3215 4656 3567 4729 hujusmodi,
3603 4674 3731 4732 quas

2126 4747 2339 4819 partim
2389 4750 2653 4801 recenset
2683 4746 2992 4801 cardinalis
3016 4746 3197 4802 Bona.
3236 4768 3264 4795 »
3298 4748 3381 4801 Ita
3412 4748 3525 4816 ille,
3561 4749 3729 4804 simul

2128 4835 2304 4890 etiam
2336 4851 2671 4907 suggerens,
2708 4851 2809 4889 cur
2840 4833 3199 4889 Carthusiani
3222 4835 3479 4890 solemne
3505 4853 3735 4911 semper

2128 4923 2437 4979 habuerint
2466 4923 2524 4979 S.
2559 4923 2850 4979 Benedicti
2880 4923 3114 4989 festum,
3159 4923 3315 4995 quod
3342 4924 3553 4993 scilcet,
3605 4942 3725 4980 non

2130 5012 2365 5085 quidem
2393 5013 2577 5067 solam
2611 5028 2676 5067 ac
2700 5015 2886 5067 totam
2913 5011 3092 5067 sancti
3117 5010 3287 5081 huius
3313 5013 3735 5068 monachorum

2130 5101 2312 5156 Patris
2342 5102 2625 5173 regulam,
2676 5100 2776 5156 sed
2806 5100 3023 5172 aliquot
3052 5101 3255 5155 saltem
3313 5116 3380 5155 ex
3413 5100 3519 5155 hac
3548 5100 3738 5174 capita

2129 5190 2347 5246 ordinis
2377 5190 2461 5245 sui
2511 5206 2609 5244 seu
2640 5189 2865 5243 statutis
2886 5205 2985 5243 seu
3016 5188 3535 5244 Consuetudinibus
3562 5190 3733 5245 ascri-

2127 5279 2393 5351 psissent.
2420 5279 2605 5350 Atque
2640 5278 2772 5332 hinc
2806 5279 3020 5332 factum
3066 5278 3243 5333 etiam
3274 5294 3396 5333 esse
3428 5281 3638 5349 potest,
3674 5283 3737 5334 ut

2129 5367 2491 5426 Carthusiani
2508 5370 2641 5423 ante
2659 5367 3005 5423 S.Brunonis
3021 5367 3516 5423 canonizationem
3534 5368 3570 5422 S
3584 5409 3596 5422 .
3625 5367 3733 5423 Be-

2128 5457 2421 5513 nedictum
2447 5455 2507 5510 in
2537 5455 3006 5511 suaconfessione
3038 5477 3065 5503 ‹‹
3092 5455 3323 5510 Patrem
3349 5471 3515 5510 suum
3540 5476 3568 5503 ››
3589 5454 3740 5510 dixe-

2126 5545 2278 5619 rint;
2312 5548 2375 5604 ut
2411 5544 2657 5620 proinde
2687 5543 2823 5603 hinc
2852 5544 3051 5614 etiam,
3076 5542 3134 5599 S.
3161 5542 3453 5602 Benedicti
3473 5544 3733 5619 regulam
