4224 6058
226 208 328 271 301

1811 216 1992 276 ACTA

3458 222 3571 293 302

221 357 257 395 a
299 340 358 395 S.
415 336 686 396 Brunone
715 337 917 412 primis
951 340 1445 399 Carthusiensibus
1493 341 1664 400 fuisse
1701 360 1849 420 prm-
1869 352 1925 412 Α
1957 344 2090 402 vita:
2107 359 2291 419 genus
2333 342 2390 403 S.
2429 344 2763 405 Brunonem
2797 346 3036 424 ejusque
3067 367 3338 427 sequaces
3366 372 3557 416 assum

219 430 523 500 scriptam,
560 429 896 502 neutiquam
932 429 1153 484 evincat
1183 432 1559 487 Mabillonius.

292 521 423 573 493.
459 520 568 573 Nec
608 519 666 573 id
700 535 872 588 porro
905 519 1082 574 etiam
1115 521 1320 576 evincit
1351 522 1572 576 duobus
1602 522 1724 577 aliis
1754 521 1846 577 hic

222 607 416 661 adhuc
448 607 820 661 discutiendis
850 609 1230 678 argumentis,
1259 627 1502 682 quorum
1538 613 1784 666 alterum
1811 629 1846 666 a

217 695 548 766 privilegio,
612 711 716 765 per
764 697 1096 750 Paschalem
1142 697 1185 750 ll
1241 698 1513 765 Lanvino,
1556 699 1844 771 Squillacii

218 788 353 854 post
385 785 447 838 8.
479 786 810 838 Brunonem
847 786 1021 856 priori
1053 802 1341 855 concesso,
1377 789 1622 842 alterum
1655 805 1687 842 a
1715 805 1844 859 pro-

214 874 487 928 fessionis
511 875 783 938 formula,
818 875 968 944 apud
1002 875 1406 931 Carthusianos
1437 881 1724 949 usurpata,
1756 895 1842 932 re-

216 963 459 1036 petitur.
477 962 610 1026 Quis
642 963 799 1016 enim
828 980 892 1016 ex
927 980 1015 1031 eo,
1039 965 1194 1036 quod
1219 966 1341 1018 haec
1371 967 1574 1020 eadem
1602 968 1692 1035 sit,
1713 985 1839 1040 quas

216 1052 757 1117 Benedictinorum,
795 1054 1000 1107 merito
1035 1055 1498 1110 concludendum
1531 1059 1713 1127 putet,
1746 1075 1836 1112 re-

217 1144 446 1214 gulam,
472 1159 598 1214 qua:
626 1143 834 1195 horum
860 1146 964 1208 est,
988 1143 1494 1199 Carthusianorum
1514 1143 1727 1215 pariter
1757 1163 1840 1200 es-

219 1233 318 1286 se?
337 1231 721 1286 Professionis
751 1232 1004 1287 formula
1045 1233 1250 1287 eadem
1288 1233 1407 1288 fere
1440 1237 1525 1288 est
1555 1238 1836 1306 quantum

216 1321 290 1375 ad
320 1320 707 1375 substantiam
737 1321 795 1374 in
827 1321 1136 1393 plerisque,
1158 1340 1230 1376 ne
1259 1323 1447 1377 dicam
1470 1323 1528 1378 in
1548 1324 1835 1392 omnibus,

218 1409 511 1480 religiosis
548 1410 865 1476 ordinibus,
901 1428 1007 1465 nec
1051 1415 1361 1484 propterea
1399 1416 1596 1468 tamen
1625 1415 1836 1469 horum

217 1498 488 1552 omnium
504 1499 712 1552 eadem
732 1499 946 1569 pariter
961 1503 1045 1553 est
1067 1505 1348 1571 quantum
1363 1502 1436 1556 ad
1457 1503 1834 1558 substantiam

217 1587 442 1657 regula.
468 1587 580 1641 Nec
608 1587 803 1652 refert,
822 1588 1188 1657 professionis
1211 1589 1521 1644 formulam
1545 1594 1666 1644 tum
1699 1589 1833 1646 Car-

1945 435 2141 506 psisse,
2175 452 2274 490 seu
2319 437 2548 508 speciali
2591 439 2822 493 cuidam
2860 441 3100 512 regulae,
3145 460 3272 514 quae
3305 449 3363 500 et
3392 464 3426 501 a
3454 449 3558 503 Be-

1945 524 2238 578 nedictina
2257 526 2401 580 etab
2416 525 2539 580 aliis
2553 526 2985 599 quibuscumque
3005 532 3138 584 ante
3153 531 3395 587 conditis
3412 537 3563 590 esset

1945 612 2185 681 diversa,
2219 631 2339 668 sese
2378 615 2726 682 astrinxisse,
2749 616 2958 672 merito
2981 619 3283 673 contendit
3311 620 3551 677 Carthu~

1943 699 2134 755 sianus
2170 718 2514 774 anonymus,
2549 704 2852 758 annalium
2889 705 3381 764 Carthusiensium
3426 711 3558 767 libri

1943 789 2129 858 quarti
2143 790 2418 844 hactenus
2435 808 2551 846 non
2567 792 2780 864 vulgati
2793 794 3098 860 auctor,ita
3112 795 3280 866 hujus
3296 799 3559 855 lucubra-

1938 874 2111 931 tionis
2123 894 2259 944 sum,
2278 881 2341 932 ut
2359 879 2766 934 Carthusianus
2799 881 3132 938 Parisiensis
3142 901 3304 939 num.
3322 888 3426 941 494
3447 887 3554 943 ite-

1938 979 2068 1019 rum
2081 966 2343 1020 laudatus
2357 984 2450 1021 me
2465 968 2640 1022 etiam
2656 969 2998 1034 docuit,loco
3013 971 3226 1027 ibidem
3240 973 3411 1029 citato
3423 975 3557 1031 scri-

1938 1052 2106 1108 bens:
2130 1077 2156 1103 «
2179 1056 2490 1111 Haeftenus.
2502 1097 2539 1125 .,
2564 1057 2708 1112 libro
2722 1057 2913 1129 primo
2937 1059 3407 1131 Disquisitionum
3421 1081 3550 1120 mo-

1939 1142 2562 1212 nasticarum,tractatu
2577 1163 2732 1201 nono
2749 1146 2818 1201 de
2834 1148 3068 1219 regulis,
3087 1150 3428 1207 duodecimo
3442 1170 3548 1209 saa-

1938 1231 2064 1286 culo
2079 1233 2726 1306 scriptis,disquisitione
2748 1239 2952 1307 quarta
2970 1240 3180 1292 statuta
3197 1242 3549 1314 nostra,qua‘.

1935 1335 2066 1373 vere
2085 1319 2193 1374 dici
2216 1323 2476 1394 regulam
2501 1323 2732 1390 fatetur,
2764 1340 2798 1377 a
2827 1325 3027 1396 regula
3056 1327 3236 1381 sancti
3257 1328 3549 1384 Benedicti

1938 1405 2258 1480 distinguit.
2305 1411 2374 1464 Et
2415 1413 2663 1465 tractatu
2696 1412 2949 1467 secundo
2983 1413 3113 1467 libri
3141 1417 3397 1484 secundi,
3430 1416 3545 1472 dis-

1936 1495 2241 1566 quisitione
2269 1497 2471 1569 quinta
2492 1500 2563 1554 de
2597 1499 3092 1555 Carthusiensibus
3111 1503 3382 1574 loquitur,
3416 1509 3544 1560 tan-

1934 1600 2108 1655 quam
2141 1585 2373 1641 diversis
2429 1588 2500 1641 ab
2552 1586 2754 1643 ordine
2804 1589 3196 1646 Benedictimo
3233 1608 3246 1647 :
3283 1615 3310 1643 ‹‹
3344 1593 3416 1648 Ut
3446 1611 3546 1650 eos

209 1674 773 1740 thusianorum,tum
791 1675 1296 1731 Benedictinorum
1312 1678 1513 1732 iisdem
1530 1680 1698 1749 plane
1715 1696 1834 1735 ver—
1859 1665 1910 1724 Β
1936 1693 1963 1721 (ι
1987 1672 2254 1729 omittam
2267 1695 2316 1741 ,»
2337 1674 2542 1746 inquit,
2566 1675 2696 1747 «qui
2709 1676 2813 1730 sub
2834 1676 2890 1730 S.
2909 1678 3200 1733 Benedicti
3213 1682 3410 1752 regula
3424 1682 3542 1739 Deo

209 1763 295 1816 bis
321 1763 573 1834 concipi.
608 1763 698 1817 Uti
722 1762 878 1817 enim
911 1781 978 1818 ex
999 1780 1087 1830 eo,
1122 1766 1276 1836 quod
1308 1766 1595 1838 quapiam
1618 1768 1831 1839 regulas

209 1850 599 1905 Benedictinam:
621 1854 832 1905 statuta
851 1853 1196 1907 verbotenus
1224 1852 1399 1906 etiam
1419 1853 1476 1907 in
1505 1853 1828 1908 Carthusia-

203 1955 416 1993 norum
449 1940 712 2010 regulam
755 1939 873 1993 sint
903 1940 1082 2007 illata,
1125 1957 1485 2012 consequens
1509 1942 1827 1997 secundum

196 2027 320 2097 jam
354 2027 510 2081 dicta
539 2043 655 2081 non
691 2031 795 2096 est,
829 2031 889 2082 ut
918 2029 1068 2083 hanc
1099 2031 1284 2083 totam
1312 2045 1376 2082 ac
1400 2030 1583 2083 solam
1624 2030 1827 2099 primis

207 2114 601 2170 Carthusianis
627 2116 1044 2170 observandam
1070 2116 1126 2170 S.
1179 2117 1368 2171 Bruno
1391 2117 1823 2188 praescripserit,

201 2204 280 2259 ita
303 2221 415 2258 nec
446 2205 578 2271 hoc,
613 2208 676 2258 ut
717 2204 1105 2259 consideranti
1143 2205 1361 2277 patebit
1400 2206 1824 2262 consectarium

202 2310 322 2347 esse
350 2297 549 2365 potest
579 2310 644 2346 ex
677 2309 765 2359 eo,
801 2293 976 2364 quod,
1020 2292 1226 2364 quibus
1252 2293 1440 2348 verbis
1471 2295 1623 2365 apud
1651 2295 1825 2350 Bene-

202 2381 449 2436 dictinos
501 2379 872 2452 professionis
921 2381 1173 2436 formula
1221 2381 1562 2453 concipitur,
1618 2381 1821 2438 iisdem

193 2470 370 2524 etiam
387 2471 542 2523 hanc
559 2469 664 2523 sibi
688 2470 1079 2540 usurpandam
1095 2468 1456 2524 Carthusiani
1473 2470 1818 2541 acceperint.

197 2558 362 2622 Quod
399 2557 578 2612 modo
611 2557 684 2612 ad
707 2557 1092 2629 privilegium,
1127 2574 1159 2612 a
1191 2558 1462 2611 Paschale
1488 2559 1531 2610 II
1566 2558 1819 2614 Lanvino

194 2662 537 2702 concessum
562 2646 836 2718 pertinet,
860 2646 1025 2699 unice
1043 2646 1102 2699 in
1135 2646 1244 2700 hoc
1264 2645 1452 2717 agitur
1474 2646 1544 2700 de
1576 2647 1822 2718 particu-

192 2735 296 2788 lari
321 2734 684 2789 monasterio
728 2734 1028 2801 Mentauri,
1061 2751 1093 2788 a
1125 2735 1400 2800 Lanvino,
1433 2734 1706 2805 pontiﬁce
1733 2735 1820 2790 in-

194 2822 500 2894 dulgente,
531 2822 762 2876 tribusa
791 2822 1102 2893 Squillacio
1133 2821 1476 2877 milliaribus
1510 2827 1722 2888 erecto,
1762 2823 1819 2878 in

1931 1779 1960 1808 ››
1976 1761 2228 1815 serviunt
2249 1762 2366 1834 (qui
2388 1763 2578 1833 potius
2602 1763 2768 1818 unius
2789 1765 3009 1820 ordinis
3024 1767 3194 1821 variae
3223 1784 3541 1841 congrega-

1928 1867 1958 1896 »
1984 1847 2189 1916 tiones,
2251 1867 2427 1922 quam
2485 1850 2735 1906 distincti
2786 1853 3019 1907 ordines
3059 1856 3332 1910 censendi
3386 1858 3540 1930 sunt)

1928 1955 1956 1984 ››
1973 1936 2117 1991 ordo
2180 1937 2556 1994 Cathusianus
2593 1939 2846 2010 plurima
2893 1957 2927 1994 a
2962 1941 3019 1996 8.
3062 1943 3368 1999 Benedicto
3412 1962 3542 2001 mu.

1927 2025 2166 2079 ntuatus
2211 2029 2316 2093 est,
2369 2030 2476 2081 etc.
2507 2048 2539 2098 Ι»
2588 2027 2805 2092 Quibus
2860 2029 3047 2084 verbis
3089 2035 3287 2104 aperte
3352 2033 3543 2089 innuit

1927 2111 2376 2182 Carthusienses,
2401 2115 2504 2170 etsi
2527 2116 2780 2187 plurima
2799 2133 2833 2171 a
2856 2121 3054 2173 sancto
3087 2119 3395 2176 Benedicto
3419 2139 3542 2178 mu-

1923 2201 2066 2254 tuati
2093 2201 2228 2270 sint,
2253 2219 2366 2257 non
2411 2206 2612 2258 tamen
2642 2204 2744 2258 sub
2774 2203 2895 2275 ejus
2922 2207 3124 2277 regula
3157 2208 3274 2262 Deo
3307 2208 3536 2264 servire.

1924 2288 1991 2342 Et
2014 2306 2216 2344 revera
2247 2293 2495 2346 tractatu
2522 2296 2678 2347 sexto
2711 2292 2974 2363 ejusdem
3006 2294 3157 2362 libri,
3191 2294 3539 2368 disquisitio-

1923 2393 1996 2430 ne
2029 2381 2235 2448 quarta
2264 2393 2571 2434 recensens
2611 2378 2863 2447 ordines,
2903 2381 3337 2438 Benedictinam
3367 2400 3541 2456 regno

1921 2464 2039 2518 lam
2061 2466 2416 2537 proﬁtentes,
2467 2468 2688 2522 nullam
2731 2466 2869 2522 facit
2898 2469 3265 2525 mentionem
3296 2471 3537 2528 Carthu-

1920 2552 2220 2608 siensium.

1991 2644 2116 2697 497.
2157 2665 2186 2706 (ς
2208 2643 2366 2699 Idem
2395 2642 2616 2698 censuit
2637 2647 2771 2699 ante
2803 2644 3081 2702 ducentos
3107 2665 3290 2704 annos
3309 2653 3540 2706 sanctus

1929 2729 2224 2798 Antonius,
2281 2731 2361 2786 ita
2421 2732 2592 2803 (part.
2657 2733 2938 2788 nimirum
2994 2752 3033 2790 ιι
3088 2735 3249 2804 hist,
3295 2737 3384 2792 tit.
3445 2737 3534 2806 15,

1920 2835 2044 2890 cap.
2077 2821 2160 2890 14]
2186 2819 2475 2874 scribens:
2523 2822 2709 2876 «Post
2745 2822 3118 2878 Benedictum
3158 2841 3362 2881 omnes
3406 2844 3533 2882 mo-

191 2927 326 2982 quo,
366 2910 466 2982 qui
496 2909 624 2963 vitae
659 2910 972 2965 eremiticae
1001 2910 1194 2966 idonei
1231 2927 1348 2965 non
1380 2914 1567 2976 erant,
1593 2911 1820 2966 vivendi
1849 2945 1895 3003 Ο
1920 2927 1948 2956 ››
1973 2909 2140 2962 nachi
2165 2908 2487 2966 Occidentis
2523 2908 2777 2964 militant
2808 2911 2912 2966 sub
2943 2913 3148 2983 regula
3179 2914 3332 2969 beati
3359 2915 3537 2971 Bene-

188 2999 436 3052 modum
449 2998 1017 3063 ,aCarthusianorum
1032 2999 1387 3070 reliquorum
1404 2998 1627 3053 vivendi
1643 3000 1817 3056 modo

192 3086 511 3151 diversum,
543 3089 896 3154 tenuerunt;
931 3104 1130 3158 quare,
1165 3087 1268 3142 etsi
1294 3087 1472 3142 etiam
1502 3088 1664 3141 novis
1691 3105 1816 3143 mo-

194 3174 434 3228 nasterii
467 3174 616 3229 illius
659 3175 862 3229 incolis
892 3177 1075 3229 solam
1118 3180 1175 3230 et
1212 3175 1501 3247 integram
1549 3175 1606 3229 S.
1637 3177 1815 3230 Bene-

186 3263 317 3317 dicti
347 3263 619 3334 regulam
647 3263 858 3318 diserte
893 3263 1060 3317 fuisse
1092 3263 1509 3335 praescriptam,
1535 3265 1815 3337 tantisper

189 3350 484 3416 daremus,
519 3350 937 3405 consectarium
962 3352 1096 3406 inde
1127 3353 1388 3406 nondum
1413 3353 1584 3420 foret,
1609 3356 1672 3406 ut
1689 3353 1812 3407 hinc

184 3439 407 3508 pariter
437 3438 640 3509 primis
664 3439 1166 3494 Carthusiensibus
1193 3457 1226 3494 a
1248 3441 1306 3495 S.
1337 3441 1606 3494 Brunone
1639 3440 1812 3495 fuerit

185 3527 542 3599 praescripta.
566 3529 753 3598 Atque
786 3527 864 3581 ita
899 3527 1070 3582 modo
1098 3529 1257 3582 nullo
1284 3545 1518 3599 prorsus
1550 3545 1616 3582 ex
1643 3545 1812 3599 argu-

186 3615 422 3682 mentis,
438 3616 642 3687 quibus
657 3615 1042 3670 Benedictinie
1061 3618 1294 3688 raegulze
1321 3616 1748 3672 Carthusienses
1774 3634 1808 3672 a

182 3704 237 3758 S.
269 3707 546 3759 Brunone
585 3705 755 3760 fuisse
783 3705 1064 3772 astrictos,
1097 3706 1454 3761 Mabillonius
1483 3706 1802 3772 contendit,

178 3794 432 3850 evictum
467 3794 526 3848 id
558 3796 871 3866 utcumque
901 3794 1047 3861 dari,
1091 3811 1159 3848 ex
1185 3794 1455 3849 omnibus
1488 3795 1613 3866 jam
1641 3794 1803 3851 dictis

175 3883 314 3938 satis
348 3883 553 3953 liquet.

240 3974 372 4026 496.
401 3972 469 4025 Et
495 3988 651 4039 vero,
673 3973 940 4026 utmeam
973 3973 1149 4027 modo
1181 3972 1288 4027 hac
1319 3971 1378 4025 in
1401 3989 1464 4026 re
1491 3975 1689 4044 aperte
1712 3971 1797 4027 di-

173 4077 300 4115 cam
321 4060 702 4126 sententiam,
724 4060 1000 4115 Sanctum
1019 4064 1282 4116 nostrum
1303 4078 1410 4116 nec
1429 4079 1508 4128 se,
1539 4078 1643 4115 nec
1667 4078 1798 4116 suos

165 4150 240 4203 ad
257 4151 450 4204 solam
481 4165 545 4203 ac
572 4151 756 4202 totam
777 4148 834 4203 S.
869 4149 1158 4204 Benedicti
1189 4151 1451 4220 regulam
1485 4150 1793 4204 observan-

1919 3018 1948 3044 »
1972 2996 2109 3051 dicti
2142 3001 2199 3051 et
2241 2997 2429 3069 ipsum
2477 2998 2696 3053 habent
2731 2999 2790 3053 in
2840 3003 3089 3070 patrem,
3125 3003 3374 3075 exceptis
3405 3005 3536 3060 Car-

1919 3106 1948 3135 »
1975 3085 2482 3157 thusiensibus,qui
2499 3087 2719 3142 habent
2734 3088 3010 3160 Speciales
3026 3106 3156 3144 suas
3173 3092 3532 3149 constitutio-

1919 3195 1947 3222 »
1967 3191 2086 3229 nes.
2107 3196 2133 3222 ››
2165 3176 2232 3229 Et
2255 3191 2456 3229 revera
2479 3190 2610 3229 cum
2652 3176 3082 3248 Guigo,primus
3104 3179 3308 3251 legifer
3333 3185 3532 3238 noster

1916 3262 2068 3317 dicat
2099 3264 2224 3318 loco
2256 3263 2460 3318 citato:
2489 3286 2514 3314 ‹‹
2541 3266 2604 3317 In
2618 3264 2886 3335 Epistolis
2915 3266 2976 3319 B.
2996 3266 3332 3340 Hieronymi
3359 3272 3446 3326 vel
3468 3271 3528 3328 in

1913 3370 1940 3399 »
1963 3352 2163 3422 regula
2185 3352 2242 3405 B.
2301 3351 2595 3406 Benedicti
2617 3369 2716 3407 seu
2747 3352 2805 3406 in
2858 3354 3078 3408 caeteris
3106 3355 3399 3427 scripturis
3434 3375 3530 3414 au-

1913 3460 1941 3488 »
1971 3439 2240 3494 thenticis
2265 3440 2466 3494 omnia
2488 3456 2660 3510 pene,
2694 3457 2821 3512 quae
2852 3440 2910 3496 in
2934 3441 3232 3498 Carthusia
3260 3445 3530 3516 religiosa

1908 3547 1936 3576 »
1967 3543 2141 3598 agere
2173 3528 2592 3595 consuevimus,
2647 3529 2991 3597 contineri,»
3041 3531 3130 3587 his
3174 3533 3360 3587 verbis
3389 3534 3524 3589 satis

1907 3617 2104 3684 aperte
2126 3613 2333 3682 innuit,
2363 3614 2791 3670 Carthusienses
2812 3617 2919 3671 sibi
2944 3617 3196 3690 aliquam
3211 3620 3521 3690 specialem

1903 3702 2127 3757 vivendi
2172 3719 2444 3758 normam
2486 3704 2916 3776 praescripsisse,
2977 3723 3012 3760 a
3056 3707 3275 3762 caeteris
3306 3709 3517 3780 regulis

1903 3790 2218 3846 diversam.
2251 3790 2432 3854 Quam
2474 3791 2547 3846 ob
2571 3808 2696 3846 rem
2749 3792 3077 3847 Franciscus
3119 3811 3153 3847 a
3183 3796 3382 3862 Puteo,
3417 3813 3512 3852 ex-

1900 3880 2117 3950 plicans
2157 3879 2299 3934 illud
2349 3879 2629 3950 Raynaldi
2669 3880 2848 3935 nostri
2891 3884 3191 3948 statutum,
3237 3899 3351 3954 quo
3382 3900 3512 3955 pro-

1896 3967 2147 4034 hibetur,
2181 3984 2254 4022 ne
2286 3967 2530 4039 professi
2574 3967 2632 4021 in
2685 3967 2888 4022 ordine
2940 3967 3402 4024 Cisterciensium
3451 3976 3512 4027 et

1896 4056 2304 4123 consimilium,
2323 4056 2396 4111 ad
2410 4059 2913 4124 nostranseuntes,
2937 4057 3158 4129 possint
3177 4059 3390 4114 habere
3409 4060 3509 4114 ali-

1896 4160 2070 4215 quam
2096 4144 2512 4210 obedientiam,
2529 4144 2800 4210 declarat,
2819 4145 2974 4215 quod
2994 4161 3097 4216 per
3110 4145 3250 4200 illud
3262 4148 3503 4203 verbum

165 4238 298 4292 dam
335 4237 730 4303 obstrinxisse,
757 4239 842 4292 vel
867 4255 932 4292 ex
956 4255 1024 4292 eo
1059 4239 1250 4309 palam
1283 4241 1389 4305 est,
1429 4239 1604 4310 quod,
1639 4256 1791 4310 quae-
1815 4233 1867 4290 D
1895 4232 2252 4287 CONSIMILIUM
2284 4232 2686 4304 intelligantur
2715 4233 2986 4287 monachi
3020 4250 3243 4301 omnes,
3277 4235 3372 4306 qui
3392 4236 3501 4291 mi-

163 4343 398 4398 cunque
443 4326 801 4381 observanda
843 4326 947 4381 sibi
999 4327 1225 4398 suisque
1270 4327 1564 4398 imposuit,
1615 4343 1792 4398 reque

165 4415 287 4486 ipsa
314 4415 665 4481 observavit,
689 4432 756 4468 ea
795 4415 916 4468 fere
948 4415 1146 4469 omnia
1179 4416 1234 4468 in
1272 4415 1792 4469 Consuetudinibus

167 4504 347 4575 Guigo
389 4503 600 4573 scripto
629 4503 988 4573 expresserit,
1019 4505 1383 4574 multumque
1415 4502 1581 4570 absit,
1609 4506 1672 4556 ut
1700 4504 1790 4557 has

167 4593 349 4647 solam
403 4607 469 4645 ac
511 4594 692 4645 totam
747 4591 1179 4646 Benedictinam
1227 4593 1487 4663 regulam
1524 4608 1787 4662 compre-

169 4679 609 4735 hendant.Vidit
629 4679 691 4734 id
709 4681 970 4748 tandem,
997 4683 1278 4752 quantum
1297 4680 1526 4751 opinor,
1541 4679 1790 4734 Mabillo-

165 4771 622 4840 nius,hincquca
645 4769 823 4842 priori
841 4769 1114 4841 Opinione
1160 4769 1425 4824 nonnihil
1455 4769 1785 4836 deﬂectens,

165 4860 502 4913 Brunonem
517 4857 796 4911 duntaxat
812 4857 1196 4911 «S.Benedicti
1213 4858 1790 4928 regulam,quatenus

162 4948 647 5002 anachoretaruin
675 4945 895 5000 ferebat
920 4945 1264 5012 institutum,
1300 4946 1404 5000 sibi
1424 4946 1651 5017 suisque
1675 4962 1789 5000 sec-

165 5036 404 5090 tandam
424 5056 451 5082 ››
476 5032 858 5104 proposuisse,
877 5034 1082 5087 Annal.
1109 5034 1318 5087 Bencd.
1341 5034 1438 5088 lib.
1464 5050 1604 5100 va1,
1621 5050 1783 5088 num.

166 5127 224 5182 65
240 5122 710 5193 scripsit.Verun1
725 5139 797 5176 ne
813 5123 920 5176 hoc
935 5122 1277 5194 quidem,uti
1300 5139 1367 5176 ex
1391 5122 1514 5192 jam
1541 5123 1704 5177 dictis
1723 5140 1786 5176 ac

173 5228 342 5280 porro
361 5209 624 5263 dicendis
652 5226 898 5278 pronum
919 5209 1479 5279 estcolligere,supra
1491 5209 1737 5263 adducta
1757 5227 1787 5264 e

173 5300 452 5372 scriptore
497 5297 614 5362 illo,
669 5314 840 5368 quem
901 5302 1097 5351 tamen
1143 5298 1231 5351 hic
1266 5298 1537 5350 Veterum
1580 5297 1784 5368 Script.

179 5395 317 5442 tom.
352 5387 422 5440 Vl
456 5386 512 5440 in
547 5386 802 5452 Praefat.,
849 5404 1009 5441 num.
1050 5389 1115 5440 32
1152 5387 1470 5440 Marteneus
1509 5386 1786 5457 sequitur,

180 5480 524 5552 argumenta
552 5476 835 5534 evincunt.
863 5479 964 5533 Ast
993 5470 1218 5543 contra,
1237 5475 1480 5547 speciale
1495 5475 1788 5546 quoddam

1890 4322 2061 4376 litant
2090 4322 2192 4376 sub
2225 4322 2425 4393 regula
2455 4321 2637 4376 sancti
2657 4321 2968 4375 Benedicti.
2987 4321 3119 4386 Quis
3140 4339 3256 4377 non
3290 4323 3498 4394 videat,

1891 4414 2154 4466 nostrum
2191 4411 2513 4464 Puteanum
2547 4409 2717 4463 tacite
2755 4409 3184 4466 Carthusienses
3221 4429 3255 4466 a
3280 4414 3500 4470 caeteris

1889 4500 2068 4556 sancti
2095 4499 2388 4554 Benedicti
2419 4498 2718 4553 monachis
2739 4498 3109 4570 distinguere,
3125 4503 3402 4573 tanquam
3425 4505 3503 4558 al-

1889 4588 1995 4643 teri
2024 4589 2239 4659 regulee
2265 4585 2544 4642 subditos.
2584 4587 2789 4642 Nostur
2817 4588 2983 4655 Boso,
3013 4589 3268 4644 scribens
3297 4595 3502 4648 contra

1889 4695 1987 4732 eos
2017 4677 2114 4748 qui
2147 4676 2342 4730 dicunt
2363 4675 2630 4730 ordinem
2653 4675 3120 4731 Cartliusiensem
3147 4696 3264 4733 non
3281 4679 3498 4737 habere

1886 4765 2172 4836 regulam,
2204 4763 2464 4834 agnoscit
2485 4763 2720 4835 quidem
2753 4766 2968 4818 statuta
2993 4768 3192 4819 nostra
3222 4783 3289 4820 ex
3307 4769 3500 4823 diver-

1888 4853 1961 4908 sis
1986 4855 2316 4907 sanctorum
2331 4853 2566 4906 Patrum
2587 4851 2811 4923 scriptis
2830 4853 3150 4924 composita
3180 4870 3300 4908 esse
3319 4872 3332 4909 :
3354 4857 3495 4911 «Pa-

1888 4964 1915 4992 ‹‹
1951 4944 2030 4995 tet
2057 4956 2380 5011 namque,»
2403 4939 2611 5011 inquit,
2663 4941 2768 4994 «in
2799 4939 3016 4994 eisdem
3061 4940 3304 5008 statutis,
3341 4945 3498 5014 quod

1889 5053 1916 5081 ‹‹
1948 5029 2064 5096 illa,
2089 5045 2217 5101 quas
2256 5027 2333 5082 ibi
2370 5027 2581 5098 scripta
2618 5031 2772 5094 sunt,
2813 5030 2910 5083 aut
2939 5030 3071 5080 sunt
3106 5029 3176 5081 de
3208 5032 3409 5101 regula
3431 5035 3494 5088 B.

1891 5141 1918 5169 »
1946 5116 2260 5180 Benedicti,
2300 5119 2398 5170 aut
2422 5117 2491 5171 de
2526 5115 2781 5188 epistolis
2812 5118 2872 5169 B.
2910 5115 3264 5186 Hieronymi,
3296 5122 3394 5172 aut
3423 5121 3496 5176 de

1891 5228 1919 5257 ››
1949 5204 2345 5261 collationibus
2362 5207 2595 5260 Patrum
2611 5221 2712 5260 seu
2725 5205 2795 5259 de
2814 5202 2950 5256 Vitis
2968 5204 3201 5258 Patrum
3218 5206 3495 5262 veletiam

1893 5316 1919 5344 ››
1943 5294 2183 5350 delibris
2207 5293 2478 5360 Cassiani,
2493 5295 2550 5346 et
2570 5290 2819 5347 aliorum
2836 5293 3167 5347 sanctorum
3191 5292 3496 5349 doctorum

1895 5407 1922 5433 »
1951 5383 2277 5438 Ecclesiae.»
2314 5381 2531 5437 Deinde
2561 5381 2773 5437 multas
2793 5384 3056 5436 recenset
3080 5381 3327 5452 regulas,
3359 5382 3492 5435 sub-

1895 5473 2126 5546 ditque:
2157 5493 2183 5522 ‹‹
2205 5469 2318 5526 Sed
2347 5471 2487 5528 ordo
2520 5466 2942 5528 Carthusiensis
2971 5471 3188 5528 nullam
3207 5468 3408 5542 potuit
3426 5485 3517 5526 as-
