4026 6042
428 310 533 369 303

1285 308 1343 366 S.
1374 309 1720 367 BRUNONIS
1759 306 2393 369 CARTHUSIANORUM
2429 312 2896 372 INSTITUTORIS

3644 321 3748 380 304

432 463 463 497 n
496 456 726 498 sumere
750 438 820 496 de
850 438 939 495 his
970 437 1278 511 praedictis,
1326 438 1462 511 quia
1498 452 1703 493 omnes
1748 437 2036 510 praedictae
2054 465 2111 523 Δ.
2138 452 2250 508 quo
2270 454 2337 492 ex
2360 438 2468 494 hac
2496 439 2759 497 factama
2782 443 2979 523 sancto
3004 440 3317 497 Carthusiae
3343 440 3749 503 fundationem

438 553 467 583 »
498 531 713 603 regula:
743 532 877 583 sunt
904 530 991 583 vel
1010 528 1244 584 fuerunt
1269 528 1341 582 de
1373 529 1487 583 vita
1515 528 1812 583 communi
1844 530 1902 581 et
1925 544 2035 582 cm-

434 641 463 672 »
496 619 750 674 nobitica
770 617 1029 671 instituta
1054 635 1067 685 ;
1099 618 1169 671 de
1199 616 1314 671 vita
1339 634 1470 672 vero
1501 616 1798 671 eremitica
1826 615 2039 671 inveni-

438 730 466 757 »
482 712 577 763 tur
608 708 810 778 regula
836 700 1136 761 laudabilis
1160 710 1217 759 et
1244 707 1469 772 devota,
1505 723 1537 760 a
1567 706 1724 760 Petio
1754 705 2036 760 Damiano

432 820 464 849 »
497 798 641 869 style
669 795 1139 867 eloquentissimo
1166 795 1319 849 edita
1342 798 1399 849 et
1437 794 1675 865 digesta,
1708 794 1808 848 sed
1833 811 1939 848 nec
1969 794 2036 849 il-

434 907 463 936 ››
498 886 618 939 lam
641 888 956 957 potuerunt
995 887 1052 938 et
1082 885 1393 938 noluerunt
1432 883 1859 937 Carthusienses
1883 900 2037 937 assu-

433 997 461 1023 ››
498 991 678 1041 mere,
715 973 848 1045 quia
877 974 994 1027 vita
1026 972 1533 1039 Carthusiensium,
1561 976 1624 1026 ut
1650 988 1823 1043 supra
1853 974 2040 1026 osten-

433 1085 461 1113 ››
497 1080 625 1118 sum
658 1066 764 1131 est,
795 1063 1053 1134 quamvis
1084 1079 1118 1116 a
1147 1061 1357 1131 majori
1386 1064 1444 1115 et
1472 1060 1720 1132 digniori
1759 1063 1921 1132 parte
1969 1060 2041 1116 sit

437 1176 466 1204 ››
501 1152 797 1208 eremitica
815 1151 1150 1223 judicanda,
1180 1155 1382 1206 tamen
1404 1154 1488 1205 est
1517 1151 1836 1222 composita
1862 1166 1928 1204 ex
1955 1168 2041 1207 so-

436 1263 459 1294 ι
483 1242 672 1297 litaria
689 1244 747 1295 et
763 1240 1078 1295 communi.

504 1334 628 1387 498.
657 1352 685 1382 ‹‹
712 1332 780 1385 Et
800 1330 928 1384 ideo
961 1328 1201 1385 omnino
1244 1331 1517 1402 oportuit,
1541 1348 1673 1386 cum
1703 1334 1860 1387 nulla
1884 1331 2041 1405 prius

402 1412 407 1417 ’
433 1441 462 1471 ››
493 1424 640 1475 esset
659 1419 786 1475 talis
807 1419 1033 1490 religio,
1064 1419 1217 1490 quod
1231 1418 1336 1473 sibi
1352 1419 1611 1475 facerent
1625 1422 1885 1491 regulam
1911 1437 2038 1492 spe-

435 1531 463 1559 »
480 1509 706 1564 cialem.
742 1508 885 1572 Quia
905 1508 1220 1562 secundum
1243 1510 1472 1579 regulas
1494 1525 1666 1579 supra
1695 1510 1872 1565 dictas
1888 1509 2041 1565 beati

434 1619 462 1649 »
496 1597 823 1669 Augustini,
853 1596 1144 1652 Benedicti
1173 1600 1231 1651 et
1245 1598 1492 1652 aliorum
1513 1615 1684 1670 supra
1698 1599 2043 1670 scriptorum

434 1709 466 1742 »
500 1690 771 1745 monachi
786 1691 871 1743 vel
886 1689 1147 1743 canonici
1161 1690 1333 1743 simul
1351 1689 1612 1744 habitare
1628 1690 1860 1758 debent,
1874 1690 2044 1747 simul

436 1800 467 1830 ν
498 1779 827 1844 comedere,
852 1777 1022 1832 simul
1050 1778 1305 1832 dormire
1338 1781 1395 1833 et
1424 1779 1501 1832 sic
1529 1780 1599 1833 de
1615 1780 1872 1851 singulis,
1905 1780 2047 1834 sicut
2070 1783 2122 1841 B

436 1888 468 1917 ››
487 1868 663 1939 exigit
684 1868 799 1922 vita
815 1867 1156 1921 coenobitica
1178 1871 1238 1921 et
1267 1868 2048 1925 communis.Carthusienses

438 1978 468 2009 ››
496 1975 657 2030 ergo,
690 1957 787 2029 qui
821 1974 924 2028 pro
945 1957 1152 2028 majori
1181 1960 1346 2029 parte
1373 1958 1838 2013 anachoreticam
1869 1958 2047 2014 vitam

436 2068 467 2098 »
501 2048 737 2113 ducunt,
772 2050 830 2100 et
862 2046 967 2100 soli
1003 2046 1338 2116 frequenter
1360 2047 1676 2102 comedunt
1701 2051 1758 2101 et
1777 2047 1881 2102 soli
1914 2048 2046 2103 dor-

436 2156 467 2186 »
503 2134 863 2201 miunt,sicut
880 2134 1146 2206 superius
1164 2138 1249 2188 est
1273 2138 1714 2201 ostensum,non
1734 2139 2050 2207 potuerunt

441 2244 470 2274 »
493 2239 722 2278 sumere
767 2222 1024 2294 aliquam
1055 2224 1317 2293 regulam
1353 2222 1423 2277 de
1464 2224 1770 2294 praedictis.
1813 2224 1927 2279 Sed
1943 2225 2048 2281 sibi

437 2333 467 2361 ››
492 2328 725 2378 novam,
744 2313 1001 2365 sanctam
1021 2311 1496 2366 etrationabilem
1518 2312 2047 2380 ediderunt,sancto

433 2420 466 2452 »
495 2400 709 2471 Spiritu
723 2400 1062 2471 inspirante,
1080 2416 1277 2471 quam,
1298 2400 1505 2454 eodem
1520 2400 1734 2471 Spiritu
1747 2406 2044 2473 cperante,

436 2492 684 2543 issancta
720 2489 985 2542 Romana
1018 2487 1266 2542 Ecclesia
1292 2505 1358 2542 ex
1390 2492 1545 2543 certa
1586 2489 1823 2545 scientia
1859 2492 2046 2561 perfe-

432 2597 464 2628 ››
497 2577 747 2632 ctissime
773 2576 1158 2649 confirmavit,
1183 2579 1247 2630 ut
1274 2576 1407 2631 alibi
1422 2578 1853 2648 probabimus.»
1872 2579 2046 2634 Exhis

431 2670 491 2721 et
520 2665 665 2732 aliis,
694 2682 824 2737 qua:
873 2664 1122 2719 diximus
1174 2681 1366 2735 supra,
1403 2669 1582 2736 patet,
1617 2666 2048 2723 Carthusienses

431 2754 675 2828 speciale
689 2753 983 2825 quoddam
999 2753 1127 2807 vitae
1141 2753 1473 2808 monasticm
1487 2772 1668 2825 genus
1680 2757 2047 2828 assumpsisse

392 2916 399 2923 ο
431 2862 497 2900 ac
527 2842 770 2916 proinde
812 2842 1102 2907 ordinem,
1148 2843 1218 2896 ab
1261 2841 1385 2896 aliis
1414 2843 1714 2898 ordinibus
1736 2845 2043 2914 diversum,

428 2932 773 2988 constituere
801 2929 862 2983 in
900 2929 1145 2984 Ecclesia
1177 2930 1299 2984 Dei.
1324 2951 1352 2980 ››
1384 2932 1467 2986 Ita
1495 2932 1772 2987 hactenus
1805 2934 2044 2990 Carthu-

427 3022 620 3077 siauus
649 3036 976 3091 anonymus
1004 3019 1292 3087 laudatus,
1328 3036 1358 3073 e
1386 3020 1728 3089 rationibus,
1758 3024 1883 3076 tum
1907 3040 2046 3095 quas

429 3113 699 3166 eBosone
757 3107 891 3179 ipsis
947 3107 1115 3178 hujus
1172 3108 1360 3163 verbis
1399 3113 1681 3177 recenset,
1728 3112 1853 3165 tum
1907 3130 2047 3184 quas

429 3199 659 3256 aliunde
690 3196 920 3268 repetit,
939 3197 1316 3263 contendens,
1337 3200 1599 3267 regulam
1634 3216 1667 3254 a
1692 3201 1902 3272 regulis
1928 3219 2051 3257 om-

428 3289 598 3344 nibus
653 3284 1124 3339 antecedentibus
1174 3285 1479 3354 diversam,
1534 3287 1939 3344 Carthusianos
1984 3308 2047 3345 ac

428 3375 597 3449 proin
632 3373 689 3428 S.
726 3374 1083 3437 Brunonem,
1107 3371 1205 3442 qui
1236 3374 1342 3427 hos
1359 3372 1517 3428 illam
1549 3393 1649 3430 suo
1684 3378 1946 3448 exemplo
1966 3379 2046 3433 vi-

431 3461 718 3533 vendique
748 3459 922 3513 modo
946 3460 1238 3527 docuerat,
1276 3460 1383 3514 sibi
1404 3463 1747 3519 servandam
1763 3466 2042 3522 statuisse.

429 3553 498 3607 Et
526 3565 663 3605 vero
691 3563 844 3613 cum,
861 3548 1065 3601 utBoso
1085 3547 1185 3611 ait,
1205 3548 1720 3607 Carthusianorum
1748 3553 1876 3610 vitae
1900 3556 2046 3611 ratio

428 3639 644 3713 partim
664 3635 982 3701 eremitica,
1005 3635 1215 3707 partim
1246 3638 1593 3694 coenobitica
1627 3641 1718 3707 sit,
1740 3660 1843 3698 nec
1870 3646 1985 3698 ulla
2016 3661 2047 3699 e

427 3726 661 3801 regulis,
703 3729 837 3780 ante
888 3725 945 3779 S.
978 3725 1263 3779 Brunonis
1299 3729 1533 3783 mtatem
1566 3732 1921 3804 conscriptis,
1942 3734 2046 3788 hu-

427 3814 683 3891 jusmodi
710 3814 839 3868 vitae
867 3814 1066 3885 generi
1098 3814 1248 3869 foret
1269 3818 1671 3888 accommoda,
1692 3821 1863 3875 aliam
1888 3839 2046 3890 sane,

437 3920 565 3979 qua:
586 3906 693 3958 hac
713 3902 1100 3975 praerogativa
1123 3904 1422 3974 gauderet,
1454 3906 1561 3960 sibi
1596 3908 1822 3980 suisque
1854 3927 2052 3982 sequa-

435 3996 595 4050 cibus
620 3992 963 4062 praacribere
998 4009 1098 4046 seu
1132 3992 1285 4045 hisce
1327 3996 1589 4065 exemplo
1621 4013 1721 4051 suo
1750 3998 2049 4070 efﬁngere,

437 4096 670 4137 necesse
721 4080 996 4133 habuere.
1059 4080 1301 4134 Sanctus
1358 4084 1556 4136 noster
1613 4084 1900 4157 primique
1932 4087 2053 4158 ejus

440 4166 722 4240 discipuli,
754 4166 928 4237 idque
961 4166 1227 4237 proinde,
1283 4170 1345 4222 ut
1374 4170 1560 4225 verbis
1600 4173 1849 4229 recitatis
1880 4193 2056 4231 anna-

439 4258 583 4314 lium
607 4254 1096 4311 Carthusiensium
1135 4259 1335 4310 auctor
1379 4274 1702 4331 anonymus
1733 4264 2053 4333 contendit,

2075 3064 2123 3125 C

2137 524 2236 579 Dei
2271 541 2412 595 opus
2444 544 2586 594 esse,
2609 522 2982 601 intelligeret,
3009 529 3201 600 itaque
3255 529 3328 585 ad
3358 531 3510 586 hanc
3530 539 3755 605 aposto-

2136 613 2245 667 lica
2263 615 2599 671 auctoritate
2631 618 3094 672 conﬁrmandam
3118 622 3468 688 moveretur,
3494 621 3749 678 oblatam

2136 700 2327 769 fuisse,
2360 708 2515 759 ratus
2563 705 2732 761 fuisse
2773 707 2963 778 reipsa
2999 707 3100 760 abs
3137 706 3232 761 illo
3275 706 3586 765 Carthusiae
3615 712 3750 766 fun-

2138 791 2433 847 dationem
2459 795 2890 862 conﬁrmatam,
2919 796 2978 850 in
3011 795 3275 850 animum
3299 797 3543 866 induxit,
3566 803 3629 855 ut
3656 817 3746 856 se-

2138 886 2400 954 quentes,
2443 884 2651 956 quibus
2708 901 2835 939 rem
2892 885 3044 939 hanc
3098 884 3272 953 canit,
3335 902 3526 942 versus
3567 889 3748 946 ﬁdem

2137 969 2375 1025 faciunt.

2206 1058 2474 1131 Septimus
2495 1062 2704 1117 excelsis
2738 1063 2903 1117 titulis
2932 1063 2988 1117 in
3016 1063 3132 1117 sede
3160 1063 3359 1118 Latina

2209 1148 2500 1220 Gregorius
2529 1153 2757 1207 residens
2778 1154 2916 1206 orbis
2956 1154 3215 1206 retinebat
3232 1154 3498 1219 habenas;

2210 1238 2325 1305 Quo
2354 1243 2627 1309 moriente,
2661 1242 2848 1295 habuit
2867 1241 3023 1296 Petri
3040 1242 3404 1296 moderamina
3437 1243 3640 1308 Victor,

2208 1328 2365 1401 Isque
2395 1331 2465 1385 ad
2494 1331 2816 1402 olympiacos
2848 1338 2961 1385 tum
2985 1333 3127 1401 forte
3156 1334 3360 1402 aspexit
3389 1335 3446 1387 in
3473 1349 3619 1400 ames,

2209 1417 2511 1491 Felicesque
2539 1421 2721 1475 choros
2740 1420 2871 1474 vidit
2885 1420 3155 1490 splendore
3184 1436 3397 1475 corusco

2211 1506 2437 1562 Sedibus
2462 1526 2488 1563 e
2513 1511 2708 1563 sanctis
2736 1509 2915 1563 laetum
2951 1510 3207 1563 associare
3241 1509 3573 1575 Tonantem;

2214 1595 2324 1661 Qui
2352 1594 2729 1652 Carthusiacos
2738 1615 2966 1668 pergens
2992 1599 3211 1651 invisere
3226 1596 3397 1660 colles,

2212 1684 2298 1737 Hi
2325 1684 2428 1739 sibi
2451 1686 2760 1755 fundabant
2789 1686 2983 1756 dignas
3015 1688 3071 1738 in
3091 1685 3296 1741 cotibus
3313 1685 3447 1740 aedes
3534 1738 3543 1747 ,

2219 1772 2524 1845 Obstupuit,
2559 1782 2761 1828 montes
2787 1774 2903 1828 illos
2934 1780 2983 1828 et
3023 1774 3181 1828 clima
3210 1775 3434 1840 notavit,

2220 1860 2607 1935 Cursoremque
2629 1863 2753 1917 illuc
2783 1863 2997 1917 celerem
3011 1863 3295 1935 celeresque
3327 1861 3545 1918 tabellas

2215 1951 2372 2006 Misit
2399 1958 2450 2006 et
2476 1952 2705 2022 Hugoni
2728 1954 2839 2006 visa
2864 1953 2974 2006 haec
2999 1952 3259 2006 miracula
3278 1953 3505 2022 scripsit.

2217 2040 2286 2094 Η
2284 2058 2385 2110 ago
2406 2041 2722 2104 admiratus,
2750 2040 3096 2113 quodcunque
3118 2046 3361 2095 evenerat
3385 2039 3473 2093 illo

2221 2130 2481 2202 Tempore
2505 2133 2792 2202 rescripsit,
2808 2148 2990 2202 qume
3017 2132 3072 2184 in
3086 2130 3382 2199 conﬁnibus
3401 2128 3503 2183 illis

2217 2218 2423 2288 Egerat
2451 2219 2813 2290 Omnipotens,
2846 2220 3051 2273 calamo
3074 2219 3169 2273 dat
3196 2225 3323 2272 nota
3345 2217 3567 2284 volanti,

2217 2307 2501 2363 Doctorem
2526 2316 2575 2363 et
2592 2326 2738 2363 senos
2762 2311 2971 2363 comites
2991 2327 3023 2362 a
3056 2309 3262 2362 turbine
3290 2307 3479 2361 mundi

2220 2397 2527 2461 Conversus,
2553 2405 2746 2469 septem
2760 2397 3030 2451 stellarum
3053 2397 3256 2451 lumina
3284 2414 3377 2451 nec
3405 2413 3511 2450 non

2223 2486 2439 2543 Ordinis
2469 2489 2663 2557 incepti
2690 2488 2893 2554 seriem,
2921 2488 3264 2559 strictumque
3293 2488 3543 2555 rigorem.

2220 2578 2344 2632 500.
2408 2574 2656 2630 Nuncius
2725 2575 2985 2641 abscessit,
3054 2574 3371 2647 Latiumque
3424 2573 3611 2628 redivit
3686 2569 3758 2628 ad

3391 2662 3612 2734 [urbem.

2216 2753 2493 2809 Maximus
2513 2761 2575 2808 ut
2588 2752 2787 2808 Pastor
2802 2755 2937 2825 cepit
2957 2770 3093 2808 nova
3121 2754 3340 2814 nuncin,
3364 2751 3600 2821 gaudens

2220 2843 2489 2900 Convocat
2517 2845 2768 2915 extemplo
2785 2851 2984 2915 patres,
3016 2849 3363 2914 sanctumque
3388 2846 3649 2903 senatum,

2219 2933 2360 3000 Quos
2387 2934 2633 2988 Romana
2651 2934 2788 3004 facit
2808 2934 3056 2987 sublimes
3080 2949 3352 3003 purpura,
3375 2930 3571 3002 pandit

2218 3023 2405 3090 Omne,
2438 3023 2578 3094 quod
2609 3022 2890 3088 acciderat,
2920 3022 3150 3091 factum,
3185 3027 3235 3075 et
3256 3021 3511 3075 divinitus
3540 3024 3759 3074 auctum

2219 3112 2571 3182 Conﬁrinavit
2602 3130 2729 3183 opus
2758 3113 2891 3166 votis
2917 3111 3259 3166 concordibus
3278 3111 3435 3177 aulas,
3804 3100 3811 3107 ’

2216 3202 2531 3273 Divinisque
2558 3201 2710 3263 illud,
2735 3202 2971 3271 confecto
2990 3206 3307 3270 grammate,
3323 3199 3472 3254 donis

2218 3290 2484 3357 Munivit,
2510 3292 2773 3361 variisque
2804 3290 2987 3360 effecit
3011 3288 3218 3342 dotibus
3240 3287 3462 3353 almum,

2215 3378 2617 3450 Servanturque
2648 3381 2784 3432 notis
2810 3381 3022 3448 signata
3052 3376 3368 3447 bifrontibus
3396 3393 3526 3429 aera.

2218 3468 2330 3523 Hic
2360 3469 2471 3538 fuit
2497 3476 2620 3522 ante
2646 3468 2877 3536 gradum
2906 3468 3140 3538 supremi
3167 3466 3411 3520 culminis
3438 3465 3600 3519 abbas

2218 3557 2421 3612 Montis
2456 3557 2723 3626 Oliviferi,
2755 3558 2845 3611 cui
2866 3572 3053 3610 nomen
3075 3556 3141 3609 ab
3174 3556 3300 3609 urbe
3322 3553 3569 3619 Casinas,

2222 3647 2354 3713 Quae
2381 3649 2492 3718 fuit
2516 3646 2839 3699 xEncadum
2862 3645 3119 3699 celebrata
3144 3643 3346 3697 colonia
3367 3642 3654 3716 quondam.

2222 3736 2346 3792 Hoc
2377 3742 2424 3789 et
2448 3736 2585 3789 idem
2602 3735 2785 3805 plures
2805 3736 3002 3789 summi
3022 3734 3191 3804 fecere
3211 3738 3477 3804 parentes,

2223 3824 2331 3891 Qui
2357 3830 2518 3895 caput
2537 3824 2795 3878 excelsum
2821 3824 3018 3894 triplici
3038 3822 3332 3875 diademate
3347 3824 3584 3890 cingunt.

2154 3915 2239 3967 Ita
2260 3913 2373 3979 ille,
2407 3915 2465 3966 et
2486 3912 2782 3980 visionem,
2816 3929 2990 3984 quam
3016 3911 3107 3964 hic
3141 3910 3316 3976 canit,
3334 3909 3544 3964 Victori
3576 3924 3765 3981 papas,

2154 4019 2271 4057 non
2304 4002 2509 4067 adhuc,
2533 4004 2595 4054 ut
2611 4002 2739 4071 jam
2772 4000 2905 4066 dixi,
2942 3998 3263 4054 Cassinensi
3303 3998 3611 4064 monacho,
3644 4000 3764 4063 aut,

2163 4091 2208 4145 si
2226 4091 2424 4157 mavis,
2458 4090 2672 4156 abbati,
2708 4090 2807 4144 sed
2822 4091 3189 4161 jam,contra
3206 4106 3267 4143 ac
3291 4088 3605 4143 Gaufredus
3629 4086 3767 4142 scri-

2157 4180 2263 4246 bit,
2292 4183 2484 4234 creato
2519 4196 2747 4233 summo
2777 4179 3054 4251 pontiﬁci,
3082 4180 3253 4232 fuisse
3285 4178 3558 4242 oblatam,
3590 4179 3646 4230 et
3666 4176 3769 4231 abs

2158 4268 2255 4322 illo
2289 4268 2605 4322 Carthusiae
2654 4268 3079 4335 fundationem,
3123 4283 3253 4321 cum
3300 4267 3449 4320 hanc
3489 4264 3598 4319 aS.
3636 4266 3770 4319 Bru-

440 4363 505 4403 re
539 4345 712 4399 etiam
744 4358 879 4397 vera
907 4343 1106 4396 fecisse
1140 4344 1503 4401 existimandi
1544 4352 1710 4418 sunt;
1741 4353 1895 4423 quod
1926 4370 2057 4409 cum
2082 4352 2134 4410 D
2162 4358 2561 4424 nonefactam,
2586 4374 2651 4411 ex
2665 4348 3765 4428 Hugone,Gratianopolitanoepiscopo,

442 4436 726 4507 prmterea
760 4448 826 4485 ex
858 4430 980 4485 aliis
1010 4431 1184 4486 etiam
1217 4449 1389 4504 supra
1437 4436 1599 4491 dictis
1641 4441 1774 4493 satis
1815 4443 2056 4496 manife-

446 4526 599 4578 stum
631 4523 926 4593 appareat,
957 4520 1134 4575 ﬁnem
1163 4522 1246 4576 rei
1276 4523 1445 4594 hujus
1473 4525 1777 4583 discutioni
1798 4530 2056 4602 impono.

450 4646 675 4717 §XXIX.
700 4643 801 4717 An
840 4645 1022 4699 Victor
1055 4644 1156 4698 III
1173 4664 1322 4717 papa
1362 4647 1791 4709 Carthusiensem
1824 4655 2062 4710 ordinem

520 4716 859 4797 approbarit,
897 4723 946 4769 et
1000 4720 1098 4787 qui
1120 4716 1332 4797 sanctus
1375 4720 1661 4797 Hugonem
1709 4724 2061 4797 Gratianopo-

520 4789 747 4863 litanum
774 4789 1069 4863 episcopum
1092 4791 1184 4863 sui
1201 4789 1514 4845 reuerentem
1537 4793 1799 4863 habuerit,
1832 4789 2062 4853 Carthu-

519 4862 712 4930 sichue
735 4875 965 4911 cremum
995 4859 1099 4911 sibi
1125 4860 1327 4915 donari
1359 4865 1674 4934 impetrarit.

522 4968 646 5020 499.
669 4960 975 5031 Gaufrello,
994 4965 1245 5020 Vosiensi
1260 4968 1459 5038 priori,
1484 4971 1671 5042 qui,ut
1684 4989 1855 5043 supra
1872 4973 2059 5041 docui,

452 5054 663 5110 Victori
694 5054 766 5106 IlI
796 5069 961 5124 papae
999 5053 1299 5124 visionem,
1348 5075 1461 5128 qua
1501 5059 1592 5113 hic
1622 5061 1956 5129 Dominum,
2002 5062 2061 5117 in

454 5141 765 5199 Carthusiaa
808 5157 1005 5195 eremo
1036 5142 1425 5199 habitaculum
1473 5146 1578 5201 sibi
1608 5153 2058 5217 construentem,

452 5230 679 5297 viderit,
700 5228 969 5283 divinitus
999 5231 1254 5285 oblatam
1279 5233 1475 5299 refert,
1503 5234 1561 5288 in
1589 5237 1850 5305 metrica,
1886 5257 2059 5312 quam

459 5317 777 5384 adornavit,
817 5316 1010 5371 Sancti
1028 5320 1207 5374 nostri
1227 5321 1353 5376 Vita
1376 5322 1551 5377 ﬁdem
1575 5324 1834 5381 adhibuit
1856 5329 2063 5385 Zacha-

457 5409 571 5464 rias
594 5406 955 5473 Benedictus,
990 5407 1258 5480 hincque,
1277 5410 1553 5467 visionem
1581 5413 1741 5468 illam
1761 5433 1793 5470 a
1809 5418 1946 5484 Deo,
1964 5421 2061 5492 qui

461 5496 603 5552 nihil
634 5495 771 5549 facit
818 5496 1049 5564 frustra,
1100 5498 1311 5556 Victori
1368 5500 1621 5571 indubie,
1666 5521 1783 5579 non
1826 5508 2060 5579 quidem

467 5584 986 5657 adhucmonacho,
1032 5588 1093 5644 ut
1120 5587 1161 5645 G
1186 5590 1454 5649 aufredus
1498 5592 1596 5664 ait,
1629 5594 1729 5651 sed
1749 5594 1876 5669 jam
1899 5615 2064 5673 papae

2162 4446 2554 4511 intellexisset,
2588 4446 2734 4500 datis
2776 4446 2980 4500 litteris
3013 4444 3336 4517 apostolicis
3362 4443 3768 4497 conﬁrmatam

2161 4534 2352 4599 fuisse,
2412 4535 2711 4589 memoriae
2746 4535 3014 4606 prodens.
3058 4534 3269 4587 Verum
3315 4531 3771 4587 conﬁrmationis

2161 4624 2332 4693 hujus
2360 4640 2464 4677 nec
2488 4623 2730 4694 ipsemet
2751 4623 3080 4690 Gavfredus,
3118 4622 3212 4693 qui
3254 4621 3533 4676 visionem
3560 4618 3772 4674 Victori

2163 4728 2325 4783 papae
2350 4712 2603 4766 oblatam
2650 4712 2862 4780 scribit,
2923 4729 3027 4765 nec
3068 4711 3165 4765 ulli
3206 4710 3321 4778 alii,
3357 4726 3499 4781 quos
3532 4709 3771 4780 quidem

2162 4801 2439 4853 hactenus
2455 4801 2720 4867 viderim,
2744 4801 3140 4855 meminerunt
3158 4801 3481 4871 scriptores,
3500 4799 3773 4854 Zacharia

2164 4888 2473 4942 Benedicto
2508 4889 2888 4960 antiquiores.
2937 4889 3077 4943 Hinc
3126 4889 3209 4956 fit,
3255 4891 3318 4942 ut
3348 4888 3509 4941 illam
3539 4903 3606 4941 ex
3633 4903 3772 4941 con-

2154 4976 2384 5047 jectura
2414 4980 2667 5045 tantum,
2702 4994 2879 5049 quam
2906 4994 2936 5032 e
2968 4977 3188 5031 credita
3225 4976 3351 5041 sibi,
3382 4992 3509 5048 quae
3560 4974 3774 5030 Victori

2163 5065 2338 5119 fuerit
2386 5065 2599 5133 oblata,
2661 5066 2876 5121 visione
2935 5066 3227 5133 formavit,
3272 5065 3578 5119 metricum
3608 5064 3774 5118 illum

2165 5151 2356 5207 Sancti
2395 5153 2571 5208 nostri
2611 5153 3000 5226 biographum
3037 5154 3358 5220 astruxisse,
3395 5151 3778 5207 vehementis-

2162 5242 2304 5296 sime
2336 5243 2607 5314 suspicer,
2642 5261 2714 5296 ne
2746 5244 2955 5309 diram,
2990 5260 3092 5314 pro
3126 5242 3446 5297 indubitate
3500 5241 3773 5298 habeam.

2166 5331 2377 5384 Verum
2403 5348 2533 5385 cum
2568 5349 2632 5386 ex
2658 5349 2830 5403 supra
2862 5332 3025 5387 dictis
3050 5331 3386 5396 Gaufredus,
3419 5330 3557 5383 dum
3601 5328 3772 5382 visio-

2162 5436 2319 5489 nem,
2348 5436 2463 5491 qua
2492 5420 2682 5475 Victor
2706 5422 2775 5475 Ill
2804 5438 2955 5495 papa
2970 5423 3174 5488 Deum,
3208 5420 3265 5473 in
3306 5418 3611 5473 solitudine
3639 5417 3773 5472 Car-

2161 5509 2363 5565 thusize
2389 5510 2778 5568 habitaculum
2828 5512 2934 5567 sibi
2958 5513 3387 5567 cunstruentem
3418 5508 3642 5575 viderit,
3674 5507 3768 5562 lit-

2164 5600 2301 5659 teris
2331 5602 2647 5676 mandavit,
2670 5620 2706 5661 a
2731 5602 2969 5663 veritate
2988 5601 3289 5674 aberrarit,
3312 5600 3384 5659 ab
3396 5600 3503 5659 hac
3529 5597 3769 5674 pariter,
