  <div class='ocr_page' id='page_1' title='image "/cluster/home/n/w/nwhite01/storage/ocr_20150623/152/hvd.32044054760103/158.png"; bbox 0 0 4224 6058; ppageno 0'>
   <div class='ocr_carea' id='block_1_1' title="bbox 229 240 340 295">
    <p class='ocr_par' dir='ltr' id='par_1_1' title="bbox 229 240 340 295">
     <span class='ocr_line' id='line_1_1' title="bbox 229 240 340 295; baseline 0 0"><span class='ocrx_word' id='word_1_1' title='bbox 229 240 340 295; x_wconf 79' lang='lat'><strong>305</strong></span> 
     </span>
    </p>
   </div>
   <div class='ocr_carea' id='block_1_2' title="bbox 1806 239 1989 296">
    <p class='ocr_par' dir='ltr' id='par_1_2' title="bbox 1806 239 1989 296">
     <span class='ocr_line' id='line_1_2' title="bbox 1806 239 1989 296; baseline -0.005 0"><span class='ocrx_word' id='word_1_2' title='bbox 1806 239 1989 296; x_wconf 81' lang='lat' dir='ltr'><strong>ACTA</strong></span> 
     </span>
    </p>
   </div>
   <div class='ocr_carea' id='block_1_3' title="bbox 3442 247 3545 305">
    <p class='ocr_par' dir='ltr' id='par_1_3' title="bbox 3442 247 3545 305">
     <span class='ocr_line' id='line_1_3' title="bbox 3442 247 3545 305; baseline -0.039 0"><span class='ocrx_word' id='word_1_3' title='bbox 3442 247 3545 305; x_wconf 81' lang='lat'>306</span> 
     </span>
    </p>
   </div>
   <div class='ocr_carea' id='block_1_4' title="bbox 229 351 3549 437">
    <p class='ocr_par' dir='ltr' id='par_1_4' title="bbox 229 351 3549 437">
     <span class='ocr_line' id='line_1_4' title="bbox 229 351 3549 437; baseline 0.002 -20"><span class='ocrx_word' id='word_1_4' title='bbox 229 379 410 435; x_wconf 86' lang='lat' dir='ltr'>quam</span> <span class='ocrx_word' id='word_1_5' title='bbox 443 378 513 418; x_wconf 85' lang='lat' dir='ltr'>ex</span> <span class='ocrx_word' id='word_1_6' title='bbox 535 360 751 418; x_wconf 85' lang='lat' dir='ltr'>visione</span> <span class='ocrx_word' id='word_1_7' title='bbox 780 361 879 418; x_wconf 92' lang='lat' dir='ltr'>illa</span> <span class='ocrx_word' id='word_1_8' title='bbox 905 361 1141 429; x_wconf 78' lang='lat' dir='ltr'>format,</span> <span class='ocrx_word' id='word_1_9' title='bbox 1175 363 1578 435; x_wconf 81' lang='lat' dir='ltr'>conjecturam</span> <span class='ocrx_word' id='word_1_10' title='bbox 1629 363 1843 421; x_wconf 84' lang='lat' dir='ltr'>dictam</span> <span class='ocrx_word' id='word_1_11' title='bbox 1869 364 2121 429; x_wconf 75' lang='lat' dir='ltr'>Amodo</span> <span class='ocrx_word' id='word_1_12' title='bbox 2141 351 2461 437; x_wconf 81' lang='lat' dir='ltr'>praecipuus</span> <span class='ocrx_word' id='word_1_13' title='bbox 2496 363 2810 420; x_wconf 86' lang='lat' dir='ltr'>mstitutor.</span> <span class='ocrx_word' id='word_1_14' title='bbox 2838 385 2866 414; x_wconf 85' lang='lat'><strong>»</strong></span> <span class='ocrx_word' id='word_1_15' title='bbox 2908 365 3073 430; x_wconf 87' lang='lat' dir='ltr'>Quod</span> <span class='ocrx_word' id='word_1_16' title='bbox 3104 368 3297 422; x_wconf 87' lang='lat' dir='ltr'>autem</span> <span class='ocrx_word' id='word_1_17' title='bbox 3336 367 3409 423; x_wconf 91' lang='lat' dir='ltr'>ad</span> <span class='ocrx_word' id='word_1_18' title='bbox 3441 370 3549 425; x_wconf 86' lang='lat' dir='ltr'>Hu-</span> 
     </span>
    </p>
   </div>
   <div class='ocr_carea' id='block_1_5' title="bbox 235 450 1253 523">
    <p class='ocr_par' dir='ltr' id='par_1_5' title="bbox 235 450 1253 523">
     <span class='ocr_line' id='line_1_5' title="bbox 235 450 1253 523; baseline -0.002 -16"><span class='ocrx_word' id='word_1_19' title='bbox 235 453 516 507; x_wconf 86' lang='lat' dir='ltr'>aberrare</span> <span class='ocrx_word' id='word_1_20' title='bbox 548 450 964 523; x_wconf 85' lang='lat' dir='ltr'>ambigendum</span> <span class='ocrx_word' id='word_1_21' title='bbox 998 468 1113 505; x_wconf 91' lang='lat' dir='ltr'>non</span> <span class='ocrx_word' id='word_1_22' title='bbox 1148 455 1253 506; x_wconf 90' lang='lat' dir='ltr'>est.</span> 
     </span>
    </p>
   </div>
   <div class='ocr_carea' id='block_1_6' title="bbox 303 539 1845 613">
    <p class='ocr_par' dir='ltr' id='par_1_6' title="bbox 303 539 1845 613">
     <span class='ocr_line' id='line_1_6' title="bbox 303 539 1845 613; baseline -0.001 -18"><span class='ocrx_word' id='word_1_23' title='bbox 303 544 431 596; x_wconf 81' lang='grc'><strong>501.</strong></span> <span class='ocrx_word' id='word_1_24' title='bbox 457 541 545 596; x_wconf 83' lang='lat' dir='ltr'>Ad</span> <span class='ocrx_word' id='word_1_25' title='bbox 567 542 691 595; x_wconf 65' lang='lat' dir='ltr'>haec</span> <span class='ocrx_word' id='word_1_26' title='bbox 724 541 911 596; x_wconf 82' lang='lat' dir='ltr'>Victor</span> <span class='ocrx_word' id='word_1_27' title='bbox 945 557 1099 595; x_wconf 91' lang='lat' dir='ltr'>anno</span> <span class='ocrx_word' id='word_1_28' title='bbox 1136 543 1267 595; x_wconf 87' lang='lat' dir='ltr'>l086</span> <span class='ocrx_word' id='word_1_29' title='bbox 1309 542 1381 595; x_wconf 92' lang='lat' dir='ltr'>ad</span> <span class='ocrx_word' id='word_1_30' title='bbox 1424 542 1631 597; x_wconf 89' lang='lat' dir='ltr'>solium</span> <span class='ocrx_word' id='word_1_31' title='bbox 1658 539 1845 613; x_wconf 90' lang='lat' dir='ltr'>ponti-</span> 
     </span>
    </p>
   </div>
   <div class='ocr_carea' id='block_1_7' title="bbox 228 621 1843 701">
    <p class='ocr_par' dir='ltr' id='par_1_7' title="bbox 228 621 1843 701">
     <span class='ocr_line' id='line_1_7' title="bbox 228 621 1843 701; baseline -0.001 -17"><span class='ocrx_word' id='word_1_32' title='bbox 228 630 397 685; x_wconf 87' lang='lat' dir='ltr'>ficale</span> <span class='ocrx_word' id='word_1_33' title='bbox 419 630 528 684; x_wconf 90' lang='lat' dir='ltr'>fuit</span> <span class='ocrx_word' id='word_1_34' title='bbox 551 632 797 695; x_wconf 86' lang='lat' dir='ltr'>evectus,</span> <span class='ocrx_word' id='word_1_35' title='bbox 831 646 935 683; x_wconf 89' lang='lat' dir='ltr'>nec</span> <span class='ocrx_word' id='word_1_36' title='bbox 949 629 1124 683; x_wconf 89' lang='lat' dir='ltr'>vitam</span> <span class='ocrx_word' id='word_1_37' title='bbox 1141 621 1421 701; x_wconf 83' lang='lat' dir='ltr'>protraxit</span> <span class='ocrx_word' id='word_1_38' title='bbox 1450 632 1599 684; x_wconf 90' lang='lat' dir='ltr'>ultra</span> <span class='ocrx_word' id='word_1_39' title='bbox 1623 646 1843 685; x_wconf 89' lang='lat' dir='ltr'>annum</span> 
     </span>
    </p>
   </div>
   <div class='ocr_carea' id='block_1_8' title="bbox 226 716 1841 789">
    <p class='ocr_par' dir='ltr' id='par_1_8' title="bbox 226 716 1841 789">
     <span class='ocr_line' id='line_1_8' title="bbox 226 716 1841 789; baseline -0.001 -16"><span class='ocrx_word' id='word_1_40' title='bbox 226 718 495 789; x_wconf 83' lang='lat' dir='ltr'>proxime</span> <span class='ocrx_word' id='word_1_41' title='bbox 538 719 901 789; x_wconf 77' lang='lat' dir='ltr'>sequentem,</span> <span class='ocrx_word' id='word_1_42' title='bbox 932 734 1043 788; x_wconf 90' lang='lat' dir='ltr'>quo</span> <span class='ocrx_word' id='word_1_43' title='bbox 1072 716 1123 771; x_wconf 90' lang='lat' dir='ltr'>ei</span> <span class='ocrx_word' id='word_1_44' title='bbox 1160 717 1422 771; x_wconf 83' lang='lat' dir='ltr'>Urbanus</span> <span class='ocrx_word' id='word_1_45' title='bbox 1448 720 1493 770; x_wconf 88' lang='lat' dir='ltr'><strong>II</strong></span> <span class='ocrx_word' id='word_1_46' title='bbox 1531 718 1793 772; x_wconf 81' lang='lat' dir='ltr'>successit</span> <span class='ocrx_word' id='word_1_47' title='bbox 1826 735 1841 786; x_wconf 91' lang='lat'><strong>;</strong></span> 
     </span>
    </p>
   </div>
   <div class='ocr_carea' id='block_1_9' title="bbox 224 805 1844 878">
    <p class='ocr_par' dir='ltr' id='par_1_9' title="bbox 224 805 1844 878">
     <span class='ocr_line' id='line_1_9' title="bbox 224 805 1844 878; baseline -0.002 -15"><span class='ocrx_word' id='word_1_48' title='bbox 224 824 350 863; x_wconf 87' lang='lat' dir='ltr'>non</span> <span class='ocrx_word' id='word_1_49' title='bbox 383 805 661 861; x_wconf 81' lang='lat' dir='ltr'>exstitisse</span> <span class='ocrx_word' id='word_1_50' title='bbox 687 809 884 860; x_wconf 89' lang='lat' dir='ltr'>autem</span> <span class='ocrx_word' id='word_1_51' title='bbox 907 809 1039 860; x_wconf 82' lang='lat' dir='ltr'>ante</span> <span class='ocrx_word' id='word_1_52' title='bbox 1076 808 1324 878; x_wconf 75' lang='lat' dir='ltr'>tempus,</span> <span class='ocrx_word' id='word_1_53' title='bbox 1353 822 1465 877; x_wconf 91' lang='lat' dir='ltr'>quo</span> <span class='ocrx_word' id='word_1_54' title='bbox 1498 807 1759 861; x_wconf 84' lang='lat' dir='ltr'>Urbanus</span> <span class='ocrx_word' id='word_1_55' title='bbox 1799 809 1844 861; x_wconf 94' lang='lat' dir='ltr'><strong>II</strong></span> 
     </span>
    </p>
   </div>
   <div class='ocr_carea' id='block_1_10' title="bbox 225 894 1844 966">
    <p class='ocr_par' dir='ltr' id='par_1_10' title="bbox 225 894 1844 966">
     <span class='ocr_line' id='line_1_10' title="bbox 225 894 1844 966; baseline -0.001 -16"><span class='ocrx_word' id='word_1_56' title='bbox 225 896 283 951; x_wconf 91' lang='lat' dir='ltr'>S.</span> <span class='ocrx_word' id='word_1_57' title='bbox 313 896 475 950; x_wconf 84' lang='lat' dir='ltr'>Petri</span> <span class='ocrx_word' id='word_1_58' title='bbox 499 894 837 949; x_wconf 81' lang='lat' dir='ltr'>cathedram</span> <span class='ocrx_word' id='word_1_59' title='bbox 870 908 1151 964; x_wconf 89' lang='lat' dir='ltr'>occupare</span> <span class='ocrx_word' id='word_1_60' title='bbox 1180 894 1371 966; x_wconf 81' lang='lat' dir='ltr'>coepit,</span> <span class='ocrx_word' id='word_1_61' title='bbox 1396 895 1717 965; x_wconf 85' lang='lat' dir='ltr'>pontificias</span> <span class='ocrx_word' id='word_1_62' title='bbox 1752 895 1844 949; x_wconf 90' lang='lat' dir='ltr'>lit-</span> 
     </span>
    </p>
   </div>
   <div class='ocr_carea' id='block_1_11' title="bbox 223 980 1841 1052">
    <p class='ocr_par' dir='ltr' id='par_1_11' title="bbox 223 980 1841 1052">
     <span class='ocr_line' id='line_1_11' title="bbox 223 980 1841 1052; baseline 0 -15"><span class='ocrx_word' id='word_1_63' title='bbox 223 986 403 1049; x_wconf 87' lang='lat' dir='ltr'>teras,</span> <span class='ocrx_word' id='word_1_64' title='bbox 440 980 658 1036; x_wconf 89' lang='lat' dir='ltr'>ordinis</span> <span class='ocrx_word' id='word_1_65' title='bbox 692 981 1105 1036; x_wconf 87' lang='lat' dir='ltr'>Carthusiensis</span> <span class='ocrx_word' id='word_1_66' title='bbox 1138 983 1414 1037; x_wconf 82' lang='lat' dir='ltr'>facientes</span> <span class='ocrx_word' id='word_1_67' title='bbox 1460 983 1841 1052; x_wconf 86' lang='lat' dir='ltr'>mentionem,</span> 
     </span>
    </p>
   </div>
   <div class='ocr_carea' id='block_1_12' title="bbox 227 1068 1845 1142">
    <p class='ocr_par' dir='ltr' id='par_1_12' title="bbox 227 1068 1845 1142">
     <span class='ocr_line' id='line_1_12' title="bbox 227 1068 1845 1142; baseline 0.001 -16"><span class='ocrx_word' id='word_1_68' title='bbox 227 1086 564 1141; x_wconf 85' lang='lat' dir='ltr'>anonymus</span> <span class='ocrx_word' id='word_1_69' title='bbox 594 1068 919 1141; x_wconf 88' lang='lat' dir='ltr'>primorum</span> <span class='ocrx_word' id='word_1_70' title='bbox 950 1069 1203 1141; x_wconf 89' lang='lat' dir='ltr'>quinque</span> <span class='ocrx_word' id='word_1_71' title='bbox 1250 1070 1561 1127; x_wconf 67' lang='lat' dir='ltr'>Carthusiae</span> <span class='ocrx_word' id='word_1_72' title='bbox 1587 1071 1845 1142; x_wconf 88' lang='lat' dir='ltr'>priorum</span> 
     </span>
    </p>
   </div>
   <div class='ocr_carea' id='block_1_13' title="bbox 225 1158 1845 1229">
    <p class='ocr_par' dir='ltr' id='par_1_13' title="bbox 225 1158 1845 1229">
     <span class='ocr_line' id='line_1_13' title="bbox 225 1158 1845 1229; baseline 0.001 -16"><span class='ocrx_word' id='word_1_73' title='bbox 225 1158 731 1229; x_wconf 78' lang='lat' dir='ltr'>chronographus,</span> <span class='ocrx_word' id='word_1_74' title='bbox 788 1174 888 1211; x_wconf 88' lang='lat' dir='ltr'>seu</span> <span class='ocrx_word' id='word_1_75' title='bbox 932 1158 1225 1229; x_wconf 84' lang='lat' dir='ltr'>antiquior</span> <span class='ocrx_word' id='word_1_76' title='bbox 1276 1158 1468 1214; x_wconf 82' lang='lat' dir='ltr'>Sancti</span> <span class='ocrx_word' id='word_1_77' title='bbox 1500 1159 1681 1215; x_wconf 89' lang='lat' dir='ltr'>nostri</span> <span class='ocrx_word' id='word_1_78' title='bbox 1722 1160 1845 1215; x_wconf 89' lang='lat' dir='ltr'>hio-</span> 
     </span>
    </p>
   </div>
   <div class='ocr_carea' id='block_1_14' title="bbox 224 1244 1847 1319">
    <p class='ocr_par' dir='ltr' id='par_1_14' title="bbox 224 1244 1847 1319">
     <span class='ocr_line' id='line_1_14' title="bbox 224 1244 1847 1319; baseline 0.001 -18"><span class='ocrx_word' id='word_1_79' title='bbox 224 1247 507 1319; x_wconf 84' lang='lat' dir='ltr'>graphus,</span> <span class='ocrx_word' id='word_1_80' title='bbox 541 1244 637 1318; x_wconf 90' lang='lat' dir='ltr'>qui</span> <span class='ocrx_word' id='word_1_81' title='bbox 687 1245 924 1317; x_wconf 86' lang='lat' dir='ltr'>majoris</span> <span class='ocrx_word' id='word_1_82' title='bbox 954 1246 1149 1317; x_wconf 89' lang='lat' dir='ltr'>utique</span> <span class='ocrx_word' id='word_1_83' title='bbox 1197 1247 1330 1302; x_wconf 86' lang='lat' dir='ltr'>fidei</span> <span class='ocrx_word' id='word_1_84' title='bbox 1378 1248 1847 1319; x_wconf 87' lang='lat' dir='ltr'>auctoritatisque</span> 
     </span>
    </p>
   </div>
   <div class='ocr_carea' id='block_1_15' title="bbox 229 1333 1844 1408">
    <p class='ocr_par' dir='ltr' id='par_1_15' title="bbox 229 1333 1844 1408">
     <span class='ocr_line' id='line_1_15' title="bbox 229 1333 1844 1408; baseline 0.001 -18"><span class='ocrx_word' id='word_1_85' title='bbox 229 1338 318 1390; x_wconf 90' lang='lat' dir='ltr'>est</span> <span class='ocrx_word' id='word_1_86' title='bbox 349 1351 527 1406; x_wconf 89' lang='lat' dir='ltr'>quam</span> <span class='ocrx_word' id='word_1_87' title='bbox 560 1333 854 1401; x_wconf 88' lang='lat' dir='ltr'>metricus,</span> <span class='ocrx_word' id='word_1_88' title='bbox 890 1334 960 1389; x_wconf 91' lang='lat' dir='ltr'>de</span> <span class='ocrx_word' id='word_1_89' title='bbox 986 1351 1099 1406; x_wconf 92' lang='lat' dir='ltr'>quo</span> <span class='ocrx_word' id='word_1_90' title='bbox 1115 1335 1227 1402; x_wconf 89' lang='lat' dir='ltr'>hic,</span> <span class='ocrx_word' id='word_1_91' title='bbox 1260 1335 1610 1408; x_wconf 89' lang='lat' dir='ltr'>biographus</span> <span class='ocrx_word' id='word_1_92' title='bbox 1633 1337 1844 1391; x_wconf 88' lang='lat' dir='ltr'>Zacha-</span> 
     </span>
    </p>
   </div>
   <div class='ocr_carea' id='block_1_16' title="bbox 227 1422 1846 1497">
    <p class='ocr_par' dir='ltr' id='par_1_16' title="bbox 227 1422 1846 1497">
     <span class='ocr_line' id='line_1_16' title="bbox 227 1422 1846 1497; baseline 0.001 -18"><span class='ocrx_word' id='word_1_93' title='bbox 227 1423 347 1479; x_wconf 87' lang='lat' dir='ltr'>rias</span> <span class='ocrx_word' id='word_1_94' title='bbox 400 1422 760 1489; x_wconf 87' lang='lat' dir='ltr'>Benedictus,</span> <span class='ocrx_word' id='word_1_95' title='bbox 815 1441 932 1478; x_wconf 92' lang='lat' dir='ltr'>non</span> <span class='ocrx_word' id='word_1_96' title='bbox 989 1424 1230 1478; x_wconf 90' lang='lat' dir='ltr'>obscure</span> <span class='ocrx_word' id='word_1_97' title='bbox 1290 1424 1485 1493; x_wconf 88' lang='lat' dir='ltr'>docet;</span> <span class='ocrx_word' id='word_1_98' title='bbox 1540 1428 1846 1497; x_wconf 84' lang='lat' dir='ltr'>postquam</span> 
     </span>
    </p>
   </div>
   <div class='ocr_carea' id='block_1_17' title="bbox 227 1511 1845 1568">
    <p class='ocr_par' dir='ltr' id='par_1_17' title="bbox 227 1511 1845 1568">
     <span class='ocr_line' id='line_1_17' title="bbox 227 1511 1845 1568; baseline 0.001 -1"><span class='ocrx_word' id='word_1_99' title='bbox 227 1512 393 1568; x_wconf 88' lang='lat' dir='ltr'>enim</span> <span class='ocrx_word' id='word_1_100' title='bbox 423 1514 497 1568; x_wconf 90' lang='lat' dir='ltr'>ab</span> <span class='ocrx_word' id='word_1_101' title='bbox 527 1512 758 1567; x_wconf 87' lang='lat' dir='ltr'>Urbano</span> <span class='ocrx_word' id='word_1_102' title='bbox 797 1512 841 1564; x_wconf 90' lang='lat' dir='ltr'>ll</span> <span class='ocrx_word' id='word_1_103' title='bbox 888 1511 1108 1566; x_wconf 85' lang='lat' dir='ltr'>litteras</span> <span class='ocrx_word' id='word_1_104' title='bbox 1137 1511 1289 1567; x_wconf 85' lang='lat' dir='ltr'>infra</span> <span class='ocrx_word' id='word_1_105' title='bbox 1317 1513 1427 1567; x_wconf 89' lang='lat' dir='ltr'>huc</span> <span class='ocrx_word' id='word_1_106' title='bbox 1456 1514 1845 1568; x_wconf 88' lang='lat' dir='ltr'>transcriben-</span> 
     </span>
    </p>
   </div>
   <div class='ocr_carea' id='block_1_18' title="bbox 227 1599 1847 1674">
    <p class='ocr_par' dir='ltr' id='par_1_18' title="bbox 227 1599 1847 1674">
     <span class='ocr_line' id='line_1_18' title="bbox 227 1599 1847 1674; baseline -0.001 -15"><span class='ocrx_word' id='word_1_107' title='bbox 227 1603 354 1671; x_wconf 83' lang='lat' dir='ltr'>das,</span> <span class='ocrx_word' id='word_1_108' title='bbox 389 1602 598 1674; x_wconf 85' lang='lat' dir='ltr'>quibus</span> <span class='ocrx_word' id='word_1_109' title='bbox 624 1599 911 1673; x_wconf 85' lang='lat' dir='ltr'>Siguinus,</span> <span class='ocrx_word' id='word_1_110' title='bbox 949 1601 1236 1656; x_wconf 56' lang='lat' dir='ltr'>Castae-Dei</span> <span class='ocrx_word' id='word_1_111' title='bbox 1264 1602 1459 1669; x_wconf 82' lang='lat' dir='ltr'>abbas,</span> <span class='ocrx_word' id='word_1_112' title='bbox 1484 1602 1847 1657; x_wconf 89' lang='lat' dir='ltr'>Carthusiam</span> 
     </span>
    </p>
   </div>
   <div class='ocr_carea' id='block_1_19' title="bbox 1945 452 3544 524">
    <p class='ocr_par' dir='ltr' id='par_1_19' title="bbox 1945 452 3544 524">
     <span class='ocr_line' id='line_1_19' title="bbox 1945 452 3544 524; baseline 0.003 -18"><span class='ocrx_word' id='word_1_113' title='bbox 1945 453 2111 524; x_wconf 89' lang='lat' dir='ltr'>gonis</span> <span class='ocrx_word' id='word_1_114' title='bbox 2143 452 2198 506; x_wconf 89' lang='lat' dir='ltr'>in</span> <span class='ocrx_word' id='word_1_115' title='bbox 2231 452 2529 507; x_wconf 81' lang='lat' dir='ltr'>Carthusia</span> <span class='ocrx_word' id='word_1_116' title='bbox 2548 452 3070 509; x_wconf 86' lang='lat' dir='ltr'>commorationem</span> <span class='ocrx_word' id='word_1_117' title='bbox 3092 455 3544 524; x_wconf 83' lang='lat' dir='ltr'>pertinet,fuisse</span> 
     </span>
    </p>
   </div>
   <div class='ocr_carea' id='block_1_20' title="bbox 1942 541 3547 614">
    <p class='ocr_par' dir='ltr' id='par_1_20' title="bbox 1942 541 3547 614">
     <span class='ocr_line' id='line_1_20' title="bbox 1942 541 3547 614; baseline 0.002 -19"><span class='ocrx_word' id='word_1_118' title='bbox 1942 541 2238 597; x_wconf 84' lang='lat' dir='ltr'>hancsane</span> <span class='ocrx_word' id='word_1_119' title='bbox 2256 543 2573 596; x_wconf 84' lang='lat' dir='ltr'>admodum</span> <span class='ocrx_word' id='word_1_120' title='bbox 2589 543 2978 613; x_wconf 86' lang='lat' dir='ltr'>frequentem,</span> <span class='ocrx_word' id='word_1_121' title='bbox 2995 543 3371 614; x_wconf 82' lang='lat' dir='ltr'>ejusdemque</span> <span class='ocrx_word' id='word_1_122' title='bbox 3387 544 3547 598; x_wconf 90' lang='lat' dir='ltr'>illum</span> 
     </span>
    </p>
   </div>
   <div class='ocr_carea' id='block_1_21' title="bbox 1944 631 3546 701">
    <p class='ocr_par' dir='ltr' id='par_1_21' title="bbox 1944 631 3546 701">
     <span class='ocr_line' id='line_1_21' title="bbox 1944 631 3546 701; baseline 0.002 -18"><span class='ocrx_word' id='word_1_123' title='bbox 1944 632 2207 701; x_wconf 84' lang='lat' dir='ltr'>tempore</span> <span class='ocrx_word' id='word_1_124' title='bbox 2229 632 2301 685; x_wconf 87' lang='lat' dir='ltr'>ad</span> <span class='ocrx_word' id='word_1_125' title='bbox 2315 631 2821 685; x_wconf 81' lang='lat' dir='ltr'>Cartliusianorum</span> <span class='ocrx_word' id='word_1_126' title='bbox 2836 634 3130 701; x_wconf 80' lang='lat' dir='ltr'>exemplar</span> <span class='ocrx_word' id='word_1_127' title='bbox 3161 649 3225 686; x_wconf 90' lang='lat' dir='ltr'>ac</span> <span class='ocrx_word' id='word_1_128' title='bbox 3257 648 3546 700; x_wconf 87' lang='lat' dir='ltr'>normam,</span> 
     </span>
    </p>
   </div>
   <div class='ocr_carea' id='block_1_22' title="bbox 1945 721 3549 793">
    <p class='ocr_par' dir='ltr' id='par_1_22' title="bbox 1945 721 3549 793">
     <span class='ocr_line' id='line_1_22' title="bbox 1945 721 3549 793; baseline 0.001 -20"><span class='ocrx_word' id='word_1_129' title='bbox 1945 721 2096 774; x_wconf 91' lang='lat' dir='ltr'>unde</span> <span class='ocrx_word' id='word_1_130' title='bbox 2130 724 2186 773; x_wconf 88' lang='lat' dir='ltr'>et</span> <span class='ocrx_word' id='word_1_131' title='bbox 2206 738 2308 791; x_wconf 88' lang='lat' dir='ltr'>pro</span> <span class='ocrx_word' id='word_1_132' title='bbox 2344 721 2718 775; x_wconf 85' lang='lat' dir='ltr'>Carthusiano</span> <span class='ocrx_word' id='word_1_133' title='bbox 2757 721 3188 792; x_wconf 84' lang='lat' dir='ltr'>quodammodo</span> <span class='ocrx_word' id='word_1_134' title='bbox 3219 721 3421 775; x_wconf 85' lang='lat' dir='ltr'>haberi</span> <span class='ocrx_word' id='word_1_135' title='bbox 3446 738 3549 793; x_wconf 89' lang='lat' dir='ltr'>po-</span> 
     </span>
    </p>
   </div>
   <div class='ocr_carea' id='block_1_23' title="bbox 1945 808 3549 880">
    <p class='ocr_par' dir='ltr' id='par_1_23' title="bbox 1945 808 3549 880">
     <span class='ocr_line' id='line_1_23' title="bbox 1945 808 3549 880; baseline 0.001 -19"><span class='ocrx_word' id='word_1_136' title='bbox 1945 808 2136 875; x_wconf 86' lang='lat' dir='ltr'>tuerit,</span> <span class='ocrx_word' id='word_1_137' title='bbox 2164 809 2339 864; x_wconf 88' lang='lat' dir='ltr'>vitam</span> <span class='ocrx_word' id='word_1_138' title='bbox 2370 826 2533 864; x_wconf 90' lang='lat' dir='ltr'>suam</span> <span class='ocrx_word' id='word_1_139' title='bbox 2565 811 2640 864; x_wconf 91' lang='lat' dir='ltr'>ad</span> <span class='ocrx_word' id='word_1_140' title='bbox 2673 809 2948 864; x_wconf 85' lang='lat' dir='ltr'>amussim</span> <span class='ocrx_word' id='word_1_141' title='bbox 2965 809 3238 880; x_wconf 78' lang='lat' dir='ltr'>exegisse,</span> <span class='ocrx_word' id='word_1_142' title='bbox 3261 809 3549 864; x_wconf 88' lang='lat' dir='ltr'>docetnos</span> 
     </span>
    </p>
   </div>
   <div class='ocr_carea' id='block_1_24' title="bbox 1943 894 3548 969">
    <p class='ocr_par' dir='ltr' id='par_1_24' title="bbox 1943 894 3548 969">
     <span class='ocr_line' id='line_1_24' title="bbox 1943 894 3548 969; baseline 0.001 -20"><span class='ocrx_word' id='word_1_143' title='bbox 1943 894 2154 950; x_wconf 91' lang='lat' dir='ltr'>iterum</span> <span class='ocrx_word' id='word_1_144' title='bbox 2186 896 2362 968; x_wconf 88' lang='lat' dir='ltr'>Guigo</span> <span class='ocrx_word' id='word_1_145' title='bbox 2394 898 2454 952; x_wconf 89' lang='lat' dir='ltr'>in</span> <span class='ocrx_word' id='word_1_146' title='bbox 2481 898 2803 969; x_wconf 89' lang='lat' dir='ltr'>conscripta</span> <span class='ocrx_word' id='word_1_147' title='bbox 2829 915 2862 953; x_wconf 89' lang='lat' dir='ltr'>a</span> <span class='ocrx_word' id='word_1_148' title='bbox 2885 916 2941 952; x_wconf 90' lang='lat' dir='ltr'>se</span> <span class='ocrx_word' id='word_1_149' title='bbox 2954 898 3135 952; x_wconf 84' lang='lat' dir='ltr'>sancti</span> <span class='ocrx_word' id='word_1_150' title='bbox 3158 897 3304 951; x_wconf 90' lang='lat' dir='ltr'>illius</span> <span class='ocrx_word' id='word_1_151' title='bbox 3326 897 3548 953; x_wconf 87' lang='lat' dir='ltr'>antisti-</span> 
     </span>
    </p>
   </div>
   <div class='ocr_carea' id='block_1_25' title="bbox 1946 983 3547 1058">
    <p class='ocr_par' dir='ltr' id='par_1_25' title="bbox 1946 983 3547 1058">
     <span class='ocr_line' id='line_1_25' title="bbox 1946 983 3547 1058; baseline 0.001 -21"><span class='ocrx_word' id='word_1_152' title='bbox 1946 983 2018 1037; x_wconf 89' lang='lat' dir='ltr'>tis</span> <span class='ocrx_word' id='word_1_153' title='bbox 2042 984 2167 1039; x_wconf 85' lang='lat' dir='ltr'>Vita</span> <span class='ocrx_word' id='word_1_154' title='bbox 2191 986 2403 1057; x_wconf 83' lang='lat' dir='ltr'>partim</span> <span class='ocrx_word' id='word_1_155' title='bbox 2434 986 2619 1041; x_wconf 78' lang='lat' dir='ltr'>verbis</span> <span class='ocrx_word' id='word_1_156' title='bbox 2657 1003 2831 1058; x_wconf 87' lang='lat' dir='ltr'>supra</span> <span class='ocrx_word' id='word_1_157' title='bbox 2880 987 2989 1041; x_wconf 77' lang='lat' dir='ltr'>lluc</span> <span class='ocrx_word' id='word_1_158' title='bbox 3010 986 3138 1056; x_wconf 90' lang='lat' dir='ltr'>jam</span> <span class='ocrx_word' id='word_1_159' title='bbox 3166 985 3547 1056; x_wconf 88' lang='lat' dir='ltr'>transcriptis,</span> 
     </span>
    </p>
   </div>
   <div class='ocr_carea' id='block_1_26' title="bbox 1945 1073 3547 1146">
    <p class='ocr_par' dir='ltr' id='par_1_26' title="bbox 1945 1073 3547 1146">
     <span class='ocr_line' id='line_1_26' title="bbox 1945 1073 3547 1146; baseline 0.001 -20"><span class='ocrx_word' id='word_1_160' title='bbox 1945 1073 2157 1143; x_wconf 89' lang='lat' dir='ltr'>partim</span> <span class='ocrx_word' id='word_1_161' title='bbox 2191 1074 2496 1146; x_wconf 80' lang='lat' dir='ltr'>hisce,qu</span> <span class='ocrx_word' id='word_1_162' title='bbox 2521 1091 2670 1129; x_wconf 90' lang='lat' dir='ltr'>nunc</span> <span class='ocrx_word' id='word_1_163' title='bbox 2684 1075 2864 1129; x_wconf 87' lang='lat' dir='ltr'>subdo</span> <span class='ocrx_word' id='word_1_164' title='bbox 2906 1092 2919 1130; x_wconf 88' lang='lat'><strong>:</strong></span> <span class='ocrx_word' id='word_1_165' title='bbox 2962 1094 2989 1126; x_wconf 76' lang='grc' dir='ltr'><strong>σ</strong></span> <span class='ocrx_word' id='word_1_166' title='bbox 3010 1076 3072 1127; x_wconf 88' lang='lat' dir='ltr'>In</span> <span class='ocrx_word' id='word_1_167' title='bbox 3098 1078 3326 1129; x_wconf 90' lang='lat' dir='ltr'>tantum</span> <span class='ocrx_word' id='word_1_168' title='bbox 3353 1077 3547 1128; x_wconf 89' lang='lat' dir='ltr'>autem</span> 
     </span>
    </p>
   </div>
   <div class='ocr_carea' id='block_1_27' title="bbox 1948 1161 3554 1233">
    <p class='ocr_par' dir='ltr' id='par_1_27' title="bbox 1948 1161 3554 1233">
     <span class='ocr_line' id='line_1_27' title="bbox 1948 1161 3554 1233; baseline 0.001 -18"><span class='ocrx_word' id='word_1_169' title='bbox 1948 1161 2204 1233; x_wconf 88' lang='lat' dir='ltr'>(S.Hugo</span> <span class='ocrx_word' id='word_1_170' title='bbox 2218 1162 2504 1233; x_wconf 84' lang='lat' dir='ltr'>videlicet)</span> <span class='ocrx_word' id='word_1_171' title='bbox 2526 1163 3138 1233; x_wconf 83' lang='lat' dir='ltr'>eremum(Carthusiee</span> <span class='ocrx_word' id='word_1_172' title='bbox 3170 1162 3377 1217; x_wconf 90' lang='lat' dir='ltr'>cumS.</span> <span class='ocrx_word' id='word_1_173' title='bbox 3411 1164 3554 1216; x_wconf 89' lang='lat' dir='ltr'>Bru-</span> 
     </span>
    </p>
   </div>
   <div class='ocr_carea' id='block_1_28' title="bbox 1947 1251 3548 1323">
    <p class='ocr_par' dir='ltr' id='par_1_28' title="bbox 1947 1251 3548 1323">
     <span class='ocr_line' id='line_1_28' title="bbox 1947 1251 3548 1323; baseline -0.002 -16"><span class='ocrx_word' id='word_1_174' title='bbox 1947 1269 2101 1307; x_wconf 88' lang='lat' dir='ltr'>none</span> <span class='ocrx_word' id='word_1_175' title='bbox 2131 1252 2365 1323; x_wconf 85' lang='lat' dir='ltr'>ejusque</span> <span class='ocrx_word' id='word_1_176' title='bbox 2391 1252 2575 1322; x_wconf 87' lang='lat' dir='ltr'>sociis)</span> <span class='ocrx_word' id='word_1_177' title='bbox 2615 1252 2851 1307; x_wconf 89' lang='lat' dir='ltr'>devotus</span> <span class='ocrx_word' id='word_1_178' title='bbox 2879 1251 3169 1306; x_wconf 88' lang='lat' dir='ltr'>incolebat</span> <span class='ocrx_word' id='word_1_179' title='bbox 3197 1254 3254 1306; x_wconf 88' lang='lat' dir='ltr'>et</span> <span class='ocrx_word' id='word_1_180' title='bbox 3298 1251 3548 1319; x_wconf 86' lang='lat' dir='ltr'>sedulus,</span> 
     </span>
    </p>
   </div>
   <div class='ocr_carea' id='block_1_29' title="bbox 1947 1340 3555 1411">
    <p class='ocr_par' dir='ltr' id='par_1_29' title="bbox 1947 1340 3555 1411">
     <span class='ocr_line' id='line_1_29' title="bbox 1947 1340 3555 1411; baseline -0.001 -17"><span class='ocrx_word' id='word_1_181' title='bbox 1947 1344 2011 1395; x_wconf 90' lang='lat' dir='ltr'>ut</span> <span class='ocrx_word' id='word_1_182' title='bbox 2040 1358 2171 1394; x_wconf 89' lang='lat' dir='ltr'>eum</span> <span class='ocrx_word' id='word_1_183' title='bbox 2203 1340 2678 1410; x_wconf 82' lang='lat' dir='ltr'>magisterBruno</span> <span class='ocrx_word' id='word_1_184' title='bbox 2698 1356 3123 1411; x_wconf 85' lang='lat' dir='ltr'>nonnunquam</span> <span class='ocrx_word' id='word_1_185' title='bbox 3138 1340 3555 1411; x_wconf 83' lang='lat' dir='ltr'>exirecompel-</span> 
     </span>
    </p>
   </div>
   <div class='ocr_carea' id='block_1_30' title="bbox 1946 1426 3556 1499">
    <p class='ocr_par' dir='ltr' id='par_1_30' title="bbox 1946 1426 3556 1499">
     <span class='ocr_line' id='line_1_30' title="bbox 1946 1426 3556 1499; baseline -0.001 -16"><span class='ocrx_word' id='word_1_186' title='bbox 1946 1430 2109 1495; x_wconf 91' lang='lat' dir='ltr'>leret,</span> <span class='ocrx_word' id='word_1_187' title='bbox 2138 1430 2239 1493; x_wconf 89' lang='lat' dir='ltr'>Ite,</span> <span class='ocrx_word' id='word_1_188' title='bbox 2269 1429 2482 1497; x_wconf 89' lang='lat' dir='ltr'>dicens,</span> <span class='ocrx_word' id='word_1_189' title='bbox 2516 1429 2593 1483; x_wconf 91' lang='lat' dir='ltr'>ite</span> <span class='ocrx_word' id='word_1_190' title='bbox 2623 1430 2697 1483; x_wconf 88' lang='lat' dir='ltr'>ad</span> <span class='ocrx_word' id='word_1_191' title='bbox 2728 1446 2859 1483; x_wconf 89' lang='lat' dir='ltr'>oves</span> <span class='ocrx_word' id='word_1_192' title='bbox 2894 1428 3358 1499; x_wconf 88' lang='lat' dir='ltr'>vestras,eisque,</span> <span class='ocrx_word' id='word_1_193' title='bbox 3399 1426 3556 1499; x_wconf 87' lang='lat' dir='ltr'>quod</span> 
     </span>
    </p>
   </div>
   <div class='ocr_carea' id='block_1_31' title="bbox 1948 1518 3557 1589">
    <p class='ocr_par' dir='ltr' id='par_1_31' title="bbox 1948 1518 3557 1589">
     <span class='ocr_line' id='line_1_31' title="bbox 1948 1518 3557 1589; baseline -0.001 -18"><span class='ocrx_word' id='word_1_194' title='bbox 1948 1518 2186 1585; x_wconf 89' lang='lat' dir='ltr'>debetis,</span> <span class='ocrx_word' id='word_1_195' title='bbox 2220 1518 2508 1572; x_wconf 83' lang='lat' dir='ltr'>exsolvite.</span> <span class='ocrx_word' id='word_1_196' title='bbox 2544 1520 2622 1573; x_wconf 91' lang='lat' dir='ltr'>Eo</span> <span class='ocrx_word' id='word_1_197' title='bbox 2651 1522 2937 1589; x_wconf 90' lang='lat' dir='ltr'>tempore,</span> <span class='ocrx_word' id='word_1_198' title='bbox 2972 1535 3200 1589; x_wconf 63' lang='lat' dir='ltr'>magna:</span> <span class='ocrx_word' id='word_1_199' title='bbox 3250 1521 3557 1589; x_wconf 46' lang='lat' dir='ltr'>paupertas</span> 
     </span>
    </p>
   </div>
   <div class='ocr_carea' id='block_1_32' title="bbox 1947 1605 3553 1675">
    <p class='ocr_par' dir='ltr' id='par_1_32' title="bbox 1947 1605 3553 1675">
     <span class='ocr_line' id='line_1_32' title="bbox 1947 1605 3553 1675; baseline 0 -17"><span class='ocrx_word' id='word_1_200' title='bbox 1947 1606 2019 1659; x_wconf 90' lang='lat' dir='ltr'>tis</span> <span class='ocrx_word' id='word_1_201' title='bbox 2048 1609 2105 1659; x_wconf 89' lang='lat' dir='ltr'>et</span> <span class='ocrx_word' id='word_1_202' title='bbox 2130 1606 2468 1660; x_wconf 87' lang='lat' dir='ltr'>humilitatis</span> <span class='ocrx_word' id='word_1_203' title='bbox 2492 1606 2697 1660; x_wconf 88' lang='lat' dir='ltr'>ardore</span> <span class='ocrx_word' id='word_1_204' title='bbox 2715 1623 3035 1671; x_wconf 89' lang='lat' dir='ltr'>succensus,</span> <span class='ocrx_word' id='word_1_205' title='bbox 3068 1605 3243 1660; x_wconf 91' lang='lat' dir='ltr'>voluit</span> <span class='ocrx_word' id='word_1_206' title='bbox 3269 1605 3553 1675; x_wconf 88' lang='lat' dir='ltr'>equitatu-</span> 
     </span>
    </p>
   </div>
   <div class='ocr_carea' id='block_1_33' title="bbox 225 1689 3553 1763">
    <p class='ocr_par' dir='ltr' id='par_1_33' title="bbox 225 1689 3553 1763">
     <span class='ocr_line' id='line_1_33' title="bbox 225 1689 3553 1763; baseline -0.001 -15"><span class='ocrx_word' id='word_1_207' title='bbox 225 1691 536 1748; x_wconf 89' lang='lat' dir='ltr'>Landuino</span> <span class='ocrx_word' id='word_1_208' title='bbox 559 1690 841 1762; x_wconf 83' lang='lat' dir='ltr'>hujusque</span> <span class='ocrx_word' id='word_1_209' title='bbox 860 1689 1047 1757; x_wconf 91' lang='lat' dir='ltr'>sociis,</span> <span class='ocrx_word' id='word_1_210' title='bbox 1065 1690 1161 1762; x_wconf 90' lang='lat' dir='ltr'>qui</span> <span class='ocrx_word' id='word_1_211' title='bbox 1179 1707 1331 1758; x_wconf 89' lang='lat' dir='ltr'>eam,</span> <span class='ocrx_word' id='word_1_212' title='bbox 1350 1692 1616 1746; x_wconf 88' lang='lat' dir='ltr'>Brunone</span> <span class='ocrx_word' id='word_1_213' title='bbox 1630 1692 1847 1745; x_wconf 86' lang='lat' dir='ltr'>abeun-</span> <span class='ocrx_word' id='word_1_214' title='bbox 1875 1691 1926 1750; x_wconf 92' lang='lat' dir='ltr'><strong>B</strong></span> <span class='ocrx_word' id='word_1_215' title='bbox 1947 1709 2039 1748; x_wconf 88' lang='lat' dir='ltr'>ras</span> <span class='ocrx_word' id='word_1_216' title='bbox 2068 1711 2197 1749; x_wconf 88' lang='lat' dir='ltr'>suas</span> <span class='ocrx_word' id='word_1_217' title='bbox 2219 1697 2452 1749; x_wconf 83' lang='lat' dir='ltr'>cunctas</span> <span class='ocrx_word' id='word_1_218' title='bbox 2472 1694 2743 1760; x_wconf 84' lang='lat' dir='ltr'>vendere,</span> <span class='ocrx_word' id='word_1_219' title='bbox 2777 1696 2835 1748; x_wconf 90' lang='lat' dir='ltr'>et</span> <span class='ocrx_word' id='word_1_220' title='bbox 2858 1694 3034 1749; x_wconf 88' lang='lat' dir='ltr'>diviso</span> <span class='ocrx_word' id='word_1_221' title='bbox 3062 1693 3410 1763; x_wconf 86' lang='lat' dir='ltr'>pauperibus</span> <span class='ocrx_word' id='word_1_222' title='bbox 3422 1707 3553 1763; x_wconf 89' lang='lat' dir='ltr'>pre-</span> 
     </span>
    </p>
   </div>
   <div class='ocr_carea' id='block_1_34' title="bbox 226 1779 1845 1850">
    <p class='ocr_par' dir='ltr' id='par_1_34' title="bbox 226 1779 1845 1850">
     <span class='ocr_line' id='line_1_34' title="bbox 226 1779 1845 1850; baseline -0.001 -15"><span class='ocrx_word' id='word_1_223' title='bbox 226 1784 284 1836; x_wconf 90' lang='lat' dir='ltr'>te</span> <span class='ocrx_word' id='word_1_224' title='bbox 358 1780 632 1846; x_wconf 80' lang='lat' dir='ltr'>Romam,</span> <span class='ocrx_word' id='word_1_225' title='bbox 689 1779 1083 1845; x_wconf 89' lang='lat' dir='ltr'>deseruerant,</span> <span class='ocrx_word' id='word_1_226' title='bbox 1133 1779 1436 1834; x_wconf 90' lang='lat' dir='ltr'>restituere</span> <span class='ocrx_word' id='word_1_227' title='bbox 1486 1781 1674 1850; x_wconf 87' lang='lat' dir='ltr'>jussus</span> <span class='ocrx_word' id='word_1_228' title='bbox 1718 1780 1845 1848; x_wconf 86' lang='lat' dir='ltr'>fuit,</span> 
     </span>
    </p>
   </div>
   <div class='ocr_carea' id='block_1_35' title="bbox 225 1868 1851 1940">
    <p class='ocr_par' dir='ltr' id='par_1_35' title="bbox 225 1868 1851 1940">
     <span class='ocr_line' id='line_1_35' title="bbox 225 1868 1851 1940; baseline 0 -16"><span class='ocrx_word' id='word_1_229' title='bbox 225 1868 472 1940; x_wconf 85' lang='lat' dir='ltr'>scriptas</span> <span class='ocrx_word' id='word_1_230' title='bbox 502 1868 696 1933; x_wconf 86' lang='lat' dir='ltr'>fuisse,</span> <span class='ocrx_word' id='word_1_231' title='bbox 731 1884 895 1922; x_wconf 90' lang='lat' dir='ltr'>num.</span> <span class='ocrx_word' id='word_1_232' title='bbox 925 1870 989 1921; x_wconf 87' lang='grc'><strong>19</strong></span> <span class='ocrx_word' id='word_1_233' title='bbox 1020 1868 1237 1935; x_wconf 91' lang='lat' dir='ltr'>retulit,</span> <span class='ocrx_word' id='word_1_234' title='bbox 1285 1885 1449 1922; x_wconf 91' lang='lat' dir='ltr'>num.</span> <span class='ocrx_word' id='word_1_235' title='bbox 1475 1869 1738 1940; x_wconf 83' lang='lat' dir='ltr'>proxime</span> <span class='ocrx_word' id='word_1_236' title='bbox 1768 1886 1851 1925; x_wconf 80' lang='lat' dir='ltr'>se-</span> 
     </span>
    </p>
   </div>
   <div class='ocr_carea' id='block_1_36' title="bbox 227 1954 1849 2031">
    <p class='ocr_par' dir='ltr' id='par_1_36' title="bbox 227 1954 1849 2031">
     <span class='ocr_line' id='line_1_36' title="bbox 227 1954 1849 2031; baseline -0.002 -17"><span class='ocrx_word' id='word_1_237' title='bbox 227 1956 433 2031; x_wconf 82' lang='lat' dir='ltr'>quenti</span> <span class='ocrx_word' id='word_1_238' title='bbox 463 1956 760 2027; x_wconf 88' lang='lat' dir='ltr'>subjungit</span> <span class='ocrx_word' id='word_1_239' title='bbox 790 1973 805 2011; x_wconf 89' lang='lat'><strong>:</strong></span> <span class='ocrx_word' id='word_1_240' title='bbox 840 1978 867 2005; x_wconf 87' lang='lat'><strong>«</strong></span> <span class='ocrx_word' id='word_1_241' title='bbox 900 1956 968 2010; x_wconf 87' lang='lat' dir='ltr'>Et</span> <span class='ocrx_word' id='word_1_242' title='bbox 996 1954 1119 2010; x_wconf 65' lang='lat' dir='ltr'>istae</span> <span class='ocrx_word' id='word_1_243' title='bbox 1148 1955 1416 2011; x_wconf 86' lang='lat' dir='ltr'>videntur</span> <span class='ocrx_word' id='word_1_244' title='bbox 1443 1956 1647 2028; x_wconf 70' lang='lat' dir='ltr'>prima:</span> <span class='ocrx_word' id='word_1_245' title='bbox 1691 1957 1849 2010; x_wconf 91' lang='lat' dir='ltr'>litte-</span> 
     </span>
    </p>
   </div>
   <div class='ocr_carea' id='block_1_37' title="bbox 228 2042 1847 2118">
    <p class='ocr_par' dir='ltr' id='par_1_37' title="bbox 228 2042 1847 2118">
     <span class='ocr_line' id='line_1_37' title="bbox 228 2042 1847 2118; baseline -0.002 -17"><span class='ocrx_word' id='word_1_246' title='bbox 228 2062 310 2100; x_wconf 66' lang='grc' dir='ltr'>τω</span> <span class='ocrx_word' id='word_1_247' title='bbox 340 2045 600 2118; x_wconf 85' lang='lat' dir='ltr'>papales,</span> <span class='ocrx_word' id='word_1_248' title='bbox 619 2060 748 2114; x_wconf 61' lang='lat' dir='ltr'>qua:</span> <span class='ocrx_word' id='word_1_249' title='bbox 769 2042 1144 2098; x_wconf 90' lang='lat' dir='ltr'>inveniuntur</span> <span class='ocrx_word' id='word_1_250' title='bbox 1169 2043 1239 2098; x_wconf 92' lang='lat' dir='ltr'>de</span> <span class='ocrx_word' id='word_1_251' title='bbox 1264 2043 1466 2098; x_wconf 91' lang='lat' dir='ltr'>ordine</span> <span class='ocrx_word' id='word_1_252' title='bbox 1484 2044 1847 2099; x_wconf 87' lang='lat' dir='ltr'>Carthusien-</span> 
     </span>
    </p>
   </div>
   <div class='ocr_carea' id='block_1_38' title="bbox 226 2132 1845 2202">
    <p class='ocr_par' dir='ltr' id='par_1_38' title="bbox 226 2132 1845 2202">
     <span class='ocr_line' id='line_1_38' title="bbox 226 2132 1845 2202; baseline -0.001 -14"><span class='ocrx_word' id='word_1_253' title='bbox 226 2133 271 2188; x_wconf 90' lang='lat' dir='ltr'>si</span> <span class='ocrx_word' id='word_1_254' title='bbox 307 2133 503 2189; x_wconf 86' lang='lat' dir='ltr'>facere</span> <span class='ocrx_word' id='word_1_255' title='bbox 531 2132 963 2188; x_wconf 88' lang='lat' dir='ltr'>mentionem.»</span> <span class='ocrx_word' id='word_1_256' title='bbox 994 2133 1121 2187; x_wconf 84' lang='lat' dir='ltr'>Jam</span> <span class='ocrx_word' id='word_1_257' title='bbox 1150 2149 1306 2199; x_wconf 90' lang='lat' dir='ltr'>vero,</span> <span class='ocrx_word' id='word_1_258' title='bbox 1334 2150 1466 2187; x_wconf 91' lang='lat' dir='ltr'>cum</span> <span class='ocrx_word' id='word_1_259' title='bbox 1495 2132 1845 2202; x_wconf 71' lang='lat' dir='ltr'>litteraeillze,</span> 
     </span>
    </p>
   </div>
   <div class='ocr_carea' id='block_1_39' title="bbox 228 2220 1849 2293">
    <p class='ocr_par' dir='ltr' id='par_1_39' title="bbox 228 2220 1849 2293">
     <span class='ocr_line' id='line_1_39' title="bbox 228 2220 1849 2293; baseline -0.001 -17"><span class='ocrx_word' id='word_1_260' title='bbox 228 2239 375 2293; x_wconf 87' lang='lat' dir='ltr'>quas</span> <span class='ocrx_word' id='word_1_261' title='bbox 406 2239 475 2276; x_wconf 83' lang='lat' dir='ltr'>ex</span> <span class='ocrx_word' id='word_1_262' title='bbox 508 2220 672 2276; x_wconf 85' lang='lat' dir='ltr'>dictis</span> <span class='ocrx_word' id='word_1_263' title='bbox 693 2221 954 2276; x_wconf 87' lang='lat' dir='ltr'>Urbanus</span> <span class='ocrx_word' id='word_1_264' title='bbox 979 2220 1221 2292; x_wconf 87' lang='lat' dir='ltr'>scripsit,</span> <span class='ocrx_word' id='word_1_265' title='bbox 1248 2221 1451 2292; x_wconf 67' lang='lat' dir='ltr'>prima:</span> <span class='ocrx_word' id='word_1_266' title='bbox 1478 2221 1744 2292; x_wconf 67' lang='lat' dir='ltr'>sint,quae</span> <span class='ocrx_word' id='word_1_267' title='bbox 1761 2238 1849 2275; x_wconf 92' lang='lat' dir='ltr'>or-</span> 
     </span>
    </p>
   </div>
   <div class='ocr_carea' id='block_1_40' title="bbox 226 2309 1845 2377">
    <p class='ocr_par' dir='ltr' id='par_1_40' title="bbox 226 2309 1845 2377">
     <span class='ocr_line' id='line_1_40' title="bbox 226 2309 1845 2377; baseline -0.001 -12"><span class='ocrx_word' id='word_1_268' title='bbox 226 2310 383 2365; x_wconf 86' lang='lat' dir='ltr'>dinis</span> <span class='ocrx_word' id='word_1_269' title='bbox 417 2309 833 2365; x_wconf 85' lang='lat' dir='ltr'>Carthusiensis</span> <span class='ocrx_word' id='word_1_270' title='bbox 856 2309 1219 2365; x_wconf 89' lang='lat' dir='ltr'>mentionem</span> <span class='ocrx_word' id='word_1_271' title='bbox 1240 2309 1428 2364; x_wconf 87' lang='lat' dir='ltr'>facere</span> <span class='ocrx_word' id='word_1_272' title='bbox 1460 2309 1845 2377; x_wconf 85' lang='lat' dir='ltr'>inveniantur,</span> 
     </span>
    </p>
   </div>
   <div class='ocr_carea' id='block_1_41' title="bbox 223 2397 1847 2468">
    <p class='ocr_par' dir='ltr' id='par_1_41' title="bbox 223 2397 1847 2468">
     <span class='ocr_line' id='line_1_41' title="bbox 223 2397 1847 2468; baseline 0.001 -15"><span class='ocrx_word' id='word_1_273' title='bbox 223 2398 438 2454; x_wconf 87' lang='lat' dir='ltr'>litteris</span> <span class='ocrx_word' id='word_1_274' title='bbox 465 2397 694 2468; x_wconf 88' lang='lat' dir='ltr'>scriptis</span> <span class='ocrx_word' id='word_1_275' title='bbox 717 2397 992 2453; x_wconf 84' lang='lat' dir='ltr'>aVictore</span> <span class='ocrx_word' id='word_1_276' title='bbox 1018 2400 1087 2451; x_wconf 90' lang='lat' dir='ltr'><strong>III</strong></span> <span class='ocrx_word' id='word_1_277' title='bbox 1108 2398 1419 2453; x_wconf 59' lang='lat' dir='ltr'>Carthusiaa</span> <span class='ocrx_word' id='word_1_278' title='bbox 1444 2398 1847 2454; x_wconf 83' lang='lat' dir='ltr'>fundationem</span> 
     </span>
    </p>
   </div>
   <div class='ocr_carea' id='block_1_42' title="bbox 224 2486 1849 2560">
    <p class='ocr_par' dir='ltr' id='par_1_42' title="bbox 224 2486 1849 2560">
     <span class='ocr_line' id='line_1_42' title="bbox 224 2486 1849 2560; baseline -0.001 -18"><span class='ocrx_word' id='word_1_279' title='bbox 224 2487 639 2542; x_wconf 88' lang='lat' dir='ltr'>confirmatam</span> <span class='ocrx_word' id='word_1_280' title='bbox 661 2503 763 2542; x_wconf 89' lang='lat' dir='ltr'>seu</span> <span class='ocrx_word' id='word_1_281' title='bbox 795 2487 1177 2560; x_wconf 86' lang='lat' dir='ltr'>approbatam</span> <span class='ocrx_word' id='word_1_282' title='bbox 1211 2502 1328 2541; x_wconf 90' lang='lat' dir='ltr'>non</span> <span class='ocrx_word' id='word_1_283' title='bbox 1345 2486 1539 2554; x_wconf 88' lang='lat' dir='ltr'>fuisse,</span> <span class='ocrx_word' id='word_1_284' title='bbox 1566 2486 1849 2559; x_wconf 91' lang='lat' dir='ltr'>proindu-</span> 
     </span>
    </p>
   </div>
   <div class='ocr_carea' id='block_1_43' title="bbox 223 2574 1848 2646">
    <p class='ocr_par' dir='ltr' id='par_1_43' title="bbox 223 2574 1848 2646">
     <span class='ocr_line' id='line_1_43' title="bbox 223 2574 1848 2646; baseline -0.001 -15"><span class='ocrx_word' id='word_1_285' title='bbox 223 2574 438 2641; x_wconf 85' lang='lat' dir='ltr'>bitato,</span> <span class='ocrx_word' id='word_1_286' title='bbox 491 2575 799 2629; x_wconf 83' lang='lat' dir='ltr'>accedente</span> <span class='ocrx_word' id='word_1_287' title='bbox 858 2578 1143 2646; x_wconf 64' lang='lat' dir='ltr'>prtrterea</span> <span class='ocrx_word' id='word_1_288' title='bbox 1194 2574 1499 2630; x_wconf 87' lang='lat' dir='ltr'>universali</span> <span class='ocrx_word' id='word_1_289' title='bbox 1548 2576 1618 2629; x_wconf 91' lang='lat' dir='ltr'>de</span> <span class='ocrx_word' id='word_1_290' title='bbox 1649 2592 1711 2629; x_wconf 92' lang='lat' dir='ltr'>re</span> <span class='ocrx_word' id='word_1_291' title='bbox 1741 2576 1848 2629; x_wconf 91' lang='lat' dir='ltr'>hac</span> 
     </span>
    </p>
   </div>
   <div class='ocr_carea' id='block_1_44' title="bbox 227 2661 1849 2734">
    <p class='ocr_par' dir='ltr' id='par_1_44' title="bbox 227 2661 1849 2734">
     <span class='ocr_line' id='line_1_44' title="bbox 227 2661 1849 2734; baseline -0.001 -17"><span class='ocrx_word' id='word_1_292' title='bbox 227 2661 585 2734; x_wconf 82' lang='lat' dir='ltr'>scriptorum</span> <span class='ocrx_word' id='word_1_293' title='bbox 630 2661 895 2717; x_wconf 87' lang='lat' dir='ltr'>omnium</span> <span class='ocrx_word' id='word_1_294' title='bbox 924 2662 1301 2734; x_wconf 86' lang='lat' dir='ltr'>antiquorum</span> <span class='ocrx_word' id='word_1_295' title='bbox 1339 2662 1589 2730; x_wconf 89' lang='lat' dir='ltr'>silentio,</span> <span class='ocrx_word' id='word_1_296' title='bbox 1637 2665 1723 2717; x_wconf 90' lang='lat' dir='ltr'>est</span> <span class='ocrx_word' id='word_1_297' title='bbox 1752 2662 1849 2717; x_wconf 88' lang='lat' dir='ltr'>ha-</span> 
     </span>
    </p>
   </div>
   <div class='ocr_carea' id='block_1_45' title="bbox 221 2749 1850 2821">
    <p class='ocr_par' dir='ltr' id='par_1_45' title="bbox 221 2749 1850 2821">
     <span class='ocr_line' id='line_1_45' title="bbox 221 2749 1850 2821; baseline -0.001 -15"><span class='ocrx_word' id='word_1_298' title='bbox 221 2750 523 2813; x_wconf 85' lang='lat' dir='ltr'>bendum;</span> <span class='ocrx_word' id='word_1_299' title='bbox 558 2752 621 2803; x_wconf 92' lang='lat' dir='ltr'>ut</span> <span class='ocrx_word' id='word_1_300' title='bbox 650 2750 895 2821; x_wconf 90' lang='lat' dir='ltr'>proinde</span> <span class='ocrx_word' id='word_1_301' title='bbox 944 2750 1247 2805; x_wconf 85' lang='lat' dir='ltr'>Zacharias</span> <span class='ocrx_word' id='word_1_302' title='bbox 1300 2750 1639 2805; x_wconf 84' lang='lat' dir='ltr'>Benedictus</span> <span class='ocrx_word' id='word_1_303' title='bbox 1666 2749 1725 2803; x_wconf 92' lang='lat' dir='ltr'>id</span> <span class='ocrx_word' id='word_1_304' title='bbox 1770 2750 1850 2804; x_wconf 83' lang='lat' dir='ltr'>fa-</span> 
     </span>
    </p>
   </div>
   <div class='ocr_carea' id='block_1_46' title="bbox 223 2838 1850 2911">
    <p class='ocr_par' dir='ltr' id='par_1_46' title="bbox 223 2838 1850 2911">
     <span class='ocr_line' id='line_1_46' title="bbox 223 2838 1850 2911; baseline -0.001 -17"><span class='ocrx_word' id='word_1_305' title='bbox 223 2842 413 2906; x_wconf 89' lang='lat' dir='ltr'>ctum,</span> <span class='ocrx_word' id='word_1_306' title='bbox 448 2855 758 2911; x_wconf 88' lang='lat' dir='ltr'>perperam</span> <span class='ocrx_word' id='word_1_307' title='bbox 782 2839 1018 2894; x_wconf 89' lang='lat' dir='ltr'>notarit.</span> <span class='ocrx_word' id='word_1_308' title='bbox 1044 2840 1157 2894; x_wconf 87' lang='lat' dir='ltr'>Nec</span> <span class='ocrx_word' id='word_1_309' title='bbox 1178 2856 1244 2895; x_wconf 86' lang='lat' dir='ltr'>ex</span> <span class='ocrx_word' id='word_1_310' title='bbox 1265 2839 1375 2894; x_wconf 94' lang='lat' dir='ltr'>hoc</span> <span class='ocrx_word' id='word_1_311' title='bbox 1403 2842 1627 2894; x_wconf 87' lang='lat' dir='ltr'>tantum</span> <span class='ocrx_word' id='word_1_312' title='bbox 1654 2838 1850 2894; x_wconf 89' lang='lat' dir='ltr'>metri-</span> 
     </span>
    </p>
   </div>
   <div class='ocr_carea' id='block_1_47' title="bbox 224 2927 1842 3000">
    <p class='ocr_par' dir='ltr' id='par_1_47' title="bbox 224 2927 1842 3000">
     <span class='ocr_line' id='line_1_47' title="bbox 224 2927 1842 3000; baseline -0.002 -17"><span class='ocrx_word' id='word_1_313' title='bbox 224 2946 329 2983; x_wconf 86' lang='lat' dir='ltr'>cus</span> <span class='ocrx_word' id='word_1_314' title='bbox 350 2928 449 2982; x_wconf 90' lang='lat' dir='ltr'>hic</span> <span class='ocrx_word' id='word_1_315' title='bbox 473 2928 653 2983; x_wconf 90' lang='lat' dir='ltr'>sancti</span> <span class='ocrx_word' id='word_1_316' title='bbox 676 2928 1031 3000; x_wconf 83' lang='lat' dir='ltr'>biographus</span> <span class='ocrx_word' id='word_1_317' title='bbox 1052 2928 1263 2983; x_wconf 89' lang='lat' dir='ltr'>erroris</span> <span class='ocrx_word' id='word_1_318' title='bbox 1291 2927 1619 2999; x_wconf 75' lang='lat' dir='ltr'>arguendus</span> <span class='ocrx_word' id='word_1_319' title='bbox 1639 2927 1799 2982; x_wconf 87' lang='lat' dir='ltr'>venit</span> <span class='ocrx_word' id='word_1_320' title='bbox 1830 2944 1842 2997; x_wconf 88' lang='lat'><strong>;</strong></span> 
     </span>
    </p>
   </div>
   <div class='ocr_carea' id='block_1_48' title="bbox 221 3016 1846 3088">
    <p class='ocr_par' dir='ltr' id='par_1_48' title="bbox 221 3016 1846 3088">
     <span class='ocr_line' id='line_1_48' title="bbox 221 3016 1846 3088; baseline 0 -17"><span class='ocrx_word' id='word_1_321' title='bbox 221 3033 433 3071; x_wconf 86' lang='lat' dir='ltr'>verum</span> <span class='ocrx_word' id='word_1_322' title='bbox 463 3016 637 3071; x_wconf 89' lang='lat' dir='ltr'>etiam</span> <span class='ocrx_word' id='word_1_323' title='bbox 670 3033 738 3070; x_wconf 86' lang='lat' dir='ltr'>ex</span> <span class='ocrx_word' id='word_1_324' title='bbox 770 3032 861 3084; x_wconf 89' lang='lat' dir='ltr'>eo,</span> <span class='ocrx_word' id='word_1_325' title='bbox 898 3016 1054 3088; x_wconf 89' lang='lat' dir='ltr'>quod</span> <span class='ocrx_word' id='word_1_326' title='bbox 1101 3016 1158 3071; x_wconf 90' lang='lat' dir='ltr'>S.</span> <span class='ocrx_word' id='word_1_327' title='bbox 1192 3017 1517 3088; x_wconf 84' lang='lat' dir='ltr'>Hugonem,</span> <span class='ocrx_word' id='word_1_328' title='bbox 1548 3016 1846 3071; x_wconf 89' lang='lat' dir='ltr'>Gratiano-</span> 
     </span>
    </p>
   </div>
   <div class='ocr_carea' id='block_1_49' title="bbox 222 3104 1848 3177">
    <p class='ocr_par' dir='ltr' id='par_1_49' title="bbox 222 3104 1848 3177">
     <span class='ocr_line' id='line_1_49' title="bbox 222 3104 1848 3177; baseline -0.001 -17"><span class='ocrx_word' id='word_1_329' title='bbox 222 3106 557 3176; x_wconf 87' lang='lat' dir='ltr'>politanum</span> <span class='ocrx_word' id='word_1_330' title='bbox 601 3105 959 3177; x_wconf 90' lang='lat' dir='ltr'>episcopum,</span> <span class='ocrx_word' id='word_1_331' title='bbox 1020 3104 1485 3161; x_wconf 86' lang='lat' dir='ltr'>Carthusiensem</span> <span class='ocrx_word' id='word_1_332' title='bbox 1516 3105 1783 3159; x_wconf 91' lang='lat' dir='ltr'>habitum</span> <span class='ocrx_word' id='word_1_333' title='bbox 1814 3122 1848 3159; x_wconf 92' lang='lat' dir='ltr'>a</span> 
     </span>
    </p>
   </div>
   <div class='ocr_carea' id='block_1_50' title="bbox 224 3192 1846 3265">
    <p class='ocr_par' dir='ltr' id='par_1_50' title="bbox 224 3192 1846 3265">
     <span class='ocr_line' id='line_1_50' title="bbox 224 3192 1846 3265; baseline 0 -17"><span class='ocrx_word' id='word_1_334' title='bbox 224 3192 283 3248; x_wconf 93' lang='lat' dir='ltr'>S.</span> <span class='ocrx_word' id='word_1_335' title='bbox 316 3195 592 3249; x_wconf 88' lang='lat' dir='ltr'>Brunone</span> <span class='ocrx_word' id='word_1_336' title='bbox 618 3193 949 3265; x_wconf 89' lang='lat' dir='ltr'>suscepisse,</span> <span class='ocrx_word' id='word_1_337' title='bbox 984 3193 1490 3265; x_wconf 88' lang='lat' dir='ltr'>Carthusianisque</span> <span class='ocrx_word' id='word_1_338' title='bbox 1516 3194 1658 3247; x_wconf 88' lang='lat' dir='ltr'>adeo</span> <span class='ocrx_word' id='word_1_339' title='bbox 1674 3194 1846 3248; x_wconf 87' lang='lat' dir='ltr'>fuisse</span> 
     </span>
    </p>
   </div>
   <div class='ocr_carea' id='block_1_51' title="bbox 224 3281 1849 3353">
    <p class='ocr_par' dir='ltr' id='par_1_51' title="bbox 224 3281 1849 3353">
     <span class='ocr_line' id='line_1_51' title="bbox 224 3281 1849 3353; baseline -0.001 -16"><span class='ocrx_word' id='word_1_340' title='bbox 224 3282 412 3337; x_wconf 88' lang='lat' dir='ltr'>etiam</span> <span class='ocrx_word' id='word_1_341' title='bbox 442 3281 777 3353; x_wconf 86' lang='lat' dir='ltr'>ascriptum,</span> <span class='ocrx_word' id='word_1_342' title='bbox 803 3282 1103 3336; x_wconf 67' lang='lat' dir='ltr'>memoriae</span> <span class='ocrx_word' id='word_1_343' title='bbox 1131 3281 1374 3353; x_wconf 89' lang='lat' dir='ltr'>prodat;</span> <span class='ocrx_word' id='word_1_344' title='bbox 1410 3282 1626 3336; x_wconf 89' lang='lat' dir='ltr'>etenim</span> <span class='ocrx_word' id='word_1_345' title='bbox 1643 3281 1727 3335; x_wconf 91' lang='lat' dir='ltr'>rei</span> <span class='ocrx_word' id='word_1_346' title='bbox 1747 3282 1849 3336; x_wconf 89' lang='lat' dir='ltr'>hu-</span> 
     </span>
    </p>
   </div>
   <div class='ocr_carea' id='block_1_52' title="bbox 215 3370 1848 3443">
    <p class='ocr_par' dir='ltr' id='par_1_52' title="bbox 215 3370 1848 3443">
     <span class='ocr_line' id='line_1_52' title="bbox 215 3370 1848 3443; baseline -0.001 -18"><span class='ocrx_word' id='word_1_347' title='bbox 215 3372 314 3443; x_wconf 89' lang='lat' dir='ltr'>jus</span> <span class='ocrx_word' id='word_1_348' title='bbox 333 3370 607 3441; x_wconf 88' lang='lat' dir='ltr'>nuspiam</span> <span class='ocrx_word' id='word_1_349' title='bbox 660 3370 930 3424; x_wconf 90' lang='lat' dir='ltr'>meminit</span> <span class='ocrx_word' id='word_1_350' title='bbox 960 3370 1162 3441; x_wconf 85' lang='lat' dir='ltr'>Guigo,</span> <span class='ocrx_word' id='word_1_351' title='bbox 1214 3370 1467 3441; x_wconf 82' lang='lat' dir='ltr'>Hugonis</span> <span class='ocrx_word' id='word_1_352' title='bbox 1497 3370 1848 3426; x_wconf 88' lang='lat' dir='ltr'>accuratissi-</span> 
     </span>
    </p>
   </div>
   <div class='ocr_carea' id='block_1_53' title="bbox 222 3457 1847 3530">
    <p class='ocr_par' dir='ltr' id='par_1_53' title="bbox 222 3457 1847 3530">
     <span class='ocr_line' id='line_1_53' title="bbox 222 3457 1847 3530; baseline -0.002 -15"><span class='ocrx_word' id='word_1_353' title='bbox 222 3476 357 3515; x_wconf 89' lang='lat' dir='ltr'>mus</span> <span class='ocrx_word' id='word_1_354' title='bbox 411 3459 640 3530; x_wconf 84' lang='lat' dir='ltr'>ﬁdeque</span> <span class='ocrx_word' id='word_1_355' title='bbox 699 3457 1068 3530; x_wconf 86' lang='lat' dir='ltr'>dignissimus</span> <span class='ocrx_word' id='word_1_356' title='bbox 1116 3458 1489 3529; x_wconf 87' lang='lat' dir='ltr'>biographus,</span> <span class='ocrx_word' id='word_1_357' title='bbox 1524 3458 1621 3530; x_wconf 91' lang='lat' dir='ltr'>qui</span> <span class='ocrx_word' id='word_1_358' title='bbox 1648 3461 1847 3513; x_wconf 91' lang='lat' dir='ltr'>tamen</span> 
     </span>
    </p>
   </div>
   <div class='ocr_carea' id='block_1_54' title="bbox 222 3545 1846 3617">
    <p class='ocr_par' dir='ltr' id='par_1_54' title="bbox 222 3545 1846 3617">
     <span class='ocr_line' id='line_1_54' title="bbox 222 3545 1846 3617; baseline -0.002 -15"><span class='ocrx_word' id='word_1_359' title='bbox 222 3563 382 3613; x_wconf 87' lang='lat' dir='ltr'>eam,</span> <span class='ocrx_word' id='word_1_360' title='bbox 409 3546 458 3601; x_wconf 88' lang='lat' dir='ltr'>si</span> <span class='ocrx_word' id='word_1_361' title='bbox 478 3546 696 3614; x_wconf 86' lang='lat' dir='ltr'>fuisset,</span> <span class='ocrx_word' id='word_1_362' title='bbox 721 3545 881 3601; x_wconf 90' lang='lat' dir='ltr'>omni</span> <span class='ocrx_word' id='word_1_363' title='bbox 908 3545 1083 3600; x_wconf 89' lang='lat' dir='ltr'>dubio</span> <span class='ocrx_word' id='word_1_364' title='bbox 1106 3548 1304 3617; x_wconf 89' lang='lat' dir='ltr'>procul</span> <span class='ocrx_word' id='word_1_365' title='bbox 1327 3546 1587 3613; x_wconf 89' lang='lat' dir='ltr'>sciturus,</span> <span class='ocrx_word' id='word_1_366' title='bbox 1616 3545 1846 3602; x_wconf 84' lang='lat' dir='ltr'>scitam-</span> 
     </span>
    </p>
   </div>
   <div class='ocr_carea' id='block_1_55' title="bbox 223 3633 1367 3706">
    <p class='ocr_par' dir='ltr' id='par_1_55' title="bbox 223 3633 1367 3706">
     <span class='ocr_line' id='line_1_55' title="bbox 223 3633 1367 3706; baseline -0.001 -16"><span class='ocrx_word' id='word_1_367' title='bbox 223 3651 338 3706; x_wconf 86' lang='lat' dir='ltr'>que</span> <span class='ocrx_word' id='word_1_368' title='bbox 371 3633 579 3689; x_wconf 89' lang='lat' dir='ltr'>litteris</span> <span class='ocrx_word' id='word_1_369' title='bbox 603 3633 1118 3688; x_wconf 89' lang='lat' dir='ltr'>commendaturus</span> <span class='ocrx_word' id='word_1_370' title='bbox 1149 3633 1367 3689; x_wconf 86' lang='lat' dir='ltr'>fuisset.</span> 
     </span>
    </p>
   </div>
   <div class='ocr_carea' id='block_1_56' title="bbox 298 3720 1851 3793">
    <p class='ocr_par' dir='ltr' id='par_1_56' title="bbox 298 3720 1851 3793">
     <span class='ocr_line' id='line_1_56' title="bbox 298 3720 1851 3793; baseline -0.001 -16"><span class='ocrx_word' id='word_1_371' title='bbox 298 3725 431 3778; x_wconf 78' lang='grc'>502.</span> <span class='ocrx_word' id='word_1_372' title='bbox 476 3724 577 3776; x_wconf 81' lang='lat' dir='ltr'>Ast</span> <span class='ocrx_word' id='word_1_373' title='bbox 616 3721 709 3775; x_wconf 91' lang='lat' dir='ltr'>hic</span> <span class='ocrx_word' id='word_1_374' title='bbox 764 3738 947 3788; x_wconf 90' lang='lat' dir='ltr'>error,</span> <span class='ocrx_word' id='word_1_375' title='bbox 1003 3739 1037 3776; x_wconf 89' lang='lat' dir='ltr'>a</span> <span class='ocrx_word' id='word_1_376' title='bbox 1064 3722 1361 3777; x_wconf 88' lang='lat' dir='ltr'>subdititio</span> <span class='ocrx_word' id='word_1_377' title='bbox 1394 3721 1695 3793; x_wconf 88' lang='lat' dir='ltr'>Sigeberto</span> <span class='ocrx_word' id='word_1_378' title='bbox 1735 3720 1851 3793; x_wconf 91' lang='lat' dir='ltr'>(adi</span> 
     </span>
    </p>
   </div>
   <div class='ocr_carea' id='block_1_57' title="bbox 224 3810 1846 3882">
    <p class='ocr_par' dir='ltr' id='par_1_57' title="bbox 224 3810 1846 3882">
     <span class='ocr_line' id='line_1_57' title="bbox 224 3810 1846 3882; baseline -0.002 -16"><span class='ocrx_word' id='word_1_379' title='bbox 224 3828 395 3866; x_wconf 86' lang='lat' dir='ltr'>num.</span> <span class='ocrx_word' id='word_1_380' title='bbox 432 3810 555 3882; x_wconf 80' lang='lat'><strong>297)</strong></span> <span class='ocrx_word' id='word_1_381' title='bbox 584 3810 841 3881; x_wconf 88' lang='lat' dir='ltr'>primum</span> <span class='ocrx_word' id='word_1_382' title='bbox 864 3810 1172 3882; x_wconf 88' lang='lat' dir='ltr'>profectus,</span> <span class='ocrx_word' id='word_1_383' title='bbox 1227 3813 1517 3881; x_wconf 85' lang='lat' dir='ltr'>utcunque</span> <span class='ocrx_word' id='word_1_384' title='bbox 1575 3826 1846 3865; x_wconf 86' lang='lat' dir='ltr'>excusan-</span> 
     </span>
    </p>
   </div>
   <div class='ocr_carea' id='block_1_58' title="bbox 225 3899 1847 3971">
    <p class='ocr_par' dir='ltr' id='par_1_58' title="bbox 225 3899 1847 3971">
     <span class='ocr_line' id='line_1_58' title="bbox 225 3899 1847 3971; baseline -0.002 -15"><span class='ocrx_word' id='word_1_385' title='bbox 225 3901 333 3956; x_wconf 87' lang='lat' dir='ltr'>dus</span> <span class='ocrx_word' id='word_1_386' title='bbox 350 3899 603 3954; x_wconf 86' lang='lat' dir='ltr'>videtur:</span> <span class='ocrx_word' id='word_1_387' title='bbox 628 3899 736 3955; x_wconf 89' lang='lat' dir='ltr'>etsi</span> <span class='ocrx_word' id='word_1_388' title='bbox 750 3899 908 3954; x_wconf 90' lang='lat' dir='ltr'>enim</span> <span class='ocrx_word' id='word_1_389' title='bbox 926 3900 1083 3971; x_wconf 84' lang='lat' dir='ltr'>Hugo</span> <span class='ocrx_word' id='word_1_390' title='bbox 1106 3900 1370 3954; x_wconf 89' lang='lat' dir='ltr'>habitum</span> <span class='ocrx_word' id='word_1_391' title='bbox 1386 3900 1847 3957; x_wconf 86' lang='lat' dir='ltr'>Carthusiensem</span> 
     </span>
    </p>
   </div>
   <div class='ocr_carea' id='block_1_59' title="bbox 228 3987 1845 4060">
    <p class='ocr_par' dir='ltr' id='par_1_59' title="bbox 228 3987 1845 4060">
     <span class='ocr_line' id='line_1_59' title="bbox 228 3987 1845 4060; baseline -0.001 -16"><span class='ocrx_word' id='word_1_392' title='bbox 228 4004 546 4060; x_wconf 87' lang='lat' dir='ltr'>nunquam</span> <span class='ocrx_word' id='word_1_393' title='bbox 577 3988 853 4055; x_wconf 87' lang='lat' dir='ltr'>induerit,</span> <span class='ocrx_word' id='word_1_394' title='bbox 887 3987 1297 4043; x_wconf 89' lang='lat' dir='ltr'>Carthusianus</span> <span class='ocrx_word' id='word_1_395' title='bbox 1332 3992 1534 4043; x_wconf 89' lang='lat' dir='ltr'>tamen</span> <span class='ocrx_word' id='word_1_396' title='bbox 1563 3988 1845 4060; x_wconf 85' lang='lat' dir='ltr'>quodam-</span> 
     </span>
    </p>
   </div>
   <div class='ocr_carea' id='block_1_60' title="bbox 225 4077 1850 4150">
    <p class='ocr_par' dir='ltr' id='par_1_60' title="bbox 225 4077 1850 4150">
     <span class='ocr_line' id='line_1_60' title="bbox 225 4077 1850 4150; baseline -0.003 -13"><span class='ocrx_word' id='word_1_397' title='bbox 225 4078 410 4137; x_wconf 87' lang='lat' dir='ltr'>modo</span> <span class='ocrx_word' id='word_1_398' title='bbox 436 4077 712 4133; x_wconf 76' lang='lat' dir='ltr'>aestimari</span> <span class='ocrx_word' id='word_1_399' title='bbox 740 4078 947 4148; x_wconf 90' lang='lat' dir='ltr'>potuit,</span> <span class='ocrx_word' id='word_1_400' title='bbox 969 4081 1094 4132; x_wconf 87' lang='lat' dir='ltr'>tum</span> <span class='ocrx_word' id='word_1_401' title='bbox 1122 4080 1195 4134; x_wconf 91' lang='lat' dir='ltr'>ob</span> <span class='ocrx_word' id='word_1_402' title='bbox 1229 4078 1598 4145; x_wconf 89' lang='lat' dir='ltr'>desiderium,</span> <span class='ocrx_word' id='word_1_403' title='bbox 1620 4095 1754 4150; x_wconf 90' lang='lat' dir='ltr'>quo,</span> <span class='ocrx_word' id='word_1_404' title='bbox 1787 4080 1850 4133; x_wconf 87' lang='lat' dir='ltr'>ut</span> 
     </span>
    </p>
   </div>
   <div class='ocr_carea' id='block_1_61' title="bbox 229 4165 1849 4239">
    <p class='ocr_par' dir='ltr' id='par_1_61' title="bbox 229 4165 1849 4239">
     <span class='ocr_line' id='line_1_61' title="bbox 229 4165 1849 4239; baseline 0 -17"><span class='ocrx_word' id='word_1_405' title='bbox 229 4166 704 4233; x_wconf 83' lang='lat' dir='ltr'>Carthusianum,</span> <span class='ocrx_word' id='word_1_406' title='bbox 738 4167 1002 4221; x_wconf 89' lang='lat' dir='ltr'>abdicato</span> <span class='ocrx_word' id='word_1_407' title='bbox 1037 4165 1388 4239; x_wconf 89' lang='lat' dir='ltr'>episc0patu,</span> <span class='ocrx_word' id='word_1_408' title='bbox 1430 4167 1688 4239; x_wconf 89' lang='lat' dir='ltr'>profiteri</span> <span class='ocrx_word' id='word_1_409' title='bbox 1718 4183 1849 4238; x_wconf 86' lang='lat' dir='ltr'>pos-</span> 
     </span>
    </p>
   </div>
   <div class='ocr_carea' id='block_1_62' title="bbox 1831 2968 1921 3035">
    <p class='ocr_par' dir='ltr' id='par_1_62' title="bbox 1831 2968 1921 3035">
     <span class='ocr_line' id='line_1_62' title="bbox 1831 2968 1921 3035; baseline 0 0"><span class='ocrx_word' id='word_1_410' title='bbox 1831 2968 1921 3035; x_wconf 88' lang='lat' dir='ltr'>’C</span> 
     </span>
    </p>
   </div>
   <div class='ocr_carea' id='block_1_63' title="bbox 1948 1781 3551 1854">
    <p class='ocr_par' dir='ltr' id='par_1_63' title="bbox 1948 1781 3551 1854">
     <span class='ocr_line' id='line_1_63' title="bbox 1948 1781 3551 1854; baseline -0.001 -20"><span class='ocrx_word' id='word_1_411' title='bbox 1948 1781 2049 1847; x_wconf 90' lang='lat' dir='ltr'>tio,</span> <span class='ocrx_word' id='word_1_412' title='bbox 2090 1782 2336 1853; x_wconf 87' lang='lat' dir='ltr'>propriis</span> <span class='ocrx_word' id='word_1_413' title='bbox 2365 1783 2604 1854; x_wconf 89' lang='lat' dir='ltr'>pedibus</span> <span class='ocrx_word' id='word_1_414' title='bbox 2658 1782 2717 1836; x_wconf 91' lang='lat' dir='ltr'>in</span> <span class='ocrx_word' id='word_1_415' title='bbox 2750 1782 3157 1854; x_wconf 82' lang='lat' dir='ltr'>praedicatione</span> <span class='ocrx_word' id='word_1_416' title='bbox 3213 1781 3551 1835; x_wconf 86' lang='lat' dir='ltr'>discurrere.</span> 
     </span>
    </p>
   </div>
   <div class='ocr_carea' id='block_1_64' title="bbox 1949 1868 3556 1942">
    <p class='ocr_par' dir='ltr' id='par_1_64' title="bbox 1949 1868 3556 1942">
     <span class='ocr_line' id='line_1_64' title="bbox 1949 1868 3556 1942; baseline -0.001 -19"><span class='ocrx_word' id='word_1_417' title='bbox 1949 1868 2060 1924; x_wconf 89' lang='lat' dir='ltr'>Sed</span> <span class='ocrx_word' id='word_1_418' title='bbox 2112 1870 2290 1924; x_wconf 91' lang='lat' dir='ltr'>homo</span> <span class='ocrx_word' id='word_1_419' title='bbox 2324 1871 2595 1942; x_wconf 90' lang='lat' dir='ltr'>profundi</span> <span class='ocrx_word' id='word_1_420' title='bbox 2644 1871 2852 1938; x_wconf 90' lang='lat' dir='ltr'>cordis,</span> <span class='ocrx_word' id='word_1_421' title='bbox 2886 1870 3161 1942; x_wconf 85' lang='lat' dir='ltr'>magister</span> <span class='ocrx_word' id='word_1_422' title='bbox 3190 1870 3378 1923; x_wconf 90' lang='lat' dir='ltr'>Bruno</span> <span class='ocrx_word' id='word_1_423' title='bbox 3408 1868 3556 1921; x_wconf 89' lang='lat' dir='ltr'>scili-</span> 
     </span>
    </p>
   </div>
   <div class='ocr_carea' id='block_1_65' title="bbox 1948 1955 3557 2028">
    <p class='ocr_par' dir='ltr' id='par_1_65' title="bbox 1948 1955 3557 2028">
     <span class='ocr_line' id='line_1_65' title="bbox 1948 1955 3557 2028; baseline 0.001 -18"><span class='ocrx_word' id='word_1_424' title='bbox 1948 1959 2057 2023; x_wconf 91' lang='lat' dir='ltr'>cet,</span> <span class='ocrx_word' id='word_1_425' title='bbox 2091 1957 2250 2027; x_wconf 87' lang='lat' dir='ltr'>cujus</span> <span class='ocrx_word' id='word_1_426' title='bbox 2290 1958 2539 2011; x_wconf 90' lang='lat' dir='ltr'>consiliis</span> <span class='ocrx_word' id='word_1_427' title='bbox 2595 1974 2714 2012; x_wconf 92' lang='lat' dir='ltr'>non</span> <span class='ocrx_word' id='word_1_428' title='bbox 2768 1957 2954 2025; x_wconf 89' lang='lat' dir='ltr'>aliter,</span> <span class='ocrx_word' id='word_1_429' title='bbox 3025 1973 3201 2028; x_wconf 90' lang='lat' dir='ltr'>quam</span> <span class='ocrx_word' id='word_1_430' title='bbox 3256 1955 3557 2027; x_wconf 61' lang='lat' dir='ltr'>praeceptis</span> 
     </span>
    </p>
   </div>
   <div class='ocr_carea' id='block_1_66' title="bbox 1949 2043 3557 2115">
    <p class='ocr_par' dir='ltr' id='par_1_66' title="bbox 1949 2043 3557 2115">
     <span class='ocr_line' id='line_1_66' title="bbox 1949 2043 3557 2115; baseline -0.002 -16"><span class='ocrx_word' id='word_1_431' title='bbox 1949 2044 2391 2115; x_wconf 83' lang='lat' dir='ltr'>obtemperabat.</span> <span class='ocrx_word' id='word_1_432' title='bbox 2420 2045 2660 2112; x_wconf 87' lang='lat' dir='ltr'>abbatis,</span> <span class='ocrx_word' id='word_1_433' title='bbox 2718 2061 2833 2099; x_wconf 91' lang='lat' dir='ltr'>non</span> <span class='ocrx_word' id='word_1_434' title='bbox 2884 2043 3169 2099; x_wconf 89' lang='lat' dir='ltr'>consensit</span> <span class='ocrx_word' id='word_1_435' title='bbox 3218 2043 3451 2109; x_wconf 89' lang='lat' dir='ltr'>timens,</span> <span class='ocrx_word' id='word_1_436' title='bbox 3483 2059 3557 2097; x_wconf 88' lang='lat' dir='ltr'>ne</span> 
     </span>
    </p>
   </div>
   <div class='ocr_carea' id='block_1_67' title="bbox 1950 2130 3558 2201">
    <p class='ocr_par' dir='ltr' id='par_1_67' title="bbox 1950 2130 3558 2201">
     <span class='ocr_line' id='line_1_67' title="bbox 1950 2130 3558 2201; baseline -0.001 -16"><span class='ocrx_word' id='word_1_437' title='bbox 1950 2132 2102 2201; x_wconf 89' lang='lat' dir='ltr'>apud</span> <span class='ocrx_word' id='word_1_438' title='bbox 2129 2149 2188 2187; x_wconf 89' lang='lat' dir='ltr'>se</span> <span class='ocrx_word' id='word_1_439' title='bbox 2216 2133 2411 2187; x_wconf 86' lang='lat' dir='ltr'>forsan</span> <span class='ocrx_word' id='word_1_440' title='bbox 2429 2134 2816 2200; x_wconf 86' lang='lat' dir='ltr'>extolleretur,</span> <span class='ocrx_word' id='word_1_441' title='bbox 2833 2135 2932 2186; x_wconf 88' lang='lat' dir='ltr'>aut</span> <span class='ocrx_word' id='word_1_442' title='bbox 2962 2148 2996 2186; x_wconf 89' lang='lat' dir='ltr'>a</span> <span class='ocrx_word' id='word_1_443' title='bbox 3024 2130 3245 2185; x_wconf 81' lang='lat' dir='ltr'>caeteris</span> <span class='ocrx_word' id='word_1_444' title='bbox 3267 2131 3339 2185; x_wconf 88' lang='lat' dir='ltr'>de</span> <span class='ocrx_word' id='word_1_445' title='bbox 3368 2130 3558 2201; x_wconf 84' lang='lat' dir='ltr'>singu-</span> 
     </span>
    </p>
   </div>
   <div class='ocr_carea' id='block_1_68' title="bbox 1946 2218 3560 2291">
    <p class='ocr_par' dir='ltr' id='par_1_68' title="bbox 1946 2218 3560 2291">
     <span class='ocr_line' id='line_1_68' title="bbox 1946 2218 3560 2291; baseline -0.002 -17"><span class='ocrx_word' id='word_1_446' title='bbox 1946 2220 2174 2274; x_wconf 89' lang='lat' dir='ltr'>laritate</span> <span class='ocrx_word' id='word_1_447' title='bbox 2220 2221 2581 2291; x_wconf 85' lang='lat' dir='ltr'>judicaretur</span> <span class='ocrx_word' id='word_1_448' title='bbox 2638 2220 2917 2291; x_wconf 89' lang='lat' dir='ltr'>episcopis</span> <span class='ocrx_word' id='word_1_449' title='bbox 2944 2236 2957 2287; x_wconf 89' lang='lat'><strong>;</strong></span> <span class='ocrx_word' id='word_1_450' title='bbox 2993 2223 3091 2274; x_wconf 88' lang='lat' dir='ltr'>aut</span> <span class='ocrx_word' id='word_1_451' title='bbox 3119 2219 3295 2290; x_wconf 92' lang='lat' dir='ltr'>(quod</span> <span class='ocrx_word' id='word_1_452' title='bbox 3318 2218 3560 2273; x_wconf 90' lang='lat' dir='ltr'>dubium</span> 
     </span>
    </p>
   </div>
   <div class='ocr_carea' id='block_1_69' title="bbox 1950 2307 3563 2380">
    <p class='ocr_par' dir='ltr' id='par_1_69' title="bbox 1950 2307 3563 2380">
     <span class='ocr_line' id='line_1_69' title="bbox 1950 2307 3563 2380; baseline -0.001 -18"><span class='ocrx_word' id='word_1_453' title='bbox 1950 2325 2068 2363; x_wconf 89' lang='lat' dir='ltr'>non</span> <span class='ocrx_word' id='word_1_454' title='bbox 2092 2309 2234 2379; x_wconf 86' lang='lat' dir='ltr'>erat)</span> <span class='ocrx_word' id='word_1_455' title='bbox 2276 2309 2335 2363; x_wconf 94' lang='lat' dir='ltr'>id</span> <span class='ocrx_word' id='word_1_456' title='bbox 2353 2310 2537 2380; x_wconf 90' lang='lat' dir='ltr'>ipsum</span> <span class='ocrx_word' id='word_1_457' title='bbox 2558 2311 2798 2380; x_wconf 90' lang='lat' dir='ltr'>propter</span> <span class='ocrx_word' id='word_1_458' title='bbox 2821 2307 3192 2379; x_wconf 88' lang='lat' dir='ltr'>asperitatem</span> <span class='ocrx_word' id='word_1_459' title='bbox 3225 2311 3284 2361; x_wconf 91' lang='lat' dir='ltr'>et</span> <span class='ocrx_word' id='word_1_460' title='bbox 3313 2307 3563 2378; x_wconf 63' lang='lat' dir='ltr'>inaequa-</span> 
     </span>
    </p>
   </div>
   <div class='ocr_carea' id='block_1_70' title="bbox 1917 2397 3369 2476">
    <p class='ocr_par' dir='ltr' id='par_1_70' title="bbox 1917 2397 3369 2476">
     <span class='ocr_line' id='line_1_70' title="bbox 1917 2397 3369 2476; baseline -0.003 -25"><span class='ocrx_word' id='word_1_461' title='bbox 1917 2471 1922 2476; x_wconf 13' lang='grc' dir='ltr'>ἱ</span> <span class='ocrx_word' id='word_1_462' title='bbox 1948 2397 2173 2451; x_wconf 89' lang='lat' dir='ltr'>litatem</span> <span class='ocrx_word' id='word_1_463' title='bbox 2204 2397 2480 2452; x_wconf 90' lang='lat' dir='ltr'>itinerum</span> <span class='ocrx_word' id='word_1_464' title='bbox 2513 2413 2922 2452; x_wconf 90' lang='lat' dir='ltr'>consummare</span> <span class='ocrx_word' id='word_1_465' title='bbox 2944 2412 3063 2451; x_wconf 90' lang='lat' dir='ltr'>non</span> <span class='ocrx_word' id='word_1_466' title='bbox 3093 2397 3306 2466; x_wconf 89' lang='lat' dir='ltr'>posset.</span> <span class='ocrx_word' id='word_1_467' title='bbox 3340 2414 3369 2444; x_wconf 85' lang='lat'>»</span> 
     </span>
    </p>
   </div>
   <div class='ocr_carea' id='block_1_71' title="bbox 2021 2481 3564 2558">
    <p class='ocr_par' dir='ltr' id='par_1_71' title="bbox 2021 2481 3564 2558">
     <span class='ocr_line' id='line_1_71' title="bbox 2021 2481 3564 2558; baseline -0.002 -19"><span class='ocrx_word' id='word_1_468' title='bbox 2021 2488 2144 2540; x_wconf 85' lang='grc'>503.</span> <span class='ocrx_word' id='word_1_469' title='bbox 2168 2487 2280 2540; x_wconf 88' lang='lat' dir='ltr'>Nec</span> <span class='ocrx_word' id='word_1_470' title='bbox 2297 2489 2545 2553; x_wconf 89' lang='lat' dir='ltr'>tantum,</span> <span class='ocrx_word' id='word_1_471' title='bbox 2566 2486 2725 2558; x_wconf 90' lang='lat' dir='ltr'>quud</span> <span class='ocrx_word' id='word_1_472' title='bbox 2733 2486 2858 2556; x_wconf 90' lang='lat' dir='ltr'>jam</span> <span class='ocrx_word' id='word_1_473' title='bbox 2879 2485 3087 2551; x_wconf 86' lang='lat' dir='ltr'>dixi,ex</span> <span class='ocrx_word' id='word_1_474' title='bbox 3113 2484 3270 2538; x_wconf 90' lang='lat' dir='ltr'>hisce</span> <span class='ocrx_word' id='word_1_475' title='bbox 3293 2481 3564 2554; x_wconf 86' lang='lat' dir='ltr'>Guigonis</span> 
     </span>
    </p>
   </div>
   <div class='ocr_carea' id='block_1_72' title="bbox 1949 2574 3562 2646">
    <p class='ocr_par' dir='ltr' id='par_1_72' title="bbox 1949 2574 3562 2646">
     <span class='ocr_line' id='line_1_72' title="bbox 1949 2574 3562 2646; baseline -0.001 -19"><span class='ocrx_word' id='word_1_476' title='bbox 1949 2574 2135 2628; x_wconf 71' lang='lat' dir='ltr'>verbis</span> <span class='ocrx_word' id='word_1_477' title='bbox 2187 2574 2549 2646; x_wconf 87' lang='lat' dir='ltr'>intelligitur,</span> <span class='ocrx_word' id='word_1_478' title='bbox 2605 2591 2806 2629; x_wconf 87' lang='lat' dir='ltr'>verum</span> <span class='ocrx_word' id='word_1_479' title='bbox 2865 2575 3041 2628; x_wconf 89' lang='lat' dir='ltr'>etiam</span> <span class='ocrx_word' id='word_1_480' title='bbox 3090 2574 3394 2644; x_wconf 86' lang='lat' dir='ltr'>Hugonem</span> <span class='ocrx_word' id='word_1_481' title='bbox 3443 2587 3562 2627; x_wconf 89' lang='lat' dir='ltr'>non</span> 
     </span>
    </p>
   </div>
   <div class='ocr_carea' id='block_1_73' title="bbox 1948 2660 3563 2733">
    <p class='ocr_par' dir='ltr' id='par_1_73' title="bbox 1948 2660 3563 2733">
     <span class='ocr_line' id='line_1_73' title="bbox 1948 2660 3563 2733; baseline -0.002 -17"><span class='ocrx_word' id='word_1_482' title='bbox 1948 2662 2163 2717; x_wconf 91' lang='lat' dir='ltr'>minori</span> <span class='ocrx_word' id='word_1_483' title='bbox 2192 2662 2251 2716; x_wconf 93' lang='lat' dir='ltr'>in</span> <span class='ocrx_word' id='word_1_484' title='bbox 2279 2661 2336 2716; x_wconf 94' lang='lat' dir='ltr'>S.</span> <span class='ocrx_word' id='word_1_485' title='bbox 2371 2665 2703 2717; x_wconf 89' lang='lat' dir='ltr'>Brunonem</span> <span class='ocrx_word' id='word_1_486' title='bbox 2735 2662 3127 2729; x_wconf 87' lang='lat' dir='ltr'>veneratione,</span> <span class='ocrx_word' id='word_1_487' title='bbox 3148 2677 3324 2733; x_wconf 90' lang='lat' dir='ltr'>quam</span> <span class='ocrx_word' id='word_1_488' title='bbox 3355 2660 3563 2715; x_wconf 80' lang='lat' dir='ltr'>affectu</span> 
     </span>
    </p>
   </div>
   <div class='ocr_carea' id='block_1_74' title="bbox 1946 2747 3561 2822">
    <p class='ocr_par' dir='ltr' id='par_1_74' title="bbox 1946 2747 3561 2822">
     <span class='ocr_line' id='line_1_74' title="bbox 1946 2747 3561 2822; baseline -0.003 -16"><span class='ocrx_word' id='word_1_489' title='bbox 1946 2749 2140 2817; x_wconf 85' lang='lat' dir='ltr'>fuisse,</span> <span class='ocrx_word' id='word_1_490' title='bbox 2168 2752 2507 2822; x_wconf 90' lang='lat' dir='ltr'>tantamque</span> <span class='ocrx_word' id='word_1_491' title='bbox 2529 2768 2659 2805; x_wconf 83' lang='lat' dir='ltr'>eam</span> <span class='ocrx_word' id='word_1_492' title='bbox 2691 2750 2992 2817; x_wconf 79' lang='lat' dir='ltr'>exstitisse,</span> <span class='ocrx_word' id='word_1_493' title='bbox 3028 2754 3091 2804; x_wconf 91' lang='lat' dir='ltr'>ut</span> <span class='ocrx_word' id='word_1_494' title='bbox 3120 2749 3281 2804; x_wconf 90' lang='lat' dir='ltr'>illum</span> <span class='ocrx_word' id='word_1_495' title='bbox 3339 2747 3561 2803; x_wconf 88' lang='lat' dir='ltr'>abbatis</span> 
     </span>
    </p>
   </div>
   <div class='ocr_carea' id='block_1_75' title="bbox 1948 2836 3562 2910">
    <p class='ocr_par' dir='ltr' id='par_1_75' title="bbox 1948 2836 3562 2910">
     <span class='ocr_line' id='line_1_75' title="bbox 1948 2836 3562 2910; baseline -0.002 -17"><span class='ocrx_word' id='word_1_496' title='bbox 1948 2838 2382 2910; x_wconf 89' lang='lat' dir='ltr'>quodammodo</span> <span class='ocrx_word' id='word_1_497' title='bbox 2421 2840 2546 2893; x_wconf 92' lang='lat' dir='ltr'>loco</span> <span class='ocrx_word' id='word_1_498' title='bbox 2577 2839 2838 2895; x_wconf 88' lang='lat' dir='ltr'>haberet.</span> <span class='ocrx_word' id='word_1_499' title='bbox 2871 2839 3012 2893; x_wconf 89' lang='lat' dir='ltr'>Hinc</span> <span class='ocrx_word' id='word_1_500' title='bbox 3041 2837 3250 2893; x_wconf 87' lang='lat' dir='ltr'>merito</span> <span class='ocrx_word' id='word_1_501' title='bbox 3267 2836 3562 2907; x_wconf 83' lang='lat' dir='ltr'>antiquior</span> 
     </span>
    </p>
   </div>
   <div class='ocr_carea' id='block_1_76' title="bbox 1949 2923 3556 2998">
    <p class='ocr_par' dir='ltr' id='par_1_76' title="bbox 1949 2923 3556 2998">
     <span class='ocr_line' id='line_1_76' title="bbox 1949 2923 3556 2998; baseline -0.002 -18"><span class='ocrx_word' id='word_1_502' title='bbox 1949 2926 2143 2981; x_wconf 89' lang='lat' dir='ltr'>Sancti</span> <span class='ocrx_word' id='word_1_503' title='bbox 2201 2927 2379 2981; x_wconf 88' lang='lat' dir='ltr'>nostri</span> <span class='ocrx_word' id='word_1_504' title='bbox 2438 2927 2791 2998; x_wconf 87' lang='lat' dir='ltr'>biographus</span> <span class='ocrx_word' id='word_1_505' title='bbox 2851 2926 3208 2997; x_wconf 87' lang='lat' dir='ltr'>transcriptis</span> <span class='ocrx_word' id='word_1_506' title='bbox 3227 2928 3353 2978; x_wconf 88' lang='lat' dir='ltr'>tum</span> <span class='ocrx_word' id='word_1_507' title='bbox 3380 2923 3556 2991; x_wconf 89' lang='lat' dir='ltr'>hisce,</span> 
     </span>
    </p>
   </div>
   <div class='ocr_carea' id='block_1_77' title="bbox 1948 3012 3558 3088">
    <p class='ocr_par' dir='ltr' id='par_1_77' title="bbox 1948 3012 3558 3088">
     <span class='ocr_line' id='line_1_77' title="bbox 1948 3012 3558 3088; baseline -0.004 -17"><span class='ocrx_word' id='word_1_508' title='bbox 1948 3020 2073 3071; x_wconf 88' lang='lat' dir='ltr'>tum</span> <span class='ocrx_word' id='word_1_509' title='bbox 2105 3015 2248 3083; x_wconf 90' lang='lat' dir='ltr'>aliis,</span> <span class='ocrx_word' id='word_1_510' title='bbox 2271 3016 2529 3088; x_wconf 65' lang='lat' dir='ltr'>quaejam</span> <span class='ocrx_word' id='word_1_511' title='bbox 2545 3033 2718 3088; x_wconf 90' lang='lat' dir='ltr'>supra</span> <span class='ocrx_word' id='word_1_512' title='bbox 2740 3016 2873 3071; x_wconf 87' lang='lat' dir='ltr'>data</span> <span class='ocrx_word' id='word_1_513' title='bbox 2885 3019 3037 3082; x_wconf 91' lang='lat' dir='ltr'>sunt,</span> <span class='ocrx_word' id='word_1_514' title='bbox 3069 3013 3341 3085; x_wconf 87' lang='lat' dir='ltr'>Guigonis</span> <span class='ocrx_word' id='word_1_515' title='bbox 3370 3012 3558 3066; x_wconf 87' lang='lat' dir='ltr'>verbis</span> 
     </span>
    </p>
   </div>
   <div class='ocr_carea' id='block_1_78' title="bbox 1948 3100 3558 3176">
    <p class='ocr_par' dir='ltr' id='par_1_78' title="bbox 1948 3100 3558 3176">
     <span class='ocr_line' id='line_1_78' title="bbox 1948 3100 3558 3176; baseline -0.002 -17"><span class='ocrx_word' id='word_1_516' title='bbox 1948 3121 2111 3159; x_wconf 90' lang='lat' dir='ltr'>num.</span> <span class='ocrx_word' id='word_1_517' title='bbox 2158 3106 2223 3158; x_wconf 83' lang='grc'><strong>14</strong></span> <span class='ocrx_word' id='word_1_518' title='bbox 2266 3104 2592 3176; x_wconf 85' lang='lat' dir='ltr'>subjungit:</span> <span class='ocrx_word' id='word_1_519' title='bbox 2623 3103 2876 3159; x_wconf 83' lang='lat' dir='ltr'>«Omnia</span> <span class='ocrx_word' id='word_1_520' title='bbox 2911 3103 3191 3174; x_wconf 72' lang='lat' dir='ltr'>praedicta</span> <span class='ocrx_word' id='word_1_521' title='bbox 3218 3104 3352 3156; x_wconf 90' lang='lat' dir='ltr'>sunt</span> <span class='ocrx_word' id='word_1_522' title='bbox 3384 3100 3558 3155; x_wconf 88' lang='lat' dir='ltr'>verba</span> 
     </span>
    </p>
   </div>
   <div class='ocr_carea' id='block_1_79' title="bbox 1949 3187 3554 3265">
    <p class='ocr_par' dir='ltr' id='par_1_79' title="bbox 1949 3187 3554 3265">
     <span class='ocr_line' id='line_1_79' title="bbox 1949 3187 3554 3265; baseline -0.002 -19"><span class='ocrx_word' id='word_1_523' title='bbox 1949 3192 2149 3247; x_wconf 85' lang='lat' dir='ltr'>domui</span> <span class='ocrx_word' id='word_1_524' title='bbox 2181 3192 2452 3265; x_wconf 83' lang='lat' dir='ltr'>Guigonis</span> <span class='ocrx_word' id='word_1_525' title='bbox 2482 3193 2692 3265; x_wconf 89' lang='lat' dir='ltr'>scripta</span> <span class='ocrx_word' id='word_1_526' title='bbox 2721 3193 2781 3247; x_wconf 91' lang='lat' dir='ltr'>in</span> <span class='ocrx_word' id='word_1_527' title='bbox 2796 3192 2923 3246; x_wconf 85' lang='lat' dir='ltr'>Vita</span> <span class='ocrx_word' id='word_1_528' title='bbox 2955 3191 3011 3246; x_wconf 92' lang='lat' dir='ltr'>S.</span> <span class='ocrx_word' id='word_1_529' title='bbox 3036 3189 3312 3262; x_wconf 86' lang='lat' dir='ltr'>Hugonis,</span> <span class='ocrx_word' id='word_1_530' title='bbox 3335 3187 3554 3243; x_wconf 86' lang='lat' dir='ltr'>Gratia-</span> 
     </span>
    </p>
   </div>
   <div class='ocr_carea' id='block_1_80' title="bbox 1948 3276 3556 3354">
    <p class='ocr_par' dir='ltr' id='par_1_80' title="bbox 1948 3276 3556 3354">
     <span class='ocr_line' id='line_1_80' title="bbox 1948 3276 3556 3354; baseline -0.002 -19"><span class='ocrx_word' id='word_1_531' title='bbox 1948 3281 2268 3353; x_wconf 88' lang='lat' dir='ltr'>nopolitani</span> <span class='ocrx_word' id='word_1_532' title='bbox 2291 3282 2562 3354; x_wconf 89' lang='lat' dir='ltr'>episcopi,</span> <span class='ocrx_word' id='word_1_533' title='bbox 2578 3299 2703 3353; x_wconf 54' lang='grc' dir='ltr'>(χιιεὲ</span> <span class='ocrx_word' id='word_1_534' title='bbox 2716 3281 2809 3335; x_wconf 88' lang='lat' dir='ltr'>hic</span> <span class='ocrx_word' id='word_1_535' title='bbox 2823 3280 3131 3335; x_wconf 89' lang='lat' dir='ltr'>inserenda</span> <span class='ocrx_word' id='word_1_536' title='bbox 3150 3276 3556 3349; x_wconf 84' lang='lat' dir='ltr'>judicavimus,</span> 
     </span>
    </p>
   </div>
   <div class='ocr_carea' id='block_1_81' title="bbox 1949 3367 3555 3442">
    <p class='ocr_par' dir='ltr' id='par_1_81' title="bbox 1949 3367 3555 3442">
     <span class='ocr_line' id='line_1_81' title="bbox 1949 3367 3555 3442; baseline -0.001 -19"><span class='ocrx_word' id='word_1_537' title='bbox 1949 3369 2083 3441; x_wconf 91' lang='lat' dir='ltr'>quia</span> <span class='ocrx_word' id='word_1_538' title='bbox 2106 3369 2165 3424; x_wconf 90' lang='lat' dir='ltr'>in</span> <span class='ocrx_word' id='word_1_539' title='bbox 2191 3370 2272 3424; x_wconf 92' lang='lat' dir='ltr'>eis</span> <span class='ocrx_word' id='word_1_540' title='bbox 2300 3371 2620 3442; x_wconf 89' lang='lat' dir='ltr'>primordia</span> <span class='ocrx_word' id='word_1_541' title='bbox 2655 3369 3005 3424; x_wconf 79' lang='lat' dir='ltr'>fundationis</span> <span class='ocrx_word' id='word_1_542' title='bbox 3037 3367 3349 3423; x_wconf 68' lang='lat' dir='ltr'>Carthusiaz</span> <span class='ocrx_word' id='word_1_543' title='bbox 3366 3367 3555 3422; x_wconf 90' lang='lat' dir='ltr'>decla-</span> 
     </span>
    </p>
   </div>
   <div class='ocr_carea' id='block_1_82' title="bbox 1946 3455 3558 3529">
    <p class='ocr_par' dir='ltr' id='par_1_82' title="bbox 1946 3455 3558 3529">
     <span class='ocr_line' id='line_1_82' title="bbox 1946 3455 3558 3529; baseline -0.002 -16"><span class='ocrx_word' id='word_1_544' title='bbox 1946 3461 2170 3525; x_wconf 88' lang='lat' dir='ltr'>rantur,</span> <span class='ocrx_word' id='word_1_545' title='bbox 2197 3462 2254 3513; x_wconf 88' lang='lat' dir='ltr'>et</span> <span class='ocrx_word' id='word_1_546' title='bbox 2274 3459 2534 3529; x_wconf 87' lang='lat' dir='ltr'>magistri</span> <span class='ocrx_word' id='word_1_547' title='bbox 2572 3458 2855 3513; x_wconf 87' lang='lat' dir='ltr'>Brunonis</span> <span class='ocrx_word' id='word_1_548' title='bbox 2878 3457 3217 3513; x_wconf 86' lang='lat' dir='ltr'>excellentia</span> <span class='ocrx_word' id='word_1_549' title='bbox 3244 3455 3558 3511; x_wconf 86' lang='lat' dir='ltr'>innotescit</span> 
     </span>
    </p>
   </div>
   <div class='ocr_carea' id='block_1_83' title="bbox 1949 3546 3556 3618">
    <p class='ocr_par' dir='ltr' id='par_1_83' title="bbox 1949 3546 3556 3618">
     <span class='ocr_line' id='line_1_83' title="bbox 1949 3546 3556 3618; baseline -0.003 -15"><span class='ocrx_word' id='word_1_550' title='bbox 1949 3550 2007 3603; x_wconf 81' lang='lat' dir='ltr'>et</span> <span class='ocrx_word' id='word_1_551' title='bbox 2033 3546 2090 3600; x_wconf 90' lang='lat' dir='ltr'>in</span> <span class='ocrx_word' id='word_1_552' title='bbox 2118 3548 2226 3602; x_wconf 89' lang='lat' dir='ltr'>hoc</span> <span class='ocrx_word' id='word_1_553' title='bbox 2258 3548 2412 3618; x_wconf 90' lang='lat' dir='ltr'>quod</span> <span class='ocrx_word' id='word_1_554' title='bbox 2439 3548 2630 3601; x_wconf 90' lang='lat' dir='ltr'>eidem</span> <span class='ocrx_word' id='word_1_555' title='bbox 2661 3551 2780 3601; x_wconf 89' lang='lat' dir='ltr'>tam</span> <span class='ocrx_word' id='word_1_556' title='bbox 2798 3547 3159 3613; x_wconf 87' lang='lat' dir='ltr'>venerabilis,</span> <span class='ocrx_word' id='word_1_557' title='bbox 3178 3549 3299 3601; x_wconf 90' lang='lat' dir='ltr'>tam</span> <span class='ocrx_word' id='word_1_558' title='bbox 3326 3548 3556 3600; x_wconf 88' lang='lat' dir='ltr'>sanctus</span> 
     </span>
    </p>
   </div>
   <div class='ocr_carea' id='block_1_84' title="bbox 1951 3635 3557 3707">
    <p class='ocr_par' dir='ltr' id='par_1_84' title="bbox 1951 3635 3557 3707">
     <span class='ocr_line' id='line_1_84' title="bbox 1951 3635 3557 3707; baseline -0.002 -17"><span class='ocrx_word' id='word_1_559' title='bbox 1951 3635 2246 3707; x_wconf 85' lang='lat' dir='ltr'>episcopus</span> <span class='ocrx_word' id='word_1_560' title='bbox 2279 3652 2409 3689; x_wconf 92' lang='lat' dir='ltr'>cum</span> <span class='ocrx_word' id='word_1_561' title='bbox 2440 3640 2603 3690; x_wconf 88' lang='lat' dir='ltr'>tanta</span> <span class='ocrx_word' id='word_1_562' title='bbox 2625 3635 2950 3690; x_wconf 87' lang='lat' dir='ltr'>reverentia</span> <span class='ocrx_word' id='word_1_563' title='bbox 2977 3635 3052 3689; x_wconf 90' lang='lat' dir='ltr'>sic</span> <span class='ocrx_word' id='word_1_564' title='bbox 3072 3636 3362 3689; x_wconf 87' lang='lat' dir='ltr'>ferventer</span> <span class='ocrx_word' id='word_1_565' title='bbox 3375 3636 3434 3688; x_wconf 85' lang='lat' dir='ltr'>et</span> <span class='ocrx_word' id='word_1_566' title='bbox 3455 3635 3557 3688; x_wconf 83' lang='lat' dir='ltr'>hu—</span> 
     </span>
    </p>
   </div>
   <div class='ocr_carea' id='block_1_85' title="bbox 1951 3723 3554 3795">
    <p class='ocr_par' dir='ltr' id='par_1_85' title="bbox 1951 3723 3554 3795">
     <span class='ocr_line' id='line_1_85' title="bbox 1951 3723 3554 3795; baseline -0.002 -16"><span class='ocrx_word' id='word_1_567' title='bbox 1951 3724 2164 3779; x_wconf 88' lang='lat' dir='ltr'>militer</span> <span class='ocrx_word' id='word_1_568' title='bbox 2193 3724 2598 3778; x_wconf 69' lang='lat' dir='ltr'>adhaerebat.»</span> <span class='ocrx_word' id='word_1_569' title='bbox 2649 3724 2891 3779; x_wconf 86' lang='lat' dir='ltr'>Maximo</span> <span class='ocrx_word' id='word_1_570' title='bbox 2940 3740 3110 3795; x_wconf 88' lang='lat' dir='ltr'>porro</span> <span class='ocrx_word' id='word_1_571' title='bbox 3153 3723 3210 3778; x_wconf 89' lang='lat' dir='ltr'>in</span> <span class='ocrx_word' id='word_1_572' title='bbox 3249 3739 3451 3777; x_wconf 89' lang='lat' dir='ltr'>amore</span> <span class='ocrx_word' id='word_1_573' title='bbox 3489 3739 3554 3776; x_wconf 88' lang='lat' dir='ltr'>ac</span> 
     </span>
    </p>
   </div>
   <div class='ocr_carea' id='block_1_86' title="bbox 1949 3811 3552 3884">
    <p class='ocr_par' dir='ltr' id='par_1_86' title="bbox 1949 3811 3552 3884">
     <span class='ocr_line' id='line_1_86' title="bbox 1949 3811 3552 3884; baseline -0.001 -19"><span class='ocrx_word' id='word_1_574' title='bbox 1949 3812 2134 3884; x_wconf 88' lang='lat' dir='ltr'>pretio</span> <span class='ocrx_word' id='word_1_575' title='bbox 2175 3812 2325 3883; x_wconf 89' lang='lat' dir='ltr'>apud</span> <span class='ocrx_word' id='word_1_576' title='bbox 2366 3811 2422 3866; x_wconf 93' lang='lat' dir='ltr'>S.</span> <span class='ocrx_word' id='word_1_577' title='bbox 2466 3813 2767 3881; x_wconf 80' lang='lat' dir='ltr'>llugonem</span> <span class='ocrx_word' id='word_1_578' title='bbox 2801 3812 3076 3866; x_wconf 84' lang='lat' dir='ltr'>exstitisse</span> <span class='ocrx_word' id='word_1_579' title='bbox 3131 3812 3408 3865; x_wconf 89' lang='lat' dir='ltr'>Sanctum</span> <span class='ocrx_word' id='word_1_580' title='bbox 3448 3827 3552 3864; x_wconf 85' lang='lat' dir='ltr'>no—</span> 
     </span>
    </p>
   </div>
   <div class='ocr_carea' id='block_1_87' title="bbox 1950 3899 3548 3971">
    <p class='ocr_par' dir='ltr' id='par_1_87' title="bbox 1950 3899 3548 3971">
     <span class='ocr_line' id='line_1_87' title="bbox 1950 3899 3548 3971; baseline -0.002 -16"><span class='ocrx_word' id='word_1_581' title='bbox 1950 3904 2132 3956; x_wconf 92' lang='lat' dir='ltr'>strum</span> <span class='ocrx_word' id='word_1_582' title='bbox 2155 3901 2390 3971; x_wconf 88' lang='lat' dir='ltr'>ejusque</span> <span class='ocrx_word' id='word_1_583' title='bbox 2423 3901 2622 3966; x_wconf 88' lang='lat' dir='ltr'>socios,</span> <span class='ocrx_word' id='word_1_584' title='bbox 2651 3903 2806 3954; x_wconf 90' lang='lat' dir='ltr'>recte</span> <span class='ocrx_word' id='word_1_585' title='bbox 2842 3900 3018 3954; x_wconf 91' lang='lat' dir='ltr'>etiam</span> <span class='ocrx_word' id='word_1_586' title='bbox 3045 3899 3391 3955; x_wconf 84' lang='lat' dir='ltr'>concluseris</span> <span class='ocrx_word' id='word_1_587' title='bbox 3424 3902 3548 3953; x_wconf 92' lang='lat' dir='ltr'>tum</span> 
     </span>
    </p>
   </div>
   <div class='ocr_carea' id='block_1_88' title="bbox 1951 3987 3555 4061">
    <p class='ocr_par' dir='ltr' id='par_1_88' title="bbox 1951 3987 3555 4061">
     <span class='ocr_line' id='line_1_88' title="bbox 1951 3987 3555 4061; baseline -0.001 -17"><span class='ocrx_word' id='word_1_588' title='bbox 1951 4006 2017 4044; x_wconf 86' lang='lat' dir='ltr'>ex</span> <span class='ocrx_word' id='word_1_589' title='bbox 2048 3990 2264 4055; x_wconf 89' lang='lat' dir='ltr'>charta,</span> <span class='ocrx_word' id='word_1_590' title='bbox 2298 4004 2494 4060; x_wconf 90' lang='lat' dir='ltr'>quam,</span> <span class='ocrx_word' id='word_1_591' title='bbox 2535 3989 2581 4043; x_wconf 91' lang='lat' dir='ltr'>si</span> <span class='ocrx_word' id='word_1_592' title='bbox 2612 3988 2966 4045; x_wconf 79' lang='lat' dir='ltr'>Mabillonius</span> <span class='ocrx_word' id='word_1_593' title='bbox 3016 3988 3226 4061; x_wconf 89' lang='lat' dir='ltr'>(neque</span> <span class='ocrx_word' id='word_1_594' title='bbox 3271 3987 3431 4042; x_wconf 88' lang='lat' dir='ltr'>enim</span> <span class='ocrx_word' id='word_1_595' title='bbox 3479 4003 3555 4042; x_wconf 89' lang='lat' dir='ltr'>an</span> 
     </span>
    </p>
   </div>
   <div class='ocr_carea' id='block_1_89' title="bbox 1947 4076 3556 4150">
    <p class='ocr_par' dir='ltr' id='par_1_89' title="bbox 1947 4076 3556 4150">
     <span class='ocr_line' id='line_1_89' title="bbox 1947 4076 3556 4150; baseline -0.001 -17"><span class='ocrx_word' id='word_1_596' title='bbox 1947 4078 2072 4133; x_wconf 78' lang='lat' dir='ltr'>haec</span> <span class='ocrx_word' id='word_1_597' title='bbox 2101 4078 2323 4150; x_wconf 89' lang='lat' dir='ltr'>uspiam</span> <span class='ocrx_word' id='word_1_598' title='bbox 2354 4079 2575 4146; x_wconf 83' lang='lat' dir='ltr'>existat,</span> <span class='ocrx_word' id='word_1_599' title='bbox 2618 4078 2768 4149; x_wconf 84' lang='lat' dir='ltr'>novi)</span> <span class='ocrx_word' id='word_1_600' title='bbox 2810 4078 3151 4133; x_wconf 70' lang='lat' dir='ltr'>Prmf&#39;atione</span> <span class='ocrx_word' id='word_1_601' title='bbox 3186 4076 3248 4132; x_wconf 90' lang='lat' dir='ltr'>in</span> <span class='ocrx_word' id='word_1_602' title='bbox 3282 4077 3473 4131; x_wconf 64' lang='lat' dir='ltr'>sseculi</span> <span class='ocrx_word' id='word_1_603' title='bbox 3502 4093 3556 4131; x_wconf 73' lang='grc' dir='ltr'>γι</span> 
     </span>
    </p>
   </div>
   <div class='ocr_carea' id='block_1_90' title="bbox 1949 4166 3555 4239">
    <p class='ocr_par' dir='ltr' id='par_1_90' title="bbox 1949 4166 3555 4239">
     <span class='ocr_line' id='line_1_90' title="bbox 1949 4166 3555 4239; baseline -0.002 -17"><span class='ocrx_word' id='word_1_604' title='bbox 1949 4168 2303 4223; x_wconf 90' lang='lat' dir='ltr'>Benedictini</span> <span class='ocrx_word' id='word_1_605' title='bbox 2332 4171 2495 4239; x_wconf 90' lang='lat' dir='ltr'>parte</span> <span class='ocrx_word' id='word_1_606' title='bbox 2526 4186 2586 4235; x_wconf 84' lang='grc' dir='ltr'>ιι,</span> <span class='ocrx_word' id='word_1_607' title='bbox 2618 4185 2778 4222; x_wconf 92' lang='lat' dir='ltr'>num.</span> <span class='ocrx_word' id='word_1_608' title='bbox 2810 4170 2875 4223; x_wconf 88' lang='lat'>86</span> <span class='ocrx_word' id='word_1_609' title='bbox 2920 4169 3075 4222; x_wconf 88' lang='lat' dir='ltr'>recte</span> <span class='ocrx_word' id='word_1_610' title='bbox 3101 4169 3282 4234; x_wconf 90' lang='lat' dir='ltr'>notet,</span> <span class='ocrx_word' id='word_1_611' title='bbox 3315 4166 3405 4219; x_wconf 84' lang='lat' dir='ltr'>vix</span> <span class='ocrx_word' id='word_1_612' title='bbox 3438 4181 3555 4220; x_wconf 92' lang='lat' dir='ltr'>uno</span> 
     </span>
    </p>
   </div>
   <div class='ocr_carea' id='block_1_91' title="bbox 228 4254 3560 4329">
    <p class='ocr_par' dir='ltr' id='par_1_91' title="bbox 228 4254 3560 4329">
     <span class='ocr_line' id='line_1_91' title="bbox 228 4254 3560 4329; baseline -0.001 -18"><span class='ocrx_word' id='word_1_613' title='bbox 228 4259 338 4322; x_wconf 84' lang='lat' dir='ltr'>set,</span> <span class='ocrx_word' id='word_1_614' title='bbox 372 4256 583 4311; x_wconf 88' lang='lat' dir='ltr'>arsisse</span> <span class='ocrx_word' id='word_1_615' title='bbox 612 4256 987 4326; x_wconf 85' lang='lat' dir='ltr'>dignoscitur,</span> <span class='ocrx_word' id='word_1_616' title='bbox 1016 4257 1142 4310; x_wconf 87' lang='lat' dir='ltr'>tum</span> <span class='ocrx_word' id='word_1_617' title='bbox 1175 4256 1248 4310; x_wconf 90' lang='lat' dir='ltr'>ob</span> <span class='ocrx_word' id='word_1_618' title='bbox 1276 4256 1771 4328; x_wconf 86' lang='lat' dir='ltr'>singularem,quo</span> <span class='ocrx_word' id='word_1_619' title='bbox 1790 4255 1849 4309; x_wconf 91' lang='lat' dir='ltr'>in</span> <span class='ocrx_word' id='word_1_620' title='bbox 1874 4265 1926 4324; x_wconf 84' lang='lat'>1)</span> <span class='ocrx_word' id='word_1_621' title='bbox 1950 4274 2148 4311; x_wconf 91' lang='lat' dir='ltr'>mense</span> <span class='ocrx_word' id='word_1_622' title='bbox 2176 4257 2403 4328; x_wconf 84' lang='lat' dir='ltr'>integro</span> <span class='ocrx_word' id='word_1_623' title='bbox 2448 4259 2579 4329; x_wconf 88' lang='lat' dir='ltr'>post</span> <span class='ocrx_word' id='word_1_624' title='bbox 2615 4256 2670 4311; x_wconf 92' lang='lat' dir='ltr'>S.</span> <span class='ocrx_word' id='word_1_625' title='bbox 2710 4256 2994 4312; x_wconf 83' lang='lat' dir='ltr'>Brunonis</span> <span class='ocrx_word' id='word_1_626' title='bbox 3020 4254 3094 4311; x_wconf 88' lang='lat' dir='ltr'>ad</span> <span class='ocrx_word' id='word_1_627' title='bbox 3122 4256 3434 4327; x_wconf 84' lang='lat' dir='ltr'>Hugonent</span> <span class='ocrx_word' id='word_1_628' title='bbox 3468 4271 3560 4309; x_wconf 91' lang='lat' dir='ltr'>ac-</span> 
     </span>
    </p>
   </div>
   <div class='ocr_carea' id='block_1_92' title="bbox 229 4344 1849 4417">
    <p class='ocr_par' dir='ltr' id='par_1_92' title="bbox 229 4344 1849 4417">
     <span class='ocr_line' id='line_1_92' title="bbox 229 4344 1849 4417; baseline -0.001 -17"><span class='ocrx_word' id='word_1_629' title='bbox 229 4344 647 4401; x_wconf 85' lang='lat' dir='ltr'>Carthusianos</span> <span class='ocrx_word' id='word_1_630' title='bbox 673 4345 985 4412; x_wconf 88' lang='lat' dir='ltr'>ferebatur,</span> <span class='ocrx_word' id='word_1_631' title='bbox 1042 4344 1313 4400; x_wconf 80' lang='lat' dir='ltr'>affectum</span> <span class='ocrx_word' id='word_1_632' title='bbox 1366 4345 1849 4417; x_wconf 89' lang='lat' dir='ltr'>frequentemque</span> 
     </span>
    </p>
   </div>
   <div class='ocr_carea' id='block_1_93' title="bbox 227 4431 1848 4490">
    <p class='ocr_par' dir='ltr' id='par_1_93' title="bbox 227 4431 1848 4490">
     <span class='ocr_line' id='line_1_93' title="bbox 227 4431 1848 4490; baseline -0.001 -2"><span class='ocrx_word' id='word_1_633' title='bbox 227 4449 362 4490; x_wconf 86' lang='lat' dir='ltr'>cum</span> <span class='ocrx_word' id='word_1_634' title='bbox 388 4433 547 4487; x_wconf 86' lang='lat' dir='ltr'>hisce</span> <span class='ocrx_word' id='word_1_635' title='bbox 571 4432 631 4487; x_wconf 90' lang='lat' dir='ltr'>in</span> <span class='ocrx_word' id='word_1_636' title='bbox 660 4431 960 4488; x_wconf 86' lang='lat' dir='ltr'>Carthusia</span> <span class='ocrx_word' id='word_1_637' title='bbox 979 4433 1522 4489; x_wconf 88' lang='lat' dir='ltr'>commorationem.</span> <span class='ocrx_word' id='word_1_638' title='bbox 1557 4434 1637 4489; x_wconf 80' lang='lat' dir='ltr'>Ac</span> <span class='ocrx_word' id='word_1_639' title='bbox 1668 4433 1848 4488; x_wconf 88' lang='lat' dir='ltr'>maxi-</span> 
     </span>
    </p>
   </div>
   <div class='ocr_carea' id='block_1_94' title="bbox 228 4520 1847 4593">
    <p class='ocr_par' dir='ltr' id='par_1_94' title="bbox 228 4520 1847 4593">
     <span class='ocr_line' id='line_1_94' title="bbox 228 4520 1847 4593; baseline 0.001 -16"><span class='ocrx_word' id='word_1_640' title='bbox 228 4538 401 4577; x_wconf 90' lang='lat' dir='ltr'>mum</span> <span class='ocrx_word' id='word_1_641' title='bbox 424 4521 661 4593; x_wconf 90' lang='lat' dir='ltr'>quidem</span> <span class='ocrx_word' id='word_1_642' title='bbox 683 4520 740 4576; x_wconf 92' lang='grc'>8.</span> <span class='ocrx_word' id='word_1_643' title='bbox 772 4521 1025 4593; x_wconf 87' lang='lat' dir='ltr'>Hugonis</span> <span class='ocrx_word' id='word_1_644' title='bbox 1065 4521 1127 4576; x_wconf 90' lang='lat' dir='ltr'>in</span> <span class='ocrx_word' id='word_1_645' title='bbox 1156 4522 1213 4576; x_wconf 94' lang='grc'>8.</span> <span class='ocrx_word' id='word_1_646' title='bbox 1248 4523 1577 4578; x_wconf 88' lang='lat' dir='ltr'>Brunonem</span> <span class='ocrx_word' id='word_1_647' title='bbox 1609 4523 1847 4578; x_wconf 87' lang='lat' dir='ltr'>Carthu-</span> 
     </span>
    </p>
   </div>
   <div class='ocr_carea' id='block_1_95' title="bbox 225 4609 1852 4683">
    <p class='ocr_par' dir='ltr' id='par_1_95' title="bbox 225 4609 1852 4683">
     <span class='ocr_line' id='line_1_95' title="bbox 225 4609 1852 4683; baseline 0.001 -18"><span class='ocrx_word' id='word_1_648' title='bbox 225 4609 539 4682; x_wconf 80' lang='lat' dir='ltr'>sianosque</span> <span class='ocrx_word' id='word_1_649' title='bbox 553 4610 826 4665; x_wconf 79' lang='lat' dir='ltr'>affectum</span> <span class='ocrx_word' id='word_1_650' title='bbox 848 4610 1041 4678; x_wconf 86' lang='lat' dir='ltr'>fuisse,</span> <span class='ocrx_word' id='word_1_651' title='bbox 1058 4611 1253 4683; x_wconf 89' lang='lat' dir='ltr'>palam</span> <span class='ocrx_word' id='word_1_652' title='bbox 1288 4614 1375 4665; x_wconf 84' lang='lat' dir='ltr'>est</span> <span class='ocrx_word' id='word_1_653' title='bbox 1402 4614 1526 4666; x_wconf 90' lang='lat' dir='ltr'>tum</span> <span class='ocrx_word' id='word_1_654' title='bbox 1552 4628 1621 4667; x_wconf 82' lang='lat' dir='ltr'>ex</span> <span class='ocrx_word' id='word_1_655' title='bbox 1646 4611 1852 4683; x_wconf 87' lang='lat' dir='ltr'>Guigo-</span> 
     </span>
    </p>
   </div>
   <div class='ocr_carea' id='block_1_96' title="bbox 227 4698 1847 4772">
    <p class='ocr_par' dir='ltr' id='par_1_96' title="bbox 227 4698 1847 4772">
     <span class='ocr_line' id='line_1_96' title="bbox 227 4698 1847 4772; baseline -0.001 -15"><span class='ocrx_word' id='word_1_656' title='bbox 227 4699 325 4757; x_wconf 87' lang='lat' dir='ltr'>nis</span> <span class='ocrx_word' id='word_1_657' title='bbox 361 4698 549 4753; x_wconf 80' lang='lat' dir='ltr'>verbis</span> <span class='ocrx_word' id='word_1_658' title='bbox 568 4715 742 4772; x_wconf 86' lang='lat' dir='ltr'>supra</span> <span class='ocrx_word' id='word_1_659' title='bbox 755 4700 908 4755; x_wconf 90' lang='lat' dir='ltr'>hunc</span> <span class='ocrx_word' id='word_1_660' title='bbox 924 4698 1302 4770; x_wconf 89' lang='lat' dir='ltr'>transcriptis,</span> <span class='ocrx_word' id='word_1_661' title='bbox 1333 4702 1461 4754; x_wconf 89' lang='lat' dir='ltr'>tum</span> <span class='ocrx_word' id='word_1_662' title='bbox 1488 4717 1553 4755; x_wconf 87' lang='lat' dir='ltr'>ex</span> <span class='ocrx_word' id='word_1_663' title='bbox 1569 4716 1638 4755; x_wconf 90' lang='lat' dir='ltr'>eo</span> <span class='ocrx_word' id='word_1_664' title='bbox 1672 4700 1847 4771; x_wconf 90' lang='lat' dir='ltr'>quod,</span> 
     </span>
    </p>
   </div>
   <div class='ocr_carea' id='block_1_97' title="bbox 225 4787 1841 4860">
    <p class='ocr_par' dir='ltr' id='par_1_97' title="bbox 225 4787 1841 4860">
     <span class='ocr_line' id='line_1_97' title="bbox 225 4787 1841 4860; baseline -0.001 -15"><span class='ocrx_word' id='word_1_665' title='bbox 225 4790 297 4845; x_wconf 85' lang='lat' dir='ltr'>ut</span> <span class='ocrx_word' id='word_1_666' title='bbox 312 4787 617 4843; x_wconf 88' lang='lat' dir='ltr'>Guibertus</span> <span class='ocrx_word' id='word_1_667' title='bbox 635 4788 706 4843; x_wconf 90' lang='lat' dir='ltr'>de</span> <span class='ocrx_word' id='word_1_668' title='bbox 733 4788 1052 4860; x_wconf 84' lang='lat' dir='ltr'>Novigento</span> <span class='ocrx_word' id='word_1_669' title='bbox 1070 4788 1167 4843; x_wconf 92' lang='lat' dir='ltr'>lib.</span> <span class='ocrx_word' id='word_1_670' title='bbox 1198 4788 1306 4843; x_wconf 81' lang='lat' dir='ltr'>Ide</span> <span class='ocrx_word' id='word_1_671' title='bbox 1328 4788 1455 4842; x_wconf 87' lang='lat' dir='ltr'>Vita</span> <span class='ocrx_word' id='word_1_672' title='bbox 1485 4806 1588 4843; x_wconf 89' lang='lat' dir='ltr'>sua</span> <span class='ocrx_word' id='word_1_673' title='bbox 1622 4804 1748 4859; x_wconf 91' lang='lat' dir='ltr'>cap.</span> <span class='ocrx_word' id='word_1_674' title='bbox 1786 4793 1841 4845; x_wconf 89' lang='grc'>11</span> 
     </span>
    </p>
   </div>
   <div class='ocr_carea' id='block_1_98' title="bbox 228 4876 1849 4948">
    <p class='ocr_par' dir='ltr' id='par_1_98' title="bbox 228 4876 1849 4948">
     <span class='ocr_line' id='line_1_98' title="bbox 228 4876 1849 4948; baseline 0.001 -18"><span class='ocrx_word' id='word_1_675' title='bbox 228 4876 468 4941; x_wconf 72' lang='lat' dir='ltr'>docet,¢</span> <span class='ocrx_word' id='word_1_676' title='bbox 483 4876 707 4931; x_wconf 90' lang='lat' dir='ltr'>abbatis</span> <span class='ocrx_word' id='word_1_677' title='bbox 720 4896 746 4924; x_wconf 84' lang='lat'><strong>»</strong></span> <span class='ocrx_word' id='word_1_678' title='bbox 773 4876 1209 4947; x_wconf 85' lang='lat' dir='ltr'>quodammodo</span> <span class='ocrx_word' id='word_1_679' title='bbox 1226 4893 1292 4931; x_wconf 88' lang='lat' dir='ltr'>ac</span> <span class='ocrx_word' id='word_1_680' title='bbox 1308 4897 1336 4926; x_wconf 86' lang='lat'><strong>«</strong></span> <span class='ocrx_word' id='word_1_681' title='bbox 1355 4876 1662 4948; x_wconf 88' lang='lat' dir='ltr'>provisoris</span> <span class='ocrx_word' id='word_1_682' title='bbox 1683 4895 1715 4928; x_wconf 62' lang='grc' dir='ltr'>κν</span> <span class='ocrx_word' id='word_1_683' title='bbox 1748 4878 1849 4932; x_wconf 93' lang='lat' dir='ltr'>do-</span> 
     </span>
    </p>
   </div>
   <div class='ocr_carea' id='block_1_99' title="bbox 228 4965 1855 5033">
    <p class='ocr_par' dir='ltr' id='par_1_99' title="bbox 228 4965 1855 5033">
     <span class='ocr_line' id='line_1_99' title="bbox 228 4965 1855 5033; baseline 0.002 -15"><span class='ocrx_word' id='word_1_684' title='bbox 228 4982 369 5025; x_wconf 89' lang='lat' dir='ltr'>mus</span> <span class='ocrx_word' id='word_1_685' title='bbox 428 4965 845 5021; x_wconf 82' lang='lat' dir='ltr'>Carthusiensis</span> <span class='ocrx_word' id='word_1_686' title='bbox 900 4985 930 5017; x_wconf 72' lang='grc' dir='ltr'><strong><em>α</em></strong></span> <span class='ocrx_word' id='word_1_687' title='bbox 962 4966 1181 5033; x_wconf 83' lang='lat' dir='ltr'>vices,»</span> <span class='ocrx_word' id='word_1_688' title='bbox 1238 4982 1372 5021; x_wconf 90' lang='lat' dir='ltr'>cum</span> <span class='ocrx_word' id='word_1_689' title='bbox 1431 4966 1644 5020; x_wconf 90' lang='lat' dir='ltr'>scilicet</span> <span class='ocrx_word' id='word_1_690' title='bbox 1686 4982 1751 5020; x_wconf 83' lang='lat' dir='ltr'>ex</span> <span class='ocrx_word' id='word_1_691' title='bbox 1784 4983 1855 5021; x_wconf 88' lang='lat' dir='ltr'>ea</span> 
     </span>
    </p>
   </div>
   <div class='ocr_carea' id='block_1_100' title="bbox 228 5055 1854 5127">
    <p class='ocr_par' dir='ltr' id='par_1_100' title="bbox 228 5055 1854 5127">
     <span class='ocr_line' id='line_1_100' title="bbox 228 5055 1854 5127; baseline 0 -16"><span class='ocrx_word' id='word_1_692' title='bbox 228 5056 431 5111; x_wconf 83' lang='lat' dir='ltr'>Bruno</span> <span class='ocrx_word' id='word_1_693' title='bbox 471 5056 598 5126; x_wconf 84' lang='lat' dir='ltr'>jam</span> <span class='ocrx_word' id='word_1_694' title='bbox 653 5055 1017 5123; x_wconf 89' lang='lat' dir='ltr'>discessisset,</span> <span class='ocrx_word' id='word_1_695' title='bbox 1069 5072 1242 5127; x_wconf 87' lang='lat' dir='ltr'>agere</span> <span class='ocrx_word' id='word_1_696' title='bbox 1299 5060 1569 5127; x_wconf 89' lang='lat' dir='ltr'>gravatus</span> <span class='ocrx_word' id='word_1_697' title='bbox 1604 5073 1721 5111; x_wconf 87' lang='lat' dir='ltr'>non</span> <span class='ocrx_word' id='word_1_698' title='bbox 1782 5056 1854 5111; x_wconf 91' lang='lat' dir='ltr'>sit</span> 
     </span>
    </p>
   </div>
   <div class='ocr_carea' id='block_1_101' title="bbox 230 5144 1855 5217">
    <p class='ocr_par' dir='ltr' id='par_1_101' title="bbox 230 5144 1855 5217">
     <span class='ocr_line' id='line_1_101' title="bbox 230 5144 1855 5217; baseline 0.001 -17"><span class='ocrx_word' id='word_1_699' title='bbox 230 5147 471 5200; x_wconf 83' lang='lat' dir='ltr'>sanctus</span> <span class='ocrx_word' id='word_1_700' title='bbox 500 5144 593 5199; x_wconf 90' lang='lat' dir='ltr'>ille</span> <span class='ocrx_word' id='word_1_701' title='bbox 615 5145 1421 5217; x_wconf 85' lang='lat' dir='ltr'>antistes.Acceditantiquior</span> <span class='ocrx_word' id='word_1_702' title='bbox 1455 5146 1649 5202; x_wconf 89' lang='lat' dir='ltr'>Sancti</span> <span class='ocrx_word' id='word_1_703' title='bbox 1674 5147 1855 5201; x_wconf 90' lang='lat' dir='ltr'>nostri</span> 
     </span>
    </p>
   </div>
   <div class='ocr_carea' id='block_1_102' title="bbox 230 5233 1856 5307">
    <p class='ocr_par' dir='ltr' id='par_1_102' title="bbox 230 5233 1856 5307">
     <span class='ocr_line' id='line_1_102' title="bbox 230 5233 1856 5307; baseline 0.001 -18"><span class='ocrx_word' id='word_1_704' title='bbox 230 5233 615 5306; x_wconf 87' lang='lat' dir='ltr'>biographus,</span> <span class='ocrx_word' id='word_1_705' title='bbox 665 5234 762 5306; x_wconf 87' lang='lat' dir='ltr'>qui</span> <span class='ocrx_word' id='word_1_706' title='bbox 787 5251 919 5289; x_wconf 90' lang='lat' dir='ltr'>eum</span> <span class='ocrx_word' id='word_1_707' title='bbox 970 5233 1051 5288; x_wconf 90' lang='lat' dir='ltr'>ita</span> <span class='ocrx_word' id='word_1_708' title='bbox 1093 5233 1155 5287; x_wconf 87' lang='lat' dir='ltr'>in</span> <span class='ocrx_word' id='word_1_709' title='bbox 1186 5233 1451 5289; x_wconf 90' lang='lat' dir='ltr'>ordinem</span> <span class='ocrx_word' id='word_1_710' title='bbox 1500 5235 1856 5307; x_wconf 90' lang='lat' dir='ltr'>domumque</span> 
     </span>
    </p>
   </div>
   <div class='ocr_carea' id='block_1_103' title="bbox 238 5321 1860 5391">
    <p class='ocr_par' dir='ltr' id='par_1_103' title="bbox 238 5321 1860 5391">
     <span class='ocr_line' id='line_1_103' title="bbox 238 5321 1860 5391; baseline 0.001 -13"><span class='ocrx_word' id='word_1_711' title='bbox 238 5322 707 5378; x_wconf 82' lang='lat' dir='ltr'>Carthusieusem</span> <span class='ocrx_word' id='word_1_712' title='bbox 732 5323 1079 5379; x_wconf 83' lang='lat' dir='ltr'>beneficium</span> <span class='ocrx_word' id='word_1_713' title='bbox 1108 5321 1469 5390; x_wconf 87' lang='lat' dir='ltr'>fuisse,num.</span> <span class='ocrx_word' id='word_1_714' title='bbox 1499 5323 1860 5391; x_wconf 64' lang='lat' dir='ltr'>Mscribitmt</span> 
     </span>
    </p>
   </div>
   <div class='ocr_carea' id='block_1_104' title="bbox 238 5412 1861 5485">
    <p class='ocr_par' dir='ltr' id='par_1_104' title="bbox 238 5412 1861 5485">
     <span class='ocr_line' id='line_1_104' title="bbox 238 5412 1861 5485; baseline 0.002 -17"><span class='ocrx_word' id='word_1_715' title='bbox 238 5417 369 5470; x_wconf 85' lang='lat' dir='ltr'>tum</span> <span class='ocrx_word' id='word_1_716' title='bbox 396 5412 591 5485; x_wconf 85' lang='lat' dir='ltr'>hujus,</span> <span class='ocrx_word' id='word_1_717' title='bbox 614 5416 739 5470; x_wconf 90' lang='lat' dir='ltr'>tum</span> <span class='ocrx_word' id='word_1_718' title='bbox 766 5414 915 5473; x_wconf 86' lang='lat' dir='ltr'>illius</span> <span class='ocrx_word' id='word_1_719' title='bbox 939 5430 1081 5471; x_wconf 84' lang='lat' dir='ltr'>cum</span> <span class='ocrx_word' id='word_1_720' title='bbox 1111 5412 1171 5468; x_wconf 93' lang='lat' dir='ltr'>S.</span> <span class='ocrx_word' id='word_1_721' title='bbox 1198 5412 1472 5469; x_wconf 89' lang='lat' dir='ltr'>Brunone</span> <span class='ocrx_word' id='word_1_722' title='bbox 1523 5413 1631 5467; x_wconf 91' lang='lat' dir='ltr'>dici</span> <span class='ocrx_word' id='word_1_723' title='bbox 1681 5416 1861 5485; x_wconf 88' lang='lat' dir='ltr'>possit</span> 
     </span>
    </p>
   </div>
   <div class='ocr_carea' id='block_1_105' title="bbox 239 5500 1864 5578">
    <p class='ocr_par' dir='ltr' id='par_1_105' title="bbox 239 5500 1864 5578">
     <span class='ocr_line' id='line_1_105' title="bbox 239 5500 1864 5578; baseline 0.003 -19"><span class='ocrx_word' id='word_1_724' title='bbox 239 5521 278 5559; x_wconf 67' lang='grc' dir='ltr'><strong><em>ς</em></strong></span> <span class='ocrx_word' id='word_1_725' title='bbox 302 5502 608 5571; x_wconf 76' lang='lat' dir='ltr'>fundator,</span> <span class='ocrx_word' id='word_1_726' title='bbox 629 5504 688 5560; x_wconf 87' lang='lat' dir='ltr'>et</span> <span class='ocrx_word' id='word_1_727' title='bbox 698 5505 956 5578; x_wconf 79' lang='lat' dir='ltr'>quamvis</span> <span class='ocrx_word' id='word_1_728' title='bbox 979 5519 1101 5561; x_wconf 89' lang='lat' dir='ltr'>non</span> <span class='ocrx_word' id='word_1_729' title='bbox 1123 5500 1570 5573; x_wconf 77' lang='lat' dir='ltr'>primus,tamen</span> <span class='ocrx_word' id='word_1_730' title='bbox 1584 5503 1864 5573; x_wconf 88' lang='lat' dir='ltr'>quodam-</span> 
     </span>
    </p>
   </div>
   <div class='ocr_carea' id='block_1_106' title="bbox 1950 4344 3558 4419">
    <p class='ocr_par' dir='ltr' id='par_1_106' title="bbox 1950 4344 3558 4419">
     <span class='ocr_line' id='line_1_106' title="bbox 1950 4344 3558 4419; baseline -0.001 -19"><span class='ocrx_word' id='word_1_731' title='bbox 1950 4361 2170 4401; x_wconf 90' lang='lat' dir='ltr'>cessum</span> <span class='ocrx_word' id='word_1_732' title='bbox 2194 4346 2540 4417; x_wconf 86' lang='lat' dir='ltr'>presbyteris</span> <span class='ocrx_word' id='word_1_733' title='bbox 2559 4350 2618 4401; x_wconf 89' lang='lat' dir='ltr'>et</span> <span class='ocrx_word' id='word_1_734' title='bbox 2645 4346 2798 4401; x_wconf 88' lang='lat' dir='ltr'>laicis</span> <span class='ocrx_word' id='word_1_735' title='bbox 2819 4346 2903 4400; x_wconf 90' lang='lat' dir='ltr'>sui</span> <span class='ocrx_word' id='word_1_736' title='bbox 2932 4344 3295 4419; x_wconf 88' lang='lat' dir='ltr'>episcopatus</span> <span class='ocrx_word' id='word_1_737' title='bbox 3327 4348 3558 4399; x_wconf 90' lang='lat' dir='ltr'>sanctus</span> 
     </span>
    </p>
   </div>
   <div class='ocr_carea' id='block_1_107' title="bbox 1948 4433 3557 4508">
    <p class='ocr_par' dir='ltr' id='par_1_107' title="bbox 1948 4433 3557 4508">
     <span class='ocr_line' id='line_1_107' title="bbox 1948 4433 3557 4508; baseline 0.001 -20"><span class='ocrx_word' id='word_1_738' title='bbox 1948 4433 2042 4489; x_wconf 92' lang='lat' dir='ltr'>ille</span> <span class='ocrx_word' id='word_1_739' title='bbox 2072 4435 2307 4490; x_wconf 89' lang='lat' dir='ltr'>antistes</span> <span class='ocrx_word' id='word_1_740' title='bbox 2352 4435 2594 4508; x_wconf 80' lang='lat' dir='ltr'>scripsit,</span> <span class='ocrx_word' id='word_1_741' title='bbox 2648 4435 3006 4507; x_wconf 67' lang='lat' dir='ltr'>praecipiens,</span> <span class='ocrx_word' id='word_1_742' title='bbox 3057 4436 3181 4489; x_wconf 84' lang='lat' dir='ltr'>«Ut</span> <span class='ocrx_word' id='word_1_743' title='bbox 3213 4451 3286 4489; x_wconf 88' lang='lat' dir='ltr'>ne</span> <span class='ocrx_word' id='word_1_744' title='bbox 3318 4433 3557 4489; x_wconf 55' lang='lat' dir='ltr'>femini?</span> 
     </span>
    </p>
   </div>
   <div class='ocr_carea' id='block_1_108' title="bbox 1950 4522 3560 4596">
    <p class='ocr_par' dir='ltr' id='par_1_108' title="bbox 1950 4522 3560 4596">
     <span class='ocr_line' id='line_1_108' title="bbox 1950 4522 3560 4596; baseline -0.001 -19"><span class='ocrx_word' id='word_1_745' title='bbox 1950 4523 2315 4595; x_wconf 67' lang='lat' dir='ltr'>(Verba&#39;sunt</span> <span class='ocrx_word' id='word_1_746' title='bbox 2356 4524 2682 4596; x_wconf 87' lang='lat' dir='ltr'>Mabillonii)</span> <span class='ocrx_word' id='word_1_747' title='bbox 2713 4526 3012 4579; x_wconf 89' lang='lat' dir='ltr'>transeant</span> <span class='ocrx_word' id='word_1_748' title='bbox 3039 4540 3145 4596; x_wconf 89' lang='lat' dir='ltr'>per</span> <span class='ocrx_word' id='word_1_749' title='bbox 3168 4526 3386 4578; x_wconf 90' lang='lat' dir='ltr'>terram</span> <span class='ocrx_word' id='word_1_750' title='bbox 3428 4522 3560 4577; x_wconf 87' lang='lat' dir='ltr'>Car-</span> 
     </span>
    </p>
   </div>
   <div class='ocr_carea' id='block_1_109' title="bbox 1949 4612 3565 4685">
    <p class='ocr_par' dir='ltr' id='par_1_109' title="bbox 1949 4612 3565 4685">
     <span class='ocr_line' id='line_1_109' title="bbox 1949 4612 3565 4685; baseline -0.001 -19"><span class='ocrx_word' id='word_1_751' title='bbox 1949 4612 2151 4668; x_wconf 73' lang='lat' dir='ltr'>thusise</span> <span class='ocrx_word' id='word_1_752' title='bbox 2182 4612 2450 4680; x_wconf 87' lang='lat' dir='ltr'>fratrum,</span> <span class='ocrx_word' id='word_1_753' title='bbox 2474 4613 2594 4685; x_wconf 93' lang='lat' dir='ltr'>qui,</span> <span class='ocrx_word' id='word_1_754' title='bbox 2624 4615 2739 4669; x_wconf 90' lang='lat' dir='ltr'>Deo</span> <span class='ocrx_word' id='word_1_755' title='bbox 2770 4614 2996 4684; x_wconf 88' lang='lat' dir='ltr'>placere</span> <span class='ocrx_word' id='word_1_756' title='bbox 3043 4612 3359 4685; x_wconf 89' lang='lat' dir='ltr'>cupientes,</span> <span class='ocrx_word' id='word_1_757' title='bbox 3388 4627 3565 4666; x_wconf 83' lang='lat' dir='ltr'>mun-</span> 
     </span>
    </p>
   </div>
   <div class='ocr_carea' id='block_1_110' title="bbox 1952 4699 3563 4774">
    <p class='ocr_par' dir='ltr' id='par_1_110' title="bbox 1952 4699 3563 4774">
     <span class='ocr_line' id='line_1_110' title="bbox 1952 4699 3563 4774; baseline -0.001 -19"><span class='ocrx_word' id='word_1_758' title='bbox 1952 4701 2090 4755; x_wconf 90' lang='lat' dir='ltr'>dum</span> <span class='ocrx_word' id='word_1_759' title='bbox 2119 4704 2178 4756; x_wconf 89' lang='lat' dir='ltr'>et</span> <span class='ocrx_word' id='word_1_760' title='bbox 2204 4702 2402 4756; x_wconf 87' lang='lat' dir='ltr'>turbas</span> <span class='ocrx_word' id='word_1_761' title='bbox 2440 4702 2774 4774; x_wconf 83' lang='lat' dir='ltr'>fugiebant;</span> <span class='ocrx_word' id='word_1_762' title='bbox 2828 4705 2885 4758; x_wconf 88' lang='lat' dir='ltr'>et</span> <span class='ocrx_word' id='word_1_763' title='bbox 2925 4720 3000 4758; x_wconf 91' lang='lat' dir='ltr'>ne</span> <span class='ocrx_word' id='word_1_764' title='bbox 3055 4702 3359 4774; x_wconf 87' lang='lat' dir='ltr'>quisquam</span> <span class='ocrx_word' id='word_1_765' title='bbox 3405 4699 3563 4753; x_wconf 88' lang='lat' dir='ltr'>intra</span> 
     </span>
    </p>
   </div>
   <div class='ocr_carea' id='block_1_111' title="bbox 1949 4788 3560 4862">
    <p class='ocr_par' dir='ltr' id='par_1_111' title="bbox 1949 4788 3560 4862">
     <span class='ocr_line' id='line_1_111' title="bbox 1949 4788 3560 4862; baseline -0.004 -19"><span class='ocrx_word' id='word_1_766' title='bbox 1949 4789 2231 4843; x_wconf 88' lang='lat' dir='ltr'>terminos</span> <span class='ocrx_word' id='word_1_767' title='bbox 2269 4790 2526 4861; x_wconf 90' lang='lat' dir='ltr'>ipsorum</span> <span class='ocrx_word' id='word_1_768' title='bbox 2578 4791 2977 4862; x_wconf 90' lang='lat' dir='ltr'>possesssionis</span> <span class='ocrx_word' id='word_1_769' title='bbox 3037 4789 3423 4862; x_wconf 87' lang='lat' dir='ltr'>piscationem</span> <span class='ocrx_word' id='word_1_770' title='bbox 3460 4788 3560 4838; x_wconf 90' lang='lat' dir='ltr'>aut</span> 
     </span>
    </p>
   </div>
   <div class='ocr_carea' id='block_1_112' title="bbox 1949 4871 3561 4949">
    <p class='ocr_par' dir='ltr' id='par_1_112' title="bbox 1949 4871 3561 4949">
     <span class='ocr_line' id='line_1_112' title="bbox 1949 4871 3561 4949; baseline -0.005 -17"><span class='ocrx_word' id='word_1_771' title='bbox 1949 4878 2317 4932; x_wconf 88' lang='lat' dir='ltr'>venationem</span> <span class='ocrx_word' id='word_1_772' title='bbox 2372 4883 2652 4949; x_wconf 85' lang='lat' dir='ltr'>exerceat,</span> <span class='ocrx_word' id='word_1_773' title='bbox 2705 4884 2763 4935; x_wconf 90' lang='lat' dir='ltr'>et</span> <span class='ocrx_word' id='word_1_774' title='bbox 2794 4897 2895 4934; x_wconf 91' lang='lat' dir='ltr'>sua</span> <span class='ocrx_word' id='word_1_775' title='bbox 2942 4878 3219 4934; x_wconf 88' lang='lat' dir='ltr'>animalia</span> <span class='ocrx_word' id='word_1_776' title='bbox 3271 4871 3561 4947; x_wconf 89' lang='lat' dir='ltr'>pascenda</span> 
     </span>
    </p>
   </div>
   <div class='ocr_carea' id='block_1_113' title="bbox 1953 4957 3563 5040">
    <p class='ocr_par' dir='ltr' id='par_1_113' title="bbox 1953 4957 3563 5040">
     <span class='ocr_line' id='line_1_113' title="bbox 1953 4957 3563 5040; baseline -0.006 -21"><span class='ocrx_word' id='word_1_777' title='bbox 1953 4965 2267 5032; x_wconf 83' lang='lat' dir='ltr'>deducat,»</span> <span class='ocrx_word' id='word_1_778' title='bbox 2305 4970 2429 5021; x_wconf 90' lang='lat' dir='ltr'>tum</span> <span class='ocrx_word' id='word_1_779' title='bbox 2459 4985 2527 5021; x_wconf 85' lang='lat' dir='ltr'>ex</span> <span class='ocrx_word' id='word_1_780' title='bbox 2553 4984 2620 5022; x_wconf 91' lang='lat' dir='ltr'>eo</span> <span class='ocrx_word' id='word_1_781' title='bbox 2657 4969 2810 5040; x_wconf 85' lang='lat' dir='ltr'>quod</span> <span class='ocrx_word' id='word_1_782' title='bbox 2838 4968 3047 5022; x_wconf 88' lang='lat' dir='ltr'>Sancto</span> <span class='ocrx_word' id='word_1_783' title='bbox 3079 4967 3315 5036; x_wconf 90' lang='lat' dir='ltr'>ejusque</span> <span class='ocrx_word' id='word_1_784' title='bbox 3372 4957 3563 5025; x_wconf 90' lang='lat' dir='ltr'>sociis,</span> 
     </span>
    </p>
   </div>
   <div class='ocr_carea' id='block_1_114' title="bbox 1952 5048 3567 5127">
    <p class='ocr_par' dir='ltr' id='par_1_114' title="bbox 1952 5048 3567 5127">
     <span class='ocr_line' id='line_1_114' title="bbox 1952 5048 3567 5127; baseline -0.01 -15"><span class='ocrx_word' id='word_1_785' title='bbox 1952 5054 2230 5127; x_wconf 88' lang='lat' dir='ltr'>quidquid</span> <span class='ocrx_word' id='word_1_786' title='bbox 2282 5056 2388 5111; x_wconf 89' lang='lat' dir='ltr'>sibi</span> <span class='ocrx_word' id='word_1_787' title='bbox 2443 5057 2501 5111; x_wconf 93' lang='lat' dir='ltr'>in</span> <span class='ocrx_word' id='word_1_788' title='bbox 2564 5057 2925 5113; x_wconf 86' lang='lat' dir='ltr'>Carthusiam</span> <span class='ocrx_word' id='word_1_789' title='bbox 2972 5054 3117 5125; x_wconf 88' lang='lat' dir='ltr'>juris</span> <span class='ocrx_word' id='word_1_790' title='bbox 3178 5048 3567 5123; x_wconf 87' lang='lat' dir='ltr'>competeret,</span> 
     </span>
    </p>
   </div>
   <div class='ocr_carea' id='block_1_115' title="bbox 1954 5140 3603 5214">
    <p class='ocr_par' dir='ltr' id='par_1_115' title="bbox 1954 5140 3603 5214">
     <span class='ocr_line' id='line_1_115' title="bbox 1954 5140 3603 5214; baseline -0.008 -12"><span class='ocrx_word' id='word_1_791' title='bbox 1954 5148 2137 5203; x_wconf 89' lang='lat' dir='ltr'>libens</span> <span class='ocrx_word' id='word_1_792' title='bbox 2165 5146 2415 5214; x_wconf 87' lang='lat' dir='ltr'>cesserit,</span> <span class='ocrx_word' id='word_1_793' title='bbox 2430 5146 2975 5214; x_wconf 89' lang='lat' dir='ltr'>verosimillimeque</span> <span class='ocrx_word' id='word_1_794' title='bbox 2994 5142 3196 5209; x_wconf 88' lang='lat' dir='ltr'>etiam,</span> <span class='ocrx_word' id='word_1_795' title='bbox 3216 5144 3281 5195; x_wconf 91' lang='lat' dir='ltr'>ut</span> <span class='ocrx_word' id='word_1_796' title='bbox 3302 5140 3603 5193; x_wconf 64' lang='lat' dir='ltr'>Blomeuws</span> 
     </span>
    </p>
   </div>
   <div class='ocr_carea' id='block_1_116' title="bbox 1956 5224 3586 5312">
    <p class='ocr_par' dir='ltr' id='par_1_116' title="bbox 1956 5224 3586 5312">
     <span class='ocr_line' id='line_1_116' title="bbox 1956 5224 3586 5312; baseline -0.009 -22"><span class='ocrx_word' id='word_1_797' title='bbox 1956 5252 2162 5304; x_wconf 89' lang='lat' dir='ltr'>venna,</span> <span class='ocrx_word' id='word_1_798' title='bbox 2218 5237 2539 5291; x_wconf 90' lang='lat' dir='ltr'>Puteanum</span> <span class='ocrx_word' id='word_1_799' title='bbox 2572 5233 2787 5289; x_wconf 87' lang='lat' dir='ltr'>iterum</span> <span class='ocrx_word' id='word_1_800' title='bbox 2815 5231 3072 5301; x_wconf 90' lang='lat' dir='ltr'>aliosque</span> <span class='ocrx_word' id='word_1_801' title='bbox 3105 5228 3307 5285; x_wconf 89' lang='lat' dir='ltr'>Sancti</span> <span class='ocrx_word' id='word_1_802' title='bbox 3339 5224 3586 5312; x_wconf 38' lang='lat' dir='ltr'>biogra-</span> 
     </span>
    </p>
   </div>
   <div class='ocr_carea' id='block_1_117' title="bbox 1959 5306 3600 5402">
    <p class='ocr_par' dir='ltr' id='par_1_117' title="bbox 1959 5306 3600 5402">
     <span class='ocr_line' id='line_1_117' title="bbox 1959 5306 3600 5402; baseline -0.007 -23"><span class='ocrx_word' id='word_1_803' title='bbox 1959 5325 2105 5396; x_wconf 89' lang='lat' dir='ltr'>phos</span> <span class='ocrx_word' id='word_1_804' title='bbox 2134 5324 2239 5378; x_wconf 87' lang='lat' dir='ltr'>sibi</span> <span class='ocrx_word' id='word_1_805' title='bbox 2263 5322 2689 5380; x_wconf 87' lang='lat' dir='ltr'>consentientes</span> <span class='ocrx_word' id='word_1_806' title='bbox 2708 5321 2947 5387; x_wconf 85' lang='lat' dir='ltr'>habens,</span> <span class='ocrx_word' id='word_1_807' title='bbox 2986 5319 3262 5384; x_wconf 84' lang='lat' dir='ltr'>affirmat,</span> <span class='ocrx_word' id='word_1_808' title='bbox 3296 5306 3600 5402; x_wconf 49' lang='lat' dir='ltr'>eﬂ&#39;ecef“.</span> 
     </span>
    </p>
   </div>
   <div class='ocr_carea' id='block_1_118' title="bbox 1963 5398 3623 5485">
    <p class='ocr_par' dir='ltr' id='par_1_118' title="bbox 1963 5398 3623 5485">
     <span class='ocr_line' id='line_1_118' title="bbox 1963 5398 3623 5485; baseline -0.001 -18"><span class='ocrx_word' id='word_1_809' title='bbox 1963 5417 2027 5469; x_wconf 90' lang='lat' dir='ltr'>ut</span> <span class='ocrx_word' id='word_1_810' title='bbox 2053 5414 2167 5480; x_wconf 92' lang='lat' dir='ltr'>alii,</span> <span class='ocrx_word' id='word_1_811' title='bbox 2206 5415 2303 5485; x_wconf 90' lang='lat' dir='ltr'>qui</span> <span class='ocrx_word' id='word_1_812' title='bbox 2341 5414 2399 5469; x_wconf 91' lang='lat' dir='ltr'>in</span> <span class='ocrx_word' id='word_1_813' title='bbox 2447 5408 2723 5469; x_wconf 87' lang='lat' dir='ltr'>eamdem</span> <span class='ocrx_word' id='word_1_814' title='bbox 2780 5425 3044 5465; x_wconf 90' lang='lat' dir='ltr'>eremum</span> <span class='ocrx_word' id='word_1_815' title='bbox 3078 5407 3223 5481; x_wconf 85' lang='lat' dir='ltr'>juris</span> <span class='ocrx_word' id='word_1_816' title='bbox 3277 5398 3623 5477; x_wconf 56' lang='lat' dir='ltr'>quidpiam</span> 
     </span>
    </p>
   </div>
   <div class='ocr_carea' id='block_1_119' title="bbox 1964 5490 3663 5572">
    <p class='ocr_par' dir='ltr' id='par_1_119' title="bbox 1964 5490 3663 5572">
     <span class='ocr_line' id='line_1_119' title="bbox 1964 5490 3663 5572; baseline -0.014 -8"><span class='ocrx_word' id='word_1_817' title='bbox 1964 5502 2276 5572; x_wconf 80' lang='lat' dir='ltr'>haberent,</span> <span class='ocrx_word' id='word_1_818' title='bbox 2334 5501 2387 5557; x_wconf 92' lang='lat' dir='ltr'>ei</span> <span class='ocrx_word' id='word_1_819' title='bbox 2443 5500 2576 5556; x_wconf 87' lang='lat' dir='ltr'>data</span> <span class='ocrx_word' id='word_1_820' title='bbox 2629 5502 2836 5560; x_wconf 88' lang='lat' dir='ltr'>charta</span> <span class='ocrx_word' id='word_1_821' title='bbox 2868 5496 3098 5571; x_wconf 89' lang='lat' dir='ltr'>publica</span> <span class='ocrx_word' id='word_1_822' title='bbox 3127 5496 3188 5554; x_wconf 89' lang='lat' dir='ltr'>in</span> <span class='ocrx_word' id='word_1_823' title='bbox 3241 5495 3300 5551; x_wconf 90' lang='lat' dir='ltr'>S.</span> <span class='ocrx_word' id='word_1_824' title='bbox 3331 5529 3340 5538; x_wconf 76' lang='grc'>.</span> <span class='ocrx_word' id='word_1_825' title='bbox 3369 5490 3663 5545; x_wconf 62' lang='lat' dir='ltr'>Bruno-</span> 
     </span>
    </p>
   </div>
  </div>
