2112 3029
112 83 169 110 309
900 84 989 111 ACTA
1723 91 1774 118 310

112 151 218 171 mense
234 142 350 171 Octobri
364 143 493 179 sequitur
507 150 541 171 ex
564 143 609 172 die
626 145 775 181 designata
805 154 833 174 x1
859 145 920 173 Kal.
933 149 961 179 Α
974 153 1083 181 gresso,
1098 145 1128 173 in
1147 145 1382 175 Siccae-Fontanae
1396 148 1549 176 solitudine
1567 149 1655 177 vitam
1669 151 1773 178 eremi-

113 187 298 215 Novembris.

149 234 214 260 507.
231 242 247 258 «
262 232 342 259 Idem
359 232 521 260 necessario
537 234 752 262 conficiendum
765 237 807 262 est
821 243 854 262 ex
865 234 921 262 alio

111 276 322 310 instrumento,
339 277 416 313 quod
432 279 509 305 extat
524 278 633 305 editum
650 280 689 306 De
705 288 756 306 usu
768 280 921 307 {eodorum

110 320 314 356 Delphinatus,
337 322 417 357 cujus
443 321 558 349 initium
586 325 615 350 et
643 323 708 350 ﬁnis
728 324 767 351 sic
796 324 919 351 habent:

110 375 126 389 »ι
140 365 206 401 Ego
222 365 313 400 Hugo,
336 365 617 401 Gratianopolitauus
643 368 802 404 episcopus,
817 370 921 403 rogatu

112 420 126 434 ι
140 409 351 437 manicarum
364 410 490 437 concessi
506 411 603 438 abbati
616 412 719 439 Bosoni
729 412 920 440 beatecMariae

108 464 125 478 ι»
145 453 375 487 Crudatensis,et
381 455 587 482 successoribus
602 455 660 483 suis
670 458 728 483 tres
740 456 918 483 ecclesias....

111 508 128 522 ι»
137 498 228 525 Facta
241 499 284 525 est
297 498 360 525 haec
375 498 493 526 donatio
507 499 542 526 de
565 500 656 527 tribus
670 501 814 536 praedictis
834 501 921 528 eccle-

109 542 209 570 siis....
234 550 261 569 1v
286 542 382 570 Nonas
406 543 575 570 Novembris
607 553 683 572 anno
711 545 920 572 Incarnationis

110 597 126 611 η
142 586 264 614 Domini
277 588 354 620 mo,
372 595 449 614 anno
468 584 651 623 pontificatus
667 590 776 616 domini
794 589 921 625 Hugonis

110 641 126 656 »ι
144 631 275 667 episcopi
294 639 357 658 xxx.
368 641 383 657 ι»
398 632 472 667 Ergo
488 633 612 660 necdum
626 634 823 670 episcopatum
840 634 919 669 llugo

111 674 220 703 inierat
226 675 279 703 sub
287 675 402 703 initium
410 676 578 704 Novembris
587 678 735 714 annismpe
743 678 809 705 dicti
824 680 921 705 1080.»

108 719 154 747 Ad
169 720 234 748 haec
243 721 285 754 ut,
299 721 377 756 quod
406 720 451 748 hic
466 721 587 748 instituti
604 722 662 749 mei
691 723 765 750 ratio
783 724 919 758 postulat,

110 763 286 800 adiungam,
302 772 368 792 cum
384 765 614 801 Hugoni,utpote
624 775 656 794 ex
668 767 750 794 dictis
764 776 840 795 anno
854 769 920 795 1079

973 190 1070 224 ticam,
1084 191 1125 217 uti
1138 192 1200 226 plus
1215 192 1304 218 semel
1319 200 1335 218 e
1348 193 1576 228 Mahilloniojam
1584 195 1700 221 laudata
1711 203 1775 221 m0-

973 235 1089 262 nasterii
1103 236 1289 263 Molismensis
1301 237 1400 264 charta
1411 237 1499 264 fidem
1515 238 1592 271 facit,
1609 239 1775 274 aliquandiu

973 279 1088 313 duxere,
1104 280 1267 308 institutum
1284 290 1301 308 a
1323 282 1455 309 Brunone
1474 283 1537 309 vitae
1554 291 1645 317 genus
1657 283 1775 310 tandem

972 324 1059 351 etiam
1074 325 1130 351 sive
1145 324 1173 351 in
1191 325 1339 352 Carthusia
1365 326 1420 353 sive
1434 326 1462 353 in
1481 327 1610 354 Calabria
1641 336 1702 354 esse
1717 335 1777 353 am-

971 369 1078 404 plexos,
1096 369 1225 396 Historiae
1241 369 1354 397 litterize
1376 371 1503 398 Francia:
1529 371 1684 406 scriptores
1702 372 1774 398 tom.

971 413 1012 446 1X,
1030 421 1095 449 pag.
1113 415 1159 441 2H
1178 422 1236 441 non
1263 415 1382 441 obscure
1397 414 1535 442 indicant.
1553 415 1594 442 lbi
1619 415 1699 442 enim
1714 414 1774 450 opi-

971 458 1034 485 nari
1048 467 1119 491 sese,
1128 459 1324 492 manifestant,
1334 461 1450 487 Petrum
1458 460 1577 496 quidem
1588 469 1605 487 a
1615 459 1774 495 Petro,qui,

971 502 1100 537 quamvis
1106 503 1242 530 Bethunm
1256 505 1338 530 natus
1345 506 1429 537 esset,
1437 512 1454 531 a
1465 504 1600 531 diuturna
1610 506 1709 531 tamen
1725 512 1776 530 sua

970 547 1000 573 in
1015 547 1133 574 Francia
1148 548 1379 575 commoratione
1400 549 1523 575 Francus
1552 548 1775 584 cognominatus

971 589 1035 623 fuit,
1051 591 1272 627 secundusquea
1283 592 1310 619 S.
1323 593 1458 619 Brunone
1466 592 1521 627 (adi
1530 592 1675 619 Labbcum
1683 592 1776 619 tom.I

971 635 1152 662 Bibliothecae
1166 636 1391 663 novzelibrorum
1400 645 1467 663 mss.
1481 645 1546 672 pag.
1555 635 1775 671 639)Carthusia3

972 679 1050 714 prior
1064 680 1180 713 exstitit,
1196 681 1380 708 Lambertum
1395 683 1493 708 autem
1505 690 1522 708 a
1538 681 1701 715 Lamberto,
1727 679 1776 715 qui

973 723 1126 751 Carthusiae
1144 724 1303 752 Calabrinre
1319 725 1399 760 prior
1413 734 1463 752 seu
1484 725 1622 761 magister
1638 724 1777 760 religiosis

971 768 1056 803 hujus
1077 769 1177 796 incolis
1193 769 1317 804 optimas
1329 770 1407 805 leges
1421 769 1605 805 praescripsit,
1631 769 1776 796 diversum

110 809 216 843 electo,
228 808 404 846 ineunteque
418 818 495 837 anno
511 811 579 837 1080
590 814 756 838 consecrato
772 812 922 839 Gratiano-
936 810 960 839 B
973 820 1030 839 non
1044 821 1115 839 esse.
1126 814 1242 846 Etvero,
1255 822 1320 840 cum
1341 814 1424 841 facile
1436 814 1543 841 factum
1553 821 1614 840 esse
1632 814 1729 848 queat,
1746 814 1777 839 ut

109 853 243 888 politano
259 853 406 890 episcopo,
428 862 504 881 anno
522 856 589 882 lHO
604 855 640 882 ad
656 864 682 882 ιν
707 856 803 883 Nonas
816 864 866 883 seu
885 856 922 883 ad

109 897 270 925 secundum
281 897 448 925 Novembris
463 898 541 925 diem
549 898 611 934 jam
622 901 767 934 provecto,
783 908 875 927 annus
886 900 921 927 ab

109 941 254 969 electione
269 942 541 978 consecrationeque
549 951 606 970 non
624 944 799 979 trigesimus,
810 944 860 971 sed
870 944 921 971 tri-

109 986 241 1022 gesimus
261 986 372 1022 primus
388 986 512 1020 ﬂuxerit,
528 989 558 1014 et
573 989 672 1015 tamen
682 989 920 1022 instrumentum,

109 1030 192 1066 cuius
200 1030 249 1058 hic
262 1030 377 1058 initium
388 1032 417 1057 et
431 1031 520 1058 finem
534 1032 684 1059 Tractatus
695 1032 729 1059 de
746 1032 774 1060 S.
786 1033 919 1060 Brunone

109 1075 213 1102 auctor
220 1082 383 1110 anonymus
389 1075 594 1109 exhibet,anno
605 1076 785 1112 episcopatus
794 1076 920 1112 Hugonis

109 1118 262 1155 trigesimo
274 1119 375 1146 datum
385 1121 512 1153 notetur,
521 1128 700 1156 consequens
712 1122 764 1154 est,
779 1122 809 1148 ut
821 1122 880 1148 tam
890 1120 920 1147 in

110 1163 178 1198 hoc,
192 1171 283 1199 quam
297 1163 327 1190 in
336 1163 437 1197 altero,
450 1172 507 1200 quo
514 1164 603 1200 Guigo
615 1173 713 1192 comes
725 1165 843 1201 ejusque
850 1173 920 1192 uxor

109 1207 254 1236 lathildis
269 1207 368 1235 domui
383 1207 535 1236 Calesiensi
561 1208 714 1242 benefacit,
730 1209 798 1236 anni
810 1209 919 1244 episco-

108 1253 196 1288 patus
207 1252 348 1287 Bugonis,
365 1252 624 1289 Gratianopolitani
648 1253 792 1286 antistitis,
810 1262 869 1280 non
883 1253 918 1281 ah

110 1296 254 1324 electione
269 1295 532 1330 consecrationem,
547 1297 597 1324 sed
613 1297 648 1324 ab
656 1297 734 1324 adita
746 1299 810 1332 post
822 1305 920 1324 conse-

110 1340 276 1369 crationem
288 1341 364 1368 sedis
373 1340 447 1368 illius
460 1341 637 1377 possessione
646 1343 846 1369 numerentur.
855 1342 918 1369 Jam

109 1393 191 1419 vero,
200 1393 269 1412 cum
280 1393 327 1413 res
341 1385 382 1412 ita
392 1385 507 1419 habeat,
523 1385 563 1412 uti
574 1386 707 1413 laudatus
716 1386 920 1413 Carthusianus

109 1437 368 1465 auonymussupra
383 1429 520 1464 afﬁrmat,
528 1438 676 1466 annosque
686 1431 758 1457 adeo
772 1431 919 1466 episcopa-

110 1476 156 1502 tus
168 1474 299 1510 [lagonis
311 1482 371 1502 non
387 1475 424 1502 ab
439 1475 579 1502 electione
593 1475 855 1509 consecrationeve,
870 1475 920 1502 sed

110 1519 147 1547 ab
159 1519 374 1555 aditaprimum
382 1519 561 1555 possessione
572 1519 733 1555 computari
741 1520 841 1547 solitos
850 1519 918 1547 fuis-

109 1571 150 1598 se,
165 1563 283 1592 veritati
293 1571 454 1591 consonum
469 1565 618 1600 appareat,
641 1572 699 1591 non
717 1567 760 1591 est
773 1573 852 1597 sane,
869 1572 920 1591 cur

109 1607 269 1645 supra-huc
279 1608 455 1644 transcripta
468 1608 633 1636 donationis
649 1608 806 1636 Carthusiaa
819 1609 919 1636 charta

110 1652 220 1681 errori:
233 1652 263 1680 in
273 1652 348 1680 notis
356 1652 498 1680 chronicis
504 1654 635 1688 suspecta
647 1653 799 1686 habeatur,
809 1661 920 1680 accuse-

109 1696 192 1724 tui-ve
204 1703 241 1724 ex
248 1703 283 1723 eo
292 1695 370 1732 quod
377 1695 533 1722 Carthusiue
544 1703 675 1722 eremum
685 1704 761 1723 anno
773 1695 918 1731 episcopa-

109 1741 156 1768 tus
170 1739 565 1776 HugonisGratianopolitani
592 1739 724 1767 antistitis
740 1741 842 1775 quarto
857 1748 874 1766 a
889 1739 917 1767 S.

109 1785 247 1812 Brunone
263 1784 382 1820 ejusque
398 1784 480 1812 sociis
495 1784 649 1811 inhabitari
660 1785 784 1820 coeptam
800 1784 917 1819 prodat;

109 1828 189 1866 quod
203 1834 240 1856 ex
255 1836 341 1865 supra
364 1828 447 1856 dictis
466 1837 565 1856 verum
583 1837 642 1856 esse
659 1837 718 1856 non
733 1830 836 1865 potest,
866 1828 919 1855 nisi

108 1873 244 1901 instituto
253 1875 391 1909 computo
398 1881 415 1900 a
423 1874 567 1909 tempore,
582 1881 638 1909 quo
650 1873 730 1908 liugo
740 1873 919 1908 episcopatus

106 1917 323 1957 posseaionem
334 1917 410 1945 iniit.

109 1977 214 2014 ξω.
227 1976 354 2012 Sanctus,
378 1987 394 2005 α
416 1986 518 2006 summa
530 1979 658 2014 pontiﬁce
675 1980 824 2013 arcessitus,
848 1978 917 2006 Car-

114 2013 120 2018 :
145 2013 278 2045 thidum,
288 2014 340 2050 rite
350 2014 410 2049 jam
425 2013 589 2048 ordinatam,
599 2014 798 2050 incolarumque
808 2023 917 2041 numero

277 2048 389 2092 deserere
401 2050 525 2092 cogitur;
540 2050 712 2092 quandonam
721 2048 760 2084 id;
775 2054 799 2078 et
814 2054 917 2086 quanto

141 2084 336 2121 δίκψιιιοηιπι
345 2084 483 2112 Brunonis
501 2084 574 2112 luctu
588 2086 703 2121 factum.

141 2138 209 2167 508.
219 2137 350 2170 Quatuor
358 2139 409 2166 aut
414 2137 554 2174 quinque,
563 2140 613 2166 aut
618 2139 706 2166 etiam
713 2138 896 2175 paucioribus
902 2148 919 2166 a

108 2181 334 2219 Medusque
341 2182 523 2210 sociorumin
534 2182 712 2211 Carthusiam
722 2183 853 2219 ingressu
863 2184 919 2211 ela-

106 2226 168 2264 psis
180 2226 277 2261 annis,
290 2235 325 2255 eo
342 2226 405 2263 jam
418 2227 487 2255 inde
506 2227 606 2261 modo,
624 2228 672 2263 qui
684 2227 749 2255 vitae
762 2228 918 2256 eremiticm

106 2271 239 2300 mulino
250 2271 395 2308 congruit,
406 2271 461 2300 rite
469 2272 578 2306 omnia,
587 2273 648 2300 tum
657 2273 800 2308 quantum
808 2272 845 2300 ad
855 2273 919 2300 reli—

105 2315 260 2353 giosorum
265 2315 357 2344 eremi
365 2315 527 2344 incolarum
532 2316 769 2348 habitacula,tum
776 2318 918 2352 quantum

105 2360 147 2389 ad
169 2358 284 2388 vivendi
296 2368 444 2395 normam,
460 2361 546 2389 fuisse
565 2361 708 2394 ordinata,
725 2361 917 2389 dubitandum

105 2405 317 2441 mappas-et,
331 2404 374 2432 uti
392 2405 482 2433 etiam
513 2405 651 2434 Sanctum
678 2405 798 2442 ejusque
825 2406 917 2434 sccios

104 2449 248 2485 ωριε
253 2447 319 2477 Vite
326 2449 494 2478 austeritate
500 2449 583 2486 juxta
589 2449 822 2478 acSanctimonia
829 2451 917 2485 longe

102 2493 225 2530 Meque
235 2492 524 2530 inelaruisse.Atque
538 2494 605 2522 hinc
619 2494 728 2522 factum
744 2503 821 2528 reor,
838 2496 870 2522 ut
886 2496 915 2522 et

104 2536 244 2567 nonnulli
258 2537 307 2566 alii
322 2538 359 2566 ad
373 2538 514 2567 incultam
522 2540 608 2567 antea
616 2547 648 2567 ac
659 2548 734 2576 pene
740 2540 916 2567 inaccessam

106 2589 246 2611 suum
259 2583 403 2619 venerint,
415 2584 502 2620 atque
515 2583 547 2611 in
561 2584 754 2617 celeberrimi,
779 2584 827 2620 qui
842 2584 917 2612 hanc

105 2625 330 2662 moderabatur,
336 2627 394 2656 Viri
408 2628 614 2665 discipulorum
626 2636 781 2656 numerum
790 2629 918 2664 cooptari

106 2670 286 2709 mhi-int
298 2671 340 2700 Ac
350 2672 445 2709 primo
461 2671 594 2710 quidem,
608 2673 726 2700 Petrum
740 2673 769 2700 et
781 2672 917 2702 Lamber-

106 2717 186 2754 tam;
194 2715 320 2754 ﬂaua
329 2724 396 2749 eum
407 2717 526 2753 Sancto,
543 2716 723 2746 Carthusiam
738 2717 869 2746 nondum
878 2719 920 2747 in-

2 2769 239 2948 La.

973 857 1072 883 Petrus
1088 859 1116 884 et
1131 857 1309 890 Lambertus,
1328 857 1460 893 quiprins
1474 859 1662 884 Brunoneme
1673 857 1774 884 Siccae-

972 900 1107 927 Fontanze
1114 900 1266 928 solitudine
1274 901 1502 936 Gratianopolim
1510 901 1677 934 abeuntem,
1694 900 1775 935 sequi

971 945 1134 978 noluerant,
1149 945 1302 972 consilium
1316 947 1426 981 postea,
1439 954 1504 972 cum
1521 946 1556 972 de
1571 945 1626 972 ﬁxa
1641 954 1657 972 a
1668 945 1773 972 Sancto

971 989 1000 1015 in
1016 989 1164 1016 Carthusia
1174 989 1240 1016 sede
1255 989 1471 1023 inaudivissent,
1489 990 1630 1016 mutarint
1645 990 1730 1024 atque
1747 988 1777 1015 in

971 1032 1119 1060 horridam
1133 1034 1207 1060 hanc
1214 1042 1358 1067 eremum,
1373 1033 1478 1061 Sancto
1486 1034 1645 1067 annuente,
1662 1040 1777 1059 conces-

970 1077 1069 1110 serint,
1086 1077 1180 1113 rcipsa
1202 1077 1232 1104 id
1255 1077 1354 1105 fecisse
1375 1078 1448 1111 illos,
1467 1078 1634 1113 neutiquam
1653 1085 1719 1103 vero
1730 1084 1778 1111 ap-

970 1124 1052 1157 paret
1062 1121 1201 1155 absimile,
1218 1122 1284 1149 licet
1299 1122 1417 1149 interim
1434 1122 1631 1155 Lambertum,
1646 1121 1693 1156 qui
1710 1129 1776 1147 cum

957 1165 1075 1192 ,Sancto
1091 1165 1120 1192 in
1142 1165 1382 1193 Siccae-Fontanus
1398 1166 1552 1193 solitudine
1581 1166 1708 1192 versatus
1723 1166 1775 1197 est,

970 1209 1105 1236 eumdem
1119 1218 1184 1236 eum
1194 1210 1359 1243 Lamberto,
1367 1210 1524 1237 Carthusiue
1532 1209 1691 1237 Calabrinw
1703 1208 1778 1244 prio-

970 1262 1011 1287 re,
1023 1262 1183 1281 asseverare
1196 1262 1254 1281 non
1271 1254 1373 1283 ausim.

1004 1298 1065 1325 509.
1089 1299 1139 1325 Ast
1165 1306 1336 1334 quocunque
1360 1298 1447 1325 modo
1473 1307 1518 1325 res
1541 1298 1655 1332 habeat,
1690 1297 1775 1324 fuisse

969 1342 1116 1378 equidem,
1131 1342 1200 1369 dum
1207 1343 1327 1369 Sanctus
1343 1350 1358 1369 e
1367 1342 1523 1369 Carthusias
1531 1350 1629 1369 eremo
1637 1341 1774 1374 discessit,

970 1386 1120 1422 discipulos
1133 1387 1193 1422 ejus
1203 1395 1326 1414 numero
1341 1387 1448 1421 plures,
1466 1394 1554 1422 quam
1570 1395 1636 1413 curn
1648 1385 1776 1421 primum

968 1431 1043 1458 hanc
1056 1431 1240 1458 solitudinem
1252 1431 1465 1466 ingrederetur,
1479 1430 1601 1457 suadent
1610 1430 1681 1457 mihi
1697 1429 1773 1456 binae

969 1475 1085 1507 chartae,
1102 1474 1177 1502 infra
1192 1475 1313 1510 integra:
1328 1475 1384 1502 huc
1398 1474 1634 1507 transcribendze,
1650 1482 1774 1509 quarum

970 1520 1060 1546 altera
1072 1519 1220 1554 Rogerius,
1229 1518 1366 1546 Calabriae
1377 1520 1406 1545 et
1417 1518 1518 1546 Sicilia:
1528 1526 1635 1552 comes,
1643 1525 1774 1544 eremum

971 1563 1153 1590 Calabrinam
1167 1562 1331 1590 S.Brnnoni
1347 1564 1464 1599 ejusque
1480 1562 1563 1590 sociis
1577 1563 1677 1595 donat,
1685 1562 1776 1589 altera

970 1607 1157 1634 donationem
1176 1608 1251 1637 hanc
1264 1607 1402 1642 Rogerius
1417 1607 1536 1643 Apuliae,
1554 1606 1692 1634 Calabria:
1706 1605 1777 1633 Sici-

969 1651 1071 1686 liaeque
1094 1651 1159 1685 dux,
1181 1652 1261 1686 cujus
1286 1651 1425 1686 Rogerius
1444 1659 1542 1678 comes
1566 1652 1683 1686 patruus
1702 1651 1774 1683 erat,

970 1695 1171 1722 conﬁrmat.lu
1186 1695 1275 1730 priori
1289 1695 1367 1722 enim
1381 1703 1478 1722 comes
1492 1695 1533 1722 ita
1547 1694 1686 1730 loquitur:
1700 1705 1713 1719 «
1724 1695 1777 1721 R0-

970 1739 1029 1774 geri
1035 1748 1065 1766 us
1074 1739 1121 1766 Dei
1132 1739 1226 1775 gratia
1232 1747 1334 1766 omnes
1341 1739 1480 1767 Calabriae
1491 1741 1519 1766 et
1530 1739 1631 1766 Sicilire
1641 1738 1776 1766 omnibus

970 1783 1100 1810 fidelibus
1115 1783 1171 1810 suis
1184 1784 1212 1810 et
1229 1783 1358 1810 Ecclesia:
1371 1783 1421 1810 Dei
1434 1783 1499 1809 ﬁliis
1514 1784 1574 1809 tam
1587 1783 1776 1817 praesentibus

970 1836 1057 1863 quam
1068 1827 1170 1854 futuris
1181 1828 1313 1854 salutem.
1322 1827 1426 1854 Notum
1443 1835 1503 1854 esse
1509 1827 1639 1854 volumus
1645 1826 1777 1853 fraterni-

969 1871 1022 1898 tati
1035 1873 1144 1904 vestrse,
1157 1879 1208 1906 per
1224 1871 1273 1898 Dei
1289 1870 1518 1898 misericordiam
1527 1870 1699 1897 aGalliarum
1708 1878 1774 1906 par-

969 1916 1045 1943 tibus
1055 1915 1092 1942 ad
1104 1916 1255 1951 regionem
1263 1916 1347 1942 istam
1356 1915 1494 1943 Calabriae
1501 1916 1606 1942 sanctae
1616 1914 1774 1950 religionis,

970 1960 1044 1987 viros
1065 1960 1231 1987 Brunonem
1254 1959 1385 1987 videlicet
1395 1961 1424 1987 et
1439 1959 1597 1986 Lanvinum
1612 1967 1678 1985 cum
1694 1958 1776 1986 sociis

969 2013 1070 2032 eorum
1087 2004 1261 2040 pervenisse,
1270 2006 1346 2032 etc.-»
1356 2005 1386 2030 ln
1397 2003 1546 2040 posteriori
1559 2011 1626 2030 vero
1638 2003 1776 2039 Rogcrius

969 2049 1025 2076 dux
1040 2049 1117 2076 hunc
1132 2049 1208 2076 fatur
1218 2049 1248 2075 in
1264 2049 1401 2076 modum:
1412 2059 1425 2073 «
1438 2048 1576 2083 Rogerius
1588 2047 1709 2083 Apuliae,
1723 2047 1775 2075 Ca-

930 2097 957 2126 D
968 2092 1077 2126 labrias,
1094 2092 1197 2120 Siciliae
1213 2093 1262 2120 Dei
1278 2093 1371 2128 gratia
1386 2093 1452 2126 dux,
1483 2091 1618 2120 omnibus
1643 2091 1776 2119 ﬁdelibus

970 2137 1136 2165 Christianis
1141 2137 1330 2173 przesentibus
1336 2136 1634 2165 etfuturisinDomino
1641 2137 1774 2165 salutem.

967 2181 1074 2209 Notum
1090 2189 1150 2209 esse
1165 2182 1296 2209 volumus
1308 2181 1482 2209 fraternitati
1498 2182 1597 2209 vestrae
1614 2181 1649 2209 de
1664 2181 1776 2209 duobus

968 2225 1036 2253 viris
1050 2226 1183 2253 Brunone
1194 2225 1302 2253 scilicet
1317 2227 1345 2253 et
1360 2225 1498 2259 Lanvino,
1521 2225 1569 2262 qui
1584 2227 1691 2253 sanctae
1707 2226 1775 2253 reli-

968 2270 1063 2306 gionis
1078 2269 1171 2297 studio
1183 2270 1293 2298 accensi
1301 2278 1368 2297 cum
1380 2270 1463 2298 sociis
1471 2270 1528 2298 suis
1537 2269 1567 2297 in
1575 2272 1685 2300 terram
1693 2270 1775 2297 Cala-

967 2315 1038 2342 briae
1051 2324 1068 2342 a
1082 2315 1237 2342 Galliarum
1253 2315 1392 2351 partibus,
1409 2315 1582 2350 disponente
1599 2316 1669 2348 Deo,
1687 2322 1774 2341 vene-

968 2361 1046 2392 runt,
1060 2360 1132 2386 etc.»
1141 2359 1261 2387 Sanctus
1286 2368 1367 2396 ergo,
1381 2368 1447 2387 cum
1461 2360 1490 2386 in
1507 2358 1679 2392 Calabriam,
1696 2358 1775 2394 quod

968 2413 1002 2432 ex
1021 2404 1149 2432 dicendis
1165 2413 1223 2432 non
1240 2404 1289 2432 diu
1300 2405 1458 2433 admodum
1474 2404 1510 2431 ab
1522 2403 1583 2438 ejus
1595 2412 1609 2430 e
1625 2401 1776 2430 Cartbusia

968 2457 1084 2484 egressu
1100 2449 1219 2483 factum,
1230 2450 1266 2477 ad
1277 2449 1417 2477 comitem
1426 2448 1581 2484 Rogerium
1593 2445 1776 2480 venit,socios

968 2493 1020 2520 sibi
1045 2493 1164 2540 aliqpot,
1194 2502 1209 2521 e
1225 2494 1313 2521 Gallia
1339 2494 1482 2530 appulsos,
1503 2500 1627 2527 quorum
1652 2491 1681 2518 in
1698 2489 1779 2516 hisce

968 2538 1074 2565 chartis
1088 2537 1198 2565 mentio
1215 2539 1258 2571 ﬁt,
1270 2538 1397 2566 habebat
1410 2537 1559 2571 adjunctos
1573 2545 1579 2570 ;
1596 2544 1699 2573 quare,
1713 2540 1781 2560 cum

969 2591 1042 2610 unus
1057 2584 1158 2610 saltem
1175 2592 1208 2610 ex
1222 2583 1275 2614 his,
1293 2582 1435 2610 Lanvinus
1443 2581 1585 2614 videlicet,
1598 2582 1634 2608 ab
1641 2578 1790 2609 omnibus

970 2636 1018 2655 sex
1031 2627 1126 2655 Sancti
1137 2626 1390 2661 sociis,Carthusiae
1397 2634 1528 2654 eremum
1535 2634 1601 2654 cum
1608 2634 1642 2653 eo
1648 2624 1798 2661 primum

971 2672 1117 2709 ingressis,
1147 2674 1183 2702 sit
1207 2673 1347 2707 diversus,
1375 2672 1584 2700 consectarium
1612 2671 1655 2704 fit,
1687 2664 1813 2694 Sam!“

975 2717 1140 2754 discipulos,
1156 2719 1225 2747 dum
1237 2715 1284 2744 hic
1297 2724 1315 2744 e
1331 2716 1486 2747 Carthusiaa
1499 2724 1599 2746 eremo
1614 2711 1827 2752 pontiﬁcem
