  <div class='ocr_page' id='page_1' title='image "/cluster/home/n/w/nwhite01/storage/ocr_20150623/152/hvd.32044054760103/161.png"; bbox 0 0 4224 6058; ppageno 0'>
   <div class='ocr_carea' id='block_1_1' title="bbox 614 295 713 351">
    <p class='ocr_par' dir='ltr' id='par_1_1' title="bbox 614 295 713 351">
     <span class='ocr_line' id='line_1_1' title="bbox 614 295 713 351; baseline 0.02 -2"><span class='ocrx_word' id='word_1_1' title='bbox 614 295 713 351; x_wconf 82' lang='grc'>311</span> 
     </span>
    </p>
   </div>
   <div class='ocr_carea' id='block_1_2' title="bbox 1466 290 3069 351">
    <p class='ocr_par' dir='ltr' id='par_1_2' title="bbox 1466 290 3069 351">
     <span class='ocr_line' id='line_1_2' title="bbox 1466 290 3069 351; baseline 0 0"><span class='ocrx_word' id='word_1_2' title='bbox 1466 293 1525 351; x_wconf 89' lang='lat' dir='ltr'><strong>S.</strong></span> <span class='ocrx_word' id='word_1_3' title='bbox 1556 291 1900 351; x_wconf 81' lang='lat' dir='ltr'><strong>BRUNONIS</strong></span> <span class='ocrx_word' id='word_1_4' title='bbox 1944 291 2575 350; x_wconf 75' lang='lat' dir='ltr'><strong>CARTHUSIANORUM</strong></span> <span class='ocrx_word' id='word_1_5' title='bbox 2601 290 3069 351; x_wconf 70' lang='lat' dir='ltr'><strong>INSTITUTORJS</strong></span> 
     </span>
    </p>
   </div>
   <div class='ocr_carea' id='block_1_3' title="bbox 3824 294 3943 351">
    <p class='ocr_par' dir='ltr' id='par_1_3' title="bbox 3824 294 3943 351">
     <span class='ocr_line' id='line_1_3' title="bbox 3824 294 3943 351; baseline 0.008 -1"><span class='ocrx_word' id='word_1_6' title='bbox 3824 294 3943 351; x_wconf 79' lang='grc'>312</span> 
     </span>
    </p>
   </div>
   <div class='ocr_carea' id='block_1_4' title="bbox 620 414 3940 491">
    <p class='ocr_par' dir='ltr' id='par_1_4' title="bbox 620 414 3940 491">
     <span class='ocr_line' id='line_1_4' title="bbox 620 414 3940 491; baseline -0.001 -17"><span class='ocrx_word' id='word_1_7' title='bbox 620 417 881 474; x_wconf 78' lang='lat' dir='ltr'><strong>aditurus</strong></span> <span class='ocrx_word' id='word_1_8' title='bbox 892 414 1480 483; x_wconf 84' lang='lat' dir='ltr'><strong>discederet,numero</strong></span> <span class='ocrx_word' id='word_1_9' title='bbox 1496 420 1688 491; x_wconf 83' lang='lat' dir='ltr'><strong>plures</strong></span> <span class='ocrx_word' id='word_1_10' title='bbox 1702 416 2073 489; x_wconf 83' lang='lat' dir='ltr'><strong>fuisse,quam</strong></span> <span class='ocrx_word' id='word_1_11' title='bbox 2088 435 2221 473; x_wconf 91' lang='lat' dir='ltr'><strong>cum</strong></span> <span class='ocrx_word' id='word_1_12' title='bbox 2238 421 2294 480; x_wconf 86' lang='grc' dir='ltr'><strong>Α</strong></span> <span class='ocrx_word' id='word_1_13' title='bbox 2316 434 2440 473; x_wconf 90' lang='lat' dir='ltr'><strong>sese</strong></span> <span class='ocrx_word' id='word_1_14' title='bbox 2469 415 2777 483; x_wconf 89' lang='lat' dir='ltr'><strong>conferret,</strong></span> <span class='ocrx_word' id='word_1_15' title='bbox 2807 418 3162 473; x_wconf 81' lang='lat' dir='ltr'><strong>severissime</strong></span> <span class='ocrx_word' id='word_1_16' title='bbox 3201 417 3275 472; x_wconf 89' lang='lat' dir='ltr'><strong>ab</strong></span> <span class='ocrx_word' id='word_1_17' title='bbox 3302 417 3535 472; x_wconf 89' lang='lat' dir='ltr'><strong>Urbano</strong></span> <span class='ocrx_word' id='word_1_18' title='bbox 3563 416 3610 470; x_wconf 90' lang='grc' dir='ltr'><strong>Π</strong></span> <span class='ocrx_word' id='word_1_19' title='bbox 3654 432 3831 489; x_wconf 86' lang='lat' dir='ltr'><strong>papa,</strong></span> <span class='ocrx_word' id='word_1_20' title='bbox 3857 417 3940 472; x_wconf 88' lang='lat' dir='ltr'><strong>ad</strong></span> 
     </span>
    </p>
   </div>
   <div class='ocr_carea' id='block_1_5' title="bbox 618 505 2219 579">
    <p class='ocr_par' dir='ltr' id='par_1_5' title="bbox 618 505 2219 579">
     <span class='ocr_line' id='line_1_5' title="bbox 618 505 2219 579; baseline 0 -18"><span class='ocrx_word' id='word_1_21' title='bbox 618 505 991 561; x_wconf 90' lang='lat' dir='ltr'><strong>solitudinem</strong></span> <span class='ocrx_word' id='word_1_22' title='bbox 1024 523 1153 561; x_wconf 91' lang='lat' dir='ltr'><strong>eam</strong></span> <span class='ocrx_word' id='word_1_23' title='bbox 1176 507 1429 579; x_wconf 89' lang='lat' dir='ltr'><strong>primum</strong></span> <span class='ocrx_word' id='word_1_24' title='bbox 1448 507 1877 579; x_wconf 77' lang='lat' dir='ltr'><strong>ingrederetur;</strong></span> <span class='ocrx_word' id='word_1_25' title='bbox 1904 507 2219 562; x_wconf 89' lang='lat' dir='ltr'><strong>Lanvinum</strong></span> 
     </span>
    </p>
   </div>
   <div class='ocr_carea' id='block_1_6' title="bbox 618 596 2218 662">
    <p class='ocr_par' dir='ltr' id='par_1_6' title="bbox 618 596 2218 662">
     <span class='ocr_line' id='line_1_6' title="bbox 618 596 2218 662; baseline 0.001 -13"><span class='ocrx_word' id='word_1_26' title='bbox 618 600 837 658; x_wconf 89' lang='lat' dir='ltr'><strong>autem,</strong></span> <span class='ocrx_word' id='word_1_27' title='bbox 858 597 913 650; x_wconf 91' lang='lat' dir='ltr'><strong>in</strong></span> <span class='ocrx_word' id='word_1_28' title='bbox 930 596 1078 649; x_wconf 83' lang='lat' dir='ltr'><strong>binis</strong></span> <span class='ocrx_word' id='word_1_29' title='bbox 1094 596 1335 650; x_wconf 81' lang='lat' dir='ltr'><strong>laudatis</strong></span> <span class='ocrx_word' id='word_1_30' title='bbox 1350 597 1559 651; x_wconf 86' lang='lat' dir='ltr'><strong>chartis</strong></span> <span class='ocrx_word' id='word_1_31' title='bbox 1582 600 1992 662; x_wconf 88' lang='lat' dir='ltr'><strong>memoratum,</strong></span> <span class='ocrx_word' id='word_1_32' title='bbox 2008 597 2079 650; x_wconf 91' lang='lat' dir='ltr'><strong>ab</strong></span> <span class='ocrx_word' id='word_1_33' title='bbox 2093 614 2218 650; x_wconf 90' lang='lat' dir='ltr'><strong>om-</strong></span> 
     </span>
    </p>
   </div>
   <div class='ocr_carea' id='block_1_7' title="bbox 620 683 2219 755">
    <p class='ocr_par' dir='ltr' id='par_1_7' title="bbox 620 683 2219 755">
     <span class='ocr_line' id='line_1_7' title="bbox 620 683 2219 755; baseline 0 -18"><span class='ocrx_word' id='word_1_34' title='bbox 620 683 788 737; x_wconf 85' lang='lat' dir='ltr'><strong>nibus</strong></span> <span class='ocrx_word' id='word_1_35' title='bbox 814 700 908 737; x_wconf 90' lang='lat' dir='ltr'><strong>sex</strong></span> <span class='ocrx_word' id='word_1_36' title='bbox 943 684 1107 737; x_wconf 90' lang='lat' dir='ltr'><strong>dictis</strong></span> <span class='ocrx_word' id='word_1_37' title='bbox 1145 684 1339 738; x_wconf 78' lang='lat' dir='ltr'><strong>Sancti</strong></span> <span class='ocrx_word' id='word_1_38' title='bbox 1385 685 1570 749; x_wconf 84' lang='lat' dir='ltr'><strong>sociis,</strong></span> <span class='ocrx_word' id='word_1_39' title='bbox 1594 702 1691 738; x_wconf 90' lang='lat' dir='ltr'><strong>seu</strong></span> <span class='ocrx_word' id='word_1_40' title='bbox 1723 685 1931 755; x_wconf 91' lang='lat' dir='ltr'><strong>potius,</strong></span> <span class='ocrx_word' id='word_1_41' title='bbox 1946 685 2101 755; x_wconf 87' lang='lat' dir='ltr'><strong>quod</strong></span> <span class='ocrx_word' id='word_1_42' title='bbox 2130 685 2219 738; x_wconf 88' lang='lat' dir='ltr'><strong>hic</strong></span> 
     </span>
    </p>
   </div>
   <div class='ocr_carea' id='block_1_8' title="bbox 616 772 2218 844">
    <p class='ocr_par' dir='ltr' id='par_1_8' title="bbox 616 772 2218 844">
     <span class='ocr_line' id='line_1_8' title="bbox 616 772 2218 844; baseline 0.001 -19"><span class='ocrx_word' id='word_1_43' title='bbox 616 772 978 843; x_wconf 85' lang='lat' dir='ltr'><strong>potissimum</strong></span> <span class='ocrx_word' id='word_1_44' title='bbox 998 773 1233 827; x_wconf 90' lang='lat' dir='ltr'><strong>dubium</strong></span> <span class='ocrx_word' id='word_1_45' title='bbox 1258 790 1371 828; x_wconf 88' lang='lat' dir='ltr'><strong>non</strong></span> <span class='ocrx_word' id='word_1_46' title='bbox 1386 774 1607 828; x_wconf 89' lang='lat' dir='ltr'><strong>nemini</strong></span> <span class='ocrx_word' id='word_1_47' title='bbox 1629 774 1804 827; x_wconf 87' lang='lat' dir='ltr'><strong>videri</strong></span> <span class='ocrx_word' id='word_1_48' title='bbox 1823 776 2055 844; x_wconf 88' lang='lat' dir='ltr'><strong>queat,a</strong></span> <span class='ocrx_word' id='word_1_49' title='bbox 2074 774 2218 827; x_wconf 89' lang='lat' dir='ltr'><strong>Lan—</strong></span> 
     </span>
    </p>
   </div>
   <div class='ocr_carea' id='block_1_9' title="bbox 616 859 2219 928">
    <p class='ocr_par' dir='ltr' id='par_1_9' title="bbox 616 859 2219 928">
     <span class='ocr_line' id='line_1_9' title="bbox 616 859 2219 928; baseline 0.002 -16"><span class='ocrx_word' id='word_1_50' title='bbox 616 859 793 914; x_wconf 88' lang='lat' dir='ltr'><strong>duino</strong></span> <span class='ocrx_word' id='word_1_51' title='bbox 825 876 945 913; x_wconf 87' lang='lat' dir='ltr'><strong>esse</strong></span> <span class='ocrx_word' id='word_1_52' title='bbox 977 861 1284 927; x_wconf 88' lang='lat' dir='ltr'><strong>diversum,</strong></span> <span class='ocrx_word' id='word_1_53' title='bbox 1324 861 1399 917; x_wconf 87' lang='lat' dir='ltr'><strong>sic</strong></span> <span class='ocrx_word' id='word_1_54' title='bbox 1430 862 1705 917; x_wconf 85' lang='lat' dir='ltr'><strong>ostendo:</strong></span> <span class='ocrx_word' id='word_1_55' title='bbox 1756 861 2017 928; x_wconf 90' lang='lat' dir='ltr'><strong>Sanctus,</strong></span> <span class='ocrx_word' id='word_1_56' title='bbox 2046 861 2127 915; x_wconf 85' lang='lat' dir='ltr'><strong>uti</strong></span> <span class='ocrx_word' id='word_1_57' title='bbox 2152 879 2219 915; x_wconf 83' lang='lat' dir='ltr'><strong>ex</strong></span> 
     </span>
    </p>
   </div>
   <div class='ocr_carea' id='block_1_10' title="bbox 616 947 2216 1022">
    <p class='ocr_par' dir='ltr' id='par_1_10' title="bbox 616 947 2216 1022">
     <span class='ocr_line' id='line_1_10' title="bbox 616 947 2216 1022; baseline 0.001 -21"><span class='ocrx_word' id='word_1_58' title='bbox 616 947 872 1002; x_wconf 86' lang='lat' dir='ltr'><strong>dicendis</strong></span> <span class='ocrx_word' id='word_1_59' title='bbox 898 952 1171 1019; x_wconf 86' lang='lat' dir='ltr'><strong>patescet,</strong></span> <span class='ocrx_word' id='word_1_60' title='bbox 1201 967 1317 1003; x_wconf 92' lang='lat' dir='ltr'><strong>non</strong></span> <span class='ocrx_word' id='word_1_61' title='bbox 1340 951 1497 1022; x_wconf 90' lang='lat' dir='ltr'><strong>prius</strong></span> <span class='ocrx_word' id='word_1_62' title='bbox 1535 967 1666 1004; x_wconf 92' lang='lat' dir='ltr'><strong>cum</strong></span> <span class='ocrx_word' id='word_1_63' title='bbox 1698 950 2022 1004; x_wconf 89' lang='lat' dir='ltr'><strong>Lanvinoin</strong></span> <span class='ocrx_word' id='word_1_64' title='bbox 2057 949 2216 1004; x_wconf 90' lang='lat' dir='ltr'><strong>Cala-</strong></span> 
     </span>
    </p>
   </div>
   <div class='ocr_carea' id='block_1_11' title="bbox 613 1036 2217 1111">
    <p class='ocr_par' dir='ltr' id='par_1_11' title="bbox 613 1036 2217 1111">
     <span class='ocr_line' id='line_1_11' title="bbox 613 1036 2217 1111; baseline 0 -21"><span class='ocrx_word' id='word_1_65' title='bbox 613 1036 844 1091; x_wconf 88' lang='lat' dir='ltr'><strong>brinam</strong></span> <span class='ocrx_word' id='word_1_66' title='bbox 872 1054 1133 1091; x_wconf 90' lang='lat' dir='ltr'><strong>eremum</strong></span> <span class='ocrx_word' id='word_1_67' title='bbox 1156 1039 1686 1111; x_wconf 83' lang='lat' dir='ltr'><strong>secessit,dictisque</strong></span> <span class='ocrx_word' id='word_1_68' title='bbox 1707 1039 1855 1093; x_wconf 88' lang='lat' dir='ltr'><strong>binis</strong></span> <span class='ocrx_word' id='word_1_69' title='bbox 1884 1038 2094 1093; x_wconf 87' lang='lat' dir='ltr'><strong>chartis</strong></span> <span class='ocrx_word' id='word_1_70' title='bbox 2110 1036 2217 1091; x_wconf 90' lang='lat' dir='ltr'><strong>sibi</strong></span> 
     </span>
    </p>
   </div>
   <div class='ocr_carea' id='block_1_12' title="bbox 611 1124 2214 1199">
    <p class='ocr_par' dir='ltr' id='par_1_12' title="bbox 611 1124 2214 1199">
     <span class='ocr_line' id='line_1_12' title="bbox 611 1124 2214 1199; baseline 0.001 -21"><span class='ocrx_word' id='word_1_71' title='bbox 611 1124 771 1179; x_wconf 86' lang='lat' dir='ltr'><strong>illam</strong></span> <span class='ocrx_word' id='word_1_72' title='bbox 821 1126 1027 1180; x_wconf 88' lang='lat' dir='ltr'><strong>donari</strong></span> <span class='ocrx_word' id='word_1_73' title='bbox 1055 1143 1118 1181; x_wconf 90' lang='lat' dir='ltr'><strong>ac</strong></span> <span class='ocrx_word' id='word_1_74' title='bbox 1150 1128 1481 1182; x_wconf 84' lang='lat' dir='ltr'><strong>confirmari</strong></span> <span class='ocrx_word' id='word_1_75' title='bbox 1509 1128 1857 1199; x_wconf 79' lang='lat' dir='ltr'><strong>impetravit,</strong></span> <span class='ocrx_word' id='word_1_76' title='bbox 1877 1143 2050 1198; x_wconf 89' lang='lat' dir='ltr'><strong>quam</strong></span> <span class='ocrx_word' id='word_1_77' title='bbox 2083 1143 2214 1180; x_wconf 91' lang='lat' dir='ltr'><strong>cum</strong></span> 
     </span>
    </p>
   </div>
   <div class='ocr_carea' id='block_1_13' title="bbox 610 1212 2217 1289">
    <p class='ocr_par' dir='ltr' id='par_1_13' title="bbox 610 1212 2217 1289">
     <span class='ocr_line' id='line_1_13' title="bbox 610 1212 2217 1289; baseline 0.001 -24"><span class='ocrx_word' id='word_1_78' title='bbox 610 1212 970 1268; x_wconf 86' lang='lat' dir='ltr'><strong>Carthusiam</strong></span> <span class='ocrx_word' id='word_1_79' title='bbox 1000 1215 1309 1285; x_wconf 86' lang='lat' dir='ltr'><strong>majorem,</strong></span> <span class='ocrx_word' id='word_1_80' title='bbox 1356 1233 1532 1289; x_wconf 88' lang='lat' dir='ltr'><strong>quam</strong></span> <span class='ocrx_word' id='word_1_81' title='bbox 1560 1217 1955 1281; x_wconf 84' lang='lat' dir='ltr'><strong>deseruerant,</strong></span> <span class='ocrx_word' id='word_1_82' title='bbox 1975 1213 2217 1269; x_wconf 87' lang='lat' dir='ltr'><strong>Landui-</strong></span> 
     </span>
    </p>
   </div>
   <div class='ocr_carea' id='block_1_14' title="bbox 609 1303 2215 1374">
    <p class='ocr_par' dir='ltr' id='par_1_14' title="bbox 609 1303 2215 1374">
     <span class='ocr_line' id='line_1_14' title="bbox 609 1303 2215 1374; baseline 0.001 -19"><span class='ocrx_word' id='word_1_83' title='bbox 609 1318 717 1355; x_wconf 87' lang='lat' dir='ltr'><strong>nus</strong></span> <span class='ocrx_word' id='word_1_84' title='bbox 744 1319 859 1356; x_wconf 91' lang='lat' dir='ltr'><strong>una</strong></span> <span class='ocrx_word' id='word_1_85' title='bbox 878 1319 1011 1357; x_wconf 90' lang='lat' dir='ltr'><strong>cum</strong></span> <span class='ocrx_word' id='word_1_86' title='bbox 1043 1303 1353 1374; x_wconf 84' lang='lat' dir='ltr'><strong>discipulis,</strong></span> <span class='ocrx_word' id='word_1_87' title='bbox 1382 1322 1480 1359; x_wconf 89' lang='lat' dir='ltr'><strong>seu</strong></span> <span class='ocrx_word' id='word_1_88' title='bbox 1504 1304 1929 1369; x_wconf 88' lang='lat' dir='ltr'><strong>Carthusianus,</strong></span> <span class='ocrx_word' id='word_1_89' title='bbox 1951 1303 2158 1374; x_wconf 86' lang='lat' dir='ltr'><strong>quibus</strong></span> <span class='ocrx_word' id='word_1_90' title='bbox 2181 1318 2215 1356; x_wconf 90' lang='lat' dir='ltr'><strong>a</strong></span> 
     </span>
    </p>
   </div>
   <div class='ocr_carea' id='block_1_15' title="bbox 605 1387 2210 1465">
    <p class='ocr_par' dir='ltr' id='par_1_15' title="bbox 605 1387 2210 1465">
     <span class='ocr_line' id='line_1_15' title="bbox 605 1387 2210 1465; baseline 0.002 -23"><span class='ocrx_word' id='word_1_91' title='bbox 605 1387 663 1442; x_wconf 92' lang='lat' dir='ltr'><strong>S.</strong></span> <span class='ocrx_word' id='word_1_92' title='bbox 686 1390 953 1445; x_wconf 90' lang='lat' dir='ltr'><strong>Brunone</strong></span> <span class='ocrx_word' id='word_1_93' title='bbox 969 1391 1157 1445; x_wconf 86' lang='lat' dir='ltr'><strong>fuerat</strong></span> <span class='ocrx_word' id='word_1_94' title='bbox 1174 1392 1494 1462; x_wconf 75' lang='lat' dir='ltr'><strong>praefectus,</strong></span> <span class='ocrx_word' id='word_1_95' title='bbox 1510 1393 1849 1465; x_wconf 88' lang='lat' dir='ltr'><strong>repetiisset,</strong></span> <span class='ocrx_word' id='word_1_96' title='bbox 1871 1395 1933 1446; x_wconf 86' lang='lat' dir='ltr'><strong>ut</strong></span> <span class='ocrx_word' id='word_1_97' title='bbox 1947 1390 2210 1463; x_wconf 85' lang='lat' dir='ltr'><strong>proinde,</strong></span> 
     </span>
    </p>
   </div>
   <div class='ocr_carea' id='block_1_16' title="bbox 604 1477 1926 1549">
    <p class='ocr_par' dir='ltr' id='par_1_16' title="bbox 604 1477 1926 1549">
     <span class='ocr_line' id='line_1_16' title="bbox 604 1477 1926 1549; baseline 0.002 -18"><span class='ocrx_word' id='word_1_98' title='bbox 604 1477 759 1531; x_wconf 90' lang='lat' dir='ltr'><strong>hunc</strong></span> <span class='ocrx_word' id='word_1_99' title='bbox 791 1478 862 1531; x_wconf 91' lang='lat' dir='ltr'><strong>ab</strong></span> <span class='ocrx_word' id='word_1_100' title='bbox 892 1477 989 1532; x_wconf 92' lang='lat' dir='ltr'><strong>illo</strong></span> <span class='ocrx_word' id='word_1_101' title='bbox 1023 1478 1307 1534; x_wconf 87' lang='lat' dir='ltr'><strong>diversum</strong></span> <span class='ocrx_word' id='word_1_102' title='bbox 1341 1498 1484 1549; x_wconf 87' lang='lat' dir='ltr'><strong>esse,</strong></span> <span class='ocrx_word' id='word_1_103' title='bbox 1508 1482 1581 1534; x_wconf 91' lang='lat' dir='ltr'><strong>sit</strong></span> <span class='ocrx_word' id='word_1_104' title='bbox 1609 1497 1926 1534; x_wconf 90' lang='lat' dir='ltr'><strong>necessum.</strong></span> 
     </span>
    </p>
   </div>
   <div class='ocr_carea' id='block_1_17' title="bbox 676 1566 2211 1641">
    <p class='ocr_par' dir='ltr' id='par_1_17' title="bbox 676 1566 2211 1641">
     <span class='ocr_line' id='line_1_17' title="bbox 676 1566 2211 1641; baseline 0.001 -22"><span class='ocrx_word' id='word_1_105' title='bbox 676 1569 800 1620; x_wconf 86' lang='grc'>510.</span> <span class='ocrx_word' id='word_1_106' title='bbox 822 1567 907 1619; x_wconf 81' lang='lat' dir='ltr'><strong>Ad</strong></span> <span class='ocrx_word' id='word_1_107' title='bbox 939 1568 1061 1621; x_wconf 86' lang='lat' dir='ltr'><strong>hac</strong></span> <span class='ocrx_word' id='word_1_108' title='bbox 1094 1569 1399 1636; x_wconf 89' lang='lat' dir='ltr'><strong>Lanvinus,</strong></span> <span class='ocrx_word' id='word_1_109' title='bbox 1433 1570 1528 1641; x_wconf 87' lang='lat' dir='ltr'><strong>qui</strong></span> <span class='ocrx_word' id='word_1_110' title='bbox 1555 1587 1687 1624; x_wconf 88' lang='lat' dir='ltr'><strong>cum</strong></span> <span class='ocrx_word' id='word_1_111' title='bbox 1710 1569 1919 1624; x_wconf 88' lang='lat' dir='ltr'><strong>Sancto</strong></span> <span class='ocrx_word' id='word_1_112' title='bbox 1951 1568 2010 1621; x_wconf 92' lang='lat' dir='ltr'><strong>in</strong></span> <span class='ocrx_word' id='word_1_113' title='bbox 2055 1566 2211 1621; x_wconf 88' lang='lat' dir='ltr'><strong>Cala-</strong></span> 
     </span>
    </p>
   </div>
   <div class='ocr_carea' id='block_1_18' title="bbox 600 1652 2208 1725">
    <p class='ocr_par' dir='ltr' id='par_1_18' title="bbox 600 1652 2208 1725">
     <span class='ocr_line' id='line_1_18' title="bbox 600 1652 2208 1725; baseline 0.002 -19"><span class='ocrx_word' id='word_1_114' title='bbox 600 1652 832 1707; x_wconf 87' lang='lat' dir='ltr'><strong>brinam</strong></span> <span class='ocrx_word' id='word_1_115' title='bbox 863 1671 1125 1710; x_wconf 90' lang='lat' dir='ltr'><strong>eremum</strong></span> <span class='ocrx_word' id='word_1_116' title='bbox 1153 1658 1401 1725; x_wconf 88' lang='lat' dir='ltr'><strong>secessit,</strong></span> <span class='ocrx_word' id='word_1_117' title='bbox 1456 1658 1515 1712; x_wconf 91' lang='lat' dir='ltr'><strong>in</strong></span> <span class='ocrx_word' id='word_1_118' title='bbox 1548 1657 1925 1724; x_wconf 77' lang='lat' dir='ltr'><strong>Normannia,</strong></span> <span class='ocrx_word' id='word_1_119' title='bbox 1957 1656 2208 1711; x_wconf 87' lang='lat' dir='ltr'><strong>Francia</strong></span> 
     </span>
    </p>
   </div>
   <div class='ocr_carea' id='block_1_19' title="bbox 2319 504 3937 579">
    <p class='ocr_par' dir='ltr' id='par_1_19' title="bbox 2319 504 3937 579">
     <span class='ocr_line' id='line_1_19' title="bbox 2319 504 3937 579; baseline -0.001 -17"><span class='ocrx_word' id='word_1_120' title='bbox 2319 507 2709 579; x_wconf 84' lang='lat' dir='ltr'><strong>pontificalem</strong></span> <span class='ocrx_word' id='word_1_121' title='bbox 2742 507 2963 576; x_wconf 85' lang='lat' dir='ltr'><strong>apicem</strong></span> <span class='ocrx_word' id='word_1_122' title='bbox 2986 525 3138 562; x_wconf 92' lang='lat' dir='ltr'><strong>anno</strong></span> <span class='ocrx_word' id='word_1_123' title='bbox 3174 509 3305 561; x_wconf 82' lang='lat' dir='ltr'><strong>l088</strong></span> <span class='ocrx_word' id='word_1_124' title='bbox 3340 508 3557 569; x_wconf 80' lang='lat' dir='ltr'><strong>evecto,</strong></span> <span class='ocrx_word' id='word_1_125' title='bbox 3582 504 3937 577; x_wconf 85' lang='lat' dir='ltr'><strong>injungeba-</strong></span> 
     </span>
    </p>
   </div>
   <div class='ocr_carea' id='block_1_20' title="bbox 2323 594 3941 666">
    <p class='ocr_par' dir='ltr' id='par_1_20' title="bbox 2323 594 3941 666">
     <span class='ocr_line' id='line_1_20' title="bbox 2323 594 3941 666; baseline -0.001 -18"><span class='ocrx_word' id='word_1_126' title='bbox 2323 600 2434 649; x_wconf 88' lang='lat' dir='ltr'><strong>tur.</strong></span> <span class='ocrx_word' id='word_1_127' title='bbox 2470 596 2568 649; x_wconf 87' lang='lat' dir='ltr'><strong>Hic</strong></span> <span class='ocrx_word' id='word_1_128' title='bbox 2599 596 2738 649; x_wconf 90' lang='lat' dir='ltr'><strong>olim</strong></span> <span class='ocrx_word' id='word_1_129' title='bbox 2776 595 2967 649; x_wconf 86' lang='lat' dir='ltr'><strong>Sancti</strong></span> <span class='ocrx_word' id='word_1_130' title='bbox 2999 595 3179 650; x_wconf 85' lang='lat' dir='ltr'><strong>nostri</strong></span> <span class='ocrx_word' id='word_1_131' title='bbox 3223 595 3438 659; x_wconf 84' lang='lat' dir='ltr'><strong>Remis,</strong></span> <span class='ocrx_word' id='word_1_132' title='bbox 3495 597 3557 647; x_wconf 90' lang='lat' dir='ltr'><strong>ut</strong></span> <span class='ocrx_word' id='word_1_133' title='bbox 3579 594 3708 664; x_wconf 88' lang='lat' dir='ltr'><strong>jam</strong></span> <span class='ocrx_word' id='word_1_134' title='bbox 3758 611 3941 666; x_wconf 85' lang='lat' dir='ltr'><strong>supra</strong></span> 
     </span>
    </p>
   </div>
   <div class='ocr_carea' id='block_1_21' title="bbox 2321 682 3936 756">
    <p class='ocr_par' dir='ltr' id='par_1_21' title="bbox 2321 682 3936 756">
     <span class='ocr_line' id='line_1_21' title="bbox 2321 682 3936 756; baseline -0.001 -18"><span class='ocrx_word' id='word_1_135' title='bbox 2321 685 2508 749; x_wconf 90' lang='lat' dir='ltr'><strong>docui,</strong></span> <span class='ocrx_word' id='word_1_136' title='bbox 2541 685 2727 738; x_wconf 84' lang='lat' dir='ltr'><strong>fuerat</strong></span> <span class='ocrx_word' id='word_1_137' title='bbox 2768 684 3090 756; x_wconf 80' lang='lat' dir='ltr'><strong>discipulus,</strong></span> <span class='ocrx_word' id='word_1_138' title='bbox 3125 684 3372 755; x_wconf 88' lang='lat' dir='ltr'><strong>hincque</strong></span> <span class='ocrx_word' id='word_1_139' title='bbox 3404 700 3603 737; x_wconf 88' lang='lat' dir='ltr'><strong>raram</strong></span> <span class='ocrx_word' id='word_1_140' title='bbox 3657 682 3761 736; x_wconf 87' lang='lat' dir='ltr'><strong>viri</strong></span> <span class='ocrx_word' id='word_1_141' title='bbox 3795 700 3936 754; x_wconf 87' lang='lat' dir='ltr'><strong>pru-</strong></span> 
     </span>
    </p>
   </div>
   <div class='ocr_carea' id='block_1_22' title="bbox 2322 771 3937 843">
    <p class='ocr_par' dir='ltr' id='par_1_22' title="bbox 2322 771 3937 843">
     <span class='ocr_line' id='line_1_22' title="bbox 2322 771 3937 843; baseline 0.001 -18"><span class='ocrx_word' id='word_1_142' title='bbox 2322 772 2576 827; x_wconf 87' lang='lat' dir='ltr'><strong>dentiam</strong></span> <span class='ocrx_word' id='word_1_143' title='bbox 2611 772 2941 843; x_wconf 85' lang='lat' dir='ltr'><strong>ingeniique</strong></span> <span class='ocrx_word' id='word_1_144' title='bbox 2974 772 3349 843; x_wconf 83' lang='lat' dir='ltr'><strong>sagacitatem</strong></span> <span class='ocrx_word' id='word_1_145' title='bbox 3376 771 3642 843; x_wconf 88' lang='lat' dir='ltr'><strong>apprime</strong></span> <span class='ocrx_word' id='word_1_146' title='bbox 3693 788 3937 842; x_wconf 88' lang='lat' dir='ltr'><strong>perspe-</strong></span> 
     </span>
    </p>
   </div>
   <div class='ocr_carea' id='block_1_23' title="bbox 2319 859 3942 932">
    <p class='ocr_par' dir='ltr' id='par_1_23' title="bbox 2319 859 3942 932">
     <span class='ocr_line' id='line_1_23' title="bbox 2319 859 3942 932; baseline -0.001 -17"><span class='ocrx_word' id='word_1_147' title='bbox 2319 865 2473 916; x_wconf 86' lang='lat' dir='ltr'><strong>ctam</strong></span> <span class='ocrx_word' id='word_1_148' title='bbox 2500 862 2739 926; x_wconf 83' lang='lat' dir='ltr'><strong>habens,</strong></span> <span class='ocrx_word' id='word_1_149' title='bbox 2762 878 2895 915; x_wconf 92' lang='lat' dir='ltr'><strong>eum</strong></span> <span class='ocrx_word' id='word_1_150' title='bbox 2910 861 3060 932; x_wconf 89' lang='lat' dir='ltr'><strong>apud</strong></span> <span class='ocrx_word' id='word_1_151' title='bbox 3092 877 3172 927; x_wconf 90' lang='lat' dir='ltr'><strong>se,</strong></span> <span class='ocrx_word' id='word_1_152' title='bbox 3203 877 3315 932; x_wconf 89' lang='lat' dir='ltr'><strong>quo</strong></span> <span class='ocrx_word' id='word_1_153' title='bbox 3348 860 3421 914; x_wconf 89' lang='lat' dir='ltr'><strong>ad</strong></span> <span class='ocrx_word' id='word_1_154' title='bbox 3435 859 3675 914; x_wconf 88' lang='lat' dir='ltr'><strong>consilia</strong></span> <span class='ocrx_word' id='word_1_155' title='bbox 3697 860 3942 914; x_wconf 88' lang='lat' dir='ltr'><strong>adhibe-</strong></span> 
     </span>
    </p>
   </div>
   <div class='ocr_carea' id='block_1_24' title="bbox 2318 948 3932 1018">
    <p class='ocr_par' dir='ltr' id='par_1_24' title="bbox 2318 948 3932 1018">
     <span class='ocr_line' id='line_1_24' title="bbox 2318 948 3932 1018; baseline -0.001 -14"><span class='ocrx_word' id='word_1_156' title='bbox 2318 950 2716 1016; x_wconf 89' lang='lat' dir='ltr'><strong>retur,habere</strong></span> <span class='ocrx_word' id='word_1_157' title='bbox 2727 951 2952 1004; x_wconf 87' lang='lat' dir='ltr'><strong>volebat</strong></span> <span class='ocrx_word' id='word_1_158' title='bbox 2977 951 3035 1003; x_wconf 90' lang='lat' dir='ltr'><strong>in</strong></span> <span class='ocrx_word' id='word_1_159' title='bbox 3050 949 3402 1004; x_wconf 85' lang='lat' dir='ltr'><strong>difficillimis</strong></span> <span class='ocrx_word' id='word_1_160' title='bbox 3420 948 3527 1003; x_wconf 88' lang='lat' dir='ltr'><strong>illis</strong></span> <span class='ocrx_word' id='word_1_161' title='bbox 3540 949 3932 1018; x_wconf 87' lang='lat' dir='ltr'><strong>temporibus,</strong></span> 
     </span>
    </p>
   </div>
   <div class='ocr_carea' id='block_1_25' title="bbox 2318 1037 3933 1110">
    <p class='ocr_par' dir='ltr' id='par_1_25' title="bbox 2318 1037 3933 1110">
     <span class='ocr_line' id='line_1_25' title="bbox 2318 1037 3933 1110; baseline 0.001 -19"><span class='ocrx_word' id='word_1_162' title='bbox 2318 1038 2581 1110; x_wconf 89' lang='lat' dir='ltr'><strong>quibusa</strong></span> <span class='ocrx_word' id='word_1_163' title='bbox 2627 1054 2777 1109; x_wconf 87' lang='lat' dir='ltr'><strong>papa</strong></span> <span class='ocrx_word' id='word_1_164' title='bbox 2807 1037 3114 1092; x_wconf 88' lang='lat' dir='ltr'><strong>dissidente</strong></span> <span class='ocrx_word' id='word_1_165' title='bbox 3162 1039 3614 1109; x_wconf 82' lang='lat' dir='ltr'><strong>frequenterque</strong></span> <span class='ocrx_word' id='word_1_166' title='bbox 3660 1053 3828 1091; x_wconf 87' lang='lat' dir='ltr'><strong>arma</strong></span> <span class='ocrx_word' id='word_1_167' title='bbox 3871 1039 3933 1092; x_wconf 88' lang='lat' dir='ltr'><strong>in</strong></span> 
     </span>
    </p>
   </div>
   <div class='ocr_carea' id='block_1_26' title="bbox 2317 1124 3930 1199">
    <p class='ocr_par' dir='ltr' id='par_1_26' title="bbox 2317 1124 3930 1199">
     <span class='ocr_line' id='line_1_26' title="bbox 2317 1124 3930 1199; baseline -0.002 -19"><span class='ocrx_word' id='word_1_168' title='bbox 2317 1126 2640 1199; x_wconf 84' lang='lat' dir='ltr'><strong>pontiﬁcios</strong></span> <span class='ocrx_word' id='word_1_169' title='bbox 2670 1127 2725 1179; x_wconf 87' lang='lat' dir='ltr'><strong>in</strong></span> <span class='ocrx_word' id='word_1_170' title='bbox 2742 1126 2901 1179; x_wconf 77' lang='lat' dir='ltr'><strong>Italia</strong></span> <span class='ocrx_word' id='word_1_171' title='bbox 2926 1130 3193 1180; x_wconf 87' lang='lat' dir='ltr'><strong>movente</strong></span> <span class='ocrx_word' id='word_1_172' title='bbox 3207 1126 3562 1195; x_wconf 85' lang='lat' dir='ltr'><strong>imperatore</strong></span> <span class='ocrx_word' id='word_1_173' title='bbox 3575 1124 3822 1178; x_wconf 84' lang='lat' dir='ltr'><strong>Henrico</strong></span> <span class='ocrx_word' id='word_1_174' title='bbox 3836 1124 3930 1191; x_wconf 83' lang='lat' dir='ltr'><strong>IV,</strong></span> 
     </span>
    </p>
   </div>
   <div class='ocr_carea' id='block_1_27' title="bbox 2316 1212 3933 1286">
    <p class='ocr_par' dir='ltr' id='par_1_27' title="bbox 2316 1212 3933 1286">
     <span class='ocr_line' id='line_1_27' title="bbox 2316 1212 3933 1286; baseline -0.002 -17"><span class='ocrx_word' id='word_1_175' title='bbox 2316 1215 2735 1286; x_wconf 74' lang='lat' dir='ltr'><strong>deplorandum</strong></span> <span class='ocrx_word' id='word_1_176' title='bbox 2768 1214 2827 1268; x_wconf 91' lang='lat' dir='ltr'><strong>in</strong></span> <span class='ocrx_word' id='word_1_177' title='bbox 2856 1215 3096 1269; x_wconf 91' lang='lat' dir='ltr'><strong>modum</strong></span> <span class='ocrx_word' id='word_1_178' title='bbox 3151 1231 3243 1268; x_wconf 82' lang='lat' dir='ltr'><strong>res</strong></span> <span class='ocrx_word' id='word_1_179' title='bbox 3271 1214 3535 1267; x_wconf 84' lang='lat' dir='ltr'><strong>Ecclesia</strong></span> <span class='ocrx_word' id='word_1_180' title='bbox 3581 1214 3638 1267; x_wconf 93' lang='lat' dir='ltr'><strong>iu</strong></span> <span class='ocrx_word' id='word_1_181' title='bbox 3680 1212 3846 1266; x_wconf 83' lang='lat' dir='ltr'><strong>Italia</strong></span> <span class='ocrx_word' id='word_1_182' title='bbox 3870 1216 3933 1266; x_wconf 90' lang='lat' dir='ltr'><strong>et</strong></span> 
     </span>
    </p>
   </div>
   <div class='ocr_carea' id='block_1_28' title="bbox 2315 1301 3930 1357">
    <p class='ocr_par' dir='ltr' id='par_1_28' title="bbox 2315 1301 3930 1357">
     <span class='ocr_line' id='line_1_28' title="bbox 2315 1301 3930 1357; baseline -0.001 0"><span class='ocrx_word' id='word_1_183' title='bbox 2315 1302 2621 1357; x_wconf 84' lang='lat' dir='ltr'><strong>Germania</strong></span> <span class='ocrx_word' id='word_1_184' title='bbox 2646 1306 2812 1357; x_wconf 89' lang='lat' dir='ltr'><strong>erant</strong></span> <span class='ocrx_word' id='word_1_185' title='bbox 2858 1303 3121 1356; x_wconf 82' lang='lat' dir='ltr'><strong>turbata.</strong></span> <span class='ocrx_word' id='word_1_186' title='bbox 3179 1303 3250 1356; x_wconf 90' lang='lat' dir='ltr'><strong>Ut</strong></span> <span class='ocrx_word' id='word_1_187' title='bbox 3270 1302 3506 1356; x_wconf 88' lang='lat' dir='ltr'><strong>nuntius</strong></span> <span class='ocrx_word' id='word_1_188' title='bbox 3538 1301 3633 1355; x_wconf 90' lang='lat' dir='ltr'><strong>ille</strong></span> <span class='ocrx_word' id='word_1_189' title='bbox 3660 1301 3736 1356; x_wconf 87' lang='lat' dir='ltr'><strong>ad</strong></span> <span class='ocrx_word' id='word_1_190' title='bbox 3784 1301 3930 1356; x_wconf 86' lang='lat' dir='ltr'><strong>Bru-</strong></span> 
     </span>
    </p>
   </div>
   <div class='ocr_carea' id='block_1_29' title="bbox 2316 1389 3929 1463">
    <p class='ocr_par' dir='ltr' id='par_1_29' title="bbox 2316 1389 3929 1463">
     <span class='ocr_line' id='line_1_29' title="bbox 2316 1389 3929 1463; baseline -0.001 -18"><span class='ocrx_word' id='word_1_191' title='bbox 2316 1392 2485 1446; x_wconf 89' lang='lat' dir='ltr'><strong>nonis</strong></span> <span class='ocrx_word' id='word_1_192' title='bbox 2529 1392 2937 1463; x_wconf 90' lang='lat' dir='ltr'><strong>discipulorum</strong></span> <span class='ocrx_word' id='word_1_193' title='bbox 2984 1407 3150 1445; x_wconf 89' lang='lat' dir='ltr'><strong>aures</strong></span> <span class='ocrx_word' id='word_1_194' title='bbox 3205 1390 3489 1461; x_wconf 78' lang='lat' dir='ltr'><strong>pervenit,</strong></span> <span class='ocrx_word' id='word_1_195' title='bbox 3532 1389 3739 1461; x_wconf 90' lang='lat' dir='ltr'><strong>ingens</strong></span> <span class='ocrx_word' id='word_1_196' title='bbox 3786 1407 3929 1446; x_wconf 87' lang='lat' dir='ltr'><strong>mox</strong></span> 
     </span>
    </p>
   </div>
   <div class='ocr_carea' id='block_1_30' title="bbox 2314 1478 3925 1552">
    <p class='ocr_par' dir='ltr' id='par_1_30' title="bbox 2314 1478 3925 1552">
     <span class='ocr_line' id='line_1_30' title="bbox 2314 1478 3925 1552; baseline 0 -18"><span class='ocrx_word' id='word_1_197' title='bbox 2314 1480 2578 1535; x_wconf 85' lang='lat' dir='ltr'><strong>omnium</strong></span> <span class='ocrx_word' id='word_1_198' title='bbox 2603 1480 2828 1534; x_wconf 87' lang='lat' dir='ltr'><strong>animos</strong></span> <span class='ocrx_word' id='word_1_199' title='bbox 2858 1481 3040 1534; x_wconf 91' lang='lat' dir='ltr'><strong>luctus</strong></span> <span class='ocrx_word' id='word_1_200' title='bbox 3071 1478 3261 1533; x_wconf 87' lang='lat' dir='ltr'><strong>subiit.</strong></span> <span class='ocrx_word' id='word_1_201' title='bbox 3295 1479 3444 1533; x_wconf 83' lang='lat' dir='ltr'><strong>Audi</strong></span> <span class='ocrx_word' id='word_1_202' title='bbox 3477 1495 3607 1549; x_wconf 84' lang='lat' dir='ltr'><strong>qua</strong></span> <span class='ocrx_word' id='word_1_203' title='bbox 3652 1479 3765 1532; x_wconf 91' lang='lat' dir='ltr'><strong>huc</strong></span> <span class='ocrx_word' id='word_1_204' title='bbox 3792 1496 3925 1552; x_wconf 89' lang='lat' dir='ltr'><strong>spe-</strong></span> 
     </span>
    </p>
   </div>
   <div class='ocr_carea' id='block_1_31' title="bbox 2311 1566 3925 1623">
    <p class='ocr_par' dir='ltr' id='par_1_31' title="bbox 2311 1566 3925 1623">
     <span class='ocr_line' id='line_1_31' title="bbox 2311 1566 3925 1623; baseline 0.001 -2"><span class='ocrx_word' id='word_1_205' title='bbox 2311 1569 2526 1623; x_wconf 90' lang='lat' dir='ltr'><strong>ctantia</strong></span> <span class='ocrx_word' id='word_1_206' title='bbox 2574 1570 3006 1623; x_wconf 86' lang='lat' dir='ltr'><strong>Blomenvenna</strong></span> <span class='ocrx_word' id='word_1_207' title='bbox 3048 1568 3107 1621; x_wconf 89' lang='lat' dir='ltr'><strong>id</strong></span> <span class='ocrx_word' id='word_1_208' title='bbox 3152 1567 3345 1621; x_wconf 88' lang='lat' dir='ltr'><strong>Sancti</strong></span> <span class='ocrx_word' id='word_1_209' title='bbox 3392 1566 3572 1621; x_wconf 86' lang='lat' dir='ltr'><strong>nostri</strong></span> <span class='ocrx_word' id='word_1_210' title='bbox 3602 1568 3727 1621; x_wconf 82' lang='lat' dir='ltr'><strong>Vita</strong></span> <span class='ocrx_word' id='word_1_211' title='bbox 3786 1585 3821 1621; x_wconf 90' lang='lat' dir='ltr'><strong>a</strong></span> <span class='ocrx_word' id='word_1_212' title='bbox 3864 1584 3925 1623; x_wconf 89' lang='lat' dir='ltr'><strong>se</strong></span> 
     </span>
    </p>
   </div>
   <div class='ocr_carea' id='block_1_32' title="bbox 2309 1655 3928 1729">
    <p class='ocr_par' dir='ltr' id='par_1_32' title="bbox 2309 1655 3928 1729">
     <span class='ocr_line' id='line_1_32' title="bbox 2309 1655 3928 1729; baseline -0.001 -18"><span class='ocrx_word' id='word_1_213' title='bbox 2309 1658 2631 1729; x_wconf 87' lang='lat' dir='ltr'><strong>conscripta</strong></span> <span class='ocrx_word' id='word_1_214' title='bbox 2680 1660 3122 1711; x_wconf 87' lang='lat' dir='ltr'><strong>commemoret.</strong></span> <span class='ocrx_word' id='word_1_215' title='bbox 3167 1675 3200 1707; x_wconf 63' lang='grc' dir='ltr'><strong>ς</strong></span> <span class='ocrx_word' id='word_1_216' title='bbox 3245 1658 3311 1710; x_wconf 86' lang='lat' dir='ltr'><strong>Et</strong></span> <span class='ocrx_word' id='word_1_217' title='bbox 3364 1672 3518 1721; x_wconf 91' lang='lat' dir='ltr'><strong>ecce,</strong></span> <span class='ocrx_word' id='word_1_218' title='bbox 3569 1655 3781 1727; x_wconf 85' lang='lat' dir='ltr'><strong>inquit,</strong></span> <span class='ocrx_word' id='word_1_219' title='bbox 3832 1657 3928 1711; x_wconf 83' lang='lat' dir='ltr'><strong>vix</strong></span> 
     </span>
    </p>
   </div>
   <div class='ocr_carea' id='block_1_33' title="bbox 597 1739 3927 1818">
    <p class='ocr_par' dir='ltr' id='par_1_33' title="bbox 597 1739 3927 1818">
     <span class='ocr_line' id='line_1_33' title="bbox 597 1739 3927 1818; baseline 0.002 -23"><span class='ocrx_word' id='word_1_220' title='bbox 597 1742 2205 1818; x_wconf 87' lang='lat' dir='ltr'><strong>provincia,Landuinusvero,qui,monenteS.Brunone,</strong></span> <span class='ocrx_word' id='word_1_221' title='bbox 2235 1739 2477 1800; x_wconf 88' lang='lat' dir='ltr'><strong>Bannis</strong></span> <span class='ocrx_word' id='word_1_222' title='bbox 2526 1763 2621 1800; x_wconf 84' lang='lat' dir='ltr'><strong>sex</strong></span> <span class='ocrx_word' id='word_1_223' title='bbox 2677 1745 2735 1799; x_wconf 89' lang='lat' dir='ltr'><strong>in</strong></span> <span class='ocrx_word' id='word_1_224' title='bbox 2781 1745 2882 1799; x_wconf 90' lang='lat' dir='ltr'><strong>tali</strong></span> <span class='ocrx_word' id='word_1_225' title='bbox 2914 1745 3347 1799; x_wconf 83' lang='lat' dir='ltr'><strong>conversatione</strong></span> <span class='ocrx_word' id='word_1_226' title='bbox 3415 1744 3645 1810; x_wconf 81' lang='lat' dir='ltr'><strong>exactis,</strong></span> <span class='ocrx_word' id='word_1_227' title='bbox 3690 1761 3927 1800; x_wconf 87' lang='lat' dir='ltr'><strong>rursum</strong></span> 
     </span>
    </p>
   </div>
   <div class='ocr_carea' id='block_1_34' title="bbox 599 1829 2201 1908">
    <p class='ocr_par' dir='ltr' id='par_1_34' title="bbox 599 1829 2201 1908">
     <span class='ocr_line' id='line_1_34' title="bbox 599 1829 2201 1908; baseline 0.003 -24"><span class='ocrx_word' id='word_1_228' title='bbox 599 1829 963 1886; x_wconf 88' lang='lat' dir='ltr'><strong>Carthusiam</strong></span> <span class='ocrx_word' id='word_1_229' title='bbox 994 1834 1269 1905; x_wconf 87' lang='lat' dir='ltr'><strong>Majorem</strong></span> <span class='ocrx_word' id='word_1_230' title='bbox 1301 1836 1553 1908; x_wconf 90' lang='lat' dir='ltr'><strong>repetiit,</strong></span> <span class='ocrx_word' id='word_1_231' title='bbox 1583 1836 1643 1890; x_wconf 92' lang='lat' dir='ltr'><strong>in</strong></span> <span class='ocrx_word' id='word_1_232' title='bbox 1657 1835 1857 1890; x_wconf 86' lang='lat' dir='ltr'><strong>Tuscia</strong></span> <span class='ocrx_word' id='word_1_233' title='bbox 1871 1838 2039 1890; x_wconf 87' lang='lat' dir='ltr'><strong>natus</strong></span> <span class='ocrx_word' id='word_1_234' title='bbox 2060 1836 2201 1889; x_wconf 89' lang='lat' dir='ltr'><strong>erat.</strong></span> 
     </span>
    </p>
   </div>
   <div class='ocr_carea' id='block_1_35' title="bbox 593 1920 2205 1991">
    <p class='ocr_par' dir='ltr' id='par_1_35' title="bbox 593 1920 2205 1991">
     <span class='ocr_line' id='line_1_35' title="bbox 593 1920 2205 1991; baseline 0.002 -18"><span class='ocrx_word' id='word_1_235' title='bbox 593 1920 848 1987; x_wconf 78' lang='lat' dir='ltr'><strong>Accedit,</strong></span> <span class='ocrx_word' id='word_1_236' title='bbox 884 1922 1247 1977; x_wconf 87' lang='lat' dir='ltr'><strong>Landuinum</strong></span> <span class='ocrx_word' id='word_1_237' title='bbox 1301 1925 1545 1979; x_wconf 87' lang='lat' dir='ltr'><strong>Tuscum</strong></span> <span class='ocrx_word' id='word_1_238' title='bbox 1593 1941 1748 1979; x_wconf 89' lang='lat' dir='ltr'><strong>anno</strong></span> <span class='ocrx_word' id='word_1_239' title='bbox 1797 1926 1953 1991; x_wconf 88' lang='grc'>1100,</span> <span class='ocrx_word' id='word_1_240' title='bbox 2012 1938 2205 1977; x_wconf 82' lang='lat' dir='ltr'><strong>cuine</strong></span> 
     </span>
    </p>
   </div>
   <div class='ocr_carea' id='block_1_36' title="bbox 595 2008 2202 2085">
    <p class='ocr_par' dir='ltr' id='par_1_36' title="bbox 595 2008 2202 2085">
     <span class='ocr_line' id='line_1_36' title="bbox 595 2008 2202 2085; baseline 0.002 -22"><span class='ocrx_word' id='word_1_241' title='bbox 595 2008 893 2063; x_wconf 81' lang='lat' dir='ltr'><strong>Carthusia</strong></span> <span class='ocrx_word' id='word_1_242' title='bbox 920 2010 1139 2080; x_wconf 79' lang='lat' dir='ltr'><strong>Majori,</strong></span> <span class='ocrx_word' id='word_1_243' title='bbox 1170 2012 1259 2066; x_wconf 91' lang='lat' dir='ltr'><strong>cui</strong></span> <span class='ocrx_word' id='word_1_244' title='bbox 1291 2013 1450 2084; x_wconf 92' lang='lat' dir='ltr'><strong>prior</strong></span> <span class='ocrx_word' id='word_1_245' title='bbox 1479 2016 1745 2085; x_wconf 85' lang='lat' dir='ltr'><strong>praerat,</strong></span> <span class='ocrx_word' id='word_1_246' title='bbox 1782 2015 2111 2067; x_wconf 89' lang='lat' dir='ltr'><strong>Brunonem</strong></span> <span class='ocrx_word' id='word_1_247' title='bbox 2142 2011 2202 2066; x_wconf 87' lang='lat' dir='ltr'><strong>in</strong></span> 
     </span>
    </p>
   </div>
   <div class='ocr_carea' id='block_1_37' title="bbox 593 2096 2203 2168">
    <p class='ocr_par' dir='ltr' id='par_1_37' title="bbox 593 2096 2203 2168">
     <span class='ocr_line' id='line_1_37' title="bbox 593 2096 2203 2168; baseline 0.001 -17"><span class='ocrx_word' id='word_1_248' title='bbox 593 2096 915 2151; x_wconf 88' lang='lat' dir='ltr'><strong>Calabriam</strong></span> <span class='ocrx_word' id='word_1_249' title='bbox 944 2098 1190 2152; x_wconf 86' lang='lat' dir='ltr'><strong>venisset</strong></span> <span class='ocrx_word' id='word_1_250' title='bbox 1223 2100 1491 2168; x_wconf 89' lang='lat' dir='ltr'><strong>invisum,</strong></span> <span class='ocrx_word' id='word_1_251' title='bbox 1517 2101 1672 2155; x_wconf 89' lang='lat' dir='ltr'><strong>diem</strong></span> <span class='ocrx_word' id='word_1_252' title='bbox 1700 2104 2023 2156; x_wconf 88' lang='lat' dir='ltr'><strong>extremum</strong></span> <span class='ocrx_word' id='word_1_253' title='bbox 2083 2099 2203 2166; x_wconf 88' lang='lat' dir='ltr'><strong>(adi</strong></span> 
     </span>
    </p>
   </div>
   <div class='ocr_carea' id='block_1_38' title="bbox 591 2184 2197 2244">
    <p class='ocr_par' dir='ltr' id='par_1_38' title="bbox 591 2184 2197 2244">
     <span class='ocr_line' id='line_1_38' title="bbox 591 2184 2197 2244; baseline 0.002 -6"><span class='ocrx_word' id='word_1_254' title='bbox 591 2184 885 2239; x_wconf 87' lang='lat' dir='ltr'><strong>Labbeum</strong></span> <span class='ocrx_word' id='word_1_255' title='bbox 913 2188 1058 2240; x_wconf 91' lang='lat' dir='ltr'><strong>tom.</strong></span> <span class='ocrx_word' id='word_1_256' title='bbox 1094 2188 1114 2240; x_wconf 92' lang='lat' dir='ltr'><strong>I</strong></span> <span class='ocrx_word' id='word_1_257' title='bbox 1146 2187 1512 2243; x_wconf 89' lang='lat' dir='ltr'><strong>Bibliotheca</strong></span> <span class='ocrx_word' id='word_1_258' title='bbox 1545 2205 1710 2244; x_wconf 84' lang='lat' dir='ltr'><strong>nova</strong></span> <span class='ocrx_word' id='word_1_259' title='bbox 1749 2190 2031 2244; x_wconf 86' lang='lat' dir='ltr'><strong>librorum</strong></span> <span class='ocrx_word' id='word_1_260' title='bbox 2061 2204 2197 2242; x_wconf 89' lang='lat' dir='ltr'><strong>mss.</strong></span> 
     </span>
    </p>
   </div>
   <div class='ocr_carea' id='block_1_39' title="bbox 587 2274 2199 2344">
    <p class='ocr_par' dir='ltr' id='par_1_39' title="bbox 587 2274 2199 2344">
     <span class='ocr_line' id='line_1_39' title="bbox 587 2274 2199 2344; baseline 0.002 -18"><span class='ocrx_word' id='word_1_261' title='bbox 587 2288 721 2344; x_wconf 86' lang='lat' dir='ltr'><strong>pag.</strong></span> <span class='ocrx_word' id='word_1_262' title='bbox 752 2274 873 2343; x_wconf 87' lang='lat'><strong>639)</strong></span> <span class='ocrx_word' id='word_1_263' title='bbox 908 2274 1192 2343; x_wconf 87' lang='lat' dir='ltr'><strong>clausisse;</strong></span> <span class='ocrx_word' id='word_1_264' title='bbox 1230 2275 1548 2331; x_wconf 89' lang='lat' dir='ltr'><strong>Lanvinum</strong></span> <span class='ocrx_word' id='word_1_265' title='bbox 1604 2280 1799 2331; x_wconf 91' lang='lat' dir='ltr'><strong>autem</strong></span> <span class='ocrx_word' id='word_1_266' title='bbox 1830 2277 1886 2335; x_wconf 91' lang='lat' dir='ltr'><strong>S.</strong></span> <span class='ocrx_word' id='word_1_267' title='bbox 1924 2275 2199 2343; x_wconf 89' lang='lat' dir='ltr'><strong>Brunoni,</strong></span> 
     </span>
    </p>
   </div>
   <div class='ocr_carea' id='block_1_40' title="bbox 588 2359 2198 2436">
    <p class='ocr_par' dir='ltr' id='par_1_40' title="bbox 588 2359 2198 2436">
     <span class='ocr_line' id='line_1_40' title="bbox 588 2359 2198 2436; baseline 0.003 -22"><span class='ocrx_word' id='word_1_268' title='bbox 588 2359 687 2431; x_wconf 91' lang='lat' dir='ltr'><strong>qui</strong></span> <span class='ocrx_word' id='word_1_269' title='bbox 717 2377 872 2416; x_wconf 85' lang='lat' dir='ltr'><strong>anno</strong></span> <span class='ocrx_word' id='word_1_270' title='bbox 900 2379 965 2416; x_wconf 87' lang='lat' dir='ltr'><strong>ex</strong></span> <span class='ocrx_word' id='word_1_271' title='bbox 989 2363 1381 2418; x_wconf 84' lang='lat' dir='ltr'><strong>dicendisHOl</strong></span> <span class='ocrx_word' id='word_1_272' title='bbox 1422 2365 1789 2433; x_wconf 88' lang='lat' dir='ltr'><strong>obiit,vixisse</strong></span> <span class='ocrx_word' id='word_1_273' title='bbox 1807 2366 2198 2436; x_wconf 89' lang='lat' dir='ltr'><strong>superstitem,</strong></span> 
     </span>
    </p>
   </div>
   <div class='ocr_carea' id='block_1_41' title="bbox 588 2447 2201 2525">
    <p class='ocr_par' dir='ltr' id='par_1_41' title="bbox 588 2447 2201 2525">
     <span class='ocr_line' id='line_1_41' title="bbox 588 2447 2201 2525; baseline 0.006 -24"><span class='ocrx_word' id='word_1_274' title='bbox 588 2447 836 2520; x_wconf 88' lang='lat' dir='ltr'><strong>eiquein</strong></span> <span class='ocrx_word' id='word_1_275' title='bbox 877 2450 1191 2506; x_wconf 85' lang='lat' dir='ltr'><strong>Carthusia</strong></span> <span class='ocrx_word' id='word_1_276' title='bbox 1218 2447 1535 2508; x_wconf 79' lang='lat' dir='ltr'><strong>Calabrina</strong></span> <span class='ocrx_word' id='word_1_277' title='bbox 1577 2455 1983 2525; x_wconf 90' lang='lat' dir='ltr'><strong>prafecturam</strong></span> <span class='ocrx_word' id='word_1_278' title='bbox 2029 2455 2201 2511; x_wconf 89' lang='lat' dir='ltr'><strong>fuisse</strong></span> 
     </span>
    </p>
   </div>
   <div class='ocr_carea' id='block_1_42' title="bbox 587 2536 2199 2614">
    <p class='ocr_par' dir='ltr' id='par_1_42' title="bbox 587 2536 2199 2614">
     <span class='ocr_line' id='line_1_42' title="bbox 587 2536 2199 2614; baseline 0.006 -24"><span class='ocrx_word' id='word_1_279' title='bbox 587 2536 910 2607; x_wconf 73' lang='lat' dir='ltr'><strong>suffectum,</strong></span> <span class='ocrx_word' id='word_1_280' title='bbox 945 2538 1026 2593; x_wconf 87' lang='lat' dir='ltr'><strong>uti</strong></span> <span class='ocrx_word' id='word_1_281' title='bbox 1056 2540 1249 2595; x_wconf 87' lang='lat' dir='ltr'><strong>videre</strong></span> <span class='ocrx_word' id='word_1_282' title='bbox 1272 2540 1406 2596; x_wconf 88' lang='lat' dir='ltr'><strong>licet</strong></span> <span class='ocrx_word' id='word_1_283' title='bbox 1430 2542 1582 2614; x_wconf 90' lang='lat' dir='ltr'><strong>apud</strong></span> <span class='ocrx_word' id='word_1_284' title='bbox 1594 2543 1988 2599; x_wconf 81' lang='lat' dir='ltr'><strong>Mabillonium</strong></span> <span class='ocrx_word' id='word_1_285' title='bbox 2004 2546 2199 2600; x_wconf 82' lang='lat' dir='ltr'><strong>Anna-</strong></span> 
     </span>
    </p>
   </div>
   <div class='ocr_carea' id='block_1_43' title="bbox 584 2625 2192 2698">
    <p class='ocr_par' dir='ltr' id='par_1_43' title="bbox 584 2625 2192 2698">
     <span class='ocr_line' id='line_1_43' title="bbox 584 2625 2192 2698; baseline 0.006 -19"><span class='ocrx_word' id='word_1_286' title='bbox 584 2625 725 2679; x_wconf 90' lang='lat' dir='ltr'><strong>lium</strong></span> <span class='ocrx_word' id='word_1_287' title='bbox 759 2627 1263 2683; x_wconf 88' lang='lat' dir='ltr'><strong>Benedictinorum</strong></span> <span class='ocrx_word' id='word_1_288' title='bbox 1288 2629 1518 2698; x_wconf 87' lang='lat' dir='ltr'><strong>lib.Lxx,</strong></span> <span class='ocrx_word' id='word_1_289' title='bbox 1548 2648 1710 2686; x_wconf 90' lang='lat' dir='ltr'><strong>num.</strong></span> <span class='ocrx_word' id='word_1_290' title='bbox 1744 2635 1829 2688; x_wconf 90' lang='lat'><strong>30.</strong></span> <span class='ocrx_word' id='word_1_291' title='bbox 1860 2632 2192 2688; x_wconf 77' lang='lat' dir='ltr'><strong>Lanvinum</strong></span> 
     </span>
    </p>
   </div>
   <div class='ocr_carea' id='block_1_44' title="bbox 583 2710 2203 2787">
    <p class='ocr_par' dir='ltr' id='par_1_44' title="bbox 583 2710 2203 2787">
     <span class='ocr_line' id='line_1_44' title="bbox 583 2710 2203 2787; baseline 0.006 -21"><span class='ocrx_word' id='word_1_292' title='bbox 583 2710 799 2784; x_wconf 87' lang='lat' dir='ltr'><strong>itaque,</strong></span> <span class='ocrx_word' id='word_1_293' title='bbox 833 2714 929 2787; x_wconf 89' lang='lat' dir='ltr'><strong>qui</strong></span> <span class='ocrx_word' id='word_1_294' title='bbox 958 2731 1088 2770; x_wconf 90' lang='lat' dir='ltr'><strong>cum</strong></span> <span class='ocrx_word' id='word_1_295' title='bbox 1133 2716 1343 2771; x_wconf 89' lang='lat' dir='ltr'><strong>Sancto</strong></span> <span class='ocrx_word' id='word_1_296' title='bbox 1372 2718 1432 2772; x_wconf 92' lang='lat' dir='ltr'><strong>in</strong></span> <span class='ocrx_word' id='word_1_297' title='bbox 1460 2735 1657 2773; x_wconf 88' lang='lat' dir='ltr'><strong>eremo</strong></span> <span class='ocrx_word' id='word_1_298' title='bbox 1702 2719 2007 2774; x_wconf 86' lang='lat' dir='ltr'><strong>Calabrina</strong></span> <span class='ocrx_word' id='word_1_299' title='bbox 2048 2738 2203 2775; x_wconf 89' lang='lat' dir='ltr'><strong>com-</strong></span> 
     </span>
    </p>
   </div>
   <div class='ocr_carea' id='block_1_45' title="bbox 586 2805 2198 2877">
    <p class='ocr_par' dir='ltr' id='par_1_45' title="bbox 586 2805 2198 2877">
     <span class='ocr_line' id='line_1_45' title="bbox 586 2805 2198 2877; baseline 0.004 -20"><span class='ocrx_word' id='word_1_300' title='bbox 586 2806 845 2857; x_wconf 88' lang='lat' dir='ltr'><strong>moratus</strong></span> <span class='ocrx_word' id='word_1_301' title='bbox 874 2807 979 2871; x_wconf 89' lang='lat' dir='ltr'><strong>est,</strong></span> <span class='ocrx_word' id='word_1_302' title='bbox 1014 2821 1049 2858; x_wconf 89' lang='lat' dir='ltr'><strong>a</strong></span> <span class='ocrx_word' id='word_1_303' title='bbox 1098 2805 1395 2861; x_wconf 89' lang='lat' dir='ltr'><strong>Landuino</strong></span> <span class='ocrx_word' id='word_1_304' title='bbox 1446 2808 1623 2863; x_wconf 89' lang='lat' dir='ltr'><strong>Tusco</strong></span> <span class='ocrx_word' id='word_1_305' title='bbox 1666 2824 1786 2862; x_wconf 90' lang='lat' dir='ltr'><strong>esse</strong></span> <span class='ocrx_word' id='word_1_306' title='bbox 1846 2808 2198 2877; x_wconf 91' lang='lat' dir='ltr'><strong>distinctum,</strong></span> 
     </span>
    </p>
   </div>
   <div class='ocr_carea' id='block_1_46' title="bbox 584 2888 2201 2966">
    <p class='ocr_par' dir='ltr' id='par_1_46' title="bbox 584 2888 2201 2966">
     <span class='ocr_line' id='line_1_46' title="bbox 584 2888 2201 2966; baseline 0.004 -21"><span class='ocrx_word' id='word_1_307' title='bbox 584 2888 973 2947; x_wconf 90' lang='lat' dir='ltr'><strong>indubitatum</strong></span> <span class='ocrx_word' id='word_1_308' title='bbox 996 2896 1101 2961; x_wconf 91' lang='lat' dir='ltr'><strong>est,</strong></span> <span class='ocrx_word' id='word_1_309' title='bbox 1137 2895 1312 2966; x_wconf 88' lang='lat' dir='ltr'><strong>quod,</strong></span> <span class='ocrx_word' id='word_1_310' title='bbox 1350 2913 1422 2950; x_wconf 91' lang='lat' dir='ltr'><strong>ne</strong></span> <span class='ocrx_word' id='word_1_311' title='bbox 1470 2913 1651 2951; x_wconf 90' lang='lat' dir='ltr'><strong>unum</strong></span> <span class='ocrx_word' id='word_1_312' title='bbox 1708 2914 1843 2951; x_wconf 89' lang='lat' dir='ltr'><strong>cum</strong></span> <span class='ocrx_word' id='word_1_313' title='bbox 1901 2899 2082 2953; x_wconf 90' lang='lat' dir='ltr'><strong>altero</strong></span> <span class='ocrx_word' id='word_1_314' title='bbox 2142 2897 2201 2952; x_wconf 93' lang='lat' dir='ltr'><strong>in</strong></span> 
     </span>
    </p>
   </div>
   <div class='ocr_carea' id='block_1_47' title="bbox 585 2977 2203 3050">
    <p class='ocr_par' dir='ltr' id='par_1_47' title="bbox 585 2977 2203 3050">
     <span class='ocr_line' id='line_1_47' title="bbox 585 2977 2203 3050; baseline 0.004 -17"><span class='ocrx_word' id='word_1_315' title='bbox 585 2977 825 3034; x_wconf 90' lang='lat' dir='ltr'><strong>decursu</strong></span> <span class='ocrx_word' id='word_1_316' title='bbox 850 2982 1186 3050; x_wconf 85' lang='lat' dir='ltr'><strong>confundas,</strong></span> <span class='ocrx_word' id='word_1_317' title='bbox 1238 2984 1386 3039; x_wconf 91' lang='lat' dir='ltr'><strong>bene</strong></span> <span class='ocrx_word' id='word_1_318' title='bbox 1414 2987 1500 3039; x_wconf 88' lang='lat' dir='ltr'><strong>est</strong></span> <span class='ocrx_word' id='word_1_319' title='bbox 1544 2986 1890 3040; x_wconf 82' lang='lat' dir='ltr'><strong>notandum.</strong></span> <span class='ocrx_word' id='word_1_320' title='bbox 1945 2988 2124 3042; x_wconf 89' lang='lat' dir='ltr'><strong>Porro</strong></span> <span class='ocrx_word' id='word_1_321' title='bbox 2171 3004 2203 3040; x_wconf 92' lang='lat' dir='ltr'><strong>e</strong></span> 
     </span>
    </p>
   </div>
   <div class='ocr_carea' id='block_1_48' title="bbox 585 3064 2200 3145">
    <p class='ocr_par' dir='ltr' id='par_1_48' title="bbox 585 3064 2200 3145">
     <span class='ocr_line' id='line_1_48' title="bbox 585 3064 2200 3145; baseline 0.006 -24"><span class='ocrx_word' id='word_1_322' title='bbox 585 3064 779 3122; x_wconf 89' lang='lat' dir='ltr'><strong>Sancti</strong></span> <span class='ocrx_word' id='word_1_323' title='bbox 805 3068 989 3145; x_wconf 88' lang='lat' dir='ltr'><strong>sociis,</strong></span> <span class='ocrx_word' id='word_1_324' title='bbox 1025 3087 1272 3142; x_wconf 89' lang='lat' dir='ltr'><strong>quorum</strong></span> <span class='ocrx_word' id='word_1_325' title='bbox 1299 3072 1453 3127; x_wconf 86' lang='lat' dir='ltr'><strong>bina</strong></span> <span class='ocrx_word' id='word_1_326' title='bbox 1467 3073 1680 3128; x_wconf 88' lang='lat' dir='ltr'><strong>charta</strong></span> <span class='ocrx_word' id='word_1_327' title='bbox 1698 3073 1962 3143; x_wconf 83' lang='lat' dir='ltr'><strong>proxime</strong></span> <span class='ocrx_word' id='word_1_328' title='bbox 1978 3091 2200 3130; x_wconf 89' lang='lat' dir='ltr'><strong>memo-</strong></span> 
     </span>
    </p>
   </div>
   <div class='ocr_carea' id='block_1_49' title="bbox 585 3157 2200 3232">
    <p class='ocr_par' dir='ltr' id='par_1_49' title="bbox 585 3157 2200 3232">
     <span class='ocr_line' id='line_1_49' title="bbox 585 3157 2200 3232; baseline 0.004 -23"><span class='ocrx_word' id='word_1_329' title='bbox 585 3159 726 3210; x_wconf 87' lang='lat' dir='ltr'><strong>rata</strong></span> <span class='ocrx_word' id='word_1_330' title='bbox 760 3157 1121 3211; x_wconf 90' lang='lat' dir='ltr'><strong>mentionem</strong></span> <span class='ocrx_word' id='word_1_331' title='bbox 1143 3159 1380 3227; x_wconf 89' lang='lat' dir='ltr'><strong>faciunt,</strong></span> <span class='ocrx_word' id='word_1_332' title='bbox 1415 3161 1647 3232; x_wconf 88' lang='lat' dir='ltr'><strong>aliquod</strong></span> <span class='ocrx_word' id='word_1_333' title='bbox 1678 3163 1883 3219; x_wconf 83' lang='lat' dir='ltr'><strong>saltem</strong></span> <span class='ocrx_word' id='word_1_334' title='bbox 1905 3162 2089 3216; x_wconf 90' lang='lat' dir='ltr'><strong>adhuc</strong></span> <span class='ocrx_word' id='word_1_335' title='bbox 2106 3162 2200 3216; x_wconf 91' lang='lat' dir='ltr'><strong>alii</strong></span> 
     </span>
    </p>
   </div>
   <div class='ocr_carea' id='block_1_50' title="bbox 586 3244 2198 3316">
    <p class='ocr_par' dir='ltr' id='par_1_50' title="bbox 586 3244 2198 3316">
     <span class='ocr_line' id='line_1_50' title="bbox 586 3244 2198 3316; baseline 0.005 -20"><span class='ocrx_word' id='word_1_336' title='bbox 586 3244 1016 3298; x_wconf 86' lang='lat' dir='ltr'><strong>verosimillime</strong></span> <span class='ocrx_word' id='word_1_337' title='bbox 1038 3245 1273 3300; x_wconf 87' lang='lat' dir='ltr'><strong>fuerunt</strong></span> <span class='ocrx_word' id='word_1_338' title='bbox 1302 3263 1336 3300; x_wconf 88' lang='lat' dir='ltr'><strong>a</strong></span> <span class='ocrx_word' id='word_1_339' title='bbox 1361 3263 1457 3300; x_wconf 86' lang='lat' dir='ltr'><strong>sex</strong></span> <span class='ocrx_word' id='word_1_340' title='bbox 1479 3247 1673 3301; x_wconf 88' lang='lat' dir='ltr'><strong>Sancti</strong></span> <span class='ocrx_word' id='word_1_341' title='bbox 1725 3248 1912 3316; x_wconf 87' lang='lat' dir='ltr'><strong>sociis,</strong></span> <span class='ocrx_word' id='word_1_342' title='bbox 1958 3249 2198 3304; x_wconf 89' lang='lat' dir='ltr'><strong>Carthu-</strong></span> 
     </span>
    </p>
   </div>
   <div class='ocr_carea' id='block_1_51' title="bbox 589 3329 2203 3406">
    <p class='ocr_par' dir='ltr' id='par_1_51' title="bbox 589 3329 2203 3406">
     <span class='ocr_line' id='line_1_51' title="bbox 589 3329 2203 3406; baseline 0.005 -22"><span class='ocrx_word' id='word_1_343' title='bbox 589 3329 685 3384; x_wconf 83' lang='lat' dir='ltr'><strong>sia</strong></span> <span class='ocrx_word' id='word_1_344' title='bbox 713 3347 976 3385; x_wconf 90' lang='lat' dir='ltr'><strong>eremum</strong></span> <span class='ocrx_word' id='word_1_345' title='bbox 1008 3349 1139 3386; x_wconf 91' lang='lat' dir='ltr'><strong>cum</strong></span> <span class='ocrx_word' id='word_1_346' title='bbox 1167 3349 1235 3388; x_wconf 90' lang='lat' dir='ltr'><strong>eo</strong></span> <span class='ocrx_word' id='word_1_347' title='bbox 1267 3334 1525 3404; x_wconf 90' lang='lat' dir='ltr'><strong>primum</strong></span> <span class='ocrx_word' id='word_1_348' title='bbox 1545 3334 1865 3406; x_wconf 87' lang='lat' dir='ltr'><strong>ingresssis,</strong></span> <span class='ocrx_word' id='word_1_349' title='bbox 1897 3336 2119 3405; x_wconf 88' lang='lat' dir='ltr'><strong>diversi;</strong></span> <span class='ocrx_word' id='word_1_350' title='bbox 2140 3341 2203 3392; x_wconf 91' lang='lat' dir='ltr'><strong>ut</strong></span> 
     </span>
    </p>
   </div>
   <div class='ocr_carea' id='block_1_52' title="bbox 588 3417 2200 3496">
    <p class='ocr_par' dir='ltr' id='par_1_52' title="bbox 588 3417 2200 3496">
     <span class='ocr_line' id='line_1_52' title="bbox 588 3417 2200 3496; baseline 0.006 -25"><span class='ocrx_word' id='word_1_351' title='bbox 588 3417 833 3489; x_wconf 89' lang='lat' dir='ltr'><strong>proinde</strong></span> <span class='ocrx_word' id='word_1_352' title='bbox 863 3419 943 3487; x_wconf 88' lang='lat' dir='ltr'><strong>hi,</strong></span> <span class='ocrx_word' id='word_1_353' title='bbox 972 3435 1103 3473; x_wconf 92' lang='lat' dir='ltr'><strong>cum</strong></span> <span class='ocrx_word' id='word_1_354' title='bbox 1135 3419 1271 3475; x_wconf 90' lang='lat' dir='ltr'><strong>inde</strong></span> <span class='ocrx_word' id='word_1_355' title='bbox 1299 3421 1539 3477; x_wconf 87' lang='lat' dir='ltr'><strong>Sanctus</strong></span> <span class='ocrx_word' id='word_1_356' title='bbox 1570 3422 1728 3487; x_wconf 88' lang='lat' dir='ltr'><strong>abiit,</strong></span> <span class='ocrx_word' id='word_1_357' title='bbox 1764 3423 2200 3496; x_wconf 86' lang='lat' dir='ltr'><strong>Calabriamque</strong></span> 
     </span>
    </p>
   </div>
   <div class='ocr_carea' id='block_1_53' title="bbox 587 3505 2201 3585">
    <p class='ocr_par' dir='ltr' id='par_1_53' title="bbox 587 3505 2201 3585">
     <span class='ocr_line' id='line_1_53' title="bbox 587 3505 2201 3585; baseline 0.006 -26"><span class='ocrx_word' id='word_1_358' title='bbox 587 3505 772 3577; x_wconf 88' lang='lat' dir='ltr'><strong>petiit,</strong></span> <span class='ocrx_word' id='word_1_359' title='bbox 798 3523 1043 3561; x_wconf 91' lang='lat' dir='ltr'><strong>numero</strong></span> <span class='ocrx_word' id='word_1_360' title='bbox 1054 3505 1181 3576; x_wconf 89' lang='lat' dir='ltr'><strong>jam</strong></span> <span class='ocrx_word' id='word_1_361' title='bbox 1204 3510 1354 3564; x_wconf 90' lang='lat' dir='ltr'><strong>aucti</strong></span> <span class='ocrx_word' id='word_1_362' title='bbox 1378 3509 1720 3565; x_wconf 86' lang='lat' dir='ltr'><strong>exstiterint.</strong></span> <span class='ocrx_word' id='word_1_363' title='bbox 1757 3511 1871 3565; x_wconf 88' lang='lat' dir='ltr'><strong>Nec</strong></span> <span class='ocrx_word' id='word_1_364' title='bbox 1902 3515 2007 3579; x_wconf 89' lang='lat' dir='ltr'><strong>est,</strong></span> <span class='ocrx_word' id='word_1_365' title='bbox 2045 3513 2201 3585; x_wconf 90' lang='lat' dir='ltr'><strong>quod</strong></span> 
     </span>
    </p>
   </div>
   <div class='ocr_carea' id='block_1_54' title="bbox 585 3596 2198 3670">
    <p class='ocr_par' dir='ltr' id='par_1_54' title="bbox 585 3596 2198 3670">
     <span class='ocr_line' id='line_1_54' title="bbox 585 3596 2198 3670; baseline 0.006 -22"><span class='ocrx_word' id='word_1_366' title='bbox 585 3610 853 3667; x_wconf 88' lang='lat' dir='ltr'><strong>reponas,</strong></span> <span class='ocrx_word' id='word_1_367' title='bbox 876 3596 1076 3665; x_wconf 90' lang='lat' dir='ltr'><strong>socios,</strong></span> <span class='ocrx_word' id='word_1_368' title='bbox 1103 3596 1442 3670; x_wconf 90' lang='lat' dir='ltr'><strong>quibuscum</strong></span> <span class='ocrx_word' id='word_1_369' title='bbox 1479 3598 1717 3653; x_wconf 88' lang='lat' dir='ltr'><strong>Sanctus</strong></span> <span class='ocrx_word' id='word_1_370' title='bbox 1770 3600 1829 3654; x_wconf 92' lang='lat' dir='ltr'><strong>in</strong></span> <span class='ocrx_word' id='word_1_371' title='bbox 1876 3601 2198 3657; x_wconf 86' lang='lat' dir='ltr'><strong>Calabriam</strong></span> 
     </span>
    </p>
   </div>
   <div class='ocr_carea' id='block_1_55' title="bbox 586 3684 2201 3757">
    <p class='ocr_par' dir='ltr' id='par_1_55' title="bbox 586 3684 2201 3757">
     <span class='ocr_line' id='line_1_55' title="bbox 586 3684 2201 3757; baseline 0.004 -18"><span class='ocrx_word' id='word_1_372' title='bbox 586 3684 807 3740; x_wconf 85' lang='lat' dir='ltr'><strong>venisse</strong></span> <span class='ocrx_word' id='word_1_373' title='bbox 832 3684 891 3739; x_wconf 90' lang='lat' dir='ltr'><strong>in</strong></span> <span class='ocrx_word' id='word_1_374' title='bbox 923 3686 1168 3741; x_wconf 87' lang='lat' dir='ltr'><strong>laudatis</strong></span> <span class='ocrx_word' id='word_1_375' title='bbox 1194 3686 1344 3741; x_wconf 90' lang='lat' dir='ltr'><strong>binis</strong></span> <span class='ocrx_word' id='word_1_376' title='bbox 1369 3686 1578 3742; x_wconf 89' lang='lat' dir='ltr'><strong>chartis</strong></span> <span class='ocrx_word' id='word_1_377' title='bbox 1605 3692 1986 3757; x_wconf 89' lang='lat' dir='ltr'><strong>memoratur,</strong></span> <span class='ocrx_word' id='word_1_378' title='bbox 2016 3706 2081 3744; x_wconf 89' lang='lat' dir='ltr'><strong>ac</strong></span> <span class='ocrx_word' id='word_1_379' title='bbox 2100 3708 2201 3745; x_wconf 92' lang='lat' dir='ltr'><strong>no-</strong></span> 
     </span>
    </p>
   </div>
   <div class='ocr_carea' id='block_1_56' title="bbox 586 3774 2197 3851">
    <p class='ocr_par' dir='ltr' id='par_1_56' title="bbox 586 3774 2197 3851">
     <span class='ocr_line' id='line_1_56' title="bbox 586 3774 2197 3851; baseline 0.004 -22"><span class='ocrx_word' id='word_1_380' title='bbox 586 3774 857 3829; x_wconf 86' lang='lat' dir='ltr'><strong>minatim</strong></span> <span class='ocrx_word' id='word_1_381' title='bbox 889 3776 1208 3831; x_wconf 86' lang='lat' dir='ltr'><strong>Lanvinum</strong></span> <span class='ocrx_word' id='word_1_382' title='bbox 1248 3776 1361 3848; x_wconf 90' lang='lat' dir='ltr'><strong>(adi</strong></span> <span class='ocrx_word' id='word_1_383' title='bbox 1394 3776 1455 3830; x_wconf 90' lang='lat' dir='ltr'><strong>in</strong></span> <span class='ocrx_word' id='word_1_384' title='bbox 1510 3776 1792 3831; x_wconf 88' lang='lat' dir='ltr'><strong>Brunonis</strong></span> <span class='ocrx_word' id='word_1_385' title='bbox 1822 3778 1947 3833; x_wconf 86' lang='lat' dir='ltr'><strong>Vita</strong></span> <span class='ocrx_word' id='word_1_386' title='bbox 1974 3796 2100 3851; x_wconf 91' lang='lat' dir='ltr'><strong>cap.</strong></span> <span class='ocrx_word' id='word_1_387' title='bbox 2134 3784 2197 3836; x_wconf 88' lang='grc'><strong>17</strong></span> 
     </span>
    </p>
   </div>
   <div class='ocr_carea' id='block_1_57' title="bbox 583 3861 2198 3937">
    <p class='ocr_par' dir='ltr' id='par_1_57' title="bbox 583 3861 2198 3937">
     <span class='ocr_line' id='line_1_57' title="bbox 583 3861 2198 3937; baseline 0.004 -20"><span class='ocrx_word' id='word_1_388' title='bbox 583 3861 932 3935; x_wconf 88' lang='lat' dir='ltr'><strong>Zanottium)</strong></span> <span class='ocrx_word' id='word_1_389' title='bbox 962 3882 1078 3921; x_wconf 90' lang='lat' dir='ltr'><strong>non</strong></span> <span class='ocrx_word' id='word_1_390' title='bbox 1112 3865 1269 3937; x_wconf 91' lang='lat' dir='ltr'><strong>prius</strong></span> <span class='ocrx_word' id='word_1_391' title='bbox 1301 3867 1354 3920; x_wconf 91' lang='lat' dir='ltr'><strong>ei</strong></span> <span class='ocrx_word' id='word_1_392' title='bbox 1386 3882 1528 3933; x_wconf 89' lang='lat' dir='ltr'><strong>sese,</strong></span> <span class='ocrx_word' id='word_1_393' title='bbox 1581 3883 1755 3937; x_wconf 89' lang='lat' dir='ltr'><strong>quam</strong></span> <span class='ocrx_word' id='word_1_394' title='bbox 1799 3883 1952 3935; x_wconf 90' lang='lat' dir='ltr'><strong>cum,</strong></span> <span class='ocrx_word' id='word_1_395' title='bbox 1999 3869 2198 3924; x_wconf 88' lang='lat' dir='ltr'><strong>relicta</strong></span> 
     </span>
    </p>
   </div>
   <div class='ocr_carea' id='block_1_58' title="bbox 587 3952 2197 4025">
    <p class='ocr_par' dir='ltr' id='par_1_58' title="bbox 587 3952 2197 4025">
     <span class='ocr_line' id='line_1_58' title="bbox 587 3952 2197 4025; baseline 0.004 -19"><span class='ocrx_word' id='word_1_396' title='bbox 587 3952 904 4019; x_wconf 89' lang='lat' dir='ltr'><strong>Carthusia,</strong></span> <span class='ocrx_word' id='word_1_397' title='bbox 934 3953 993 4007; x_wconf 90' lang='lat' dir='ltr'><strong>in</strong></span> <span class='ocrx_word' id='word_1_398' title='bbox 1016 3954 1178 4007; x_wconf 87' lang='lat' dir='ltr'><strong>Italia</strong></span> <span class='ocrx_word' id='word_1_399' title='bbox 1204 3954 1330 4022; x_wconf 85' lang='lat' dir='ltr'><strong>jam</strong></span> <span class='ocrx_word' id='word_1_400' title='bbox 1363 3954 1633 4007; x_wconf 87' lang='lat' dir='ltr'><strong>existeret</strong></span> <span class='ocrx_word' id='word_1_401' title='bbox 1653 3954 2014 4025; x_wconf 87' lang='lat' dir='ltr'><strong>adjunxisse;</strong></span> <span class='ocrx_word' id='word_1_402' title='bbox 2058 3959 2197 4013; x_wconf 89' lang='lat' dir='ltr'><strong>San-</strong></span> 
     </span>
    </p>
   </div>
   <div class='ocr_carea' id='block_1_59' title="bbox 585 4041 2191 4115">
    <p class='ocr_par' dir='ltr' id='par_1_59' title="bbox 585 4041 2191 4115">
     <span class='ocr_line' id='line_1_59' title="bbox 585 4041 2191 4115; baseline 0.006 -22"><span class='ocrx_word' id='word_1_403' title='bbox 585 4042 741 4093; x_wconf 91' lang='lat' dir='ltr'><strong>ctum</strong></span> <span class='ocrx_word' id='word_1_404' title='bbox 772 4041 930 4094; x_wconf 91' lang='lat' dir='ltr'><strong>enim</strong></span> <span class='ocrx_word' id='word_1_405' title='bbox 962 4041 1120 4095; x_wconf 85' lang='lat' dir='ltr'><strong>brevi</strong></span> <span class='ocrx_word' id='word_1_406' title='bbox 1150 4042 1432 4113; x_wconf 90' lang='lat' dir='ltr'><strong>temporis</strong></span> <span class='ocrx_word' id='word_1_407' title='bbox 1452 4042 1657 4112; x_wconf 89' lang='lat' dir='ltr'><strong>spatio,</strong></span> <span class='ocrx_word' id='word_1_408' title='bbox 1684 4060 1797 4114; x_wconf 86' lang='lat' dir='ltr'><strong>quo</strong></span> <span class='ocrx_word' id='word_1_409' title='bbox 1819 4060 1885 4098; x_wconf 88' lang='lat' dir='ltr'><strong>ex</strong></span> <span class='ocrx_word' id='word_1_410' title='bbox 1917 4044 2191 4115; x_wconf 87' lang='lat' dir='ltr'><strong>dicendis,</strong></span> 
     </span>
    </p>
   </div>
   <div class='ocr_carea' id='block_1_60' title="bbox 584 4126 2194 4205">
    <p class='ocr_par' dir='ltr' id='par_1_60' title="bbox 584 4126 2194 4205">
     <span class='ocr_line' id='line_1_60' title="bbox 584 4126 2194 4205; baseline 0.006 -24"><span class='ocrx_word' id='word_1_411' title='bbox 584 4131 897 4199; x_wconf 87' lang='lat' dir='ltr'><strong>antequam</strong></span> <span class='ocrx_word' id='word_1_412' title='bbox 930 4126 988 4182; x_wconf 92' lang='lat' dir='ltr'><strong>in</strong></span> <span class='ocrx_word' id='word_1_413' title='bbox 1012 4127 1333 4183; x_wconf 86' lang='lat' dir='ltr'><strong>Calabriam</strong></span> <span class='ocrx_word' id='word_1_414' title='bbox 1354 4128 1666 4197; x_wconf 91' lang='lat' dir='ltr'><strong>secederet,</strong></span> <span class='ocrx_word' id='word_1_415' title='bbox 1686 4132 1837 4201; x_wconf 88' lang='lat' dir='ltr'><strong>apud</strong></span> <span class='ocrx_word' id='word_1_416' title='bbox 1860 4135 2194 4205; x_wconf 82' lang='lat' dir='ltr'><strong>pontificem</strong></span> 
     </span>
    </p>
   </div>
   <div class='ocr_carea' id='block_1_61' title="bbox 580 4216 2192 4295">
    <p class='ocr_par' dir='ltr' id='par_1_61' title="bbox 580 4216 2192 4295">
     <span class='ocr_line' id='line_1_61' title="bbox 580 4216 2192 4295; baseline 0.006 -25"><span class='ocrx_word' id='word_1_417' title='bbox 580 4219 974 4271; x_wconf 84' lang='lat' dir='ltr'><strong>commoratus</strong></span> <span class='ocrx_word' id='word_1_418' title='bbox 999 4219 1105 4284; x_wconf 88' lang='lat' dir='ltr'><strong>est,</strong></span> <span class='ocrx_word' id='word_1_419' title='bbox 1158 4216 1439 4273; x_wconf 86' lang='lat' dir='ltr'><strong>invenisse</strong></span> <span class='ocrx_word' id='word_1_420' title='bbox 1468 4218 1662 4273; x_wconf 89' lang='lat' dir='ltr'><strong>statim</strong></span> <span class='ocrx_word' id='word_1_421' title='bbox 1704 4220 1923 4291; x_wconf 84' lang='lat' dir='ltr'><strong>Roma,</strong></span> <span class='ocrx_word' id='word_1_422' title='bbox 1977 4224 2075 4295; x_wconf 87' lang='lat' dir='ltr'><strong>qui</strong></span> <span class='ocrx_word' id='word_1_423' title='bbox 2133 4224 2192 4279; x_wconf 93' lang='lat' dir='ltr'><strong>in</strong></span> 
     </span>
    </p>
   </div>
   <div class='ocr_carea' id='block_1_62' title="bbox 2308 1832 3926 1905">
    <p class='ocr_par' dir='ltr' id='par_1_62' title="bbox 2308 1832 3926 1905">
     <span class='ocr_line' id='line_1_62' title="bbox 2308 1832 3926 1905; baseline 0 -16"><span class='ocrx_word' id='word_1_424' title='bbox 2308 1838 2631 1890; x_wconf 87' lang='lat' dir='ltr'><strong>tentatur...</strong></span> <span class='ocrx_word' id='word_1_425' title='bbox 2683 1836 2837 1904; x_wconf 88' lang='lat' dir='ltr'><strong>Papa</strong></span> <span class='ocrx_word' id='word_1_426' title='bbox 2880 1850 3090 1905; x_wconf 91' lang='lat' dir='ltr'><strong>nempe</strong></span> <span class='ocrx_word' id='word_1_427' title='bbox 3136 1834 3399 1888; x_wconf 88' lang='lat' dir='ltr'><strong>Urbanus</strong></span> <span class='ocrx_word' id='word_1_428' title='bbox 3421 1835 3487 1899; x_wconf 89' lang='lat' dir='ltr'><strong>II,</strong></span> <span class='ocrx_word' id='word_1_429' title='bbox 3535 1832 3693 1903; x_wconf 89' lang='lat' dir='ltr'><strong>prius</strong></span> <span class='ocrx_word' id='word_1_430' title='bbox 3738 1834 3926 1889; x_wconf 91' lang='lat' dir='ltr'><strong>dictus</strong></span> 
     </span>
    </p>
   </div>
   <div class='ocr_carea' id='block_1_63' title="bbox 2309 1921 3927 1993">
    <p class='ocr_par' dir='ltr' id='par_1_63' title="bbox 2309 1921 3927 1993">
     <span class='ocr_line' id='line_1_63' title="bbox 2309 1921 3927 1993; baseline 0.001 -16"><span class='ocrx_word' id='word_1_431' title='bbox 2309 1924 2462 1990; x_wconf 89' lang='lat' dir='ltr'><strong>Otto,</strong></span> <span class='ocrx_word' id='word_1_432' title='bbox 2495 1924 2673 1978; x_wconf 89' lang='lat' dir='ltr'><strong>abbas</strong></span> <span class='ocrx_word' id='word_1_433' title='bbox 2693 1922 3098 1989; x_wconf 86' lang='lat' dir='ltr'><strong>Cluniacensis,</strong></span> <span class='ocrx_word' id='word_1_434' title='bbox 3131 1925 3228 1993; x_wconf 85' lang='lat' dir='ltr'><strong>qui</strong></span> <span class='ocrx_word' id='word_1_435' title='bbox 3250 1922 3390 1977; x_wconf 89' lang='lat' dir='ltr'><strong>olim</strong></span> <span class='ocrx_word' id='word_1_436' title='bbox 3404 1921 3710 1993; x_wconf 89' lang='lat' dir='ltr'><strong>discipulus</strong></span> <span class='ocrx_word' id='word_1_437' title='bbox 3730 1923 3927 1978; x_wconf 87' lang='lat' dir='ltr'><strong>fuerat</strong></span> 
     </span>
    </p>
   </div>
   <div class='ocr_carea' id='block_1_64' title="bbox 2306 2010 3927 2084">
    <p class='ocr_par' dir='ltr' id='par_1_64' title="bbox 2306 2010 3927 2084">
     <span class='ocr_line' id='line_1_64' title="bbox 2306 2010 3927 2084; baseline 0 -18"><span class='ocrx_word' id='word_1_438' title='bbox 2306 2010 2459 2067; x_wconf 89' lang='lat' dir='ltr'><strong>beati</strong></span> <span class='ocrx_word' id='word_1_439' title='bbox 2505 2011 2946 2078; x_wconf 89' lang='lat' dir='ltr'><strong>Brunonis,cum</strong></span> <span class='ocrx_word' id='word_1_440' title='bbox 2986 2010 3385 2081; x_wconf 84' lang='lat' dir='ltr'><strong>pontiﬁcatum</strong></span> <span class='ocrx_word' id='word_1_441' title='bbox 3417 2027 3712 2064; x_wconf 89' lang='lat' dir='ltr'><strong>summum</strong></span> <span class='ocrx_word' id='word_1_442' title='bbox 3748 2011 3927 2084; x_wconf 89' lang='lat' dir='ltr'><strong>adep-</strong></span> 
     </span>
    </p>
   </div>
   <div class='ocr_carea' id='block_1_65' title="bbox 2304 2097 3927 2171">
    <p class='ocr_par' dir='ltr' id='par_1_65' title="bbox 2304 2097 3927 2171">
     <span class='ocr_line' id='line_1_65' title="bbox 2304 2097 3927 2171; baseline -0.001 -16"><span class='ocrx_word' id='word_1_443' title='bbox 2304 2102 2395 2155; x_wconf 89' lang='lat' dir='ltr'><strong>tus</strong></span> <span class='ocrx_word' id='word_1_444' title='bbox 2411 2104 2577 2167; x_wconf 90' lang='lat' dir='ltr'><strong>esset,</strong></span> <span class='ocrx_word' id='word_1_445' title='bbox 2597 2100 2833 2171; x_wconf 90' lang='lat' dir='ltr'><strong>cupiens</strong></span> <span class='ocrx_word' id='word_1_446' title='bbox 2856 2100 3019 2154; x_wconf 90' lang='lat' dir='ltr'><strong>illum</strong></span> <span class='ocrx_word' id='word_1_447' title='bbox 3040 2100 3211 2170; x_wconf 85' lang='lat' dir='ltr'><strong>digne</strong></span> <span class='ocrx_word' id='word_1_448' title='bbox 3227 2097 3659 2165; x_wconf 87' lang='lat' dir='ltr'><strong>administrare,</strong></span> <span class='ocrx_word' id='word_1_449' title='bbox 3675 2115 3794 2153; x_wconf 90' lang='lat' dir='ltr'><strong>non</strong></span> <span class='ocrx_word' id='word_1_450' title='bbox 3815 2099 3927 2154; x_wconf 86' lang='lat' dir='ltr'><strong>im-</strong></span> 
     </span>
    </p>
   </div>
   <div class='ocr_carea' id='block_1_66' title="bbox 2304 2187 3920 2259">
    <p class='ocr_par' dir='ltr' id='par_1_66' title="bbox 2304 2187 3920 2259">
     <span class='ocr_line' id='line_1_66' title="bbox 2304 2187 3920 2259; baseline -0.001 -15"><span class='ocrx_word' id='word_1_451' title='bbox 2304 2205 2534 2244; x_wconf 88' lang='lat' dir='ltr'><strong>memor</strong></span> <span class='ocrx_word' id='word_1_452' title='bbox 2554 2188 3049 2243; x_wconf 81' lang='lat' dir='ltr'><strong>excellentissima</strong></span> <span class='ocrx_word' id='word_1_453' title='bbox 3075 2187 3355 2242; x_wconf 86' lang='lat' dir='ltr'><strong>doctrina</strong></span> <span class='ocrx_word' id='word_1_454' title='bbox 3374 2192 3431 2241; x_wconf 93' lang='lat' dir='ltr'><strong>et</strong></span> <span class='ocrx_word' id='word_1_455' title='bbox 3448 2187 3754 2257; x_wconf 87' lang='lat' dir='ltr'><strong>probitatis</strong></span> <span class='ocrx_word' id='word_1_456' title='bbox 3771 2188 3920 2259; x_wconf 87' lang='lat' dir='ltr'><strong>ejus-</strong></span> 
     </span>
    </p>
   </div>
   <div class='ocr_carea' id='block_1_67' title="bbox 2306 2274 3925 2349">
    <p class='ocr_par' dir='ltr' id='par_1_67' title="bbox 2306 2274 3925 2349">
     <span class='ocr_line' id='line_1_67' title="bbox 2306 2274 3925 2349; baseline 0 -17"><span class='ocrx_word' id='word_1_457' title='bbox 2306 2278 2441 2332; x_wconf 89' lang='lat' dir='ltr'><strong>dem</strong></span> <span class='ocrx_word' id='word_1_458' title='bbox 2468 2278 2551 2332; x_wconf 90' lang='lat' dir='ltr'><strong>sui</strong></span> <span class='ocrx_word' id='word_1_459' title='bbox 2572 2277 2946 2349; x_wconf 89' lang='lat' dir='ltr'><strong>praceptoris,</strong></span> <span class='ocrx_word' id='word_1_460' title='bbox 2972 2274 3191 2330; x_wconf 89' lang='lat' dir='ltr'><strong>vocavit</strong></span> <span class='ocrx_word' id='word_1_461' title='bbox 3224 2293 3360 2329; x_wconf 91' lang='lat' dir='ltr'><strong>eum</strong></span> <span class='ocrx_word' id='word_1_462' title='bbox 3389 2276 3462 2329; x_wconf 90' lang='lat' dir='ltr'><strong>ad</strong></span> <span class='ocrx_word' id='word_1_463' title='bbox 3491 2279 3703 2330; x_wconf 83' lang='lat' dir='ltr'><strong>sancta</strong></span> <span class='ocrx_word' id='word_1_464' title='bbox 3735 2277 3925 2332; x_wconf 82' lang='lat' dir='ltr'><strong>Eccle-</strong></span> 
     </span>
    </p>
   </div>
   <div class='ocr_carea' id='block_1_68' title="bbox 2305 2364 3922 2437">
    <p class='ocr_par' dir='ltr' id='par_1_68' title="bbox 2305 2364 3922 2437">
     <span class='ocr_line' id='line_1_68' title="bbox 2305 2364 3922 2437; baseline -0.001 -18"><span class='ocrx_word' id='word_1_465' title='bbox 2305 2365 2401 2421; x_wconf 89' lang='lat' dir='ltr'><strong>sia</strong></span> <span class='ocrx_word' id='word_1_466' title='bbox 2420 2366 2778 2437; x_wconf 89' lang='lat' dir='ltr'><strong>obsequium,</strong></span> <span class='ocrx_word' id='word_1_467' title='bbox 2794 2365 2989 2419; x_wconf 89' lang='lat' dir='ltr'><strong>addito</strong></span> <span class='ocrx_word' id='word_1_468' title='bbox 3008 2364 3185 2419; x_wconf 90' lang='lat' dir='ltr'><strong>etiam</strong></span> <span class='ocrx_word' id='word_1_469' title='bbox 3202 2364 3549 2418; x_wconf 85' lang='lat' dir='ltr'><strong>obedientia</strong></span> <span class='ocrx_word' id='word_1_470' title='bbox 3566 2367 3922 2436; x_wconf 68' lang='lat' dir='ltr'><strong>pracepto.»</strong></span> 
     </span>
    </p>
   </div>
   <div class='ocr_carea' id='block_1_69' title="bbox 2374 2452 3922 2524">
    <p class='ocr_par' dir='ltr' id='par_1_69' title="bbox 2374 2452 3922 2524">
     <span class='ocr_line' id='line_1_69' title="bbox 2374 2452 3922 2524; baseline 0 -15"><span class='ocrx_word' id='word_1_471' title='bbox 2374 2458 2496 2510; x_wconf 78' lang='grc'>512.</span> <span class='ocrx_word' id='word_1_472' title='bbox 2535 2477 2561 2504; x_wconf 91' lang='grc'><strong>‹‹</strong></span> <span class='ocrx_word' id='word_1_473' title='bbox 2613 2454 2734 2518; x_wconf 90' lang='lat' dir='ltr'><strong>Quo</strong></span> <span class='ocrx_word' id='word_1_474' title='bbox 2790 2455 3043 2524; x_wconf 88' lang='lat' dir='ltr'><strong>perlecto</strong></span> <span class='ocrx_word' id='word_1_475' title='bbox 3101 2452 3400 2519; x_wconf 86' lang='lat' dir='ltr'><strong>mandato,</strong></span> <span class='ocrx_word' id='word_1_476' title='bbox 3462 2468 3569 2506; x_wconf 85' lang='lat' dir='ltr'><strong>vox</strong></span> <span class='ocrx_word' id='word_1_477' title='bbox 3616 2452 3677 2507; x_wconf 91' lang='lat' dir='ltr'><strong>in</strong></span> <span class='ocrx_word' id='word_1_478' title='bbox 3734 2454 3922 2509; x_wconf 83' lang='lat' dir='ltr'><strong>Rama</strong></span> 
     </span>
    </p>
   </div>
   <div class='ocr_carea' id='block_1_70' title="bbox 2305 2542 3919 2611">
    <p class='ocr_par' dir='ltr' id='par_1_70' title="bbox 2305 2542 3919 2611">
     <span class='ocr_line' id='line_1_70' title="bbox 2305 2542 3919 2611; baseline -0.001 -13"><span class='ocrx_word' id='word_1_479' title='bbox 2305 2544 2500 2599; x_wconf 89' lang='lat' dir='ltr'><strong>audita</strong></span> <span class='ocrx_word' id='word_1_480' title='bbox 2525 2546 2629 2609; x_wconf 90' lang='lat' dir='ltr'><strong>est,</strong></span> <span class='ocrx_word' id='word_1_481' title='bbox 2688 2543 2933 2596; x_wconf 88' lang='lat' dir='ltr'><strong>ululatus</strong></span> <span class='ocrx_word' id='word_1_482' title='bbox 2983 2546 3041 2596; x_wconf 88' lang='lat' dir='ltr'><strong>et</strong></span> <span class='ocrx_word' id='word_1_483' title='bbox 3092 2543 3349 2611; x_wconf 90' lang='lat' dir='ltr'><strong>prolatus</strong></span> <span class='ocrx_word' id='word_1_484' title='bbox 3400 2542 3614 2595; x_wconf 90' lang='lat' dir='ltr'><strong>multus</strong></span> <span class='ocrx_word' id='word_1_485' title='bbox 3662 2542 3919 2597; x_wconf 85' lang='lat' dir='ltr'><strong>filiorum</strong></span> 
     </span>
    </p>
   </div>
   <div class='ocr_carea' id='block_1_71' title="bbox 2305 2629 3922 2697">
    <p class='ocr_par' dir='ltr' id='par_1_71' title="bbox 2305 2629 3922 2697">
     <span class='ocr_line' id='line_1_71' title="bbox 2305 2629 3922 2697; baseline 0 -11"><span class='ocrx_word' id='word_1_486' title='bbox 2305 2632 2485 2686; x_wconf 88' lang='lat' dir='ltr'><strong>sancti</strong></span> <span class='ocrx_word' id='word_1_487' title='bbox 2543 2631 2846 2697; x_wconf 91' lang='lat' dir='ltr'><strong>Brunonis,</strong></span> <span class='ocrx_word' id='word_1_488' title='bbox 2905 2631 3229 2684; x_wconf 88' lang='lat' dir='ltr'><strong>nolentium</strong></span> <span class='ocrx_word' id='word_1_489' title='bbox 3288 2629 3576 2684; x_wconf 89' lang='lat' dir='ltr'><strong>consolari</strong></span> <span class='ocrx_word' id='word_1_490' title='bbox 3625 2630 3922 2686; x_wconf 84' lang='lat' dir='ltr'><strong>obtestan-</strong></span> 
     </span>
    </p>
   </div>
   <div class='ocr_carea' id='block_1_72' title="bbox 2304 2718 3917 2791">
    <p class='ocr_par' dir='ltr' id='par_1_72' title="bbox 2304 2718 3917 2791">
     <span class='ocr_line' id='line_1_72' title="bbox 2304 2718 3917 2791; baseline 0.002 -18"><span class='ocrx_word' id='word_1_491' title='bbox 2304 2721 2565 2791; x_wconf 88' lang='lat' dir='ltr'><strong>tiumque</strong></span> <span class='ocrx_word' id='word_1_492' title='bbox 2606 2722 2859 2785; x_wconf 89' lang='lat' dir='ltr'><strong>Patrem,</strong></span> <span class='ocrx_word' id='word_1_493' title='bbox 2910 2719 3065 2790; x_wconf 88' lang='lat' dir='ltr'><strong>quod</strong></span> <span class='ocrx_word' id='word_1_494' title='bbox 3096 2719 3218 2789; x_wconf 87' lang='lat' dir='ltr'><strong>ejus</strong></span> <span class='ocrx_word' id='word_1_495' title='bbox 3274 2718 3462 2773; x_wconf 87' lang='lat' dir='ltr'><strong>orbati</strong></span> <span class='ocrx_word' id='word_1_496' title='bbox 3515 2718 3718 2773; x_wconf 89' lang='lat' dir='ltr'><strong>solatio</strong></span> <span class='ocrx_word' id='word_1_497' title='bbox 3754 2721 3917 2776; x_wconf 83' lang='lat' dir='ltr'><strong>nullo</strong></span> 
     </span>
    </p>
   </div>
   <div class='ocr_carea' id='block_1_73' title="bbox 2302 2806 3921 2880">
    <p class='ocr_par' dir='ltr' id='par_1_73' title="bbox 2302 2806 3921 2880">
     <span class='ocr_line' id='line_1_73' title="bbox 2302 2806 3921 2880; baseline 0.001 -18"><span class='ocrx_word' id='word_1_498' title='bbox 2302 2812 2470 2880; x_wconf 89' lang='lat' dir='ltr'><strong>pacto</strong></span> <span class='ocrx_word' id='word_1_499' title='bbox 2501 2809 2705 2863; x_wconf 92' lang='lat' dir='ltr'><strong>inloco</strong></span> <span class='ocrx_word' id='word_1_500' title='bbox 2732 2807 2989 2862; x_wconf 91' lang='lat' dir='ltr'><strong>horroris</strong></span> <span class='ocrx_word' id='word_1_501' title='bbox 3018 2810 3076 2861; x_wconf 91' lang='lat' dir='ltr'><strong>et</strong></span> <span class='ocrx_word' id='word_1_502' title='bbox 3103 2810 3277 2861; x_wconf 83' lang='lat' dir='ltr'><strong>vasta</strong></span> <span class='ocrx_word' id='word_1_503' title='bbox 3303 2806 3627 2861; x_wconf 87' lang='lat' dir='ltr'><strong>solitudinis</strong></span> <span class='ocrx_word' id='word_1_504' title='bbox 3655 2824 3921 2879; x_wconf 87' lang='lat' dir='ltr'><strong>perseve-</strong></span> 
     </span>
    </p>
   </div>
   <div class='ocr_carea' id='block_1_74' title="bbox 2304 2895 3914 2968">
    <p class='ocr_par' dir='ltr' id='par_1_74' title="bbox 2304 2895 3914 2968">
     <span class='ocr_line' id='line_1_74' title="bbox 2304 2895 3914 2968; baseline 0.001 -18"><span class='ocrx_word' id='word_1_505' title='bbox 2304 2912 2433 2951; x_wconf 90' lang='lat' dir='ltr'><strong>rare</strong></span> <span class='ocrx_word' id='word_1_506' title='bbox 2453 2900 2706 2968; x_wconf 87' lang='lat' dir='ltr'><strong>possent.</strong></span> <span class='ocrx_word' id='word_1_507' title='bbox 2734 2896 2845 2950; x_wconf 90' lang='lat' dir='ltr'><strong>Sed</strong></span> <span class='ocrx_word' id='word_1_508' title='bbox 2875 2895 2920 2949; x_wconf 91' lang='lat' dir='ltr'><strong>si</strong></span> <span class='ocrx_word' id='word_1_509' title='bbox 2952 2898 3241 2961; x_wconf 88' lang='lat' dir='ltr'><strong>maneret,</strong></span> <span class='ocrx_word' id='word_1_510' title='bbox 3262 2897 3591 2962; x_wconf 88' lang='lat' dir='ltr'><strong>manerent,</strong></span> <span class='ocrx_word' id='word_1_511' title='bbox 3624 2895 3673 2949; x_wconf 91' lang='lat' dir='ltr'><strong>si</strong></span> <span class='ocrx_word' id='word_1_512' title='bbox 3704 2895 3914 2965; x_wconf 85' lang='lat' dir='ltr'><strong>abiret,</strong></span> 
     </span>
    </p>
   </div>
   <div class='ocr_carea' id='block_1_75' title="bbox 2304 2983 3916 3057">
    <p class='ocr_par' dir='ltr' id='par_1_75' title="bbox 2304 2983 3916 3057">
     <span class='ocr_line' id='line_1_75' title="bbox 2304 2983 3916 3057; baseline 0.001 -18"><span class='ocrx_word' id='word_1_513' title='bbox 2304 2985 2532 3039; x_wconf 90' lang='lat' dir='ltr'><strong>abirent</strong></span> <span class='ocrx_word' id='word_1_514' title='bbox 2558 2990 2615 3040; x_wconf 90' lang='lat' dir='ltr'><strong>et</strong></span> <span class='ocrx_word' id='word_1_515' title='bbox 2642 2985 2768 3057; x_wconf 91' lang='lat' dir='ltr'><strong>ipsi.</strong></span> <span class='ocrx_word' id='word_1_516' title='bbox 2815 2984 3074 3049; x_wconf 88' lang='lat' dir='ltr'><strong>Quorum</strong></span> <span class='ocrx_word' id='word_1_517' title='bbox 3126 2984 3357 3038; x_wconf 84' lang='lat' dir='ltr'><strong>ﬂetibus</strong></span> <span class='ocrx_word' id='word_1_518' title='bbox 3386 2983 3674 3056; x_wconf 87' lang='lat' dir='ltr'><strong>piissimus</strong></span> <span class='ocrx_word' id='word_1_519' title='bbox 3721 2986 3916 3041; x_wconf 89' lang='lat' dir='ltr'><strong>Bruno</strong></span> 
     </span>
    </p>
   </div>
   <div class='ocr_carea' id='block_1_76' title="bbox 2302 3072 3916 3144">
    <p class='ocr_par' dir='ltr' id='par_1_76' title="bbox 2302 3072 3916 3144">
     <span class='ocr_line' id='line_1_76' title="bbox 2302 3072 3916 3144; baseline 0 -14"><span class='ocrx_word' id='word_1_520' title='bbox 2302 3075 2681 3130; x_wconf 88' lang='lat' dir='ltr'><strong>vehementer</strong></span> <span class='ocrx_word' id='word_1_521' title='bbox 2710 3074 2974 3128; x_wconf 86' lang='lat' dir='ltr'><strong>turbatus</strong></span> <span class='ocrx_word' id='word_1_522' title='bbox 3015 3077 3073 3127; x_wconf 91' lang='lat' dir='ltr'><strong>et</strong></span> <span class='ocrx_word' id='word_1_523' title='bbox 3102 3073 3175 3127; x_wconf 90' lang='lat' dir='ltr'><strong>ad</strong></span> <span class='ocrx_word' id='word_1_524' title='bbox 3207 3072 3671 3144; x_wconf 88' lang='lat' dir='ltr'><strong>compassionem</strong></span> <span class='ocrx_word' id='word_1_525' title='bbox 3698 3077 3916 3143; x_wconf 88' lang='lat' dir='ltr'><strong>motus,</strong></span> 
     </span>
    </p>
   </div>
   <div class='ocr_carea' id='block_1_77' title="bbox 2305 3161 3919 3234">
    <p class='ocr_par' dir='ltr' id='par_1_77' title="bbox 2305 3161 3919 3234">
     <span class='ocr_line' id='line_1_77' title="bbox 2305 3161 3919 3234; baseline 0.001 -16"><span class='ocrx_word' id='word_1_526' title='bbox 2305 3180 2438 3218; x_wconf 90' lang='lat' dir='ltr'><strong>cum</strong></span> <span class='ocrx_word' id='word_1_527' title='bbox 2488 3163 2595 3218; x_wconf 90' lang='lat' dir='ltr'><strong>sibi</strong></span> <span class='ocrx_word' id='word_1_528' title='bbox 2653 3178 2881 3234; x_wconf 89' lang='lat' dir='ltr'><strong>quoque</strong></span> <span class='ocrx_word' id='word_1_529' title='bbox 2957 3161 3329 3216; x_wconf 90' lang='lat' dir='ltr'><strong>durissimum</strong></span> <span class='ocrx_word' id='word_1_530' title='bbox 3382 3164 3548 3227; x_wconf 86' lang='lat' dir='ltr'><strong>esset,</strong></span> <span class='ocrx_word' id='word_1_531' title='bbox 3609 3164 3737 3234; x_wconf 90' lang='lat' dir='ltr'><strong>post</strong></span> <span class='ocrx_word' id='word_1_532' title='bbox 3793 3166 3919 3220; x_wconf 90' lang='lat' dir='ltr'><strong>tam</strong></span> 
     </span>
    </p>
   </div>
   <div class='ocr_carea' id='block_1_78' title="bbox 2306 3248 3922 3323">
    <p class='ocr_par' dir='ltr' id='par_1_78' title="bbox 2306 3248 3922 3323">
     <span class='ocr_line' id='line_1_78' title="bbox 2306 3248 3922 3323; baseline -0.001 -17"><span class='ocrx_word' id='word_1_533' title='bbox 2306 3252 2546 3323; x_wconf 86' lang='lat' dir='ltr'><strong>placida</strong></span> <span class='ocrx_word' id='word_1_534' title='bbox 2576 3254 2634 3305; x_wconf 89' lang='lat' dir='ltr'><strong>et</strong></span> <span class='ocrx_word' id='word_1_535' title='bbox 2664 3250 2988 3322; x_wconf 86' lang='lat' dir='ltr'><strong>tranquilla</strong></span> <span class='ocrx_word' id='word_1_536' title='bbox 3035 3248 3360 3305; x_wconf 86' lang='lat' dir='ltr'><strong>solitudinis</strong></span> <span class='ocrx_word' id='word_1_537' title='bbox 3389 3248 3645 3319; x_wconf 89' lang='lat' dir='ltr'><strong>quietem</strong></span> <span class='ocrx_word' id='word_1_538' title='bbox 3687 3265 3922 3305; x_wconf 86' lang='lat' dir='ltr'><strong>rursum</strong></span> 
     </span>
    </p>
   </div>
   <div class='ocr_carea' id='block_1_79' title="bbox 2307 3336 3925 3410">
    <p class='ocr_par' dir='ltr' id='par_1_79' title="bbox 2307 3336 3925 3410">
     <span class='ocr_line' id='line_1_79' title="bbox 2307 3336 3925 3410; baseline 0 -16"><span class='ocrx_word' id='word_1_539' title='bbox 2307 3340 2556 3394; x_wconf 89' lang='lat' dir='ltr'><strong>externis</strong></span> <span class='ocrx_word' id='word_1_540' title='bbox 2578 3340 2729 3393; x_wconf 90' lang='lat' dir='ltr'><strong>curis</strong></span> <span class='ocrx_word' id='word_1_541' title='bbox 2760 3343 2817 3393; x_wconf 92' lang='lat' dir='ltr'><strong>et</strong></span> <span class='ocrx_word' id='word_1_542' title='bbox 2862 3337 3356 3410; x_wconf 89' lang='lat' dir='ltr'><strong>inquietudinibus</strong></span> <span class='ocrx_word' id='word_1_543' title='bbox 3401 3336 3707 3408; x_wconf 84' lang='lat' dir='ltr'><strong>implicari.</strong></span> <span class='ocrx_word' id='word_1_544' title='bbox 3756 3338 3925 3394; x_wconf 82' lang='lat' dir='ltr'><strong>Nisus</strong></span> 
     </span>
    </p>
   </div>
   <div class='ocr_carea' id='block_1_80' title="bbox 2307 3425 3921 3483">
    <p class='ocr_par' dir='ltr' id='par_1_80' title="bbox 2307 3425 3921 3483">
     <span class='ocr_line' id='line_1_80' title="bbox 2307 3425 3921 3483; baseline -0.001 -1"><span class='ocrx_word' id='word_1_545' title='bbox 2307 3432 2393 3483; x_wconf 89' lang='lat' dir='ltr'><strong>est</strong></span> <span class='ocrx_word' id='word_1_546' title='bbox 2438 3432 2636 3483; x_wconf 90' lang='lat' dir='ltr'><strong>tamen</strong></span> <span class='ocrx_word' id='word_1_547' title='bbox 2698 3445 2901 3483; x_wconf 88' lang='lat' dir='ltr'><strong>eorum</strong></span> <span class='ocrx_word' id='word_1_548' title='bbox 2959 3428 3188 3482; x_wconf 86' lang='lat' dir='ltr'><strong>animos</strong></span> <span class='ocrx_word' id='word_1_549' title='bbox 3246 3425 3450 3480; x_wconf 88' lang='lat' dir='ltr'><strong>sedare</strong></span> <span class='ocrx_word' id='word_1_550' title='bbox 3501 3428 3560 3480; x_wconf 89' lang='lat' dir='ltr'><strong>et</strong></span> <span class='ocrx_word' id='word_1_551' title='bbox 3609 3427 3921 3482; x_wconf 82' lang='lat' dir='ltr'><strong>consolari.</strong></span> 
     </span>
    </p>
   </div>
   <div class='ocr_carea' id='block_1_81' title="bbox 2306 3514 3925 3589">
    <p class='ocr_par' dir='ltr' id='par_1_81' title="bbox 2306 3514 3925 3589">
     <span class='ocr_line' id='line_1_81' title="bbox 2306 3514 3925 3589; baseline 0 -17"><span class='ocrx_word' id='word_1_552' title='bbox 2306 3517 2532 3572; x_wconf 88' lang='lat' dir='ltr'><strong>Sciebat</strong></span> <span class='ocrx_word' id='word_1_553' title='bbox 2581 3518 2701 3589; x_wconf 88' lang='lat' dir='ltr'><strong>ipse</strong></span> <span class='ocrx_word' id='word_1_554' title='bbox 2732 3517 3010 3588; x_wconf 89' lang='lat' dir='ltr'><strong>scriptum</strong></span> <span class='ocrx_word' id='word_1_555' title='bbox 3043 3531 3195 3570; x_wconf 88' lang='lat' dir='ltr'><strong>esse:</strong></span> <span class='ocrx_word' id='word_1_556' title='bbox 3227 3537 3255 3565; x_wconf 85' lang='lat'><strong><em>«</em></strong></span> <span class='ocrx_word' id='word_1_557' title='bbox 3307 3514 3414 3578; x_wconf 86' lang='lat' dir='ltr'><strong>Qui</strong></span> <span class='ocrx_word' id='word_1_558' title='bbox 3455 3530 3555 3569; x_wconf 90' lang='lat' dir='ltr'><strong>vos</strong></span> <span class='ocrx_word' id='word_1_559' title='bbox 3601 3514 3781 3581; x_wconf 87' lang='lat' dir='ltr'><strong>audit,</strong></span> <span class='ocrx_word' id='word_1_560' title='bbox 3822 3532 3925 3573; x_wconf 87' lang='lat' dir='ltr'><strong>me</strong></span> 
     </span>
    </p>
   </div>
   <div class='ocr_carea' id='block_1_82' title="bbox 2305 3603 3923 3677">
    <p class='ocr_par' dir='ltr' id='par_1_82' title="bbox 2305 3603 3923 3677">
     <span class='ocr_line' id='line_1_82' title="bbox 2305 3603 3923 3677; baseline 0.003 -22"><span class='ocrx_word' id='word_1_561' title='bbox 2305 3626 2334 3655; x_wconf 83' lang='grc'><strong>››</strong></span> <span class='ocrx_word' id='word_1_562' title='bbox 2365 3607 2618 3671; x_wconf 87' lang='lat' dir='ltr'><strong>audit,et</strong></span> <span class='ocrx_word' id='word_1_563' title='bbox 2648 3605 2802 3677; x_wconf 88' lang='lat' dir='ltr'><strong>quod</strong></span> <span class='ocrx_word' id='word_1_564' title='bbox 2825 3605 3005 3659; x_wconf 90' lang='lat' dir='ltr'><strong>semel</strong></span> <span class='ocrx_word' id='word_1_565' title='bbox 3033 3603 3289 3675; x_wconf 85' lang='lat' dir='ltr'><strong>loquitur</strong></span> <span class='ocrx_word' id='word_1_566' title='bbox 3310 3604 3477 3670; x_wconf 88' lang='lat' dir='ltr'><strong>Deus,</strong></span> <span class='ocrx_word' id='word_1_567' title='bbox 3495 3611 3554 3657; x_wconf 89' lang='lat' dir='ltr'><strong>et</strong></span> <span class='ocrx_word' id='word_1_568' title='bbox 3582 3604 3836 3660; x_wconf 86' lang='lat' dir='ltr'><strong>secundo</strong></span> <span class='ocrx_word' id='word_1_569' title='bbox 3860 3605 3923 3660; x_wconf 88' lang='lat' dir='ltr'><strong>id</strong></span> 
     </span>
    </p>
   </div>
   <div class='ocr_carea' id='block_1_83' title="bbox 2304 3691 3922 3764">
    <p class='ocr_par' dir='ltr' id='par_1_83' title="bbox 2304 3691 3922 3764">
     <span class='ocr_line' id='line_1_83' title="bbox 2304 3691 3922 3764; baseline 0.004 -21"><span class='ocrx_word' id='word_1_570' title='bbox 2304 3714 2333 3744; x_wconf 80' lang='lat'><strong>»</strong></span> <span class='ocrx_word' id='word_1_571' title='bbox 2358 3695 2545 3764; x_wconf 89' lang='lat' dir='ltr'><strong>ipsum</strong></span> <span class='ocrx_word' id='word_1_572' title='bbox 2580 3710 2697 3747; x_wconf 91' lang='lat' dir='ltr'><strong>non</strong></span> <span class='ocrx_word' id='word_1_573' title='bbox 2735 3692 2969 3763; x_wconf 87' lang='lat' dir='ltr'><strong>repetit.</strong></span> <span class='ocrx_word' id='word_1_574' title='bbox 2987 3711 3017 3745; x_wconf 76' lang='lat'>»</span> <span class='ocrx_word' id='word_1_575' title='bbox 3033 3693 3100 3745; x_wconf 86' lang='lat' dir='ltr'><strong>Et</strong></span> <span class='ocrx_word' id='word_1_576' title='bbox 3136 3692 3265 3746; x_wconf 90' lang='lat' dir='ltr'><strong>ideo</strong></span> <span class='ocrx_word' id='word_1_577' title='bbox 3279 3708 3399 3746; x_wconf 90' lang='lat' dir='ltr'><strong>non</strong></span> <span class='ocrx_word' id='word_1_578' title='bbox 3423 3691 3588 3746; x_wconf 90' lang='lat' dir='ltr'><strong>aliter</strong></span> <span class='ocrx_word' id='word_1_579' title='bbox 3606 3693 3922 3764; x_wconf 82' lang='lat' dir='ltr'><strong>Apostolici</strong></span> 
     </span>
    </p>
   </div>
   <div class='ocr_carea' id='block_1_84' title="bbox 2295 3780 3921 3853">
    <p class='ocr_par' dir='ltr' id='par_1_84' title="bbox 2295 3780 3921 3853">
     <span class='ocr_line' id='line_1_84' title="bbox 2295 3780 3921 3853; baseline 0.001 -17"><span class='ocrx_word' id='word_1_580' title='bbox 2295 3782 2634 3853; x_wconf 85' lang='lat' dir='ltr'><strong>jussionem,</strong></span> <span class='ocrx_word' id='word_1_581' title='bbox 2668 3798 2843 3852; x_wconf 89' lang='lat' dir='ltr'><strong>quam</strong></span> <span class='ocrx_word' id='word_1_582' title='bbox 2876 3781 3088 3837; x_wconf 78' lang='lat' dir='ltr'><strong>calesti</strong></span> <span class='ocrx_word' id='word_1_583' title='bbox 3119 3781 3349 3835; x_wconf 88' lang='lat' dir='ltr'><strong>oraculo</strong></span> <span class='ocrx_word' id='word_1_584' title='bbox 3392 3780 3464 3835; x_wconf 90' lang='lat' dir='ltr'><strong>ad</strong></span> <span class='ocrx_word' id='word_1_585' title='bbox 3514 3796 3575 3835; x_wconf 89' lang='lat' dir='ltr'><strong>se</strong></span> <span class='ocrx_word' id='word_1_586' title='bbox 3619 3780 3921 3852; x_wconf 86' lang='lat' dir='ltr'><strong>delapsam</strong></span> 
     </span>
    </p>
   </div>
   <div class='ocr_carea' id='block_1_85' title="bbox 2300 3870 3915 3941">
    <p class='ocr_par' dir='ltr' id='par_1_85' title="bbox 2300 3870 3915 3941">
     <span class='ocr_line' id='line_1_85' title="bbox 2300 3870 3915 3941; baseline 0.001 -16"><span class='ocrx_word' id='word_1_587' title='bbox 2300 3886 2498 3925; x_wconf 89' lang='lat' dir='ltr'><strong>vocem</strong></span> <span class='ocrx_word' id='word_1_588' title='bbox 2531 3871 2770 3941; x_wconf 88' lang='lat' dir='ltr'><strong>accepit.</strong></span> <span class='ocrx_word' id='word_1_589' title='bbox 2807 3890 2839 3922; x_wconf 87' lang='lat'>»</span> <span class='ocrx_word' id='word_1_590' title='bbox 2861 3871 3226 3941; x_wconf 88' lang='lat' dir='ltr'><strong>Quapropter</strong></span> <span class='ocrx_word' id='word_1_591' title='bbox 3255 3870 3559 3940; x_wconf 85' lang='lat' dir='ltr'><strong>alloquens</strong></span> <span class='ocrx_word' id='word_1_592' title='bbox 3614 3885 3746 3924; x_wconf 89' lang='lat' dir='ltr'><strong>suos</strong></span> <span class='ocrx_word' id='word_1_593' title='bbox 3783 3871 3867 3925; x_wconf 88' lang='lat' dir='ltr'><strong>ait</strong></span> <span class='ocrx_word' id='word_1_594' title='bbox 3901 3888 3915 3928; x_wconf 89' lang='lat'><strong>:</strong></span> 
     </span>
    </p>
   </div>
   <div class='ocr_carea' id='block_1_86' title="bbox 2299 3957 3916 4029">
    <p class='ocr_par' dir='ltr' id='par_1_86' title="bbox 2299 3957 3916 4029">
     <span class='ocr_line' id='line_1_86' title="bbox 2299 3957 3916 4029; baseline 0 -14"><span class='ocrx_word' id='word_1_595' title='bbox 2299 3961 2526 4015; x_wconf 85' lang='lat' dir='ltr'><strong>Manere</strong></span> <span class='ocrx_word' id='word_1_596' title='bbox 2558 3959 2870 4024; x_wconf 90' lang='lat' dir='ltr'><strong>vobiscum,</strong></span> <span class='ocrx_word' id='word_1_597' title='bbox 2898 3960 3105 4013; x_wconf 88' lang='lat' dir='ltr'><strong>fratres</strong></span> <span class='ocrx_word' id='word_1_598' title='bbox 3128 3957 3244 4011; x_wconf 89' lang='lat' dir='ltr'><strong>mei</strong></span> <span class='ocrx_word' id='word_1_599' title='bbox 3262 3957 3635 4024; x_wconf 87' lang='lat' dir='ltr'><strong>dilectissimi,</strong></span> <span class='ocrx_word' id='word_1_600' title='bbox 3656 3959 3916 4029; x_wconf 82' lang='lat' dir='ltr'><strong>gratissi-</strong></span> 
     </span>
    </p>
   </div>
   <div class='ocr_carea' id='block_1_87' title="bbox 2299 4045 3916 4119">
    <p class='ocr_par' dir='ltr' id='par_1_87' title="bbox 2299 4045 3916 4119">
     <span class='ocr_line' id='line_1_87' title="bbox 2299 4045 3916 4119; baseline 0 -16"><span class='ocrx_word' id='word_1_601' title='bbox 2299 4064 2462 4103; x_wconf 90' lang='lat' dir='ltr'><strong>mum</strong></span> <span class='ocrx_word' id='word_1_602' title='bbox 2493 4046 2635 4101; x_wconf 89' lang='lat' dir='ltr'><strong>mihi</strong></span> <span class='ocrx_word' id='word_1_603' title='bbox 2666 4049 2770 4115; x_wconf 88' lang='lat' dir='ltr'><strong>est,</strong></span> <span class='ocrx_word' id='word_1_604' title='bbox 2804 4046 3058 4119; x_wconf 89' lang='lat' dir='ltr'><strong>separari</strong></span> <span class='ocrx_word' id='word_1_605' title='bbox 3091 4063 3125 4101; x_wconf 92' lang='lat' dir='ltr'><strong>a</strong></span> <span class='ocrx_word' id='word_1_606' title='bbox 3154 4045 3314 4101; x_wconf 88' lang='lat' dir='ltr'><strong>vobis</strong></span> <span class='ocrx_word' id='word_1_607' title='bbox 3339 4046 3766 4116; x_wconf 84' lang='lat' dir='ltr'><strong>gravissimum.</strong></span> <span class='ocrx_word' id='word_1_608' title='bbox 3795 4047 3916 4104; x_wconf 89' lang='lat' dir='ltr'><strong>Sed</strong></span> 
     </span>
    </p>
   </div>
   <div class='ocr_carea' id='block_1_88' title="bbox 2298 4134 3909 4207">
    <p class='ocr_par' dir='ltr' id='par_1_88' title="bbox 2298 4134 3909 4207">
     <span class='ocr_line' id='line_1_88' title="bbox 2298 4134 3909 4207; baseline 0 -15"><span class='ocrx_word' id='word_1_609' title='bbox 2298 4136 2588 4192; x_wconf 87' lang='lat' dir='ltr'><strong>mandatis</strong></span> <span class='ocrx_word' id='word_1_610' title='bbox 2611 4135 2935 4207; x_wconf 85' lang='lat' dir='ltr'><strong>apostolicis</strong></span> <span class='ocrx_word' id='word_1_611' title='bbox 2957 4134 3195 4191; x_wconf 87' lang='lat' dir='ltr'><strong>obedire</strong></span> <span class='ocrx_word' id='word_1_612' title='bbox 3227 4134 3612 4189; x_wconf 87' lang='lat' dir='ltr'><strong>necessarium</strong></span> <span class='ocrx_word' id='word_1_613' title='bbox 3643 4135 3785 4191; x_wconf 85' lang='lat' dir='ltr'><strong>mihi</strong></span> <span class='ocrx_word' id='word_1_614' title='bbox 3798 4140 3909 4193; x_wconf 90' lang='lat' dir='ltr'><strong>est.</strong></span> 
     </span>
    </p>
   </div>
   <div class='ocr_carea' id='block_1_89' title="bbox 2297 4224 3911 4296">
    <p class='ocr_par' dir='ltr' id='par_1_89' title="bbox 2297 4224 3911 4296">
     <span class='ocr_line' id='line_1_89' title="bbox 2297 4224 3911 4296; baseline 0 -15"><span class='ocrx_word' id='word_1_615' title='bbox 2297 4225 2614 4292; x_wconf 90' lang='lat' dir='ltr'><strong>Quidenim</strong></span> <span class='ocrx_word' id='word_1_616' title='bbox 2644 4225 2942 4296; x_wconf 89' lang='lat' dir='ltr'><strong>prodesset</strong></span> <span class='ocrx_word' id='word_1_617' title='bbox 2972 4224 3368 4279; x_wconf 88' lang='lat' dir='ltr'><strong>hicvobiscum</strong></span> <span class='ocrx_word' id='word_1_618' title='bbox 3397 4224 3645 4279; x_wconf 85' lang='lat' dir='ltr'><strong>exterius</strong></span> <span class='ocrx_word' id='word_1_619' title='bbox 3667 4241 3911 4281; x_wconf 88' lang='lat' dir='ltr'><strong>carnem</strong></span> 
     </span>
    </p>
   </div>
   <div class='ocr_carea' id='block_1_90' title="bbox 583 4303 3910 4389">
    <p class='ocr_par' dir='ltr' id='par_1_90' title="bbox 583 4303 3910 4389">
     <span class='ocr_line' id='line_1_90' title="bbox 583 4303 3910 4389; baseline 0.004 -32"><span class='ocrx_word' id='word_1_620' title='bbox 583 4303 944 4376; x_wconf 78' lang='lat' dir='ltr'><strong>disciplinam</strong></span> <span class='ocrx_word' id='word_1_621' title='bbox 976 4304 1099 4375; x_wconf 90' lang='lat' dir='ltr'><strong>ejus</strong></span> <span class='ocrx_word' id='word_1_622' title='bbox 1129 4321 1250 4360; x_wconf 89' lang='lat' dir='ltr'><strong>sese</strong></span> <span class='ocrx_word' id='word_1_623' title='bbox 1298 4306 1584 4375; x_wconf 87' lang='lat' dir='ltr'><strong>dederint,</strong></span> <span class='ocrx_word' id='word_1_624' title='bbox 1619 4309 1886 4380; x_wconf 89' lang='lat' dir='ltr'><strong>appulsos</strong></span> <span class='ocrx_word' id='word_1_625' title='bbox 1915 4328 1946 4365; x_wconf 95' lang='lat' dir='ltr'><strong>e</strong></span> <span class='ocrx_word' id='word_1_626' title='bbox 1994 4312 2193 4368; x_wconf 88' lang='lat' dir='ltr'><strong>Gallia-</strong></span> <span class='ocrx_word' id='word_1_627' title='bbox 2213 4320 2271 4382; x_wconf 88' lang='lat' dir='ltr'><strong>D</strong></span> <span class='ocrx_word' id='word_1_628' title='bbox 2288 4316 2526 4389; x_wconf 85' lang='lat' dir='ltr'><strong>jejuniis</strong></span> <span class='ocrx_word' id='word_1_629' title='bbox 2544 4318 2602 4370; x_wconf 89' lang='lat' dir='ltr'><strong>et</strong></span> <span class='ocrx_word' id='word_1_630' title='bbox 2625 4313 2987 4369; x_wconf 90' lang='lat' dir='ltr'><strong>abstinentiis</strong></span> <span class='ocrx_word' id='word_1_631' title='bbox 3001 4312 3910 4384; x_wconf 84' lang='lat' dir='ltr'><strong>atterere,siperinobedientiam</strong></span> 
     </span>
    </p>
   </div>
   <div class='ocr_carea' id='block_1_91' title="bbox 577 4392 2191 4470">
    <p class='ocr_par' dir='ltr' id='par_1_91' title="bbox 577 4392 2191 4470">
     <span class='ocr_line' id='line_1_91' title="bbox 577 4392 2191 4470; baseline 0.007 -25"><span class='ocrx_word' id='word_1_632' title='bbox 577 4405 711 4445; x_wconf 89' lang='lat' dir='ltr'><strong>rum</strong></span> <span class='ocrx_word' id='word_1_633' title='bbox 739 4392 995 4464; x_wconf 89' lang='lat' dir='ltr'><strong>partibus</strong></span> <span class='ocrx_word' id='word_1_634' title='bbox 1026 4393 1193 4461; x_wconf 90' lang='lat' dir='ltr'><strong>viros,</strong></span> <span class='ocrx_word' id='word_1_635' title='bbox 1235 4395 1390 4465; x_wconf 90' lang='lat' dir='ltr'><strong>quod</strong></span> <span class='ocrx_word' id='word_1_636' title='bbox 1420 4398 1641 4463; x_wconf 88' lang='lat' dir='ltr'><strong>tamen,</strong></span> <span class='ocrx_word' id='word_1_637' title='bbox 1673 4399 1737 4450; x_wconf 91' lang='lat' dir='ltr'><strong>ut</strong></span> <span class='ocrx_word' id='word_1_638' title='bbox 1753 4397 2069 4470; x_wconf 86' lang='lat' dir='ltr'><strong>quidquam</strong></span> <span class='ocrx_word' id='word_1_639' title='bbox 2099 4401 2191 4457; x_wconf 91' lang='lat' dir='ltr'><strong>hic</strong></span> 
     </span>
    </p>
   </div>
   <div class='ocr_carea' id='block_1_92' title="bbox 577 4480 2190 4561">
    <p class='ocr_par' dir='ltr' id='par_1_92' title="bbox 577 4480 2190 4561">
     <span class='ocr_line' id='line_1_92' title="bbox 577 4480 2190 4561; baseline 0.007 -28"><span class='ocrx_word' id='word_1_640' title='bbox 577 4482 780 4534; x_wconf 90' lang='lat' dir='ltr'><strong>contra</strong></span> <span class='ocrx_word' id='word_1_641' title='bbox 811 4480 1146 4552; x_wconf 90' lang='lat' dir='ltr'><strong>opinionem</strong></span> <span class='ocrx_word' id='word_1_642' title='bbox 1173 4486 1431 4537; x_wconf 88' lang='lat' dir='ltr'><strong>nostram</strong></span> <span class='ocrx_word' id='word_1_643' title='bbox 1463 4487 1655 4556; x_wconf 89' lang='lat' dir='ltr'><strong>posset</strong></span> <span class='ocrx_word' id='word_1_644' title='bbox 1678 4486 1904 4555; x_wconf 83' lang='lat' dir='ltr'><strong>conﬁci,</strong></span> <span class='ocrx_word' id='word_1_645' title='bbox 1937 4489 2190 4561; x_wconf 85' lang='lat' dir='ltr'><strong>require—</strong></span> 
     </span>
    </p>
   </div>
   <div class='ocr_carea' id='block_1_93' title="bbox 573 4571 1631 4643">
    <p class='ocr_par' dir='ltr' id='par_1_93' title="bbox 573 4571 1631 4643">
     <span class='ocr_line' id='line_1_93' title="bbox 573 4571 1631 4643; baseline 0.005 -21"><span class='ocrx_word' id='word_1_646' title='bbox 573 4571 753 4635; x_wconf 89' lang='lat' dir='ltr'><strong>retur,</strong></span> <span class='ocrx_word' id='word_1_647' title='bbox 783 4586 987 4640; x_wconf 90' lang='lat' dir='ltr'><strong>parum</strong></span> <span class='ocrx_word' id='word_1_648' title='bbox 1018 4572 1340 4626; x_wconf 90' lang='lat' dir='ltr'><strong>verosimile</strong></span> <span class='ocrx_word' id='word_1_649' title='bbox 1371 4575 1631 4643; x_wconf 86' lang='lat' dir='ltr'><strong>apparet.</strong></span> 
     </span>
    </p>
   </div>
   <div class='ocr_carea' id='block_1_94' title="bbox 645 4658 2180 4737">
    <p class='ocr_par' dir='ltr' id='par_1_94' title="bbox 645 4658 2180 4737">
     <span class='ocr_line' id='line_1_94' title="bbox 645 4658 2180 4737; baseline 0.007 -25"><span class='ocrx_word' id='word_1_650' title='bbox 645 4660 767 4713; x_wconf 79' lang='lat' dir='ltr'><strong>5H.</strong></span> <span class='ocrx_word' id='word_1_651' title='bbox 795 4658 957 4722; x_wconf 89' lang='lat' dir='ltr'><strong>Quod</strong></span> <span class='ocrx_word' id='word_1_652' title='bbox 978 4676 1109 4713; x_wconf 89' lang='lat' dir='ltr'><strong>cum</strong></span> <span class='ocrx_word' id='word_1_653' title='bbox 1141 4661 1219 4715; x_wconf 89' lang='lat' dir='ltr'><strong>ita</strong></span> <span class='ocrx_word' id='word_1_654' title='bbox 1245 4662 1472 4728; x_wconf 87' lang='lat' dir='ltr'><strong>habeat,</strong></span> <span class='ocrx_word' id='word_1_655' title='bbox 1493 4678 1613 4717; x_wconf 88' lang='lat' dir='ltr'><strong>esse</strong></span> <span class='ocrx_word' id='word_1_656' title='bbox 1628 4681 1765 4719; x_wconf 90' lang='lat' dir='ltr'><strong>sane</strong></span> <span class='ocrx_word' id='word_1_657' title='bbox 1788 4682 1905 4720; x_wconf 92' lang='lat' dir='ltr'><strong>non</strong></span> <span class='ocrx_word' id='word_1_658' title='bbox 1935 4666 2180 4737; x_wconf 86' lang='lat' dir='ltr'><strong>videtur,</strong></span> 
     </span>
    </p>
   </div>
   <div class='ocr_carea' id='block_1_95' title="bbox 569 4746 2179 4827">
    <p class='ocr_par' dir='ltr' id='par_1_95' title="bbox 569 4746 2179 4827">
     <span class='ocr_line' id='line_1_95' title="bbox 569 4746 2179 4827; baseline 0.006 -27"><span class='ocrx_word' id='word_1_659' title='bbox 569 4761 671 4801; x_wconf 92' lang='lat' dir='ltr'><strong>cur</strong></span> <span class='ocrx_word' id='word_1_660' title='bbox 693 4763 765 4801; x_wconf 91' lang='lat' dir='ltr'><strong>an</strong></span> <span class='ocrx_word' id='word_1_661' title='bbox 791 4746 1051 4815; x_wconf 89' lang='lat' dir='ltr'><strong>Sanctus,</strong></span> <span class='ocrx_word' id='word_1_662' title='bbox 1085 4766 1215 4803; x_wconf 89' lang='lat' dir='ltr'><strong>cum</strong></span> <span class='ocrx_word' id='word_1_663' title='bbox 1254 4766 1284 4803; x_wconf 91' lang='lat' dir='ltr'><strong>e</strong></span> <span class='ocrx_word' id='word_1_664' title='bbox 1318 4750 1614 4805; x_wconf 86' lang='lat' dir='ltr'><strong>Carthusia</strong></span> <span class='ocrx_word' id='word_1_665' title='bbox 1638 4752 1909 4822; x_wconf 85' lang='lat' dir='ltr'><strong>discessit,</strong></span> <span class='ocrx_word' id='word_1_666' title='bbox 1929 4755 2179 4827; x_wconf 84' lang='lat' dir='ltr'><strong>discipu-</strong></span> 
     </span>
    </p>
   </div>
   <div class='ocr_carea' id='block_1_96' title="bbox 566 4834 2184 4907">
    <p class='ocr_par' dir='ltr' id='par_1_96' title="bbox 566 4834 2184 4907">
     <span class='ocr_line' id='line_1_96' title="bbox 566 4834 2184 4907; baseline 0.006 -18"><span class='ocrx_word' id='word_1_667' title='bbox 566 4834 761 4890; x_wconf 87' lang='lat' dir='ltr'><strong>lorum</strong></span> <span class='ocrx_word' id='word_1_668' title='bbox 791 4851 1027 4891; x_wconf 88' lang='lat' dir='ltr'><strong>suorum</strong></span> <span class='ocrx_word' id='word_1_669' title='bbox 1061 4853 1371 4891; x_wconf 88' lang='lat' dir='ltr'><strong>numerum</strong></span> <span class='ocrx_word' id='word_1_670' title='bbox 1388 4843 1622 4893; x_wconf 85' lang='lat' dir='ltr'><strong>auctum</strong></span> <span class='ocrx_word' id='word_1_671' title='bbox 1638 4840 1865 4907; x_wconf 90' lang='lat' dir='ltr'><strong>viderit,</strong></span> <span class='ocrx_word' id='word_1_672' title='bbox 1881 4848 2184 4899; x_wconf 85' lang='lat' dir='ltr'><strong>revocetur</strong></span> 
     </span>
    </p>
   </div>
   <div class='ocr_carea' id='block_1_97' title="bbox 565 4922 2177 5002">
    <p class='ocr_par' dir='ltr' id='par_1_97' title="bbox 565 4922 2177 5002">
     <span class='ocr_line' id='line_1_97' title="bbox 565 4922 2177 5002; baseline 0.006 -24"><span class='ocrx_word' id='word_1_673' title='bbox 565 4922 626 4978; x_wconf 91' lang='lat' dir='ltr'><strong>in</strong></span> <span class='ocrx_word' id='word_1_674' title='bbox 651 4924 914 4992; x_wconf 90' lang='lat' dir='ltr'><strong>dubium,</strong></span> <span class='ocrx_word' id='word_1_675' title='bbox 966 4928 1268 4999; x_wconf 87' lang='lat' dir='ltr'><strong>magisque</strong></span> <span class='ocrx_word' id='word_1_676' title='bbox 1302 4944 1435 4982; x_wconf 90' lang='lat' dir='ltr'><strong>eum</strong></span> <span class='ocrx_word' id='word_1_677' title='bbox 1468 4929 1655 4983; x_wconf 90' lang='lat' dir='ltr'><strong>adhuc</strong></span> <span class='ocrx_word' id='word_1_678' title='bbox 1698 4931 1897 5002; x_wconf 89' lang='lat' dir='ltr'><strong>augeri</strong></span> <span class='ocrx_word' id='word_1_679' title='bbox 1942 4931 2177 4988; x_wconf 91' lang='lat' dir='ltr'><strong>indubie</strong></span> 
     </span>
    </p>
   </div>
   <div class='ocr_carea' id='block_1_98' title="bbox 562 5013 2181 5090">
    <p class='ocr_par' dir='ltr' id='par_1_98' title="bbox 562 5013 2181 5090">
     <span class='ocr_line' id='line_1_98' title="bbox 562 5013 2181 5090; baseline 0.007 -24"><span class='ocrx_word' id='word_1_680' title='bbox 562 5013 863 5081; x_wconf 89' lang='lat' dir='ltr'><strong>vidisset,si</strong></span> <span class='ocrx_word' id='word_1_681' title='bbox 883 5015 1211 5071; x_wconf 88' lang='lat' dir='ltr'><strong>diuturnior</strong></span> <span class='ocrx_word' id='word_1_682' title='bbox 1224 5016 1348 5087; x_wconf 86' lang='lat' dir='ltr'><strong>ejus</strong></span> <span class='ocrx_word' id='word_1_683' title='bbox 1367 5033 1487 5071; x_wconf 87' lang='lat' dir='ltr'><strong>esse</strong></span> <span class='ocrx_word' id='word_1_684' title='bbox 1503 5018 1781 5090; x_wconf 89' lang='lat' dir='ltr'><strong>potuisset</strong></span> <span class='ocrx_word' id='word_1_685' title='bbox 1801 5018 1859 5073; x_wconf 92' lang='lat' dir='ltr'><strong>in</strong></span> <span class='ocrx_word' id='word_1_686' title='bbox 1879 5020 2181 5077; x_wconf 87' lang='lat' dir='ltr'><strong>Carthusia</strong></span> 
     </span>
    </p>
   </div>
   <div class='ocr_carea' id='block_1_99' title="bbox 563 5104 2177 5195">
    <p class='ocr_par' dir='ltr' id='par_1_99' title="bbox 563 5104 2177 5195">
     <span class='ocr_line' id='line_1_99' title="bbox 563 5104 2177 5195; baseline 0.007 -40"><span class='ocrx_word' id='word_1_687' title='bbox 563 5104 969 5162; x_wconf 89' lang='lat' dir='ltr'><strong>commoratio.</strong></span> <span class='ocrx_word' id='word_1_688' title='bbox 1002 5105 1236 5171; x_wconf 88' lang='lat' dir='ltr'><strong>Verum,</strong></span> <span class='ocrx_word' id='word_1_689' title='bbox 1268 5121 1400 5160; x_wconf 90' lang='lat' dir='ltr'><strong>cum</strong></span> <span class='ocrx_word' id='word_1_690' title='bbox 1433 5123 1528 5180; x_wconf 83' lang='lat' dir='ltr'><strong>sex</strong></span> <span class='ocrx_word' id='word_1_691' title='bbox 1550 5107 1738 5175; x_wconf 88' lang='lat' dir='ltr'><strong>annis,</strong></span> <span class='ocrx_word' id='word_1_692' title='bbox 1770 5125 2017 5195; x_wconf 64' lang='lat' dir='ltr'><strong>quo.rum</strong></span> <span class='ocrx_word' id='word_1_693' title='bbox 2048 5114 2177 5167; x_wconf 80' lang='lat' dir='ltr'><strong>ulli-</strong></span> 
     </span>
    </p>
   </div>
   <div class='ocr_carea' id='block_1_100' title="bbox 559 5193 2170 5266">
    <p class='ocr_par' dir='ltr' id='par_1_100' title="bbox 559 5193 2170 5266">
     <span class='ocr_line' id='line_1_100' title="bbox 559 5193 2170 5266; baseline 0.007 -20"><span class='ocrx_word' id='word_1_694' title='bbox 559 5206 692 5246; x_wconf 88' lang='lat' dir='ltr'><strong>mus</strong></span> <span class='ocrx_word' id='word_1_695' title='bbox 723 5193 929 5246; x_wconf 89' lang='lat' dir='ltr'><strong>saltem</strong></span> <span class='ocrx_word' id='word_1_696' title='bbox 956 5193 1341 5265; x_wconf 89' lang='lat' dir='ltr'><strong>incompletus</strong></span> <span class='ocrx_word' id='word_1_697' title='bbox 1355 5212 1422 5248; x_wconf 86' lang='lat' dir='ltr'><strong>ex</strong></span> <span class='ocrx_word' id='word_1_698' title='bbox 1446 5195 1702 5249; x_wconf 90' lang='lat' dir='ltr'><strong>dicendis</strong></span> <span class='ocrx_word' id='word_1_699' title='bbox 1732 5193 2170 5266; x_wconf 80' lang='lat' dir='ltr'><strong>fuerit,Carthu-</strong></span> 
     </span>
    </p>
   </div>
   <div class='ocr_carea' id='block_1_101' title="bbox 558 5277 2174 5362">
    <p class='ocr_par' dir='ltr' id='par_1_101' title="bbox 558 5277 2174 5362">
     <span class='ocr_line' id='line_1_101' title="bbox 558 5277 2174 5362; baseline 0.008 -29"><span class='ocrx_word' id='word_1_700' title='bbox 558 5277 658 5333; x_wconf 85' lang='lat' dir='ltr'><strong>sia</strong></span> <span class='ocrx_word' id='word_1_701' title='bbox 673 5294 936 5333; x_wconf 90' lang='lat' dir='ltr'><strong>eremum</strong></span> <span class='ocrx_word' id='word_1_702' title='bbox 956 5281 1114 5350; x_wconf 92' lang='lat' dir='ltr'><strong>prior</strong></span> <span class='ocrx_word' id='word_1_703' title='bbox 1124 5299 1222 5335; x_wconf 91' lang='lat' dir='ltr'><strong>seu</strong></span> <span class='ocrx_word' id='word_1_704' title='bbox 1236 5284 1425 5353; x_wconf 90' lang='lat' dir='ltr'><strong>potius</strong></span> <span class='ocrx_word' id='word_1_705' title='bbox 1438 5283 1505 5355; x_wconf 90' lang='lat' dir='ltr'><strong>(is</strong></span> <span class='ocrx_word' id='word_1_706' title='bbox 1518 5284 1675 5337; x_wconf 91' lang='lat' dir='ltr'><strong>enim</strong></span> <span class='ocrx_word' id='word_1_707' title='bbox 1690 5284 1769 5337; x_wconf 90' lang='lat' dir='ltr'><strong>illi</strong></span> <span class='ocrx_word' id='word_1_708' title='bbox 1783 5287 2174 5362; x_wconf 87' lang='lat' dir='ltr'><strong>proximisque</strong></span> 
     </span>
    </p>
   </div>
   <div class='ocr_carea' id='block_1_102' title="bbox 557 5364 2177 5448">
    <p class='ocr_par' dir='ltr' id='par_1_102' title="bbox 557 5364 2177 5448">
     <span class='ocr_line' id='line_1_102' title="bbox 557 5364 2177 5448; baseline 0.012 -33"><span class='ocrx_word' id='word_1_709' title='bbox 557 5364 681 5433; x_wconf 88' lang='lat' dir='ltr'><strong>ejus</strong></span> <span class='ocrx_word' id='word_1_710' title='bbox 710 5369 1127 5424; x_wconf 87' lang='lat' dir='ltr'><strong>successoribus</strong></span> <span class='ocrx_word' id='word_1_711' title='bbox 1149 5370 1343 5426; x_wconf 85' lang='lat' dir='ltr'><strong>titulus</strong></span> <span class='ocrx_word' id='word_1_712' title='bbox 1391 5372 1461 5427; x_wconf 88' lang='lat' dir='ltr'><strong>ab</strong></span> <span class='ocrx_word' id='word_1_713' title='bbox 1493 5372 1762 5426; x_wconf 90' lang='lat' dir='ltr'><strong>omnibus</strong></span> <span class='ocrx_word' id='word_1_714' title='bbox 1791 5373 1912 5428; x_wconf 85' lang='lat' dir='ltr'><strong>fere</strong></span> <span class='ocrx_word' id='word_1_715' title='bbox 1938 5378 2177 5448; x_wconf 88' lang='lat' dir='ltr'><strong>scripto-</strong></span> 
     </span>
    </p>
   </div>
   <div class='ocr_carea' id='block_1_103' title="bbox 557 5449 2174 5534">
    <p class='ocr_par' dir='ltr' id='par_1_103' title="bbox 557 5449 2174 5534">
     <span class='ocr_line' id='line_1_103' title="bbox 557 5449 2174 5534; baseline 0.014 -32"><span class='ocrx_word' id='word_1_716' title='bbox 557 5449 716 5505; x_wconf 79' lang='lat' dir='ltr'><strong>ribus</strong></span> <span class='ocrx_word' id='word_1_717' title='bbox 742 5456 1032 5530; x_wconf 83' lang='lat' dir='ltr'><strong>tribuitur)</strong></span> <span class='ocrx_word' id='word_1_718' title='bbox 1065 5457 1346 5527; x_wconf 82' lang='lat' dir='ltr'><strong>magister</strong></span> <span class='ocrx_word' id='word_1_719' title='bbox 1372 5461 1628 5530; x_wconf 86' lang='lat' dir='ltr'><strong>rexisset,</strong></span> <span class='ocrx_word' id='word_1_720' title='bbox 1662 5462 2027 5534; x_wconf 80' lang='lat' dir='ltr'><strong>pontiﬁcium</strong></span> <span class='ocrx_word' id='word_1_721' title='bbox 2063 5468 2174 5524; x_wconf 86' lang='lat' dir='ltr'><strong>fuit</strong></span> 
     </span>
    </p>
   </div>
   <div class='ocr_carea' id='block_1_104' title="bbox 551 5534 2172 5619">
    <p class='ocr_par' dir='ltr' id='par_1_104' title="bbox 551 5534 2172 5619">
     <span class='ocr_line' id='line_1_104' title="bbox 551 5534 2172 5619; baseline 0.017 -30"><span class='ocrx_word' id='word_1_722' title='bbox 551 5534 788 5598; x_wconf 76' lang='lat' dir='ltr'><strong>allatum</strong></span> <span class='ocrx_word' id='word_1_723' title='bbox 810 5544 1181 5613; x_wconf 80' lang='lat' dir='ltr'><strong>mandatum,</strong></span> <span class='ocrx_word' id='word_1_724' title='bbox 1202 5561 1314 5618; x_wconf 89' lang='lat' dir='ltr'><strong>quo</strong></span> <span class='ocrx_word' id='word_1_725' title='bbox 1336 5550 1411 5619; x_wconf 90' lang='lat' dir='ltr'><strong>ei,</strong></span> <span class='ocrx_word' id='word_1_726' title='bbox 1438 5552 1503 5605; x_wconf 91' lang='lat' dir='ltr'><strong>ut</strong></span> <span class='ocrx_word' id='word_1_727' title='bbox 1517 5549 1591 5607; x_wconf 82' lang='lat' dir='ltr'><strong>ad</strong></span> <span class='ocrx_word' id='word_1_728' title='bbox 1612 5551 1936 5611; x_wconf 87' lang='lat' dir='ltr'><strong>Romanam</strong></span> <span class='ocrx_word' id='word_1_729' title='bbox 1949 5556 2172 5615; x_wconf 85' lang='lat' dir='ltr'><strong>curiam</strong></span> 
     </span>
    </p>
   </div>
   <div class='ocr_carea' id='block_1_105' title="bbox 2295 4400 3907 4475">
    <p class='ocr_par' dir='ltr' id='par_1_105' title="bbox 2295 4400 3907 4475">
     <span class='ocr_line' id='line_1_105' title="bbox 2295 4400 3907 4475; baseline -0.001 -14"><span class='ocrx_word' id='word_1_730' title='bbox 2295 4406 2508 4462; x_wconf 85' lang='lat' dir='ltr'><strong>anima</strong></span> <span class='ocrx_word' id='word_1_731' title='bbox 2555 4421 2701 4459; x_wconf 86' lang='lat' dir='ltr'><strong>mea</strong></span> <span class='ocrx_word' id='word_1_732' title='bbox 2758 4402 3198 4458; x_wconf 89' lang='lat' dir='ltr'><strong>damnationem</strong></span> <span class='ocrx_word' id='word_1_733' title='bbox 3244 4400 3546 4474; x_wconf 86' lang='lat' dir='ltr'><strong>contingat</strong></span> <span class='ocrx_word' id='word_1_734' title='bbox 3585 4403 3907 4475; x_wconf 88' lang='lat' dir='ltr'><strong>acquirere,</strong></span> 
     </span>
    </p>
   </div>
   <div class='ocr_carea' id='block_1_106' title="bbox 2295 4491 3914 4563">
    <p class='ocr_par' dir='ltr' id='par_1_106' title="bbox 2295 4491 3914 4563">
     <span class='ocr_line' id='line_1_106' title="bbox 2295 4491 3914 4563; baseline 0 -13"><span class='ocrx_word' id='word_1_735' title='bbox 2295 4497 2405 4551; x_wconf 89' lang='lat' dir='ltr'><strong>etc.</strong></span> <span class='ocrx_word' id='word_1_736' title='bbox 2422 4513 2455 4548; x_wconf 83' lang='lat'>»</span> <span class='ocrx_word' id='word_1_737' title='bbox 2479 4496 2557 4548; x_wconf 88' lang='lat' dir='ltr'><strong>Ac</strong></span> <span class='ocrx_word' id='word_1_738' title='bbox 2570 4492 2780 4548; x_wconf 87' lang='lat' dir='ltr'><strong>deinde</strong></span> <span class='ocrx_word' id='word_1_739' title='bbox 2813 4492 3107 4547; x_wconf 89' lang='lat' dir='ltr'><strong>nonnullis</strong></span> <span class='ocrx_word' id='word_1_740' title='bbox 3129 4491 3334 4557; x_wconf 89' lang='lat' dir='ltr'><strong>adhuc,</strong></span> <span class='ocrx_word' id='word_1_741' title='bbox 3350 4491 3556 4563; x_wconf 87' lang='lat' dir='ltr'><strong>quibus</strong></span> <span class='ocrx_word' id='word_1_742' title='bbox 3566 4492 3717 4548; x_wconf 90' lang='lat' dir='ltr'><strong>ultro</strong></span> <span class='ocrx_word' id='word_1_743' title='bbox 3741 4494 3914 4550; x_wconf 89' lang='lat' dir='ltr'><strong>citro-</strong></span> 
     </span>
    </p>
   </div>
   <div class='ocr_carea' id='block_1_107' title="bbox 2293 4579 3909 4657">
    <p class='ocr_par' dir='ltr' id='par_1_107' title="bbox 2293 4579 3909 4657">
     <span class='ocr_line' id='line_1_107' title="bbox 2293 4579 3909 4657; baseline -0.002 -18"><span class='ocrx_word' id='word_1_744' title='bbox 2293 4600 2405 4657; x_wconf 90' lang='lat' dir='ltr'><strong>que</strong></span> <span class='ocrx_word' id='word_1_745' title='bbox 2460 4598 2760 4638; x_wconf 90' lang='lat' dir='ltr'><strong>sermones</strong></span> <span class='ocrx_word' id='word_1_746' title='bbox 2800 4580 3104 4635; x_wconf 88' lang='lat' dir='ltr'><strong>miscentes</strong></span> <span class='ocrx_word' id='word_1_747' title='bbox 3150 4579 3373 4635; x_wconf 88' lang='lat' dir='ltr'><strong>inducit</strong></span> <span class='ocrx_word' id='word_1_748' title='bbox 3419 4579 3693 4635; x_wconf 89' lang='lat' dir='ltr'><strong>Sanctum</strong></span> <span class='ocrx_word' id='word_1_749' title='bbox 3754 4582 3909 4654; x_wconf 85' lang='lat' dir='ltr'><strong>ejus-</strong></span> 
     </span>
    </p>
   </div>
   <div class='ocr_carea' id='block_1_108' title="bbox 2293 4668 3909 4746">
    <p class='ocr_par' dir='ltr' id='par_1_108' title="bbox 2293 4668 3909 4746">
     <span class='ocr_line' id='line_1_108' title="bbox 2293 4668 3909 4746; baseline 0 -18"><span class='ocrx_word' id='word_1_750' title='bbox 2293 4691 2403 4746; x_wconf 91' lang='lat' dir='ltr'><strong>que</strong></span> <span class='ocrx_word' id='word_1_751' title='bbox 2417 4668 3449 4743; x_wconf 85' lang='lat' dir='ltr'><strong>discipulos,interpositis,subjungit:</strong></span> <span class='ocrx_word' id='word_1_752' title='bbox 3473 4691 3500 4719; x_wconf 75' lang='grc' dir='ltr'>α</span> <span class='ocrx_word' id='word_1_753' title='bbox 3518 4670 3769 4725; x_wconf 86' lang='lat' dir='ltr'><strong>Audiens</strong></span> <span class='ocrx_word' id='word_1_754' title='bbox 3779 4671 3909 4728; x_wconf 84' lang='lat' dir='ltr'><strong>hac</strong></span> 
     </span>
    </p>
   </div>
   <div class='ocr_carea' id='block_1_109' title="bbox 2291 4757 3906 4828">
    <p class='ocr_par' dir='ltr' id='par_1_109' title="bbox 2291 4757 3906 4828">
     <span class='ocr_line' id='line_1_109' title="bbox 2291 4757 3906 4828; baseline 0.001 -11"><span class='ocrx_word' id='word_1_755' title='bbox 2291 4762 2496 4817; x_wconf 86' lang='lat' dir='ltr'><strong>beatus</strong></span> <span class='ocrx_word' id='word_1_756' title='bbox 2521 4762 2734 4828; x_wconf 89' lang='lat' dir='ltr'><strong>Bruno,</strong></span> <span class='ocrx_word' id='word_1_757' title='bbox 2751 4776 2884 4814; x_wconf 91' lang='lat' dir='ltr'><strong>cum</strong></span> <span class='ocrx_word' id='word_1_758' title='bbox 2902 4759 3121 4813; x_wconf 89' lang='lat' dir='ltr'><strong>videret</strong></span> <span class='ocrx_word' id='word_1_759' title='bbox 3146 4774 3245 4813; x_wconf 86' lang='lat' dir='ltr'><strong>eos</strong></span> <span class='ocrx_word' id='word_1_760' title='bbox 3291 4757 3749 4814; x_wconf 89' lang='lat' dir='ltr'><strong>consolationem</strong></span> <span class='ocrx_word' id='word_1_761' title='bbox 3783 4777 3906 4819; x_wconf 93' lang='lat' dir='ltr'><strong>non</strong></span> 
     </span>
    </p>
   </div>
   <div class='ocr_carea' id='block_1_110' title="bbox 2288 4847 3903 4922">
    <p class='ocr_par' dir='ltr' id='par_1_110' title="bbox 2288 4847 3903 4922">
     <span class='ocr_line' id='line_1_110' title="bbox 2288 4847 3903 4922; baseline 0 -17"><span class='ocrx_word' id='word_1_762' title='bbox 2288 4851 2567 4922; x_wconf 89' lang='lat' dir='ltr'><strong>recipere,</strong></span> <span class='ocrx_word' id='word_1_763' title='bbox 2594 4865 2699 4903; x_wconf 89' lang='lat' dir='ltr'><strong>nec</strong></span> <span class='ocrx_word' id='word_1_764' title='bbox 2724 4847 3060 4919; x_wconf 89' lang='lat' dir='ltr'><strong>persuaderi</strong></span> <span class='ocrx_word' id='word_1_765' title='bbox 3104 4847 3185 4902; x_wconf 87' lang='lat' dir='ltr'><strong>eis</strong></span> <span class='ocrx_word' id='word_1_766' title='bbox 3233 4863 3422 4918; x_wconf 89' lang='lat' dir='ltr'><strong>posse,</strong></span> <span class='ocrx_word' id='word_1_767' title='bbox 3454 4850 3513 4901; x_wconf 91' lang='lat' dir='ltr'><strong>ut</strong></span> <span class='ocrx_word' id='word_1_768' title='bbox 3566 4855 3903 4921; x_wconf 89' lang='lat' dir='ltr'><strong>manerent,</strong></span> 
     </span>
    </p>
   </div>
   <div class='ocr_carea' id='block_1_111' title="bbox 2290 4939 3904 5009">
    <p class='ocr_par' dir='ltr' id='par_1_111' title="bbox 2290 4939 3904 5009">
     <span class='ocr_line' id='line_1_111' title="bbox 2290 4939 3904 5009; baseline -0.001 -14"><span class='ocrx_word' id='word_1_769' title='bbox 2290 4944 2578 5007; x_wconf 91' lang='lat' dir='ltr'><strong>metuens,</strong></span> <span class='ocrx_word' id='word_1_770' title='bbox 2596 4954 2666 4992; x_wconf 89' lang='lat' dir='ltr'><strong>ne</strong></span> <span class='ocrx_word' id='word_1_771' title='bbox 2686 4940 2815 5009; x_wconf 91' lang='lat' dir='ltr'><strong>post</strong></span> <span class='ocrx_word' id='word_1_772' title='bbox 2838 4953 3007 4991; x_wconf 91' lang='lat' dir='ltr'><strong>suum</strong></span> <span class='ocrx_word' id='word_1_773' title='bbox 3036 4939 3093 4991; x_wconf 89' lang='lat' dir='ltr'><strong>et</strong></span> <span class='ocrx_word' id='word_1_774' title='bbox 3114 4952 3319 4990; x_wconf 88' lang='lat' dir='ltr'><strong>eorum</strong></span> <span class='ocrx_word' id='word_1_775' title='bbox 3349 4953 3637 4991; x_wconf 90' lang='lat' dir='ltr'><strong>recessum</strong></span> <span class='ocrx_word' id='word_1_776' title='bbox 3669 4954 3904 4995; x_wconf 88' lang='lat' dir='ltr'><strong>eremus</strong></span> 
     </span>
    </p>
   </div>
   <div class='ocr_carea' id='block_1_112' title="bbox 2286 5025 3903 5096">
    <p class='ocr_par' dir='ltr' id='par_1_112' title="bbox 2286 5025 3903 5096">
     <span class='ocr_line' id='line_1_112' title="bbox 2286 5025 3903 5096; baseline 0.001 -12"><span class='ocrx_word' id='word_1_777' title='bbox 2286 5028 2625 5093; x_wconf 85' lang='lat' dir='ltr'><strong>Carthusia,</strong></span> <span class='ocrx_word' id='word_1_778' title='bbox 2660 5029 2815 5081; x_wconf 90' lang='lat' dir='ltr'><strong>locus</strong></span> <span class='ocrx_word' id='word_1_779' title='bbox 2834 5026 2964 5096; x_wconf 88' lang='lat' dir='ltr'><strong>jam</strong></span> <span class='ocrx_word' id='word_1_780' title='bbox 2996 5026 3113 5080; x_wconf 91' lang='lat' dir='ltr'><strong>Deo</strong></span> <span class='ocrx_word' id='word_1_781' title='bbox 3136 5025 3374 5093; x_wconf 88' lang='lat' dir='ltr'><strong>dicatus,</strong></span> <span class='ocrx_word' id='word_1_782' title='bbox 3407 5025 3482 5080; x_wconf 89' lang='lat' dir='ltr'><strong>ad</strong></span> <span class='ocrx_word' id='word_1_783' title='bbox 3502 5027 3903 5085; x_wconf 87' lang='lat' dir='ltr'><strong>manuslaicas</strong></span> 
     </span>
    </p>
   </div>
   <div class='ocr_carea' id='block_1_113' title="bbox 2284 5105 3900 5189">
    <p class='ocr_par' dir='ltr' id='par_1_113' title="bbox 2284 5105 3900 5189">
     <span class='ocr_line' id='line_1_113' title="bbox 2284 5105 3900 5189; baseline 0.001 -17"><span class='ocrx_word' id='word_1_784' title='bbox 2284 5105 2353 5172; x_wconf 55' lang='lat' dir='ltr'><strong>et~</strong></span> <span class='ocrx_word' id='word_1_785' title='bbox 2394 5117 2667 5189; x_wconf 89' lang='lat' dir='ltr'><strong>profanas</strong></span> <span class='ocrx_word' id='word_1_786' title='bbox 2710 5114 2925 5168; x_wconf 91' lang='lat' dir='ltr'><strong>iterum</strong></span> <span class='ocrx_word' id='word_1_787' title='bbox 3001 5114 3302 5182; x_wconf 88' lang='lat' dir='ltr'><strong>deviniret,</strong></span> <span class='ocrx_word' id='word_1_788' title='bbox 3374 5114 3634 5186; x_wconf 85' lang='lat' dir='ltr'><strong>cogitans</strong></span> <span class='ocrx_word' id='word_1_789' title='bbox 3681 5115 3900 5173; x_wconf 89' lang='lat' dir='ltr'><strong>scilicet</strong></span> 
     </span>
    </p>
   </div>
   <div class='ocr_carea' id='block_1_114' title="bbox 2288 5202 3900 5273">
    <p class='ocr_par' dir='ltr' id='par_1_114' title="bbox 2288 5202 3900 5273">
     <span class='ocr_line' id='line_1_114' title="bbox 2288 5202 3900 5273; baseline -0.001 -13"><span class='ocrx_word' id='word_1_790' title='bbox 2288 5205 2445 5260; x_wconf 88' lang='lat' dir='ltr'><strong>illam</strong></span> <span class='ocrx_word' id='word_1_791' title='bbox 2471 5220 2603 5259; x_wconf 92' lang='lat' dir='ltr'><strong>cum</strong></span> <span class='ocrx_word' id='word_1_792' title='bbox 2625 5202 2738 5257; x_wconf 86' lang='lat' dir='ltr'><strong>suis</strong></span> <span class='ocrx_word' id='word_1_793' title='bbox 2758 5205 3042 5273; x_wconf 89' lang='lat' dir='ltr'><strong>repetere,</strong></span> <span class='ocrx_word' id='word_1_794' title='bbox 3078 5202 3507 5257; x_wconf 87' lang='lat' dir='ltr'><strong>commendavit</strong></span> <span class='ocrx_word' id='word_1_795' title='bbox 3521 5205 3581 5257; x_wconf 86' lang='lat' dir='ltr'><strong>et</strong></span> <span class='ocrx_word' id='word_1_796' title='bbox 3596 5202 3754 5257; x_wconf 91' lang='lat' dir='ltr'><strong>dedit</strong></span> <span class='ocrx_word' id='word_1_797' title='bbox 3766 5220 3900 5259; x_wconf 88' lang='lat' dir='ltr'><strong>eam</strong></span> 
     </span>
    </p>
   </div>
   <div class='ocr_carea' id='block_1_115' title="bbox 2280 5291 3900 5362">
    <p class='ocr_par' dir='ltr' id='par_1_115' title="bbox 2280 5291 3900 5362">
     <span class='ocr_line' id='line_1_115' title="bbox 2280 5291 3900 5362; baseline 0.001 -13"><span class='ocrx_word' id='word_1_798' title='bbox 2280 5292 2601 5349; x_wconf 88' lang='lat' dir='ltr'><strong>venerabili</strong></span> <span class='ocrx_word' id='word_1_799' title='bbox 2633 5292 2755 5345; x_wconf 89' lang='lat' dir='ltr'><strong>viro</strong></span> <span class='ocrx_word' id='word_1_800' title='bbox 2789 5291 3028 5346; x_wconf 90' lang='lat' dir='ltr'><strong>domino</strong></span> <span class='ocrx_word' id='word_1_801' title='bbox 3048 5291 3285 5362; x_wconf 80' lang='lat' dir='ltr'><strong>Signina</strong></span> <span class='ocrx_word' id='word_1_802' title='bbox 3316 5292 3510 5346; x_wconf 87' lang='lat' dir='ltr'><strong>abbati</strong></span> <span class='ocrx_word' id='word_1_803' title='bbox 3558 5295 3900 5351; x_wconf 86' lang='lat' dir='ltr'><strong>monasterii</strong></span> 
     </span>
    </p>
   </div>
   <div class='ocr_carea' id='block_1_116' title="bbox 2280 5380 3897 5453">
    <p class='ocr_par' dir='ltr' id='par_1_116' title="bbox 2280 5380 3897 5453">
     <span class='ocr_line' id='line_1_116' title="bbox 2280 5380 3897 5453; baseline 0 -14"><span class='ocrx_word' id='word_1_804' title='bbox 2280 5382 2591 5450; x_wconf 81' lang='lat' dir='ltr'><strong>Casa-Dei,</strong></span> <span class='ocrx_word' id='word_1_805' title='bbox 2616 5380 2712 5453; x_wconf 89' lang='lat' dir='ltr'><strong>qui</strong></span> <span class='ocrx_word' id='word_1_806' title='bbox 2740 5396 2886 5433; x_wconf 87' lang='lat' dir='ltr'><strong>unus</strong></span> <span class='ocrx_word' id='word_1_807' title='bbox 2909 5380 3099 5434; x_wconf 88' lang='lat' dir='ltr'><strong>fuerat</strong></span> <span class='ocrx_word' id='word_1_808' title='bbox 3141 5397 3209 5434; x_wconf 82' lang='lat' dir='ltr'><strong>ex</strong></span> <span class='ocrx_word' id='word_1_809' title='bbox 3249 5380 3453 5451; x_wconf 89' lang='lat' dir='ltr'><strong>primis</strong></span> <span class='ocrx_word' id='word_1_810' title='bbox 3495 5381 3897 5453; x_wconf 85' lang='lat' dir='ltr'><strong>donatoribus,</strong></span> 
     </span>
    </p>
   </div>
   <div class='ocr_carea' id='block_1_117' title="bbox 2284 5469 3897 5545">
    <p class='ocr_par' dir='ltr' id='par_1_117' title="bbox 2284 5469 3897 5545">
     <span class='ocr_line' id='line_1_117' title="bbox 2284 5469 3897 5545; baseline 0.001 -17"><span class='ocrx_word' id='word_1_811' title='bbox 2284 5473 2360 5528; x_wconf 91' lang='lat' dir='ltr'><strong>de</strong></span> <span class='ocrx_word' id='word_1_812' title='bbox 2404 5471 2611 5545; x_wconf 87' lang='lat' dir='ltr'><strong>quibus</strong></span> <span class='ocrx_word' id='word_1_813' title='bbox 2661 5469 2928 5539; x_wconf 86' lang='lat' dir='ltr'><strong>diximus,</strong></span> <span class='ocrx_word' id='word_1_814' title='bbox 2976 5469 3236 5524; x_wconf 85' lang='lat' dir='ltr'><strong>confecto</strong></span> <span class='ocrx_word' id='word_1_815' title='bbox 3282 5485 3454 5541; x_wconf 90' lang='lat' dir='ltr'><strong>super</strong></span> <span class='ocrx_word' id='word_1_816' title='bbox 3505 5470 3614 5527; x_wconf 92' lang='lat' dir='ltr'><strong>hoc</strong></span> <span class='ocrx_word' id='word_1_817' title='bbox 3667 5473 3897 5543; x_wconf 89' lang='lat' dir='ltr'><strong>publico</strong></span> 
     </span>
    </p>
   </div>
   <div class='ocr_carea' id='block_1_118' title="bbox 2284 5557 3897 5633">
    <p class='ocr_par' dir='ltr' id='par_1_118' title="bbox 2284 5557 3897 5633">
     <span class='ocr_line' id='line_1_118' title="bbox 2284 5557 3897 5633; baseline -0.009 -12"><span class='ocrx_word' id='word_1_818' title='bbox 2284 5557 2909 5633; x_wconf 83' lang='lat' dir='ltr'><strong>instrumento.Sicque</strong></span> <span class='ocrx_word' id='word_1_819' title='bbox 2940 5559 3143 5617; x_wconf 86' lang='lat' dir='ltr'><strong>beatus</strong></span> <span class='ocrx_word' id='word_1_820' title='bbox 3170 5561 3387 5630; x_wconf 87' lang='lat' dir='ltr'><strong>Bruno,</strong></span> <span class='ocrx_word' id='word_1_821' title='bbox 3411 5562 3679 5633; x_wconf 85' lang='lat' dir='ltr'><strong>suscepta</strong></span> <span class='ocrx_word' id='word_1_822' title='bbox 3717 5560 3897 5619; x_wconf 84' lang='lat' dir='ltr'><strong>bene-</strong></span> 
     </span>
    </p>
   </div>
  </div>
