4224 6058
260 228 372 286 alii

1836 222 2018 283 ACTA

3481 235 3583 290 314

261 348 522 406 dictione
548 366 584 405 a
616 350 814 405 sancto
843 349 1105 420 Hugone,
1150 347 1420 420 episcopo
1457 345 1873 418 Gratianopoli-
1899 348 1958 409 Α
1983 346 2154 419 Egre
2179 347 2331 403 hanc
2362 347 2771 407 discessionem
2812 349 2946 406 tulit
2972 350 3227 408 novellus
3246 367 3405 424 grex,
3435 352 3585 410 tanti

261 442 428 505 tano,
465 438 798 494 obedientia
821 442 1086 508 cogente,
1110 438 1355 492 Romam
1384 439 1671 509 profectus
1702 438 1805 489 est.
1840 455 1868 485 »

335 531 461 583 513.
490 529 573 581 lta
602 526 878 580 hactenus
904 526 1019 593 ille,
1041 528 1317 591 Puteano,
1351 543 1508 597 equo
1537 526 1743 579 iterum
1772 537 1872 578 sua

260 618 387 673 fere
412 616 614 672 omnia
650 619 945 670 mutuatus
974 619 1081 683 est,
1115 615 1376 687 apprime
1396 633 1738 682 consonans,
1766 631 1869 668 nec

258 722 535 779 pugnans
564 722 697 759 cum
738 705 1065 776 antiquiore
1094 705 1285 759 Sancti
1336 705 1515 759 nostri
1550 704 1869 774 biographo

256 811 363 849 seu
392 794 717 875 primorum
739 794 992 865 quinque
1011 794 1320 848 Carthusize
1341 793 1607 848 Priorum
1622 794 1875 847 Chrono-

254 885 421 954 logo.
456 884 645 953 Atque
678 882 737 935 hi
772 898 975 936 omnes
1006 886 1118 936 tres
1143 881 1399 953 quidem,
1432 884 1514 937 uti
1550 881 1748 947 etiam,
1776 880 1874 952 qui

254 989 368 1027 sua
383 990 415 1027 e
439 972 664 1029 duobus
685 972 896 1026 horum
923 971 1360 1035 recentioribus,
1390 972 1643 1025 Puteano
1662 970 1875 1025 scilicet

255 1067 321 1118 et
372 1063 827 1127 Blomenvenna,
879 1062 1256 1133 deprompsit,
1308 1062 1524 1127 Surius,
1584 1061 1875 1117 universos

258 1150 466 1207 Sancti
496 1150 802 1221 discipulos
822 1167 1052 1206 summo
1079 1151 1269 1218 fuisse,
1303 1168 1435 1206 cum
1484 1168 1617 1205 eum
1659 1168 1688 1205 e
1739 1150 1871 1205 Car-

256 1239 458 1295 thusia
490 1254 524 1292 a
561 1238 840 1293 Pontiﬁce
872 1238 1135 1293 acc‘tarsiri
1178 1239 1602 1305 intellexerunt,
1626 1256 1874 1294 mcerore

256 1329 507 1383 affectos
527 1328 1026 1399 Carthusiamque,
1055 1328 1317 1383 abeunde
1348 1328 1875 1398 Sancto,§deserere

259 1416 556 1483 statuisse,
593 1416 800 1471 litteris
853 1421 1008 1472 recte
1052 1417 1417 1486 consignasse
1472 1418 1757 1472 videntur.
1813 1416 1875 1471 Id

253 1508 445 1573 enim,
478 1509 540 1560 ut
570 1510 633 1560 ut
655 1523 689 1560 a
713 1507 871 1560 nullo
902 1523 1135 1577 prorsus
1165 1510 1396 1561 auctore
1428 1508 1747 1577 synchrono
1777 1524 1876 1561 seu

262 1595 483 1668 aequali
513 1595 814 1651 memoriae
843 1596 1138 1666 proditum
1168 1596 1512 1664 inveniatur,
1544 1597 1765 1652 veritati
1796 1599 1879 1650 ta-

1983 437 2232 490 Pastoris
2254 438 2453 493 solatio
2488 439 2824 508 destitutus;
2859 439 3210 512 cunctisque,
3230 458 3297 496 co
3321 443 3580 511 absente,

1983 523 2359 581 intolerabilis
2413 528 2527 582 visa
2566 533 2652 582 est
2693 529 3004 584 Carthusia:
3061 530 3339 584 habitatio
3371 533 3428 584 et
3454 531 3586 585 vita

1982 614 2391 685 asperites.Sed
2416 617 2651 671 tandem
2671 618 2995 688 parendum
3023 618 3131 672 fuit
3163 618 3374 672 summi
3399 618 3588 689 ponti-

1977 702 2096 756 ﬁcis
2123 705 2470 771 auctoritati,
2506 706 2603 777 qui
2636 708 2825 760 locum
2854 706 3128 777 Seguino,
3171 706 3365 761 abbati
3407 706 3586 761 Casm-

1977 792 2099 859 Dei,
2134 794 2581 848 commendavit.
2632 796 2881 849 Recessit
2924 795 3115 866 itaque
3164 797 3352 849 Bruno
3385 811 3415 849 e
3448 794 3584 850 Car-

1976 882 2164 937 thusia
2186 886 2317 953 post
2332 900 2515 938 annos
2533 900 2651 950 sex,
2687 901 2861 956 quam
2886 900 3016 938 eam
3038 883 3289 938 incolere
3307 886 3580 954 coeperat.

1976 970 2108 1041 Ejus
2137 972 2382 1026 discessu
2405 972 2735 1027 conturbati
2768 973 2996 1039 fratres,
3030 989 3158 1044 quae
3188 973 3585 1027 humanaten-

1974 1059 2117 1114 tatio
2145 1064 2231 1115 cst
2252 1060 2311 1114 in
2342 1062 2513 1115 rebus
2548 1060 2741 1116 arduis
2776 1060 3078 1115 deficiente
3140 1060 3341 1131 magni
3388 1060 3583 1115 meriti

1976 1149 2139 1216 duce,
2160 1150 2349 1203 locum
2377 1151 2650 1203 deserunt
2673 1167 2687 1218 ;
2729 1150 2882 1220 quod
2910 1149 3004 1203 ubi
3029 1150 3215 1204 Bruno
3243 1148 3578 1216 rescivisset,

1974 1238 2181 1293 litteris
2230 1239 2303 1292 ad
2335 1237 2669 1308 Seguinum,
2712 1238 2993 1292 Cassa-Dei
3030 1238 3327 1305 abbatem,
3354 1237 3579 1308 scriptis

1977 1326 2337 1381 Carthusiam
2360 1328 2412 1382 ei
2440 1327 2674 1398 ejusque
2707 1326 3059 1381 monasterio
3085 1326 3383 1381 concessit.
3407 1346 3428 1375 ι

2047 1420 2170 1470 515.
2204 1418 2287 1470 Ita
2315 1415 2692 1482 Mabillonius,
2726 1416 3059 1469 Brunonem
3078 1415 3292 1469 scilicet
3321 1419 3457 1470 tunc
3479 1412 3577 1469 de-

1978 1522 2163 1571 mum,
2197 1521 2327 1558 cum
2385 1504 2441 1558 in
2475 1504 2681 1558 itinere
2719 1505 2980 1558 Romano
3043 1505 3141 1558 aut
3178 1503 3352 1558 etiam
3381 1504 3579 1558 Romae

1976 1598 2317 1661 versaretur,
2342 1594 2813 1659 instrumentum,
2859 1609 2972 1665 quo
3006 1592 3366 1647 Carthusiam
3398 1592 3458 1646 in
3484 1591 3581 1646 Se-

254 1667 399 1739 men
438 1683 871 1739 erestitutionis
919 1683 1229 1739 Carthusia:
1264 1684 1417 1738 infra
1461 1685 1571 1739 huc
1607 1685 1872 1740 transcri-
1902 1667 1956 1728 B
1976 1684 2219 1755 guinnm
2243 1683 2511 1738 abbatem
2549 1682 2922 1754 transcripsit,
2960 1682 3270 1737 confecisse
3316 1680 3582 1752 epistola-

250 1773 459 1828 benda
487 1773 708 1839 charta,
728 1774 927 1842 utpote
956 1772 1014 1826 in
1046 1790 1160 1843 qua
1190 1789 1257 1826 ex
1286 1773 1393 1827 hac
1414 1790 1611 1829 eremo
1644 1774 1700 1828 S.
1737 1776 1878 1829 Bru-

252 1860 430 1917 nonis
450 1860 587 1915 socii
602 1862 677 1915 ob
687 1861 784 1930 huj
794 1877 857 1914 us
877 1861 1196 1916 absentiam
1218 1861 1512 1916 recessisse
1532 1861 1873 1924 innuuntur,

248 1966 581 2006 consonum
600 1948 845 2004 videtur.
876 1949 1086 2004 Verum
1111 1950 1367 2005 indicant
1392 1951 1566 2005 etiam
1590 1951 1873 2007 recentio-

1976 1790 2087 1845 que
2118 1773 2192 1827 ad
2220 1790 2354 1827 eum
2387 1772 2625 1838 misisse,
2662 1772 2942 1826 indicans.
2977 1772 3045 1824 Et
3065 1787 3223 1837 sane,
3247 1787 3311 1825 re
3341 1770 3421 1824 ita
3439 1784 3577 1823 con-

1975 1862 2244 1929 siderata,
2290 1861 2455 1916 facile
2505 1862 2744 1932 quisque
2775 1859 3078 1931 intelliget,
3126 1859 3244 1931 qui,
3278 1875 3409 1913 cum
3441 1857 3583 1913 San-

1975 1954 2097 2006 ctus
2145 1951 2277 2021 jam
2326 1952 2533 2005 absens
2561 1953 2728 2016 esset,
2759 1966 2859 2003 seu
2890 1948 2949 2002 in
2980 1949 3186 2004 itinere
3214 1964 3408 2002 versus
3431 1963 3577 2019 pon-

250 2054 348 2093 res
378 2037 599 2092 laudati
630 2036 825 2097 Sancti
838 2039 1018 2093 nostri
1034 2038 1358 2109 biographi,
1384 2040 1872 2107 Brunonem,cum
1950 2040 2189 2095 .tificem
2220 2044 2319 2094 aut
2342 2041 2540 2094 Romae
2555 2039 2843 2105 existeret,
2880 2036 3141 2109 discipuli
3180 2037 3303 2107 ejus
3322 2034 3499 2091 dilabi
3547 2050 3581 2088 e

256 2127 630 2182 Carthusiam
685 2126 922 2198 Signina
956 2128 1133 2194 dedit,
1166 2132 1339 2200 atque
1372 2145 1437 2183 ex
1466 2130 1596 2195 hac,
1625 2129 1697 2184 ad
1725 2146 1869 2200 pon-
1974 2130 2295 2197 Carthusia,
2324 2129 2559 2200 ipseque
2574 2129 2728 2183 hisce
2757 2126 3145 2182 dilabentibus
3170 2143 3272 2180 seu
3284 2125 3474 2197 potius
3487 2122 3574 2177 di-

247 2215 471 2270 tiﬁcem
498 2231 560 2269 se
590 2216 920 2282 collaturus,
943 2216 1097 2281 exiit,
1128 2215 1311 2270 isthuc
1324 2218 1726 2288 postearedire
1756 2221 1868 2272 sta—
1956 2219 2164 2289 .lapsis,
2198 2219 2651 2273 instrumentum
2668 2216 2985 2287 publicum,
3016 2231 3128 2286 quo
3159 2215 3312 2269 hanc
3336 2211 3575 2283 Signino

246 2305 463 2369 tuisse;
521 2303 698 2375 quod,
733 2320 863 2358 cum
893 2305 1304 2371 instrumento,
1338 2322 1450 2376 quo
1504 2306 1762 2373 Sanctus,
1796 2306 1869 2360 ad
1972 2306 2261 2362 Casaa-Dei
2308 2306 2502 2361 abbati
2550 2304 2808 2372 tradidit,
2859 2305 3076 2359 donare
3108 2300 3380 2373 potuerit,
3426 2299 3579 2354 salva

248 2392 597 2464 pontiﬁcem
646 2392 909 2460 tendens,
940 2391 1177 2463 Signino
1209 2393 1491 2448 Casus-Dei
1522 2395 1714 2449 abbati
1740 2395 1869 2449 Car-
1956 2413 2170 2452 eorum
2203 2394 2467 2450 omnium
2488 2394 2745 2460 veritate,
2779 2409 2906 2464 quas
2938 2392 2997 2446 in
3023 2392 3224 2446 charta
3253 2386 3572 2445 restitutio-

246 2481 511 2536 thusiam
572 2480 831 2546 donavit,
879 2482 1038 2535 nulla
1092 2482 1335 2537 omnino
1370 2482 1440 2536 de
1473 2483 1578 2537 hac
1610 2482 1864 2538 Brunoni
1948 2469 2056 2540 lnis
2086 2484 2397 2540 Carthusia;
2429 2486 2758 2538 occurrunt.
2790 2484 3064 2536 Attamen
3126 2496 3259 2534 cum
3309 2477 3573 2543 Sanctus,

245 2569 492 2641 ejusque
509 2569 699 2636 sociis,
749 2570 794 2624 si
824 2569 1103 2637 redirent,
1135 2570 1433 2626 reddenda
1464 2573 1682 2628 mentio
1708 2573 1867 2643 inge-
1967 2577 2281 2645 antequam
2302 2574 2412 2628 iter
2438 2573 2765 2627 Romanum
2796 2571 3131 2640 susciperet,
3162 2568 3223 2622 in
3262 2567 3386 2638 ipso
3408 2564 3575 2621 disci-

243 2661 435 2723 ratur,
471 2673 677 2729 parum
705 2656 1029 2712 verosimile
1059 2657 1201 2711 mihi
1235 2662 1495 2730 apparet.
1521 2660 1633 2714 Nec
1653 2660 1863 2714 verosi-
1965 2664 2237 2735 pulcrum
2268 2677 2503 2717 suorum
2532 2678 2563 2714 e
2594 2659 2891 2715 Carthusia
2910 2674 3163 2713 recessus
3186 2658 3315 2710 actu
3334 2655 3576 2710 Carthu-

242 2745 448 2801 milius
478 2748 587 2811 est,
614 2745 771 2817 quod
802 2748 998 2800 tamen
1025 2746 1203 2800 etiam
1239 2748 1503 2802 nonnulli
1526 2750 1744 2815 volunt,
1776 2748 1864 2803 in-
1966 2751 2111 2805 siam
2136 2751 2197 2805 in
2219 2750 2521 2821 Signinum
2549 2747 2828 2805 Ceste-Dei
2855 2747 3127 2802 abbatem
3157 2741 3577 2813 transcripsisse

244 2836 666 2902 strumentnm,
724 2850 836 2906 quo
888 2834 1129 2889 Sanctus
1175 2834 1534 2890 Carthusiam
1584 2837 1866 2893 Casta-Dei
1965 2840 2248 2907 videatur,
2282 2840 2363 2894 ita
2391 2840 2592 2893 malim
2614 2855 2742 2894 rem
2765 2841 2990 2909 gestam
3006 2831 3578 2905 concipere:S.Brn-

243 2922 451 2978 abbati
466 2922 717 3021 .Signino
760 2923 1024 3021 contulit,
1043 2923 1352 3021 ‘datnm‘ei‘
1358 2924 1482 3021 jam
1514 2928 1637 2979 tum
1670 2926 1861 2994 fuisse,
1889 2960 1938 3021 α
1966 2948 2064 2997 no,
2095 2946 2227 2984 cum
2285 2946 2316 2983 e
2376 2928 2693 2993 Carthusia,
2728 2926 3024 2982 Landnino
3082 2926 3143 2980 in
3188 2926 3377 2979 locum
3408 2937 3575 3020 suum

243 3026 384 3067 cum
424 3010 550 3082 ejus
571 3010 833 3084 discipuli
855 3027 886 3065 e
910 3011 1209 3066 Carthusia
1229 3013 1302 3068 ob
1320 3012 1512 3068 dilecti
1539 3031 1605 3068 ex
1629 3014 1735 3069 hac
1751 3016 1855 3071 Ma-
1895 3010 1938 3021 “”
1965 3018 2290 3084 substituto,
2316 3017 2445 3087 jam
2476 3018 2811 3082 excesserat,
2841 3015 2915 3070 ad
2945 3015 3250 3085 Hugonem
3279 3010 3578 3067 Gratiano-

244 3100 419 3172 gistri
445 3100 754 3155 discessum
772 3100 1035 3156 nondum
1058 3100 1864 3176 dilaberentur,dilapsuriqne
1964 3108 2287 3179 politanum
2305 3107 2661 3177 episcopum,
2688 3105 2769 3159 uti
2790 3104 2981 3175 reipsa
3008 3101 3208 3158 fecisse
3241 3118 3275 3156 a
3302 3101 3573 3155 Blomen-

248 3189 670 3244 tantummodo
701 3189 861 3243 brevi
906 3193 1036 3259 post
1067 3206 1101 3244 a
1148 3189 1357 3246 Sancto
1388 3193 1860 3263 prasviderentnr.
1964 3213 2154 3251 venna
2184 3196 2421 3267 aliisque
2449 3197 2736 3261 narratur,
2758 3211 2903 3260 sese,
2936 3192 2988 3247 ei
3016 3191 3574 3257 valedictnrns,con~

321 3279 454 3333 514.
490 3277 721 3333 Etenim
746 3277 805 3332 in
836 3278 1037 3333 charta
1063 3278 1440 3335 restitutionis
1456 3281 1766 3338 Carthusiae
1779 3282 1866 3339 di-
1964 3285 2183 3352 tulerit,
2226 3285 2599 3357 discipulique
2632 3284 2874 3349 interea,
2907 3299 3050 3354 quos
3080 3281 3139 3336 in
3163 3277 3464 3336 Carthusia
3481 3292 3574 3332 re-

246 3366 407 3421 citur
438 3368 629 3422 Brnno
659 3366 1043 3433 Carthusiam,
1070 3384 1204 3421 cum
1237 3368 1408 3434 «loci,
1437 3370 1710 3426 fratribus
1740 3389 1863 3427 rec-
1966 3375 2233 3446 liquerat,
2292 3375 2491 3430 audito
2534 3374 2746 3429 Sanctn
2777 3373 3042 3439 discessu,
3075 3368 3437 3426 Carthusiam
3480 3382 3579 3437 p8.-

242 3456 529 3513 dentibus
550 3460 788 3527 propter
812 3456 1134 3511 absentiam
1161 3457 1303 3527 ejus,
1337 3457 1769 3515 destitutionem
1781 3461 1863 3515 vi-
1964 3464 2126 3530 riter,
2162 3464 2509 3519 desiderium
2543 3463 2664 3533 ejus
2683 3463 2835 3517 ferre
2852 3461 3007 3517 haud
3026 3461 3300 3526 valentes,
3331 3456 3579 3528 relique-

244 3546 478 3612 deret,»
506 3544 747 3616 Signino
764 3545 958 3600 abbati
982 3545 1205 3600 dedisse
1221 3563 1285 3598 ac
1303 3549 1774 3617 commendasse;
1802 3552 1867 3603 ut
1966 3553 2103 3607 rint.
2139 3555 2223 3606 Ita
2250 3570 2388 3608 sane
2418 3552 2571 3607 facili
2596 3552 2775 3606 etiam
2798 3550 3033 3622 negotio
3062 3549 3438 3620 intelligetur,
3472 3544 3572 3618 qui

243 3634 505 3705 prcinde
537 3632 1015 3699 instrumentum,
1069 3650 1182 3704 quo
1224 3635 1583 3690 Carthusiam
1627 3636 1863 3708 Siguino
1968 3645 2025 3697 et
2050 3642 2309 3708 Sanctus,
2343 3659 2375 3696 e
2398 3640 2698 3696 Carthusia
2727 3640 3046 3706 discedens,
3078 3636 3461 3694 dilabentibus
3502 3650 3573 3691 ex

245 3720 498 3777 Sanctus
529 3721 710 3789 dedit,
763 3722 1034 3778 collatum
1065 3722 1137 3788 ei,
1174 3723 1374 3794 primis
1420 3725 1730 3780 Carthusia:
1759 3727 1868 3782 Ma—
1965 3732 2073 3785 hac
2104 3730 2393 3801 discipulis
2420 3730 2553 3795 suis,
2585 3745 2720 3782 mox
2750 3728 2811 3783 id
2854 3727 3055 3782 audire
3110 3730 3169 3780 et
3213 3725 3568 3780 instrumen-

237 3809 394 3881 joris
419 3809 621 3864 incolis
650 3809 843 3864 Sancti
872 3809 1159 3880 discipulis
1185 3812 1449 3868 nondum
1482 3814 1867 3870 dilabentibus
1965 3823 2113 3888 tum,
2171 3837 2284 3892 quo
2316 3818 2674 3875 Carthusiam
2729 3816 2965 3888 Signino
3035 3814 3324 3870 Casus-Dei
3376 3810 3573 3867 abbati

249 3915 356 3954 seu
391 3898 755 3954 Carthusiam
801 3898 1282 3970 relinquentibus,
1308 3901 1665 3969 haudfuerit,
1690 3904 1866 3958 maxi-

1970 3909 2418 3975 commendavit,
2435 3906 2739 3973 conﬁcere,
2755 3905 3195 3974 confectumque
3207 3904 3308 3957 aut
3324 3900 3575 3972 ipsemet

246 4004 349 4043 me
372 4003 506 4042 cum
540 3987 600 4041 id
630 3988 690 4042 in
720 3988 968 4042 fratrum
1012 4006 1113 4043 seu
1159 3988 1567 4060 discipulorum
1600 3992 1790 4047 Sancti
1834 4011 1863 4048 e
1967 4000 2041 4053 ad
2069 3998 2222 4053 hunc
2248 3999 2496 4066 deferre,
2530 4001 2630 4052 aut
2659 3996 2836 4052 etiam
2869 3996 2942 4051 ab
2975 3996 3157 4050 altero
3191 3990 3572 4049 deferendum

248 4076 559 4133 Carthusia
587 4093 813 4132 recessu
843 4077 1083 4143 factum,
1122 4076 1331 4131 diserte
1364 4079 1625 4134 tradatur
1653 4079 1711 4134 in
1742 4080 1865 4153 epi-
1956 4105 2165 4142 curare
2197 4088 2468 4159 potuerit.

246 4167 403 4222 stola
432 4166 584 4221 infra
608 4166 830 4237 pariter
856 4166 967 4221 huc
1005 4166 1464 4232 transcribenda,
1524 4185 1638 4239 qua
1685 4170 1864 4226 Urba-
2038 4181 2161 4233 516.
2218 4178 2395 4233 Porro
2443 4193 2512 4231 ex
2577 4176 2778 4230 charta
2824 4172 3205 4230 restitutionis
3258 4167 3571 4230 Carthusia;

247 4271 361 4310 nus
382 4255 433 4310 il
458 4269 610 4325 papa
633 4254 894 4326 Signinoi
919 4253 1133 4321 abbati,
1162 4256 1228 4309 ut
1259 4254 1570 4312 Carthusia:
1600 4274 1862 4315 eremum
1889 4242 1944 4304 D
1965 4265 2142 4321 etiam
2172 4267 2398 4338 collige,
2435 4264 2771 4336 opinionem
2805 4279 3031 4330 eorum,
3065 4261 3162 4334 qui
3189 4243 3464 4316 Sandum
3506 4258 3571 4313 in

248 4342 310 4398 S.
339 4344 628 4399 Brunonis
659 4342 964 4415 discipulis,
994 4343 1067 4398 ad
1098 4344 1245 4397 hanc
1274 4344 1665 4414 redeuntibus,
1697 4348 1861 4404 resti-

245 4435 398 4499 tuat,
459 4432 728 4503 iniungit.
768 4434 842 4487 At
868 4449 1024 4500 vero,
1058 4432 1303 4505 inquies,
1336 4433 1382 4487 si
1419 4433 1661 4490 Sanctus
1702 4438 1863 4492 char-

245 4525 397 4589 tam,
431 4537 544 4592 qua
560 4521 923 4577 Carthusiam
939 4520 1176 4592 Signina
1210 4521 1387 4588 dedit,
1415 4523 1799 4581 dilabentibus
1829 4545 1860 4582 c

246 4609 558 4667 Carthusia
589 4609 879 4681 discipulis
905 4610 1037 4677 suis,
1074 4627 1175 4664 seu
1205 4610 1266 4666 in
1291 4611 1504 4667 horum
1551 4630 1619 4669 ex
1662 4631 1860 4671 eremo

244 4700 345 4755 illa
370 4715 598 4754 recessu
641 4698 942 4770 impertiit,
977 4698 1073 4770 qui
1102 4715 1303 4754 verum
1333 4700 1708 4773 intelligetur,
1740 4721 1861 4759 esse

242 4787 377 4842 illos
405 4787 478 4842 ob
510 4786 703 4842 Sancti
738 4788 1061 4842 absentiam
1094 4803 1197 4841 sou
1221 4803 1291 4843 eo
1327 4788 1385 4845 in
1423 4789 1631 4845 itinere
1668 4809 1698 4847 e
1733 4791 1866 4848 Car-

245 4876 444 4932 thusia
473 4893 668 4932 versus
696 4876 1028 4948 pontificem
1043 4877 1173 4947 jam
1199 4878 1496 4951 existente,
1537 4882 1618 4936 uti
1666 4883 1864 4940 charta

243 4965 633 5022 restitutionis
655 4965 968 5021 Carthusia:
973 4966 1103 5036 jam
1132 4968 1347 5038 pluries
1370 4970 1603 5026 laudata
1626 4970 1859 5042 indicat,

246 5071 276 5110 e
309 5055 621 5111 Carthusia
649 5055 900 5126 dilapsos
915 5055 942 5110 Ἰ
970 5055 1330 5113 Mabillonius
1345 5057 1404 5112 in
1423 5060 1743 5116 Annalibus
1756 5063 1857 5118 Be-

244 5143 495 5199 nedictis
511 5143 611 5199 lib.
629 5145 1180 5212 Lxxvn,num.92,sic
1195 5146 1406 5202 scribit:
1430 5148 1679 5204 «Eodem
1711 5154 1859 5208 tem-

246 5248 418 5304 pore,
449 5250 564 5305 quo
589 5236 761 5290 natus
789 5238 876 5289 est
910 5234 1253 5302 Bernardus,
1298 5236 1510 5304 Bruno,
1545 5238 1858 5297 Carthusiaa

244 5321 476 5394 lajoris
496 5322 718 5394 primus
748 5324 1061 5390 institutor,
1092 5323 1167 5377 ab
1190 5323 1420 5379 Urbano
1452 5327 1520 5392 ll,
1563 5327 1660 5397 qui
1684 5328 1861 5401 ipsius

249 5412 409 5484 apud
430 5413 646 5470 Remos
674 5413 982 5487 discipulus
1025 5412 1235 5480 fuerat,
1281 5413 1528 5469 Romam
1563 5428 1855 5493 evocatur,

247 5506 313 5558 ut
338 5502 465 5575 ejus
491 5503 743 5560 consiliis
766 5503 829 5561 in
856 5499 1124 5561 Ecclesiae
1144 5500 1550 5561 moderamine
1572 5508 1858 5587 uteretur,

1964 4355 2190 4423 itinere,
2223 4356 2381 4427 quod
2421 4354 2759 4426 pontiﬁcem
2817 4369 3013 4407 versus
3056 4349 3323 4421 suscepit,
3368 4362 3572 4404 omnes

1963 4463 2197 4518 prorsus
2244 4460 2376 4499 suos
2416 4443 2475 4498 in
2527 4440 2825 4498 Carthusia
2860 4440 3164 4512 discipulos
3210 4437 3449 4494 comites
3473 4438 3574 4493 ha-

1963 4535 2151 4590 buisse
2162 4529 3019 4602 statuunt,veritatineutiquam
3040 4544 3208 4601 posse
3222 4541 3566 4599 congruere.

1963 4626 2025 4678 In
2046 4624 2146 4679 illa
2165 4622 2323 4678 enim
2353 4622 2572 4689 charta,
2608 4636 2724 4693 qua
2757 4619 2911 4674 hisce
2923 4617 3194 4690 Signinus
3210 4614 3572 4672 Carthusiam

1961 4712 2231 4779 restituit,
2263 4713 2452 4766 Brnno
2498 4710 2702 4765 abiens
2731 4708 3100 4763 Landninum
3132 4705 3402 4762 omnibus
3446 4702 3571 4758 aliis

1963 4800 2078 4856 suis
2107 4799 2393 4871 discipulis
2418 4800 2478 4855 in
2502 4798 2801 4855 Carthusia
2828 4794 3324 4853 commorantibus
3347 4806 3573 4863 praepo-

1964 4890 2140 4945 suisse
2166 4890 2401 4959 dicitur;
2436 4889 2533 4961 qni
2582 4891 2780 4943 autem
2814 4887 3033 4941 factum
3059 4884 3119 4939 id
3144 4898 3264 4938 esse
3297 4882 3491 4952 queat,
3524 4877 3573 4934 si

1962 4994 2094 5033 cum
2118 4977 2327 5033 Sancto
2358 4980 2418 5034 et
2438 4978 2770 5033 Landninns
2800 4978 2859 5029 et
2886 4972 3092 5044 reliqui
3112 4985 3315 5026 omnes
3335 4969 3459 5040 ejus
3489 4966 3572 5023 di-

1961 5068 2160 5140 scipuli
2207 5068 2317 5122 iter
2343 5084 2537 5123 versus
2568 5066 2907 5137 pontiﬁcem
2931 5058 3285 5131 susceperint
3302 5057 3330 5111 ‘2
3355 5057 3569 5111 Verum

1961 5174 2158 5213 nonne
2194 5157 2434 5212 Sanctus
2475 5157 2700 5227 aliquot
2749 5153 2954 5208 saltem
2984 5165 3052 5204 ex
3079 5148 3234 5203 hisce
3269 5144 3455 5202 socios
3482 5142 3573 5197 iti-

1962 5248 2117 5302 neris
2136 5246 2242 5301 sibi
2271 5247 2475 5302 habnit
2503 5239 2822 5313 adiunctos!
2871 5241 2966 5294 Est
3004 5253 3162 5305 sane,
3195 5251 3296 5290 cur
3345 5234 3404 5287 id
3447 5246 3605 5296 non,

1962 5352 2138 5390 nemo
2182 5335 2287 5389 sibi
2322 5333 2693 5407 persuadeat,
2737 5345 2891 5399 cum,
2946 5329 3011 5383 ut
3051 5341 3223 5398 supra
3261 5321 3451 5387 docui,
3507 5318 3575 5373 in

1962 5424 2177 5480 chartis
2207 5424 2440 5497 Rogerii
2467 5419 2725 5492 comitis,
2754 5422 2813 5475 et
2840 5416 3075 5491 Rogerii
3124 5412 3282 5469 ducis
3332 5408 3589 5497 Sanctus

1963 5529 2102 5573 eum
2129 5494 2417 5573 sociissibi
2440 5509 2740 5584 adiunctis
2764 5526 2800 5567 e
2819 5506 3013 5567 Gallia
3035 5501 3293 5578 partibus
3318 5499 3383 5556 in
3424 5494 3599 5552 Calan-

3574 5754 4224 6009 ra
