4224 6058
527 347 628 402 315

1379 341 1436 396 S.
1464 337 1811 397 BRUNONIS
1841 329 2476 394 CARTHUSIANORUM
2515 332 2983 390 INSTlTUTORlS

3737 332 3840 386 316

521 465 713 522 briam
737 465 960 522 dicatur
979 465 1298 532 advenisse,
1331 482 1437 520 nec
1473 467 1704 536 satapte
1732 463 1840 518 dici
1873 463 1930 517 id
1962 477 2131 534 posse
2151 467 2205 525 Α
2232 459 2520 525 Calabros,
2555 463 2617 514 ut
2642 459 2812 529 paulo
2846 459 2975 528 post
3006 455 3172 510 datus
3201 453 3253 508 ei
3282 451 3456 508 fuerit
3494 452 3653 507 locus
3683 452 3742 507 in
3776 469 3847 507 ea

521 555 800 620 videatur,
835 555 940 608 nisi
983 554 1222 609 Sanctus
1270 573 1384 609 una
1417 571 1550 608 cum
1589 553 1771 618 sociis,
1825 569 1967 623 quos
2027 549 2132 604 sibi

525 642 776 697 habebat
813 644 1130 714 adjunctos,
1166 643 1273 696 iter
1319 643 1640 696 Calabriam
1671 657 1863 694 versus
1915 657 1978 693 ex
2011 639 2134 709 ipsa

525 731 703 785 Gallia
719 731 1017 786 inchoarit.
1040 731 1203 795 Quod
1222 731 1263 785 si
1289 729 1524 785 interim
1544 731 1600 783 id
1623 729 1938 799 displiceat,
1974 727 2126 781 dubi-

528 819 772 873 tandum
803 820 1071 891 equidem
1104 837 1218 874 non
1248 824 1350 885 est,
1394 819 1530 890 quin
1557 818 1816 883 Sanctus,
1844 833 1975 870 cum
2004 832 2130 870 om-

529 925 631 961 nes
662 908 784 978 ejus
825 909 1253 963 Carthusienses
1281 907 1538 978 discipuli
1591 905 1877 960 consecuti
1907 921 2040 958 eum
2072 903 2133 958 in

528 995 690 1049 Italia
720 1000 926 1063 essent,
961 997 1180 1067 aliquot
1233 1013 1301 1049 ex
1338 995 1515 1059 hisce,
1570 994 1627 1048 in
1661 994 2018 1048 Carthusiam
2049 1008 2136 1046 re-

531 1083 716 1138 missis
745 1084 1056 1155 aliis,apud
1070 1101 1129 1137 se
1146 1083 1467 1138 retinuerit.
1500 1083 1662 1136 Unde
1685 1083 1843 1137 enim
1876 1080 2132 1152 alioquin

527 1188 660 1226 cum
683 1172 754 1227 ad
785 1171 1056 1226 comitem
1080 1172 1392 1243 Rogerium
1426 1171 1539 1241 (adi
1573 1188 1733 1225 num.
1770 1174 1872 1224 509
1904 1173 1960 1224 et
1989 1167 2131 1239 seq.)

528 1259 587 1314 in
617 1259 938 1314 Calabriam
957 1260 1211 1327 accessit,
1241 1260 1424 1314 socios
1466 1259 1592 1325 sibi,
1630 1260 1726 1330 qui
1759 1277 1788 1313 e
1823 1259 2133 1312 Galliarum

526 1348 787 1420 partibus
817 1349 1122 1416 venissent,
1173 1348 1464 1403 habuisset
1523 1347 1832 1417 adjuncto?
1873 1347 1985 1400 Sed
2015 1347 2137 1401 hIPC

529 1435 601 1490 de
653 1436 959 1507 discipulis,
989 1453 1102 1507 quo
1135 1437 1395 1503 Sanctus,
1429 1453 1560 1489 cum
1590 1435 1950 1489 Carthusiam
1980 1453 2135 1490 sum-

528 1524 608 1578 mi
642 1524 926 1595 pontificis
949 1525 1112 1594 jussu
1134 1523 1403 1591 deseruit,
1438 1525 1772 1594 curiamque
1809 1524 2135 1578 Romanam

525 1613 712 1684 petiit,
746 1614 847 1667 sub
879 1612 1178 1683 disciplina
1192 1630 1293 1666 sua
1315 1613 1597 1679 habuerit,
1632 1612 1782 1666 dicta
1807 1612 2134 1680 sufﬁciant;

526 1700 586 1754 in
619 1704 844 1772 tempus
875 1701 1070 1767 modo,
1107 1717 1218 1772 quo
1269 1718 1408 1767 sese,
1445 1699 1743 1755 Carthusia
1775 1700 2020 1766 deserta,
2062 1699 2136 1754 ad

529 1787 748 1843 curiam
767 1789 1089 1843 Romanam
1123 1789 1452 1854 contulerit,
1487 1788 1870 1859 inquiramus.

598 1881 720 1932 517.
761 1878 1040 1930 Baronius
1065 1876 1121 1930 id
1146 1893 1299 1930 anno
1324 1879 1459 1932 1092
1485 1877 1700 1931 factum
1732 1876 1947 1941 statuit,
1982 1874 2138 1947 quod

524 1963 786 2032 Sanctus,
816 1963 895 2018 uti
941 1964 1319 2031 intellexerat,
1378 1982 1531 2020 anno
1561 1964 2033 2020 commorationis
2077 1965 2136 2018 in

531 2052 831 2108 Carthusia
861 2057 1018 2107 sexto
1050 2053 1123 2106 ad
1154 2053 1372 2107 curiam
1413 2054 1737 2108 Romanam
1775 2054 1973 2107 fuisset
2003 2069 2138 2106 evo-

527 2145 704 2207 catus,
728 2157 937 2211 sexque
957 2141 1093 2195 anni
1120 2141 1191 2194 ab
1215 2158 1368 2195 anno
1387 2144 1545 2205 1086,
1579 2159 1714 2212 quo,
1747 2145 1992 2212 utsupra
2005 2139 2142 2194 vidi-

526 2233 677 2296 mlts,
711 2229 902 2284 Sancti
933 2229 990 2283 in
1026 2229 1385 2284 Carthusiam
1416 2247 1697 2284 secessum
1717 2229 2037 2300 consignat,
2066 2228 2138 2282 ad

527 2316 745 2372 dictum
770 2333 988 2371 annum
1025 2321 1159 2372 1092
1191 2317 1498 2371 deducant.
1522 2318 1733 2371 Verum
1780 2334 1912 2371 cum
1946 2334 2009 2371 ex
2044 2334 2138 2370 su-

534 2421 641 2476 pra
662 2405 828 2460 dictis
856 2407 1042 2460 Bruno
1081 2423 1197 2460 non
1231 2423 1384 2459 anno
1407 2405 1662 2476 primum
1701 2407 1858 2471 1086,
1888 2405 1986 2459 sed
2009 2405 2136 2474 jam

525 2493 664 2548 inde
703 2495 775 2548 ab
806 2511 959 2549 anno
1001 2494 1207 2549 1084111
1229 2494 1538 2548 Carthusiae
1562 2510 1760 2548 eremo
1790 2493 1986 2547 sedem
2001 2493 2138 2546 ﬁxe-

529 2581 626 2649 rit,
679 2599 855 2653 seque
904 2586 968 2636 ut
1009 2582 1474 2654 antiquissimum
1505 2582 1734 2653 fideque
1766 2598 1831 2635 ex
1863 2581 2026 2634 dictis
2051 2580 2136 2633 di-

525 2670 868 2741 gnissimum
906 2671 1229 2741 primorum
1289 2674 1497 2743 q'uator
1545 2669 1854 2724 Carthusia!
1878 2668 2136 2740 priorum

528 2757 853 2813 Chronicon
877 2759 934 2812 in
953 2759 1370 2830 Sanctielogio,
1392 2776 1554 2812 num.
1589 2764 1618 2812 7
1639 2759 1746 2812 huc
1769 2757 2134 2827 transcripto,

527 2849 791 2914 testatur,
829 2849 1153 2902 Romanam
1179 2848 1249 2902 ad
1283 2847 1521 2914 curiam,
1551 2864 1681 2900 cum
1711 2863 1976 2901 eremum
2008 2846 2140 2900 Car-

525 2935 729 2989 thusiaa
762 2935 996 2990 rexisset
1027 2952 1120 2990 sex
1138 2935 1324 3002 annis,
1355 2935 1682 3001 contulerit,
1717 2933 2136 2989 consectarium

524 3023 609 3093 fit,
644 3029 705 3078 ut
723 3024 781 3079 id
811 3041 965 3079 anno
1010 3027 1166 3090 1090,
1211 3026 1363 3078 ultra
1395 3041 1657 3079 mensem
1711 3023 1966 3091 Junium,
2022 3038 2136 3094 quo

2232 549 2469 620 regione
2503 549 2575 602 ad
2606 546 3073 611 inhabitandum,
3127 560 3301 615 quem
3331 541 3522 612 reipsa
3555 557 3710 595 anno
3755 557 3844 595 se-

2234 637 2430 709 quenti
2453 653 2585 690 cum
2615 635 2905 690 nonnullis
2941 652 2970 687 e
2999 633 3112 688 suis
3150 631 3460 687 incolebat.
3517 629 3581 683 Id
3619 631 3850 683 constat

2233 744 2301 780 ex
2328 725 2553 794 Rogerii
2582 724 2807 778 comitis
2838 723 3176 793 diplomate,
3212 719 3368 792 quod
3395 718 3457 774 G.
3496 717 3846 774 Surianusin

2234 815 2390 870 Notis
2445 815 2517 868 ad
2549 815 2738 866 Vitam
2787 813 2843 866 S.
2879 812 3181 877 Brunonis,
3217 814 3275 863 et
3307 807 3574 880 Ughelles
3604 809 3749 860 tom.
3786 805 3850 859 [Χ

2233 904 2402 958 simul
2434 919 2566 956 cum
2593 900 2878 955 Theodori
2909 897 3314 970 Squillacensis
3349 893 3600 968 episcopi
3636 894 3850 950 conﬁr-

2235 991 2492 1047 matione
2524 989 2848 1044 ediderunt.
2888 1010 2914 1036 »

2297 1081 2419 1134 518.
2467 1078 2632 1142 Quod
2685 1077 2730 1132 si
2771 1094 2908 1146 ergo
2954 1080 3108 1130 recte
3153 1075 3246 1129 hic
3291 1076 3456 1128 notet
3495 1070 3848 1137 Ruinartius,

2237 1169 2476 1222 Sanctus
2499 1169 2695 1220 noster
2727 1167 2852 1237 jam
2875 1165 3008 1218 inde
3036 1165 3106 1218 ab
3147 1180 3301 1217 anno
3330 1165 3487 1228 1089,
3516 1165 3572 1215 et
3586 1159 3848 1231 quidem,

2236 1259 2344 1312 hoc
2377 1257 2636 1312 nondum
2656 1256 2806 1309 ultra
2829 1269 3093 1308 mensem
3131 1251 3537 1323 Septembrem
3554 1251 3848 1321 provecto,

2237 1347 2309 1400 ad
2339 1347 2633 1400 Urbanum
2669 1346 2714 1397 ll
2743 1359 2953 1415 papam
2985 1341 3314 1408 accesserit;
3347 1340 3643 1393 Urbanum
3665 1337 3848 1403 enim,

2238 1439 2299 1489 ut
2318 1436 2457 1501 vult,
2477 1434 2533 1487 in
2560 1433 2827 1503 Apuliam
2856 1448 3008 1486 anno
3044 1431 3141 1485 illo
3170 1428 3630 1502 proﬁciscentem
3665 1425 3848 1480 comi-

2236 1525 2387 1576 tatus
2413 1525 2516 1589 est,
2531 1521 2908 1591 concilioque,
2936 1520 3151 1574 ibidem
3185 1522 3321 1573 tunc
3351 1533 3548 1571 mense
3581 1515 3851 1586 Septem-

2238 1614 2346 1679 bri,
2397 1617 2459 1667 ut
2487 1613 2673 1677 docet,
2703 1611 3012 1675 celebrato,
3045 1625 3177 1663 cum
3209 1625 3276 1662 eo
3327 1605 3608 1660 interfuit.
3638 1605 3850 1658 Verum

2238 1702 2455 1757 nihilne
2488 1707 2592 1768 est,
2618 1701 2772 1772 quod
2806 1701 2955 1754 hanc
2987 1697 3268 1752 Ruinartii
3315 1695 3653 1768 opinionem
3697 1695 3854 1747 vetet

2161 1807 2211 1865 Β
2237 1790 2528 1862 amplecti,
2563 1807 2660 1844 seu
2693 1807 2725 1843 a
2770 1805 2902 1843 vero
2935 1789 3188 1841 alienam
3213 1801 3338 1840 esse
3369 1783 3664 1839 evidenter
3684 1781 3848 1836 evin-

2239 1884 2329 1934 cat
2350 1880 2378 1934 ‘?
2407 1879 2713 1951 Antiquior
2745 1877 2938 1932 Sancti
2985 1876 3167 1931 nostri
3200 1873 3550 1945 biographus
3580 1887 3744 1925 num.
3776 1870 3848 1924 24

2238 1968 2319 2022 ita
2347 1968 2417 2022 de
2450 1969 2717 2022 Brunone
2743 1965 2936 2038 prodit
2962 1963 3260 2018 memoriae
3285 1979 3298 2016 :
3325 1981 3356 2014 ει
3395 1962 3668 2015 Eremum
3710 1958 3851 2013 Car-

2237 2057 2439 2111 thusiaa
2466 2056 2611 2110 rexit
2639 2072 2734 2109 sex
2757 2053 2944 2119 annis,
2977 2057 3034 2107 et
3065 2054 3213 2124 post,
3237 2054 3300 2105 ut
3321 2049 3663 2121 prmdictum
3697 2049 3853 2113 est,a

2238 2160 2390 2215 papa
2422 2147 2670 2209 vocatus,
2701 2146 2758 2196 et
2789 2158 2903 2196 non
2941 2141 3039 2195 diu
3065 2143 3195 2212 post
3244 2139 3318 2194 ad
3377 2153 3639 2193 eremum
3685 2135 3853 2190 Gala-

2239 2232 2398 2299 briaa,
2431 2231 2516 2284 cui
2546 2230 2740 2284 Turris
2773 2246 2988 2284 nomen
3019 2232 3125 2294 est,
3183 2226 3490 2294 transiens,
3520 2224 3620 2292 ibi,
3652 2225 3852 2277 sancto

2239 2323 2566 2374 constructo
2609 2318 2985 2383 monasterio,
3038 2318 3356 2370 multorum
3407 2314 3508 2369 Dei
3555 2328 3852 2368 servorum

2239 2409 2719 2462 anachoretarum
2745 2410 2933 2461 rector
2957 2405 3166 2460 exstitit
3183 2408 3241 2459 et
3271 2403 3616 2469 minister,et
3634 2401 3852 2455 ibidem

2237 2495 2386 2550 felici
2419 2496 2544 2550 vitae
2576 2513 2690 2550 sum
2725 2512 2892 2549 cursu
2938 2498 3195 2566 peracto,
3252 2492 3518 2565 migravit
3557 2491 3630 2544 ad
3652 2487 3853 2544 Domi-

2238 2601 2379 2638 num
2411 2587 2540 2655 post
2571 2600 2864 2654 egressum
2897 2582 3208 2637 Carthusia:
3225 2581 3533 2636 undecimo
3567 2593 3855 2642 anno,nec

2238 2675 2382 2743 plus,
2421 2688 2524 2726 nec
2587 2672 2798 2738 minus,
2855 2672 3001 2725 sicut
3050 2671 3107 2724 in
3149 2671 3308 2725 libris
3357 2667 3853 2724 Consuetudinum

2239 2760 2440 2814 domni
2473 2761 2766 2832 Guigonis,
2785 2777 2912 2832 qua:
2939 2763 3072 2814 sunt
3103 2760 3161 2814 in
3179 2760 3354 2814 domo
3377 2756 3854 2820 Cat'thusiaz,con-

2236 2849 2520 2904 tinetur.»
2557 2852 2638 2903 lta
2669 2851 2783 2916 ille,
2817 2848 2906 2902 cui
2939 2849 2983 2902 si
3017 2847 3447 2903 assentiendum
3475 2846 3566 2913 sit,
3602 2843 3796 2898 Sancti
3817 2859 3851 2896 θ

2239 2938 2537 2993 Carthusia
2585 2954 2878 3010 egressum
2910 2955 3009 2992 seu
3045 2953 3335 2992 accessum
3377 2935 3450 2990 ad
3482 2934 3776 2988 Urbanum
3805 2931 3853 2984 II

2236 3042 2447 3098 papam
2477 3043 2628 3081 anno
2667 3029 2824 3094 1089,
2873 3028 3026 3080 ultra
3058 3025 3460 3096 Septembrem
3497 3039 3616 3076 non
3644 3036 3855 3092 prove-

526 3129 594 3168 ex
624 3113 790 3168 dictis
820 3131 940 3168 sese
962 3114 1021 3168 in
1057 3113 1418 3168 Carthusiam
1448 3113 1688 3169 Sanctus
1720 3114 1962 3179 abdidit,
2009 3113 2136 3183 jam
2161 3123 2208 3182 ί]
2237 3119 2350 3183 cto,
2381 3115 2710 3170 Ruinartius
2737 3115 2897 3169 omni
2931 3115 3104 3170 dubio
3139 3114 3335 3186 procul
3360 3127 3663 3184 perperam
3679 3109 3855 3163 inne-

522 3206 816 3274 provecto,
852 3197 1085 3257 indubia
1134 3202 1356 3270 fecerit,
1407 3203 1451 3256 si
1497 3203 1636 3257 anni
1695 3219 1810 3268 sex,
1843 3202 2049 3272 quibus
2077 3199 2135 3253 in

527 3289 826 3345 Carthusia
845 3294 1239 3346 commoratus
1252 3309 1285 3345 a
1300 3291 1624 3361 primorum
1642 3294 1890 3361 quatuor
1904 3290 2140 3344 Carthu-

526 3377 625 3432 sia;
657 3379 918 3449 priorum
950 3379 1318 3450 Chronologo
1363 3379 1629 3444 traditur,
1676 3395 1778 3449 pro
1840 3377 2139 3448 completis

527 3465 644 3520 sint
673 3467 905 3522 abendi.
957 3469 1035 3521 Ac
1084 3467 1442 3522 Mabillonius
1471 3467 1707 3539 quidem
1739 3467 1796 3520 in
1821 3465 2139 3520 Annalibus

527 3553 911 3609 Benedictinis
933 3555 1032 3610 lib.
1057 3571 1224 3621 vau,
1258 3570 1419 3608 num.
1456 3557 1524 3610 92
1555 3554 1746 3609 Sancti
1778 3571 1809 3608 e
1842 3553 2140 3609 Carthusia

529 3659 824 3714 egressum
843 3659 997 3697 anno
1018 3643 1152 3697 1090
1179 3643 1440 3697 innectit.
1470 3643 1803 3698 Mabillonio
1817 3646 2138 3697 consonant

534 3731 794 3786 Historiae
854 3731 1146 3786 litterariae
1199 3731 1450 3786 Francia:
1482 3731 1801 3802 Scriptores
1859 3735 2002 3786 tom.
2051 3732 2134 3793 1X,

528 3835 662 3892 pag.
687 3820 899 3886 239,uti
929 3820 1104 3874 etiam
1144 3819 1350 3891 Pagius
1401 3820 1458 3874 in
1492 3820 1733 3888 Criticis,
1768 3820 1979 3891 aliique
2013 3837 2140 3874 eru-

529 3907 634 3962 diti
666 3909 878 3980 passim
913 3925 1136 3963 omnes.
1172 3909 1381 3962 Verum
1414 3909 1471 3962 in
1495 3909 1620 3963 Vita
1655 3908 1871 3963 Urbani
1897 3910 1941 3961 ll
1974 3924 2138 3978 papae

525 3997 834 4054 Mabillonii
872 3997 1222 4052 etRuinartii
1251 3998 1504 4068 Operum
1520 3998 1963 4066 posthumorum
1990 4001 2134 4051 tom.

527 4086 598 4139 Ill
612 4085 847 4151 inserta,
878 4101 1011 4155 pag.
1033 4087 1098 4138 69
1113 4085 1398 4154 posterior
1442 4102 1471 4139 e
1509 4085 1657 4138 binis
1678 4085 1829 4138 hisce
1847 4084 2137 4155 scriptori-

528 4172 654 4239 bus,
671 4175 998 4244 postquam,
1031 4173 1330 4226 Urbanum
1365 4173 1409 4225 ΙΙ
1433 4189 1647 4243 papam
1675 4189 1829 4227 anno
1851 4175 1985 4228 1089
1999 4189 2138 4228 con-

527 4260 722 4315 cilium
766 4278 865 4316 seu
901 4260 1188 4332 synodum
1222 4261 1427 4333 Melphi
1467 4262 1804 4330 celebrasse,
1837 4261 1986 4316 Barii
2014 4279 2140 4317 ossa

2236 3204 2358 3258 ctit.
2393 3205 2535 3259 Cum
2562 3204 2720 3259 enim
2761 3203 3024 3270 Sanctus,
3057 3203 3138 3256 uti
3168 3202 3322 3274 apud
3349 3217 3552 3256 omnes
3608 3199 3665 3253 in
3713 3214 3854 3253 con-

2237 3293 2383 3347 fesso
2417 3296 2521 3359 est,
2550 3292 2815 3364 infraque
2837 3293 3177 3363 probabitur
3225 3307 3380 3345 anno
3417 3292 3574 3354 1101,
3601 3304 3652 3342 v1
3680 3287 3853 3342 Octo-

2237 3383 2354 3438 bris
2384 3382 2498 3448 die,
2533 3398 2563 3436 e
2585 3381 2720 3436 vivis
2738 3381 3093 3451 abierit,ejus
3121 3381 3190 3434 de
3211 3377 3508 3434 Carthusia
3533 3392 3852 3448 egressum,

2239 3469 2284 3525 si
2314 3487 2518 3538 annus,
2555 3469 2652 3542 qui
2693 3471 2766 3524 ab
2812 3471 2921 3524 hoc
2972 3468 3243 3523 cucurrit.
3291 3466 3660 3532 Undecimus,
3718 3479 3856 3518 cum

2239 3575 2374 3614 mox
2405 3560 2556 3614 dicto
2581 3557 2885 3613 emortuali
2907 3557 3029 3627 ejus
3051 3573 3206 3611 anno
3232 3557 3358 3610 1101
3394 3553 3579 3608 verbis
3605 3551 3856 3607 recitatis

2239 3649 2310 3702 ab
2337 3648 2663 3719 antiquiore
2686 3651 2882 3702 nostro
2916 3645 3239 3716 biographo
3271 3646 3426 3698 recte
3446 3644 3854 3712 componatur,

2237 3753 2355 3791 non
2384 3753 2557 3802 anno,
2589 3740 2650 3790 ut
2672 3733 3559 3800 statuitRuinartius,1089,ultra
3586 3729 3856 3802 Septem-

2237 3825 2402 3880 brem
2430 3825 2692 3879 nondum
2724 3827 3014 3894 provecto,
3033 3821 3132 3876 sed
3165 3836 3317 3874 anno
3341 3821 3496 3886 1090,
3529 3822 3588 3872 ct
3613 3817 3854 3889 quidem

2237 3914 2390 3968 ultra
2412 3930 2465 3967 γι
2488 3912 2744 3968 Octobris
2766 3912 2920 3966 diem
2947 3912 3072 3982 jam
3106 3912 3396 3982 provecto,
3445 3906 3718 3972 evenisse,
3753 3922 3856 3960 ne-

2239 4018 2390 4056 cesse
2421 4005 2526 4068 est,
2568 4017 2701 4054 eum
2722 4001 2794 4054 ab
2808 4016 2962 4054 anno
2980 3998 3216 4070 quidem
3251 4000 3386 4051 1089
3403 3996 3553 4050 ultra
3583 3995 3856 4065 Septem-

2238 4090 2404 4143 brem
2436 4089 2697 4143 nondum
2715 4091 3007 4158 provecto,
3042 4103 3223 4158 usque
3252 4085 3325 4139 ad
3355 4083 3493 4138 anni
3550 4085 3676 4137 1101
3723 4097 3853 4135 sex-

2237 4181 2360 4233 tam
2393 4177 2652 4233 Octobris
2673 4176 2829 4232 diem
2851 4177 2988 4230 anni
3001 4174 3247 4246 amplius
3262 4173 3568 4228 duodecim
3602 4170 3856 4240 comple-

2239 4267 2302 4334 ti,
2339 4282 2492 4321 anno
2516 4269 2710 4320 autem
2744 4267 2898 4331 1090,
2924 4265 2996 4319 ad
3035 4281 3086 4318 γι
3125 4261 3385 4318 Octobris
3407 4260 3562 4315 diem
3585 4258 3852 4314 nondum

528 4348 586 4404 S.
639 4349 857 4404 Nicolai
915 4348 1300 4416 transtulisse,
1363 4349 1546 4405 Eliam
1578 4351 1913 4423 episcopum
1945 4348 2610 4428 conse-Dprovecto,ad
2636 4353 2906 4408 eamdem
2947 4355 3167 4407 sextam
3218 4351 3354 4406 anni
3407 4349 3537 4404 1101
3589 4346 3854 4402 Octobris

529 4453 716 4492 crasse
748 4453 814 4491 ac
844 4437 1084 4493 tandem
1099 4437 1421 4493 Calabriam
1440 4440 1838 4511 perlustrando
1856 4440 2139 4511 Rhegium

533 4541 710 4597 usque
746 4529 1076 4597 penetrasse
1103 4527 1378 4595 narravit,
1418 4527 1499 4582 ita
1532 4531 1854 4584 memorat:
1874 4551 1902 4580 «
1924 4528 2138 4583 Eadem

529 4613 709 4670 etiam
734 4614 1032 4670 occasione
1088 4617 1440 4684 Brunonem,
1491 4616 2007 4673 Carthusianorum
2038 4633 2140 4688 pa-

525 4708 755 4761 rentem
806 4721 938 4758 cum
970 4704 1203 4760 Urbano
1231 4705 1556 4760 Calabriam
1596 4707 1989 4778 perlustrasse,
2016 4707 2141 4776 plus

525 4810 705 4866 quam
747 4793 1048 4865 probabile
1069 4796 1232 4848 est.Is
1253 4811 1465 4866 nempe
1482 4811 1516 4849 a
1536 4796 1831 4866 pontifice,
1853 4813 1953 4851 suo
1975 4795 2138 4862 olim,

527 4887 587 4938 ut
600 4882 866 4952 diximus,
894 4901 1025 4938 cum
1043 4883 1264 4939 litteras
1277 4883 1361 4939 vir
1387 4888 1617 4939 sanctus
1637 4885 1693 4939 in
1718 4884 2015 4940 Remensis
2047 4901 2144 4939 ec-

523 4973 711 5028 clesiae
759 4973 1058 5028 academia
1088 4974 1341 5042 doceret,
1376 4974 1673 5047 discipulo,
1717 4977 2000 5041 evocatus,
2032 4975 2142 5029 hoc

527 5076 680 5116 anno
699 5062 858 5133 (1089
880 5061 1162 5134 videlicet)
1184 5063 1258 5117 ad
1282 5063 1445 5117 illum
1463 5064 1718 5130 accessit,
1754 5080 1856 5118 nec
1875 5063 2138 5128 dubium,

525 5149 852 5220 quinetiam
871 5167 1004 5206 eum
1029 5155 1254 5207 secutus
1294 5151 1465 5206 fuerit
1501 5152 1560 5206 in
1581 5152 1848 5222 Apuliam
1888 5156 1946 5208 et
1977 5152 2144 5207 Cala-

525 5236 733 5306 briam,
761 5256 893 5293 cum
917 5257 985 5295 eo
1020 5242 1216 5296 animo
1251 5241 1584 5296 Brunonem
1617 5241 1999 5296 accersivisset
2039 5241 2145 5295 Ur—

525 5324 727 5394 banus,
753 5331 816 5381 ut
848 5329 968 5398 ejus
998 5330 1246 5384 consiliis
1275 5329 1332 5384 in
1383 5329 1554 5384 rebus
1610 5329 1981 5398 difﬁcillimis,
2015 5346 2142 5400 qua

524 5415 661 5468 tunc
683 5415 1020 5486 frequenter
1035 5418 1436 5487 emergebant,
1471 5419 1747 5472 uteretur.
1764 5417 1933 5472 Aliud
1964 5419 2144 5472 habe-

526 5499 622 5553 tur
658 5502 919 5571 ejusdem
939 5503 1022 5560 rei
1049 5509 1490 5577 argumentum,
1513 5507 1669 5579 quod
1695 5523 1907 5580 nempe
1924 5509 2146 5562 Bruno-

529 5583 618 5641 nis
649 5590 962 5646 sanctitatis
983 5608 1050 5649 ex
1077 5609 1150 5654 eo
1175 5594 1438 5666 tempore
1476 5595 1622 5653 adeo
1638 5599 1779 5656 nota
1797 5595 1972 5655 fuerit
1987 5596 2143 5670 apud

2241 4445 2397 4500 diem
2437 4442 2577 4498 anni
2603 4442 2852 4515 amplius
2867 4441 3138 4496 undecim
3162 4439 3435 4512 completi
3474 4435 3852 4503 excurrerint,

2241 4533 2453 4604 sicque,
2475 4535 2676 4586 contra
2693 4548 2759 4586 ac
2781 4530 3074 4602 antiquior
3089 4533 3286 4584 noster
3299 4527 3653 4599 biograqhus
3674 4525 3856 4596 scrip-

2241 4621 2345 4688 bit,
2379 4621 2617 4675 Sanctus
2640 4638 2757 4676 non
2792 4619 3120 4686 undecimo,
3141 4618 3241 4673 sed
3260 4619 3344 4672 vel
3367 4615 3707 4671 duodecimo
3756 4616 3858 4668 aut

2241 4709 2417 4765 etiam
2433 4710 2656 4765 decimo
2671 4708 2841 4763 tertio
2860 4711 2990 4780 post
3007 4724 3173 4762 suum
3195 4723 3227 4761 e
3245 4705 3541 4761 Carthusia
3557 4717 3855 4774 egressum

2241 4815 2396 4853 anno
2435 4798 2622 4852 vivere
2659 4797 2934 4852 desiisset.
2967 4797 3177 4851 Verum
3220 4811 3371 4849 anne
3398 4793 3488 4848 hic
3525 4792 3856 4864 primorum

2241 4887 2496 4959 quinque
2516 4885 2830 4941 Carthusia:
2855 4885 3116 4956 priorum
3139 4885 3526 4955 chronologus
3569 4898 3670 4936 seu
3703 4878 3858 4934 anti-

2243 4975 2410 5047 quior
2437 4975 2629 5030 Sancti
2662 4974 2839 5029 nostri
2862 4975 3212 5046 biographus
3243 4989 3467 5028 annum
3514 4973 3671 5036 1101,
3706 4967 3859 5023 San-

2243 5067 2334 5119 cto
2359 5065 2766 5129 emortualem,
2797 5080 2932 5118 eum
2965 5062 3200 5118 definito
3234 5065 3363 5134 post
3390 5060 3511 5131 ejus
3539 5075 3571 5112 e
3605 5057 3856 5113 Carthu-

2243 5153 2324 5208 sia
2345 5171 2640 5224 egressum
2671 5169 2826 5208 anno
2855 5152 3163 5207 undecimo
3195 5152 3349 5204 recte
3376 5146 3712 5221 componit?

2316 5242 2790 5314 519.Neutiquam
2805 5258 2942 5296 sane
2979 5258 2990 5296 :
3025 5241 3299 5295 Sanctum
3332 5239 3510 5304 enim,
3540 5239 3855 5306 antequam

2243 5348 2428 5385 annus
2464 5335 2600 5387 1090
2641 5332 2714 5386 ad
2761 5331 3089 5397 Octobrem,
3122 5330 3241 5384 imo
3265 5328 3339 5384 ad
3367 5327 3674 5399 septimam
3706 5323 3856 5378 deci-

2243 5437 2405 5474 mam
2431 5419 2788 5492 Septembris
2810 5420 2966 5475 diem
2989 5422 3136 5475 esset
3159 5421 3478 5489 provectus,
3495 5433 3525 5469 e
3554 5411 3854 5469 Carthusia

2243 5525 2366 5565 sese
2399 5509 2474 5564 ad
2510 5509 2810 5564 Urbanum
2833 5511 2877 5564 Il
2892 5525 3105 5582 papam
3117 5505 3446 5573 contulisse,
3475 5521 3507 5558 e
3533 5504 3733 5558 charta
3761 5501 3854 5555 in-

2240 5598 2335 5657 fra
2344 5598 2456 5654 huc
2482 5597 3060 5672 transcribenda,qua
3074 5595 3342 5670 Siguinus
3365 5590 3658 5651 Cassa-Dei
3676 5590 3856 5648 abbas
