4224 6058
325 317 432 382 317

1901 308 2083 374 ACTA

3547 326 3653 383 318

326 430 690 504 Carthusiam
716 444 1092 503 redeuntibus
1111 447 1184 503 ad
1198 447 1368 514 hanc,
1392 445 1943 518 aquibus,Brunone
1962 448 2018 508 Α
2047 447 2341 501 functusce
2366 447 2455 499 rto
2493 461 2612 500 non
2653 445 2758 512 est,
2808 447 2970 500 tanto
3004 447 3281 518 temporis
3320 447 3501 519 spatio
3528 453 3658 521 post

325 537 398 590 ad
422 538 721 591 Urbanum
750 538 1020 605 abeunte,
1067 539 1257 591 fuerat
1283 537 1503 602 relicta,
1555 534 1944 591 Carthusianis

324 626 542 692 reddit,
564 629 785 680 certum
807 626 1049 680 omnino
1065 629 1152 679 est
1173 631 1344 696 atque
1367 624 1785 689 indubitatum,
1811 639 1942 676 cum

327 736 353 762 η
379 731 538 769 anno
559 716 629 769 ab
658 715 1058 769 lncarnatione
1082 714 1314 769 Domini
1340 716 1496 779 1190,
1529 729 1596 766 xv
1629 713 1752 766 Kal.
1773 713 1940 766 Octo-

321 803 486 857 bris»
523 803 658 857 data
675 808 925 871 notetur,
956 803 1209 873 annique
1240 801 1485 873 amplius
1514 802 1782 855 undecim
1808 817 1943 854 ase-

322 890 523 962 ptima
548 892 774 945 decima
813 891 951 946 anni
976 890 1112 946 1090
1139 890 1498 962 Septembris
1535 891 1626 944 die
1659 906 1835 960 usque
1867 888 1940 942 ad

320 981 547 1034 sextam
580 980 718 1033 anni
767 979 894 1034 1101
951 979 1212 1034 Octobris
1260 979 1436 1046 diem,
1483 979 1691 1033 Sancto
1743 980 1938 1032 nostro

321 1057 736 1136 emortualem,
758 1068 1322 1139 excurrerint.Atque
1352 1067 1432 1121 ita
1456 1067 1690 1138 quidem
1712 1067 1842 1137 jam
1873 1065 1940 1119 li-

320 1158 486 1228 quet,
517 1173 737 1210 annum
781 1157 1034 1211 Brunoni
1086 1157 1470 1211 emortualem
1517 1155 1754 1209 deﬁnito
1783 1170 1937 1208 anno

320 1248 458 1316 post
483 1245 606 1314 ejus
633 1261 664 1299 e
687 1245 983 1300 Carthusia
1013 1262 1309 1316 egressum
1344 1244 1652 1298 undecimo
1685 1244 1756 1298 ab
1788 1242 1938 1297 anti-

323 1332 528 1403 quiore
563 1332 756 1386 Sancti
791 1333 970 1388 nostri
1003 1333 1322 1403 biographo
1363 1349 1671 1404 perperam
1701 1330 1934 1385 innecti.

321 1421 450 1474 [mo
482 1437 617 1475 vero
648 1421 707 1475 id
733 1421 967 1487 faciens,
1001 1438 1134 1475 cum
1175 1421 1364 1486 simul,
1389 1420 1582 1474 Sancti
1612 1419 1937 1491 discipulos,

323 1509 468 1563 dum
498 1509 591 1562 hic
623 1509 868 1563 Romam
902 1509 974 1563 ad
1000 1510 1298 1564 Urbanum
1323 1511 1367 1562 II
1395 1525 1605 1580 papam
1638 1508 1878 1573 abierat,
1908 1524 1938 1560 e

323 1595 630 1650 Carthusia
658 1595 717 1649 in
746 1596 862 1649 ﬁne
893 1596 1034 1650 sexti
1064 1613 1096 1650 a
1127 1613 1228 1650 suo
1263 1596 1320 1649 in
1337 1597 1487 1649 hanc
1516 1595 1779 1666 ingressu
1801 1593 1937 1647 anni

320 1683 647 1750 recessisse,
684 1701 846 1737 num.
879 1686 944 1738 23
986 1684 1159 1750 dicat,
1193 1684 1440 1756 ipsemet
1471 1700 1664 1737 secum
1695 1685 1935 1754 pugnat,

2044 534 2418 589 undecimum
2455 535 2526 587 ab
2555 533 2898 604 egressuillo
2918 550 3137 588 annum
3161 535 3427 590 collocari
3459 541 3650 608 queat,

2041 627 2104 678 ut
2137 625 2181 678 is
2223 624 2282 677 in
2333 640 2552 677 annum
2594 639 2771 694 usque
2817 623 2888 676 ab
2930 623 3025 677 illo
3063 621 3254 677 Sancti
3286 641 3316 678 e
3357 624 3654 681 Carthusia

2043 729 2275 784 egressu
2318 711 2552 766 tertium
2599 711 2911 778 decimum,
2942 714 3112 782 prout
3152 711 3430 766 Ruinartii
3479 714 3653 785 exigit

2043 801 2260 872 opinio,
2294 799 2472 870 possit
2499 800 2733 867 differri,
2764 802 2921 854 nulla
2953 801 3190 855 omnino
3216 802 3440 856 ratione
3464 802 3575 857 alia
3593 803 3653 857 id

2039 889 2338 944 suadente.
2383 889 2476 942 Ait
2521 888 2754 960 quidem
2802 889 3152 955 Ruinartius,
3208 889 3539 944 Brunonem
3580 906 3648 946 eo

2039 972 2235 1033 animo
2267 979 2338 1032 ab
2373 977 2600 1032 Urbano
2634 979 2972 1032 accersitum
2997 979 3187 1044 fuisse,
3207 979 3338 1032 utin
3357 980 3530 1033 rebus
3544 979 3650 1035 dif-

2039 1066 2324 1133 ficillimis,
2341 1066 2674 1137 frequenter
2685 1071 2821 1120 tunc
2839 1067 3648 1140 emergentibus,consiliarius

2040 1157 2431 1220 adhiberetur,
2466 1155 2638 1226 idque
2697 1156 2941 1227 proinde
2988 1159 3110 1209 tam
3156 1159 3383 1210 mature
3427 1157 3644 1213 factum

2037 1248 2230 1314 fuisse,
2264 1250 2324 1299 ut
2356 1262 2473 1299 non
2509 1245 2618 1298 nisi
2647 1245 2817 1299 tertio
2851 1245 3075 1299 decimo
3107 1262 3260 1299 anno
3293 1249 3423 1316 post
3455 1248 3644 1302 Bruno

2039 1355 2070 1393 e
2100 1337 2234 1390 vivis
2259 1334 2483 1389 abierit.
2518 1334 2727 1387 Verum
2759 1351 2875 1388 non
2903 1334 3088 1401 video,
3120 1334 3215 1404 qui
3251 1335 3516 1389 accidiste
3542 1353 3644 1391 ne-

2039 1426 2232 1497 queat,
2269 1423 2624 1487 utUrbanus,
2657 1421 2877 1476 etiamsi
2913 1423 3262 1488 Brunonem,
3301 1423 3645 1493 magistrum

2040 1514 2178 1568 olim
2225 1529 2413 1576 suum,
2459 1515 2516 1565 et
2551 1512 2804 1564 maximo
2848 1511 2905 1564 in
2959 1510 3142 1580 pretio
3193 1511 3433 1566 haberet
3481 1515 3537 1567 et
3570 1511 3645 1568 ad

2039 1601 2275 1656 consilia
2303 1599 2577 1654 adhibere
2601 1600 2840 1653 omnino
2874 1600 3061 1664 vellet,
3094 1599 3165 1652 ab
3182 1616 3250 1653 eo
3277 1602 3473 1654 tamen
3488 1600 3561 1653 ad
3583 1617 3644 1656 se

2038 1689 2328 1744 evocando
2361 1690 2436 1744 ad
2457 1704 2676 1742 annum
2700 1703 2878 1759 usque
2902 1689 3038 1742 1090
3059 1704 3157 1740 seu
3175 1687 3394 1741 duobus
3420 1686 3646 1742 circiter

322 1775 386 1825 ut
422 1771 817 1826 consideranti
844 1772 1084 1841 patebit.
1113 1772 1324 1825 Verum
1351 1788 1502 1825 anne
1534 1770 1709 1825 etiam
1732 1785 1935 1840 perpe-
1961 1770 2012 1829 B
2036 1778 2219 1844 annis,
2237 1780 2541 1847 postquam
2560 1777 2685 1846 jam
2707 1792 2966 1830 summus
2985 1778 3209 1830 creatus
3233 1775 3431 1829 fuisset
3458 1775 3646 1845 ponti.

317 1876 453 1913 ram
480 1876 598 1914 non
625 1860 763 1914 citat
789 1860 966 1914 libros
991 1859 1480 1915 Consuetudinum
1500 1859 1702 1914 domni
1734 1859 1938 1928 Guigo-

316 1948 432 2014 nis,
469 1951 568 2002 aut
597 1965 670 2002 an
690 1949 900 2002 horum
932 1950 1245 2019 exemplar,
1274 1947 1430 2020 quod
1463 1949 1538 2002 ad
1566 1963 1808 2002 manum
1839 1947 1938 2000 ha-

316 2036 469 2103 buit,
493 2037 552 2090 in
584 2037 735 2091 notis
770 2037 1073 2105 chronicis,
1093 2055 1332 2104 annum,
1350 2054 1463 2109 quo
1478 2037 1719 2091 Sanctus
1735 2053 1767 2090 a
1784 2052 1884 2090 suo
1904 2052 1934 2089 e

315 2124 625 2179 Carthasia
639 2141 873 2196 egressu
904 2126 1130 2192 obierit,
1171 2125 1643 2196 exprimentibus,
1677 2140 1795 2178 non
1827 2122 1936 2177 fuit

318 2213 696 2283 corruptum?
714 2213 1058 2284 Corruptum
1083 2231 1220 2268 sane
1244 2214 1682 2281 fuisse,omnino
1702 2227 1932 2266 necesse

319 2305 430 2356 est.
463 2302 841 2357 Etenimlibri
875 2289 1388 2370 Consuetudinum,
1415 2321 1557 2374 quos
1589 2301 1805 2364 laudat,
1834 2299 1930 2354 alii

321 2390 568 2445 indubia
583 2407 700 2445 non
713 2391 1156 2462 sunt,quamGui
1165 2392 1334 2462 gonis
1348 2391 1617 2463 (adi,quaa
1632 2393 1659 2458 §
1677 2394 1696 2443 1
1718 2407 1752 2443 a
1764 2405 1926 2442 num.

319 2481 354 2535 4
385 2495 570 2550 usque
584 2479 656 2532 ad
674 2496 835 2533 num.
860 2485 888 2533 ’ἲ
910 2479 1060 2534 dicta
1083 2480 1236 2552 sunt)
1267 2480 1492 2534 Statuta
1509 2497 1609 2534 seu
1623 2480 1927 2533 consuetu-

315 2567 507 2633 dines,
533 2571 785 2638 quatuor
796 2567 1120 2638 primorum
1135 2567 1448 2622 Carthusiae
1477 2568 1734 2640 priorum
1759 2565 1931 2620 Chro-

309 2653 514 2721 nicon,
530 2671 629 2708 seu
651 2655 860 2710 borum
885 2660 1131 2726 quatuor
1147 2657 1332 2727 elogia
1349 2657 1454 2710 sibi
1476 2657 1756 2710 habentes
1783 2670 1927 2724 prae-

310 2742 454 2809 fixa,
486 2742 547 2796 in
574 2743 800 2814 quibus,
826 2739 944 2798 non
996 2748 1194 2799 autem
1237 2744 1296 2798 in
1330 2745 1464 2816 ipsis
1491 2742 1928 2798 Consuetudini-

308 2831 444 2896 bus,
495 2834 662 2885 notas
708 2832 1006 2890 chronicas
1062 2833 1302 2900 invenit,
1361 2834 1586 2905 quibus,
1628 2849 1740 2910 quo
1775 2848 1928 2886 anno

307 2919 562 2975 Sanctus
586 2925 717 2992 post
749 2939 918 2977 suum
951 2940 982 2977 e
1021 2923 1323 2978 Carthusia
1355 2940 1651 2996 egressum
1699 2922 1926 2989 obierit,

305 3009 558 3077 definit;
611 3011 1074 3082 antiquissimum
1120 3017 1314 3068 autem
1355 3030 1420 3068 ac
1463 3013 1780 3084 genuinum
1814 3011 1925 3082 (adi

303 3097 527 3151 iterum
563 3100 660 3170 §1)
686 3099 1010 3171 primorum
1052 3106 1300 3172 quatuor
1327 3102 1637 3156 Carthusize
1668 3100 1928 3172 priorum

308 3183 586 3239 Chronici
616 3188 929 3258 exemplar,
959 3186 1233 3242 Sanctum
1259 3193 1518 3244 nostrum
1545 3193 1715 3260 «post
1741 3205 1929 3259 egres-

305 3288 440 3325 sum
457 3272 826 3341 Carthusiaa,»
858 3291 994 3342 non,
1015 3280 1078 3331 ut
1114 3277 1406 3348 antiquior
1434 3278 1556 3348 ejus
1574 3277 1928 3349 biographus

305 3375 337 3413 e
368 3360 537 3414 libris
565 3363 1047 3418 consuetudinum
1090 3365 1365 3436 Guigonis
1400 3382 1520 3419 sese
1549 3365 1737 3420 facere
1770 3365 1925 3418 afﬁr-

304 3452 496 3516 mat,«
513 3451 818 3506 undecimo
837 3469 990 3507 anno
1010 3470 1114 3508 nec
1129 3455 1391 3524 plus,nec
1413 3455 1658 3520 minus,»
1677 3455 1777 3509 sed
1795 3473 1928 3509 (un-

301 3536 539 3592 decimo
565 3540 689 3609 plus
724 3540 915 3594 minus
932 3558 1085 3597 anno
1108 3561 1139 3593 »
1166 3542 1371 3610 abisse,
1391 3544 1688 3598 memoria
1711 3543 1922 3616 prodit.

373 3628 505 3680 520.
535 3628 662 3681 Jam
688 3645 822 3682 vero
848 3629 1117 3683 cumhzec
1143 3629 1224 3684 ita
1257 3631 1528 3698 habeant,
1565 3648 1631 3686 ex
1667 3649 1735 3687 eo
1764 3648 1922 3698 sane,

302 3714 466 3788 quod
478 3715 771 3787 antiquior
791 3719 987 3771 noster
1011 3717 1386 3790 biographus,
1403 3721 1732 3775 Brunonem
1765 3737 1798 3775 a
1823 3737 1922 3775 suo

301 3820 331 3858 e
362 3803 674 3859 Carthusia
703 3821 935 3877 egressu
959 3829 986 3858 ‹‹
1011 3807 1321 3862 undecimo
1351 3825 1506 3864 anno
1526 3826 1629 3863 nec
1647 3811 1790 3882 plus,
1818 3826 1924 3864 nec

300 3893 502 3947 minus
530 3893 757 3962 abiisse;
777 3916 804 3943 »
820 3896 1048 3962 scribat,
1073 3897 1370 3967 arguinon
1397 3901 1608 3968 potest,
1629 3915 1662 3952 a
1686 3898 1922 3952 veritate

296 3998 424 4038 esse
471 3981 701 4036 deviam
742 3984 1024 4037 Ruinartii
1063 3984 1429 4055 opinionem,
1473 4002 1599 4057 quae
1641 4002 1707 4039 ex
1758 3985 1920 4039 dictis

298 4069 501 4126 Sancti
537 4087 568 4123 e
595 4070 894 4125 Carthusia
937 4088 1233 4143 egressum
1267 4091 1366 4128 seu
1398 4089 1686 4128 accessum
1714 4075 1786 4128 ad
1819 4075 1920 4128 Ur-

298 4159 528 4214 banum
544 4161 593 4214 ll
617 4176 829 4231 papam
847 4177 1002 4215 anno
1027 4161 1342 4228 1089,ultra
1357 4162 1762 4235 Septembrem
1781 4178 1925 4216 non-

298 4249 442 4304 dum
465 4253 761 4320 provecto,
795 4250 1345 4321 consignat.Verum
1366 4269 1561 4307 nonne
1581 4253 1771 4307 eidem
1803 4253 1922 4323 opi-

2035 1866 2146 1930 fex,
2172 1865 2461 1918 abstinere
2490 1863 2752 1918 voluerit.

2108 1957 2230 2009 521.
2256 1953 2367 2007 Nec
2386 1953 2443 2007 id
2463 1954 2587 2024 jam
2601 1952 2735 2007 inde
2750 1952 2819 2007 ab
2851 1968 3004 2007 anno
3031 1953 3166 2007 1089
3190 1952 3430 2019 factum,
3460 1953 3640 2008 etiam

2034 2043 2236 2096 suadet
2263 2045 2402 2096 nota
2417 2039 2630 2107 Sancti,
2655 2058 2831 2113 quam
2852 2040 3180 2096 Ruinartius
3197 2040 3372 2095 etiam
3389 2041 3446 2095 in
3468 2057 3639 2112 argu-

2035 2134 2299 2186 mentum
2337 2129 2586 2196 adducit,
2632 2130 2702 2183 ab
2756 2146 2824 2184 eo
2862 2132 3127 2199 tempore
3169 2129 3321 2198 apud
3371 2128 3640 2185 Calabros

2033 2219 2327 2286 sanctitas;
2371 2221 2760 2289 praeterquam
2804 2217 2960 2271 enim
3008 2218 3162 2288 quod
3197 2217 3304 2271 hac
3338 2217 3468 2288 jam
3511 2221 3640 2272 tum

2031 2308 2182 2379 apud
2237 2307 2516 2380 populum
2564 2307 2728 2360 illum
2769 2306 3098 2360 inclaruisse
3129 2308 3482 2372 Brunonem,
3511 2306 3643 2361 Rui-

2031 2397 2250 2452 nartius
2283 2413 2400 2450 non
2433 2395 2660 2466 probet,
2695 2393 2881 2465 potuit
2903 2393 3080 2448 etiam
3111 2394 3426 2448 sanctitatis
3456 2394 3635 2462 fama,

2030 2502 2204 2559 quam
2232 2485 2277 2539 is
2298 2485 2430 2550 vita,
2460 2485 2521 2539 in
2565 2482 2881 2538 Curthusiae
2913 2482 3220 2537 solitudine
3252 2483 3637 2538 austerissime

2030 2577 2175 2641 acta,
2233 2573 2700 2643 divitiarumque,
2761 2571 3108 2641 dignitatum
3139 2587 3203 2626 ac
3240 2570 3444 2625 mundi
3490 2587 3629 2626 con-

2029 2667 2254 2734 temptu
2275 2679 2380 2735 per
2391 2665 2574 2716 totam
2595 2662 2707 2714 late
2721 2659 2959 2714 Galliam
2986 2659 3090 2713 sibi
3123 2659 3526 2731 pepererat,ad
3538 2659 3640 2715 Ca-

2029 2754 2218 2807 labros
2251 2752 2426 2807 etiam
2442 2751 2569 2822 jam
2585 2753 2710 2804 tum
2741 2749 2911 2803 fuisse
2931 2749 3171 2818 perlata.
3189 2749 3374 2820 Atque
3397 2748 3531 2802 hinc
3548 2749 3636 2818 fit,

2029 2845 2092 2894 ut
2122 2858 2306 2912 neque
2347 2857 2414 2893 ex
2452 2839 2600 2905 loco,
2642 2854 2816 2908 quem
2856 2853 2922 2890 ex
2962 2836 3218 2891 dicendis
3240 2837 3366 2908 jam
3399 2836 3533 2891 inde
3563 2838 3636 2893 ab

2031 2945 2182 2984 anno
2216 2931 2351 2983 1090
2379 2930 2478 2981 aut
2508 2929 2662 2980 certe
2686 2923 2977 2995 sequentis
3005 2924 3167 2979 initio
3198 2925 3271 2978 ad
3302 2923 3634 2980 inhabitan-

2029 3020 2168 3074 dum
2211 3017 2269 3071 in
2319 3015 2578 3070 Calabria
2608 3013 2849 3067 Sanctus
2884 3012 3150 3078 obtinuit,
3201 3030 3387 3084 neque
3419 3029 3486 3066 ex
3513 3013 3636 3084 ipsa

2028 3108 2204 3162 etiam
2228 3104 2368 3175 ejus;
2410 3120 2538 3175 quae
2573 3102 2781 3157 eodem
2819 3105 3082 3170 tempore
3115 3100 3340 3166 accidit,
3381 3101 3454 3154 ad
3483 3102 3634 3156 Rhe-

2027 3196 2285 3268 giensem
2302 3192 2853 3265 archiepiscopatum
2875 3191 3154 3245 electione
3170 3207 3274 3262 pro
3293 3189 3637 3270 stabilienda

2027 3283 2307 3340 Ruinartii
2354 3282 2626 3355 opinione
2670 3283 2758 3335 sat
2805 3279 2983 3334 solide
3030 3279 3192 3351 argui
3235 3295 3400 3350 posse
3442 3278 3632 3334 existi-

2028 3391 2184 3429 men.
2225 3373 2312 3427 Ad
2338 3372 2466 3426 Haec
2497 3370 2600 3425 etsi
2633 3387 2700 3424 ex
2731 3386 2820 3436 eo,
2860 3369 3014 3440 quod
3052 3384 3206 3422 anno
3243 3369 3379 3422 1090
3418 3385 3453 3422 a
3482 3367 3634 3423 Rhe-

2028 3462 2317 3534 giensibus
2377 3462 2588 3515 electus
2639 3457 2815 3513 fuerit
2861 3455 3339 3528 archiepiscopus,
3401 3455 3634 3526 speciali

2027 3551 2281 3623 quodam
2323 3549 2500 3604 modo
2540 3547 2694 3601 hisce
2733 3551 2901 3601 notus
2942 3543 3236 3611 exstitisse,
3277 3560 3342 3598 ac
3373 3544 3541 3616 proin
3570 3546 3632 3600 in

2025 3637 2329 3710 Rhegiensi
2346 3636 2594 3703 civitate,
2619 3652 2747 3706 qure
2764 3634 2822 3688 in
2842 3636 3099 3688 extremo
3120 3632 3395 3688 Calabria-3
3416 3635 3631 3704 angulo

2025 3728 2132 3782 sita
2161 3731 2264 3794 est,
2297 3727 2421 3797 jam
2452 3723 2586 3778 inde
2619 3725 2692 3777 ab
2725 3738 2902 3788 anno,
2937 3737 3050 3792 quo
3085 3737 3214 3775 eam
3239 3738 3305 3775 ex
3336 3719 3498 3775 dictis
3525 3723 3630 3777 Ur-

2024 3817 2206 3870 banus
2241 3815 2287 3868 ΙΙ
2337 3828 2488 3885 papa
2520 3810 2730 3872 invisit,
2789 3811 2922 3864 1089
2976 3812 3229 3863 versatus
3269 3808 3460 3877 fuisse,
3511 3827 3631 3865 non

2023 3902 2242 3958 nemini
2275 3904 2447 3974 queat
2472 3899 2672 3964 videri,
2707 3897 2831 3952 fieri
2864 3900 3062 3951 tamen
3091 3898 3300 3968 potest,
3333 3898 3396 3949 ut
3424 3914 3458 3951 a
3479 3898 3630 3954 Rhe-

2022 3991 2333 4065 giensibus,
2356 3989 2460 4045 etsi
2494 3988 2560 4043 iis
2587 3988 2677 4041 vix
2708 4003 2825 4042 non
2871 3985 3108 4040 omnino
3142 3988 3288 4038 esset
3325 3983 3534 4055 igotus,
3566 3986 3627 4041 in

2023 4079 2532 4150 archiepiscopum,
2563 4077 2738 4148 quod,
2764 4077 2828 4129 ut
2858 4073 3183 4147 primorum
3214 4076 3462 4144 quatuor
3493 4073 3630 4128 Car-
3671 4111 3700 4134 .

2022 4170 2222 4223 thusize
2238 4168 2500 4222 Priorum
2518 4165 2903 4235 chronologus
2916 4165 3179 4229 testatur,
3199 4177 3380 4232 «papa
3396 4162 3627 4218 Urbano

2021 4259 2306 4323 volente,»
2324 4256 2599 4321 factum,e
2613 4252 2915 4323 solahujus
2927 4249 3434 4306 commendatione
3455 4250 3630 4306 fuerit

297 4338 462 4393 nioni
498 4338 681 4392 officit
711 4341 958 4411 quatuor
982 4339 1307 4411 primorum
1328 4341 1638 4397 Carthusize
1661 4343 1919 4413 priorum
1941 4335 1995 4394 D
2020 4347 2250 4401 electus.
2276 4347 2348 4398 At
2368 4361 2524 4411 vero,
2548 4342 2646 4409 ait,
2689 4341 2786 4414 qui
2816 4340 3033 4412 pariter
3062 4339 3256 4394 Sancti
3279 4356 3309 4393 e
3331 4338 3629 4395 Carthusia

298 4426 657 4494 Chronicon,
691 4428 749 4482 in
781 4445 893 4501 quo
927 4429 1165 4484 Sanctus
1202 4429 1276 4484 ad
1297 4431 1610 4485 Dominum
1641 4430 1917 4502 migrasse

293 4519 427 4586 post
438 4532 613 4570 suum
637 4533 668 4570 e
683 4515 981 4571 Carthusia
995 4533 1290 4589 egressum
1309 4517 1648 4572 «undecimo
1662 4518 1786 4588 plus
1804 4518 1912 4572 mi-

295 4621 402 4658 nus
430 4619 590 4657 anno
617 4625 645 4652 ››
661 4603 951 4657 traditur?
988 4603 1128 4658 Cum
1172 4604 1280 4658 hac
1333 4604 1606 4676 loquendi
1663 4605 1916 4662 formula

291 4691 616 4763 signiﬁcari
671 4693 950 4760 videatur,
1009 4692 1286 4747 Sanctum
1329 4710 1449 4748 non
1506 4693 1741 4748 deﬁnito
1785 4697 1916 4766 post

293 4799 467 4837 suum
492 4799 525 4836 e
559 4781 858 4836 Carthusia
909 4798 1202 4853 egressum
1254 4799 1408 4837 anno
1450 4782 1778 4849 undecimo,
1813 4785 1915 4839 sed

286 4873 374 4926 vel
409 4870 726 4926 undecimo
759 4874 889 4944 post
933 4887 1229 4943 egressum
1263 4872 1426 4927 illum
1461 4887 1638 4940 anno,
1693 4873 1782 4926 vel
1810 4873 1912 4927 ali-

289 4964 516 5032 quanto
567 4961 847 5032 temporis
902 4961 1084 5033 spatio
1133 4980 1232 5016 seu
1270 4967 1403 5018 ante
1440 4979 1539 5017 seu
1584 4964 1714 5036 post
1759 4963 1912 5017 hunc

289 5050 525 5117 abiisse,
557 5049 772 5122 itaque,
809 5054 868 5104 ut
885 5066 1001 5105 non
1032 5050 1413 5106 neminiforte
1441 5055 1736 5122 appareat,
1762 5054 1910 5106 tem-

287 5139 445 5209 poris
472 5137 910 5210 spatium,quod
929 5155 1036 5193 nec
1067 5141 1248 5195 multo
1283 5140 1556 5207 anterius,
1591 5158 1697 5195 nec
1728 5142 1910 5196 multo

287 5228 468 5283 etiam
507 5243 663 5282 anno
695 5227 792 5282 illo
824 5227 895 5282 sit
938 5229 1243 5300 posterius,
1290 5229 1644 5301 designetur,
1695 5231 1909 5298 nescio,

287 5333 358 5371 an
387 5321 606 5383 stante,
630 5333 804 5388 quam
819 5317 1142 5390 primorum
1160 5321 1407 5390 quatuor
1430 5319 1739 5374 Carthusize
1755 5319 1911 5389 prio—

288 5421 423 5460 rum
456 5407 850 5477 chronologus
871 5407 1128 5474 adhibet,
1157 5408 1430 5478 loquendi
1443 5409 1694 5462 formula
1709 5411 1915 5478 praadi-

287 5497 397 5563 cta,
431 5494 626 5550 obitus
651 5493 843 5550 Sancti
857 5496 1055 5564 nostri,
1080 5496 1178 5569 qui
1200 5513 1265 5550 ex
1277 5496 1406 5566 jam
1425 5495 1588 5551 dictis
1600 5497 1735 5550 ante
1763 5496 1907 5556 du—o-

295 5582 595 5641 decimum
638 5600 674 5642 a
719 5600 822 5645 suo
856 5602 889 5644 e
937 5583 1244 5644 Carthusia
1281 5599 1511 5655 egressu
1554 5599 1778 5642 annum
1799 5588 1917 5653 vita

2019 4451 2313 4508 egressum
2343 4438 2513 4506 atque
2545 4433 2619 4487 ad
2649 4432 2947 4486 Urbanum
2981 4445 3270 4484 accessum
3296 4445 3451 4483 anno
3489 4430 3626 4484 1089

2014 4523 2279 4590 innectit,
2297 4523 2356 4576 in
2373 4518 3189 4591 Chronologica—diplomatica
3208 4534 3310 4572 sua
3326 4518 3396 4572 de
3411 4516 3467 4572 S.
3485 4518 3624 4572 Bru-

2016 4629 2169 4667 none
2191 4611 2442 4668 Diatriba
2470 4607 2842 4674 Morkensius,
2865 4607 3020 4662 inter
3050 4606 3242 4661 Sancti
3266 4624 3298 4662 e
3329 4606 3628 4663 Carthusia
3696 4645 3710 4661 .

2017 4700 2347 4767 discessum,
2389 4702 2446 4753 et
2474 4697 2885 4769 discipulorum
2917 4695 3057 4766 ejus,
3109 4695 3207 4767 qui
3257 4695 3652 4756 delectissimi,

2015 4789 2200 4846 Patris
2225 4786 2546 4844 absentiam
2577 4785 2729 4840 ferre
2759 4801 2879 4839 non
2901 4784 3177 4847 valentes,
3199 4783 3257 4838 in
3279 4784 3502 4838 Italiam
3525 4801 3624 4855 pa-

2013 4878 2246 4946 riter,eo
2265 4873 2898 4943 abeunte,Carthusiam
2914 4872 3618 4945 relinquentes,abierant,

2013 4968 2250 5034 factum,
2272 4965 2509 5020 tandem
2529 4964 2603 5019 ad
2624 4965 2775 5018 hanc
2789 4963 3042 5018 reditum
3070 4961 3206 5016 anni
3232 4965 3293 5016 ut
3306 4961 3619 5018 minimum

2013 5057 2179 5111 unius
2209 5055 2456 5127 spatium
2479 5051 2883 5120 intercessisse,
2908 5067 2999 5106 res
3023 5053 3288 5119 tempore
3309 5053 3622 5120 utrumque

2013 5148 2164 5201 inter
2191 5147 2460 5199 eventum
2509 5141 2701 5197 medio
2761 5144 2936 5212 gestae
2977 5137 3300 5209 requirunt,
3334 5154 3397 5192 ac
3427 5137 3624 5209 proin,

2014 5252 2143 5290 cum
2175 5234 2249 5288 ad
2281 5231 2639 5287 Carthusiam
2660 5246 2725 5282 ex
2746 5228 2874 5297 jam
2907 5226 3149 5280 dictisac
3168 5241 3341 5296 porro
3368 5226 3626 5283 dicendis

2015 5324 2071 5379 S.
2104 5321 2386 5377 Brunonis
2407 5317 2665 5391 discipuli
2690 5320 2826 5370 ante
2847 5315 3151 5370 Octobrem
3175 5315 3312 5368 anni
3349 5317 3484 5368 1090
3509 5315 3631 5372 sint

2013 5411 2246 5477 reversi,
2273 5407 2473 5463 abiisse
2489 5408 2639 5461 hunc
2663 5419 2728 5456 ex
2746 5401 2845 5456 illa
2870 5417 3022 5456 anno
3045 5403 3203 5468 1089,
3226 5401 3299 5456 ad
3317 5399 3629 5458 Octobrem

2016 5500 2280 5554 nondum
2317 5499 2610 5568 provecto,
2645 5505 2881 5570 necesse
2906 5492 3012 5546 est.
3042 5490 3126 5545 Ita
3170 5489 3291 5546 fere
3343 5491 3632 5562 quantum

2015 5587 2088 5653 ad
2109 5584 2491 5647 substantiam
2517 5583 2633 5641 ille.
