4026 6042
412 288 516 342 319

1233 280 1291 338 S.
1350 279 1697 338 BRUNONIS
1755 275 2391 337 CARTRUSIANORUM
2428 276 2895 334 INSTITUTORIS

3621 279 3728 343 3.20

402 427 406 431 θ
487 404 613 457 522.
646 400 857 455 Verum
880 416 997 455 non
1029 399 1214 467 video,
1248 398 1405 453 inter
1436 396 1627 453 Sancti
1657 414 1689 451 e
1721 392 2020 451 Carthusia
2041 408 2095 466 Α
2121 409 2283 447 mum
2312 393 2822 449 asuoeCarthusia
2838 408 3071 465 egressu
3089 407 3312 447 annum
3334 395 3526 448 essent
3545 394 3731 466 elapsi

414 488 1023 560 discessum,illiusque
1047 487 1458 560 discipulorum
1488 487 1562 540 ad
1589 486 1738 539 hanc
1766 484 2017 537 reditum

409 593 504 631 res
530 580 614 631 tot
638 580 943 647 tantasque
977 577 1253 642 evenisse,
1282 580 1345 630 ut
1378 592 1458 629 ea:
1494 576 1666 645 longe
1699 573 1875 626 etiam
1908 570 2015 624 mi-

410 666 561 731 nori,
593 682 768 736 quam
791 666 927 719 anni
955 666 1141 731 unius,
1159 664 1343 736 spatio
1363 664 1482 734 geri
1502 660 1848 733 nequierint.
1870 659 2017 723 Quid

411 755 569 809 enim
589 754 617 808 ’ἐ
647 756 856 819 Bruno,
887 754 1089 808 relicta
1118 752 1643 822 commendataque
1670 767 1768 803 seu
1804 749 2017 802 donata

411 842 670 913 Siguino,
709 842 985 897 Cassa-Dei
1007 842 1223 907 abbati,
1259 840 1575 906 Carthusia,
1608 839 1667 893 in
1693 836 1915 891 Italiam
1943 834 2016 889 ad

413 948 707 987 summum
737 931 1071 1003 pontificem
1110 931 1406 986 Urbanum
1434 931 1498 996 ΙΙ,
1545 945 1578 982 a
1603 943 1716 999 quo
1751 927 2017 980 evocatus

408 1018 619 1087 fuerat,
640 1035 760 1074 sese
791 1019 1051 1086 contulit,
1086 1018 1409 1089 discipulos,
1433 1016 1529 1089 qui
1563 1016 1897 1079 abeuntem,
1924 1026 2015 1064 re-

409 1107 547 1162 licta
567 1107 783 1178 pariter
820 1107 1138 1175 Carthusia,
1188 1107 1247 1160 in
1280 1107 1503 1161 Italiam
1547 1104 1778 1158 fuerant
1816 1100 2014 1167 secuti,

412 1195 664 1267 benigne
691 1195 764 1250 ad
793 1212 852 1249 se
897 1195 1191 1250 venientes
1245 1194 1486 1266 excepit,
1533 1192 1789 1247 reditum
1834 1189 1899 1243 iis
1946 1187 2018 1243 ad

415 1283 774 1338 Carthusiam
795 1284 987 1350 suasit,
1028 1287 1203 1355 utque
1236 1285 1428 1354 reipsa
1459 1282 1532 1336 ad
1561 1281 1830 1334 dilectam
1869 1278 2019 1331 hanc

415 1375 612 1428 sancto
640 1372 793 1427 Patri
821 1389 922 1427 suo
950 1389 1217 1427 eremum
1250 1370 1562 1426 Pontiﬁciis
1592 1370 1665 1423 ad
1692 1367 2016 1438 Signinum,

416 1460 699 1516 Casus-Dei
729 1461 1021 1527 abbatem,
1042 1461 1246 1531 quibus
1275 1460 1426 1527 huic,
1457 1463 1519 1513 ut
1547 1457 1907 1512 Carthusiam
1937 1469 2024 1507 re-

417 1549 678 1603 stitueret
721 1549 1140 1603 revertentibus
1174 1549 1247 1602 ad
1277 1549 1426 1602 hanc
1458 1547 1515 1601 S.
1550 1544 1832 1600 Brunonis
1863 1539 2024 1595 disci-

413 1636 582 1709 pulis,
615 1636 874 1690 Urbanus
904 1653 1054 1708 papa
1082 1637 1425 1708 imperabat,
1458 1633 1662 1689 litteris
1691 1630 1899 1686 muniti
1930 1645 2025 1683 re-

2121 482 2273 535 diem
2288 484 2609 536 extremum
2631 483 2914 549 clauserit,
2936 498 3040 535 nec
3063 498 3175 552 quo
3200 482 3391 537 minus
3409 482 3733 553 ejusobitus

2119 574 2277 625 tanto
2310 572 2587 643 temporis
2608 576 2737 644 post
2751 572 3119 627 undecimum
3133 572 3293 625 illum
3311 589 3530 626 annum
3546 573 3730 644 spatio

2118 658 2287 712 statui
2319 662 2511 730 quoat,
2546 660 2828 731 impedire
2862 661 3119 716 videatur
3150 661 3425 732 loquendi
3455 660 3728 730 formula,

2118 765 2233 819 qua
2249 772 2275 797 ‹‹
2294 753 2421 820 post
2438 749 2748 802 Carthusiae
2764 766 3059 819 egressum
3080 749 3385 803 undecimo
3402 750 3527 822 plus
3542 750 3732 806 minus

2116 853 2269 892 anno
2288 861 2313 885 ››
2329 837 2553 901 obiisse,
2584 855 2616 891 a
2636 837 2962 910 primorum
2987 840 3232 909 quatuor
3250 838 3563 893 Carthusize
3582 838 3735 911 prio-

2115 942 2245 979 rum
2269 926 2623 996 chronologo
2647 927 2950 995 asseritur;
2984 930 3105 981 tum
3145 927 3300 998 quod
3331 927 3508 982 etiam
3546 927 3605 982 in
3634 943 3730 982 ea-

2110 1012 2253 1069 dem
2284 1013 2555 1085 opinione
2586 1014 2737 1067 facili
2761 1014 3020 1086 negotio,
3053 1015 3169 1087 qui,
3200 1032 3327 1086 quae
3355 1015 3507 1071 inter
3538 1013 3733 1070 Sancti

2118 1119 2149 1155 e
2193 1102 2491 1156 Carthusia
2525 1102 2826 1169 dicessum,
2881 1102 3149 1174 illiusque
3191 1103 3605 1174 discipulorum
3658 1104 3728 1161 ad

2116 1190 2266 1245 hanc
2295 1190 2545 1244 reditum
2593 1194 2753 1261 gesta
2787 1191 3115 1258 traduntur,
3164 1190 3355 1264 reipsa
3393 1192 3569 1248 etiam
3608 1192 3734 1265 geri

2115 1278 2369 1351 potuisse
2410 1278 2826 1349 intelligantur,
2873 1280 2953 1333 uti
2998 1297 3064 1334 ex
3109 1279 3195 1348 iis,
3250 1296 3376 1351 qua:
3408 1283 3435 1350 §
3467 1281 3731 1353 sequenti

2120 1367 2586 1438 suppeditaturus
2616 1384 2765 1434 sum,
2797 1367 2982 1439 magis
3008 1369 3309 1423 elucescet.
3342 1370 3430 1422 Ad
3445 1370 3566 1423 haec
3600 1385 3730 1423 cum

2123 1454 2363 1509 Sanctus
2375 1456 2527 1509 haud
2555 1455 2650 1509 diu
2664 1472 2694 1510 e
2711 1456 3009 1511 Carthusia
3031 1461 3345 1528 antequam
3362 1474 3496 1523 eum
3530 1474 3731 1529 seque-

2121 1547 2324 1598 rentur
2353 1543 2631 1614 discipuli,
2668 1544 2872 1598 abiisse
2915 1544 3198 1611 videatur,
3224 1543 3481 1616 opinioni
3510 1544 3621 1610 isti,
3648 1547 3731 1611 ut,

2072 1622 2073 1627 “
2122 1631 2509 1686 consideranti
2543 1632 2783 1702 patebit,
2834 1632 3011 1686 etiam
3054 1631 3400 1703 suffragatur
3444 1632 3739 1703 antiquior

418 1726 631 1794 ditent,
655 1727 828 1781 etiam
858 1727 1067 1782 effecit.
1102 1726 1313 1781 Verum
1344 1725 1545 1797 quidni
1562 1726 1682 1778 haec
1709 1721 1908 1777 omnia
1930 1736 2026 1773 sex
2053 1731 2104 1790 Β
2124 1723 2320 1775 noster
2350 1720 2718 1791 biographus,
2751 1722 2951 1791 utpote
2978 1737 3140 1775 num.
3169 1724 3236 1775 23
3252 1719 3527 1787 scribens,
3555 1738 3585 1775 e
3606 1720 3737 1775 Car-

417 1813 643 1867 circiter
665 1813 941 1869 duntaxat
969 1817 1068 1868 aut
1085 1817 1303 1886 septem
1332 1812 1621 1868 mensium
1653 1809 1836 1882 spatio
1864 1811 2025 1879 gesta

419 1918 540 1957 esse
568 1902 1041 1973 potuerintﬂmo
1072 1918 1205 1957 vero
1229 1902 1367 1974 quid
1386 1902 1443 1956 ni
1461 1901 1639 1956 etiam
1664 1899 1923 1965 Sanctus,
1941 1897 2021 1951 uti

418 2004 550 2043 vere
579 2005 649 2043 ex
679 1989 830 2044 infra
871 1989 1115 2044 dicencis
1154 1990 1394 2056 factum,
1434 2005 1501 2043 eo
1544 1989 1668 2060 ipso
1698 2002 1875 2053 anno,
1909 2000 2022 2057 quo

421 2074 781 2131 Carthusiam
799 2077 1068 2143 deseruit,
1093 2080 1266 2148 atque
1300 2078 1373 2133 ad
1388 2077 1685 2131 Urbanum
1719 2077 1763 2128 ll
1791 2072 2022 2145 pontiﬁ-

419 2180 547 2221 cem
571 2165 747 2232 venit,
774 2165 835 2219 in
851 2165 1198 2232 Calabriam,
1229 2167 1466 2220 obtenta
1496 2166 1567 2220 ab
1592 2166 1701 2219 hoc
1724 2164 1796 2219 ad
1817 2163 2028 2218 eremi-

419 2252 597 2309 ticam
627 2254 804 2309 vitam
836 2254 1117 2308 redeundi
1154 2253 1448 2322 facultate,
1486 2271 1606 2309 sese
1634 2253 1892 2324 recipere
1922 2268 2025 2323 po-

418 2343 596 2397 tuerit
630 2343 657 2397 ?
686 2344 809 2398 Non
836 2343 1021 2415 magis
1042 2344 1256 2415 itaque,
1289 2360 1417 2415 quae
1454 2342 1804 2399 Morkensius
1843 2341 2027 2409 affert,

419 2439 596 2495 quam
626 2440 753 2495 quae
782 2440 954 2495 supra
984 2440 1015 2478 e
1048 2424 1344 2478 Ruinartio
1382 2424 1628 2479 adducta
1651 2427 1803 2490 sunt,
1837 2422 2030 2477 Sancti

419 2511 602 2579 nostri
629 2527 659 2564 e
684 2511 983 2566 Carthusia
1009 2512 1340 2578 discessum,
1360 2516 1530 2583 atque
1545 2512 1616 2567 ad
1648 2512 1943 2565 Urbanum
1958 2511 2025 2579 ll,

418 2615 455 2668 β
482 2616 595 2672 quo
659 2601 961 2655 accersitus
1016 2600 1226 2668 fuerat,
1285 2617 1575 2655 accessum
1622 2603 1756 2654 ante
1806 2615 2025 2653 annum

421 2690 558 2742 1090
597 2692 813 2759 cogunt
859 2691 1130 2749 statuere.
1179 2688 1346 2754 Quod
1388 2706 1519 2744 cum
1549 2689 1628 2743 ita
1662 2689 1752 2755 sit,
1785 2691 1866 2755 ut,
1897 2704 2025 2759 quae

415 2792 550 2835 mea
578 2777 818 2832 tandem
861 2776 933 2830 sit
987 2776 1206 2848 opinio,
1254 2779 1451 2849 aperte
1484 2777 1727 2844 edicam,
1785 2776 2026 2831 Sanctus

416 2868 613 2921 noster
625 2866 840 2938 absque
852 2865 1032 2921 solida
1048 2866 1271 2921 ratione
1283 2866 1456 2921 statui
1476 2883 1595 2921 non
1617 2870 1805 2939 potest
1818 2865 2024 2920 obiisse

412 2954 693 3025 temporis
732 2955 915 3028 spatio
958 2959 1089 3028 post
1116 2973 1283 3011 suum
1329 2974 1359 3011 e
1404 2956 1701 3012 Carthusia
1729 2972 2023 3028 egressum

410 3022 683 3123 longiori,
745 3022 922 3116 quam
958 3022 1080 3116 pati
1135 3045 1395 3100 videatur
1431 3045 1706 3118 loquendi
1749 3022 2019 3112 formula,
2042 3022 2092 3083 θ

412 3132 744 3206 qua,utjam
766 3133 1003 3203 dictum,
1023 3151 1057 3189 a
1070 3134 1393 3207 primorum
1427 3139 1672 3207 quatuor
1712 3134 2021 3189 Carthusiee

412 3220 673 3292 priorum
704 3223 1060 3293 chronologo
1075 3242 1108 3274 «
1129 3226 1257 3293 post
1276 3239 1572 3294 egressum
1591 3222 1901 3277 Carthusia:
1922 3240 2024 3276 un-

412 3307 638 3365 decimo
658 3311 784 3381 plus
800 3311 988 3366 minus
1008 3328 1162 3366 anno
1183 3334 1210 3359 »
1232 3312 1387 3366 diem
1401 3314 1722 3366 extremum
1757 3312 2019 3366 clausisse

408 3397 684 3466 traditur;
720 3416 897 3473 quare
930 3417 1060 3454 cum
1089 3401 1311 3455 nullum
1330 3403 1521 3473 plane,
1557 3402 1713 3473 quod
1744 3400 2018 3455 Sanctum

403 3485 531 3557 jam
556 3487 692 3543 inde
720 3488 792 3543 ab
823 3505 977 3544 anno
1007 3491 1163 3556 1089,
1186 3490 1261 3544 ad
1293 3489 1600 3545 Octobrem
1616 3490 1876 3545 nondum
1891 3506 2021 3561 pro-

410 3578 592 3645 vecto,
626 3577 781 3633 unde
811 3594 945 3633 eum
979 3578 1078 3633 tali
1098 3580 1364 3650 tempore
1381 3579 1608 3647 obiisse,
1639 3580 1791 3634 foret
1818 3596 2016 3635 conse-

409 3680 612 3737 quens,
644 3681 674 3720 e
708 3665 1005 3721 Carthusia
1019 3666 1093 3721 ad
1129 3668 1465 3740 pontificem
1496 3668 1835 3736 discessisse,
1859 3668 2016 3723 evin-

409 3755 521 3831 cat,
553 3757 963 3826 argumentum
1010 3757 1096 3809 sat
1144 3756 1397 3811 validum
1428 3760 1710 3825 occurrat,
1764 3756 1822 3811 id
1853 3756 2017 3811 illum

409 3845 545 3897 ante
572 3859 791 3901 annum
825 3846 981 3910 1090,
1016 3847 1079 3899 ut
1122 3844 1481 3900 Mabillonius
1516 3845 1726 3916 aliique
1754 3860 2017 3899 commu—

409 3929 538 3985 nius
566 3933 844 3998 statuunt,
869 3949 987 3987 non
1016 3931 1237 3999 fecisse,
1271 3933 1331 3986 in
1368 3933 1631 3988 animum
1678 3933 1909 3987 induco.

481 4021 606 4075 523.
639 4019 849 4075 Verum
901 4036 1014 4092 quo
1076 4019 1302 4075 circiter
1338 4021 1476 4075 anni
1525 4021 1674 4075 illius
1704 4037 1902 4075 mense
1930 4038 2021 4076 res

409 4104 535 4180 haec
561 4104 869 4165 acciderit?
901 4108 1046 4162 Cum
1082 4131 1109 4158 «
1129 4110 1317 4164 Bruno
1351 4112 1480 4181 post
1512 4126 1855 4182 egressume
1883 4109 2019 4165 Car-

410 4193 600 4250 thusia
623 4195 928 4252 undecimo
952 4196 1078 4268 plus
1092 4197 1472 4265 minusanno,
1491 4219 1518 4248 »
1532 4199 1858 4270 primorum
1883 4214 2019 4270 qua-

2124 1807 2312 1862 thusia
2332 1807 2459 1863 illos
2490 1808 2787 1863 recessisse
2819 1832 2845 1857 «
2872 1809 2933 1863 in
2960 1809 3078 1862 fine
3110 1808 3250 1863 sexti
3281 1807 3417 1862 anni
3436 1830 3463 1857 »
3491 1826 3525 1863 a
3544 1825 3645 1863 suo
3673 1808 3733 1863 in

2122 1896 2271 1951 hanc
2299 1897 2576 1968 ingressu,
2610 1898 2708 1969 qui
2738 1915 2804 1952 ex
2816 1897 2944 1968 jam
2961 1914 3136 1968 supra
3148 1897 3313 1952 dictis
3340 1914 3539 1953 mense
3563 1897 3731 1952 Junio

2124 1985 2261 2039 anni
2296 1988 2431 2040 1084
2460 1986 2668 2041 evenit.

2127 2076 2155 2142 §
2185 2074 2351 2147 ΧΧΧΙ.
2387 2074 2886 2147 δαησιαεᾷιῗονηαηι
2908 2076 2979 2129 ad
3023 2076 3301 2132 Urbanum
3319 2093 3523 2147 papam
3568 2077 3731 2139 venit,

2197 2144 2492 2219 (fisczpytis,
2522 2154 2582 2200 ut
2617 2145 2962 2200 Cartlmsz'am
2999 2154 3262 2219 reperant,
3296 2144 3500 2210 simulet,
3534 2147 3734 2201 littera:

2198 2216 2278 2289 his
2310 2217 2381 2269 ad
2400 2216 2967 2289 Siguinmniabbatem
2999 2216 3305 2289 apontiﬁce
3349 2221 3615 2289 impetrat,
3643 2236 3733 2271 ar-

2198 2288 2647 2358 chiepiscopatum
2678 2288 3021 2357 Rhegiensem
3056 2288 3290 2353 recusat,
3338 2288 3431 2352 et,’
3457 2296 3518 2342 ut
3558 2290 3661 2342 sibi
3702 2306 3734 2342 a

2199 2361 2349 2482 cgria
2382 2361 2436 2412 in
2473 2377 2704 2414 eremum
2734 2362 2927 2415 iterum
2954 2362 3187 2415 secedere
3224 2362 3396 2429 liceat,
3420 2361 3488 2414 ab
3519 2360 3735 2415 Urbano

2199 2445 2226 2482 ο
2265 2432 2415 2482 tinet.

2196 2432 2415 2484 obtinet.

2201 2520 2323 2573 524.
2349 2519 2782 2574 Blomenvenna
2810 2517 2869 2573 in
2886 2522 3154 2575 contexta
3182 2536 3216 2573 a
3239 2536 3298 2573 se
3329 2518 3522 2574 Sancti
3551 2517 3734 2574 nostri

2124 2605 2250 2660 Vita
2264 2606 2343 2661 ita
2357 2608 2550 2679 prodit
2566 2607 2864 2662 memoriae
2880 2608 3630 2679 :«BeatusBrun0,suscepta
3640 2606 3736 2662 be-

2123 2693 2500 2750 nedictionea
2524 2698 2722 2749 sancto
2746 2695 3006 2766 Ilugone,
3030 2695 3295 2767 episcopo
3318 2693 3735 2765 Gratianopoli-

2124 2784 2283 2850 tano,
2301 2783 2632 2837 obedientia
2656 2786 2920 2854 cogente,
2952 2784 3199 2838 Romam
3224 2783 3511 2856 profectus
3528 2786 3640 2850 est;
3659 2782 3731 2837 de

2123 2870 2284 2940 cujus
2304 2871 2554 2925 adventu
2586 2888 2844 2926 summus
2873 2871 3131 2943 pontifex
3166 2871 3439 2926 ineffabili
3480 2871 3732 2941 repletus

2123 2958 2334 3028 gaudio
2364 2959 2777 3031 benignissime
2792 2976 2924 3014 eum
2938 2960 3184 3032 suscepit
3206 2960 3425 3031 (utpote
3443 2975 3617 3030 quem
3638 2957 3729 3012 in-

2122 3045 2263 3100 time
2291 3046 2566 3117 diligebat
2612 3050 2669 3101 et
2698 3046 3100 3118 venerabatur)
3135 3050 3306 3119 atque
3332 3046 3484 3100 inter
3508 3045 3733 3117 primos

2123 3138 2181 3190 et
2211 3135 2529 3208 praecipuos
2555 3135 2659 3190 sibi
2682 3136 2998 3208 peculiares
3026 3136 3451 3208 familiaresque
3473 3133 3735 3191 consilia?

2120 3223 2235 3277 rios
2249 3224 2514 3280 etfideles
2535 3225 2752 3279 amicos
2766 3225 3226 3296 semperhabuit,
3260 3228 3427 3279 utens
3441 3224 3490 3295 ej
3499 3241 3562 3277 us
3575 3239 3726 3278 sem-

2118 3328 2221 3382 per
2251 3313 2501 3368 consiliis
2544 3314 2602 3368 in
2628 3313 2823 3369 arduis
2863 3314 3124 3370 Ecclesiae
3166 3314 3481 3385 negotiis.»
3518 3314 3602 3366 Ita
3631 3312 3727 3366 ille

2120 3399 2315 3454 Sancti
2331 3401 2510 3456 nostri
2535 3402 2903 3475 biographus,
2919 3419 3021 3456 sua
3035 3402 3245 3456 iterum
3261 3401 3334 3456 ad
3351 3401 3590 3456 verbum
3610 3400 3730 3453 fere

2117 3486 2211 3543 hic
2245 3492 2537 3544 mutuatus
2561 3506 2590 3543 e
2620 3492 2898 3556 Puteano,
2915 3490 3011 3562 qui
3028 3489 3418 3561 tamen,quod
3431 3488 3607 3543 etiam
3623 3486 3728 3541 Su-

2117 3576 2235 3631 rius
2266 3578 2423 3646 facit,
2452 3578 2733 3632 Brunonis
2763 3578 2837 3633 ad
2879 3578 3176 3635 Urbanum
3207 3594 3498 3632 accessum
3529 3578 3729 3631 Romae

2118 3667 2408 3734 accidisse,
2441 3684 2542 3722 seu
2561 3668 2858 3722 Urbanum
2901 3671 3060 3737 tunc,
3092 3684 3224 3723 cum
3254 3667 3327 3722 ad
3352 3684 3485 3721 eum
3535 3667 3727 3721 Bruno

2117 3756 2293 3823 venit,
2312 3756 2508 3811 Romae
2528 3756 3039 3823 exstitisse,diserte
3054 3756 3258 3828 magis,
3276 3772 3450 3828 quam
3470 3756 3733 3812 Blomen-

2117 3860 2325 3910 venna,
2360 3845 2553 3899 tradit.
2597 3846 2697 3898 Ast
2727 3861 2869 3899 num
2903 3862 3035 3900 vere
3068 3846 3247 3901 etiam
3282 3845 3565 3914 Urbanus,
3597 3860 3730 3901 cum

2120 3933 2194 3988 ad
2219 3950 2352 3987 eum
2385 3932 2625 3987 Sanctus
2659 3938 2857 3988 noster
2873 3934 3049 4001 venit,
3082 3935 3281 3989 Romae
3304 3933 3411 3987 fuit
3437 3932 3728 3988 versatus?

2118 4024 2183 4076 In
2198 4021 2470 4092 opinione
2489 4038 2713 4090 eorum,
2739 4023 2836 4094 qui
2867 4023 3141 4078 Sanctum
3159 4023 3288 4095 jam
3317 4022 3452 4078 inde
3480 4023 3551 4078 ab
3572 4038 3727 4077 anno

2123 4112 2280 4177 1089,
2298 4110 2447 4164 ultra
2470 4109 2874 4182 Septembrem
2888 4112 3151 4167 nondum
3166 4111 3731 4182 provecto,ad.Urba-

2120 4215 2262 4253 num
2275 4199 2571 4254 accessisse
2587 4202 2867 4269 statuunt,
2901 4201 3098 4269 Romae
3115 4200 3566 4267 verosimillime,
3593 4214 3726 4255 cum

409 4284 543 4341 tuor
561 4283 872 4340 Carthasim
902 4284 1166 4356 priorum
1181 4285 1557 4361 chronologo,
1580 4305 1614 4342 a
1635 4304 1748 4359 quo
1766 4304 1833 4342 ex
1856 4286 2018 4341 dictis
2039 4280 2092 4339 D
2116 4286 2179 4341 id
2193 4286 2418 4354 accidit,
2437 4287 2695 4342 Urbanus
2718 4303 2890 4360 papa,
2908 4290 3108 4359 utpote
3124 4305 3299 4360 quem
3322 4290 3572 4360 quatuor
3593 4286 3728 4341 ulti-

412 4388 533 4431 non
558 4373 969 4441 recedendum,
1005 4376 1273 4442 testante,
1319 4392 1351 4430 e
1381 4375 1534 4444 vivis,
1573 4376 1727 4449 quod
1762 4393 1917 4431 anno
1951 4393 2019 4431 ex

414 4458 668 4515 dicendis
726 4464 853 4516 llOl
916 4461 1155 4531 factum,
1225 4462 1449 4533 abierit,
1508 4464 1714 4538 hicque
1773 4464 2018 4537 proinde

414 4550 650 4621 eventus
673 4565 793 4607 non
851 4550 1015 4605 valde
1071 4552 1187 4620 diu,
1246 4555 1553 4626 postquam
1611 4554 1948 4609 undecimus
1985 4571 2022 4609 a

414 4635 608 4693 Sancti
656 4655 687 4693 e
723 4638 1020 4694 Carthusia
1073 4656 1305 4713 egressu
1354 4659 1538 4697 annus
1585 4646 1732 4698 esset
1774 4644 2016 4715 elapsus,

414 4726 588 4782 statui
606 4743 772 4798 posse
796 4728 1075 4796 videatur,
1108 4728 1244 4784 dicti
1274 4729 1412 4785 anni
1432 4747 1631 4786 mense
1662 4731 1859 4787 Martio
1909 4731 2018 4785 cir-

416 4814 558 4871 citer
588 4833 620 4871 e
662 4817 960 4873 Carthusia
990 4818 1177 4872 Bruno
1226 4818 1628 4874 verosimiliter
1676 4819 2016 4885 discesserit,

416 4905 795 4979 sequentique
837 4923 1037 4962 mense
1065 4907 1246 4979 Aprili
1284 4910 1383 4962 aut
1411 4912 1565 4963 certe
1594 4908 1719 4963 Maii
1752 4908 1914 4963 initio
1946 4907 2021 4962 ad

416 4993 751 5064 pontiﬁcem
781 4996 1097 5063 Urbanum,
1117 4994 1213 5068 qui
1235 4998 1392 5065 tunc,
1418 4999 1482 5050 ut
1500 4996 1828 5051 Ruinartius
1844 4996 1903 5051 in
1920 4996 2023 5049 hu-

414 5082 508 5154 jus
531 5084 659 5139 Vita
699 5102 873 5159 supra
902 5088 1026 5159 plus
1063 5087 1244 5141 semel
1265 5086 1393 5157 jam
1434 5086 1531 5141 cit.
1572 5086 2020 5142 luculentissime

419 5173 647 5245 probat,
663 5190 729 5227 ex
739 5174 944 5246 Apulia
958 5178 1017 5229 et
1037 5174 1298 5230 Calabria
1322 5174 1568 5229 Romam
1595 5181 1719 5229 erat
1740 5191 2018 5242 reversus,

421 5261 764 5336 pervenerit.
796 5264 881 5318 Ita
908 5280 1035 5319 rem
1055 5263 1270 5319 factam
1296 5262 1506 5318 idcirco
1526 5264 1812 5334 praecipue
1833 5264 2021 5317 existi-

423 5365 543 5418 mo,
574 5354 701 5405 tum
730 5351 887 5423 quod
912 5351 972 5406 in
1002 5353 1108 5407 hac
1147 5351 1420 5423 opinione
1451 5351 1690 5429 Sanctus
1704 5355 1918 5419 noster,
1939 5354 2025 5407 ut-

424 5440 560 5509 pote
586 5455 741 5497 anno
778 5442 905 5495 1101
942 5440 1057 5503 vita
1073 5440 1321 5510 functus,
1352 5456 1472 5496 non
1493 5441 1877 5514 serius,quam
1892 5457 2026 5495 cum

2119 4374 2229 4429 mis
2254 4374 2552 4429 anniillius
2584 4375 2876 4430 mensibus
2900 4376 2987 4430 vel
3004 4374 3063 4429 in
3084 4375 3307 4447 Apulia,
3334 4375 3430 4430 ubi
3450 4378 3509 4430 et
3527 4390 3731 4430 mense

2120 4463 2445 4536 Septembri
2475 4464 2823 4519 Melfitanum
2854 4464 3160 4519 concilium
3190 4465 3517 4531 celebravit,
3551 4464 3637 4519 vel
3666 4463 3727 4518 in

2120 4552 2384 4609 Calabria
2413 4553 2710 4621 exstitisse,
2729 4553 2976 4608 adducta
2991 4570 3025 4607 a
3042 4552 3343 4609 Ruinartio
3357 4554 3416 4607 in
3431 4551 3728 4608 Pontificis

2118 4641 2267 4697 illius
2294 4642 2421 4697 Vita
2464 4643 2731 4714 probant,
2776 4644 3029 4697 versatus
3066 4641 3222 4696 haud
3263 4641 3454 4697 fuerit.
3489 4643 3563 4695 At
3590 4654 3727 4696 vero

2119 4746 2251 4785 cum
2278 4731 2559 4799 Urbanus,
2584 4734 2646 4784 ut
2674 4729 2831 4785 idem
2855 4729 3186 4784 Ruinartius
3206 4728 3265 4783 in
3292 4729 3415 4800 ejus
3444 4729 3570 4784 Vita
3589 4743 3723 4800 pag.

2119 4826 2185 4876 77
2218 4819 2487 4889 ostendit,
2520 4820 2765 4874 Romam
2818 4836 2970 4874 anno
3010 4820 3169 4885 1090,
3212 4817 3416 4890 quinto
3443 4817 3731 4873 Kalendas

2118 4908 2346 4980 Aprilis,
2378 4925 2477 4962 seu
2511 4925 2673 4964 xxvm
2718 4907 2899 4963 Martii
2949 4923 3208 4961 reversus
3250 4907 3377 4975 jam
3406 4905 3604 4972 fuerit,
3630 4905 3733 4960 ibi-

2121 5013 2230 5080 que
2261 4996 2334 5049 ad
2364 4996 2619 5051 mediam
2649 5012 2827 5067 usque
2840 4998 3101 5050 aestatem
3135 4994 3361 5049 circiter
3383 4994 3726 5061 substiterit,

2120 5084 2180 5140 in
2203 5085 2475 5157 Opinione
2492 5102 2650 5153 sane,
2679 5101 2807 5157 quae
2839 5083 3115 5139 Sanctum
3144 5099 3262 5138 non
3275 5085 3410 5138 ante
3428 5082 3567 5138 anni
3592 5084 3728 5138 1090

2119 5174 2377 5247 Aprilem
2413 5173 2487 5228 ad
2530 5174 2827 5228 Urbanum
2867 5172 3107 5241 venisse,
3168 5188 3347 5243 supra
3390 5170 3721 5239 statuimus,

2122 5263 2321 5319 Romae
2354 5262 2445 5316 hic
2474 5261 2750 5334 pontifex,
2786 5278 2918 5316 cum
2949 5261 3024 5317 ad
3060 5263 3197 5316 eu’m
3243 5259 3485 5315 Sanctus
3536 5262 3733 5315 noster

2122 5351 2298 5420 venit,
2323 5350 2559 5405 indubie
2578 5350 2878 5405 exstiterit.

2177 5444 2321 5509 '525,
2352 5439 2518 5515 Quod
2557 5439 2734 5496 modo
2776 5439 2849 5494 ad
2885 5439 3127 5512 reliqua,
3160 5438 3424 5513 proxime
3473 5434 3732 5499 recitatis

421 5525 548 5598 jam
567 5527 820 5602 quinque
851 5529 951 5585 aut
980 5544 1077 5586 sex
1101 5529 1328 5588 circiter
1363 5547 1592 5593 menses
1632 5511 1763 5604 post
1790 5528 2025 5588 undeci-
2126 5512 2571 5601 Blomenvennze
2585 5528 2770 5586 verbis
2786 5511 3741 5603 comprehensa,pertinet,veritati
