4224 6058
622 128 728 193 323

1474 121 1533 181 S.
1578 119 1924 180 BRUNONIS
1954 115 2585 178 CARTHUSIANORUM
2624 118 3092 178 INSTITUI‘ORIS

3841 122 3945 182 324

621 274 775 335 papa
800 251 1062 329 Siguino,
1090 246 1380 310 Cassa-Dei
1411 250 1624 317 abbati,
1648 253 1711 305 ut
1742 247 2103 306 Carthusiam
2134 264 2227 302 re-
2249 253 2305 313 Α
2332 247 2564 303 tradidi.
2600 247 2715 304 Sed
2746 248 2966 316 charta,
3002 262 3177 321 quam
3219 245 3525 320 prmdictus
3551 247 3743 305 Bruno
3775 249 3945 306 nobis

621 346 930 404 deuntibus
961 344 1032 398 ad
1061 344 1211 397 hanc
1241 340 1298 395 S.
1334 340 1618 395 Brunonis
1658 337 1946 410 discipulis
1968 336 2231 391 restitue-

621 439 732 501 ret,
759 430 1149 505 praecipiebat,
1172 432 1296 483 tum
1322 427 1466 492 aliis,
1489 426 1694 499 quibus
1710 425 1851 480 illud
1872 424 2061 496 ipsum
2093 425 2231 478 Bru-

619 541 698 579 no
726 524 882 578 hunc
902 521 1173 575 abbatem
1204 516 1526 572 enixissime
1578 515 1846 586 rogabat,
1883 512 2074 567 itineri
2098 515 2227 566 tan-

623 613 757 667 dem
775 611 847 666 ad
865 610 1048 675 illam,
1100 623 1275 679 quam
1309 605 1684 676 reliquerant,
1735 619 1999 657 eremum
2030 617 2227 655 rever-

620 703 828 767 tentes,
860 715 982 754 sese
1013 696 1317 760 dederunt,
1340 697 1403 747 ut
1431 691 1732 763 biographi
1754 689 1934 747 nostri
1964 688 2226 744 unanimi

621 806 900 846 consensu
931 786 1185 841 tradunt.
1245 785 1370 838 Illas
1422 781 1636 836 Urbani
1684 779 1924 845 litteras,
1959 795 2025 832 ex
2055 794 2229 848 supra

616 877 850 934 laudato
876 874 1186 931 Annalium
1215 869 1701 927 Carthusiensium
1729 866 1856 922 libri
1885 864 2075 937 quarti
2124 865 2226 920 ha-

617 970 818 1023 ctenus
838 983 955 1020 non
991 959 1521 1033 VulgatiVallis-Dei
1552 955 1865 1028 exemplari
1896 953 2222 1025 exscriptas,

616 1070 964 1127 mecumque
1012 1069 1046 1106 a
1065 1052 1191 1123 jam
1221 1049 1427 1119 smpius
1457 1046 1711 1111 laudato,
1758 1043 1858 1116 qui
1889 1060 2011 1098 sese
2042 1042 2227 1097 nomi-

616 1145 745 1201 nari
763 1140 1153 1199 nullaratione
1174 1139 1313 1205 vult,
1334 1134 1709 1192 Carthusiano
1734 1131 2039 1188 Parisiensi
2063 1147 2222 1189 com-

615 1233 957 1299 municatas,
988 1231 1099 1284 huc
1118 1226 1458 1282 transcribo.
1482 1224 1643 1278 Hisce
1670 1222 2069 1293 concipiantur
2096 1236 2223 1274 ver-

614 1324 735 1382 bis:
761 1343 792 1376 «
808 1322 1069 1377 Urbanus
1099 1316 1613 1389 episcopus,servus
1628 1328 1924 1367 servorum
1945 1310 2224 1377 Dei,Cha-

610 1411 841 1469 rissimo
858 1408 975 1465 fllio
1008 1405 1264 1477 Siguino,
1297 1402 1491 1458 abbati
1520 1399 1893 1467 Casaz-Dei,et
1913 1398 2076 1455 omni
2090 1415 2223 1454 con-

613 1499 938 1575 gregationi
969 1497 1213 1552 salutem
1241 1496 1299 1548 et
1324 1489 1699 1563 apostolicam
1726 1488 2217 1544 benedictionem.

2330 336 2564 403 fecerat,
2596 337 2727 393 ideo
2751 354 2867 392 non
2905 340 2989 391 est
3014 337 3261 404 reddita,
3295 337 3569 409 quoniam
3601 355 3635 393 a
3663 338 3940 393 fratribus

2329 426 2538 480 nostris
2576 426 2635 480 in
2661 425 2908 497 capitulo
2932 426 3034 479 sub
3062 425 3366 481 interdicto
3398 426 3674 497 requisita
3698 444 3820 482 non
3836 443 3946 497 po-

2328 512 2436 567 tuit
2479 514 2756 580 inveniri;
2789 515 2846 568 et
2877 512 2922 568 si
2949 531 3205 585 unquam
3240 514 3477 568 inventa
3496 514 3690 580 fuerit,
3732 532 3939 570 eorum

2327 601 2449 673 ipsa
2464 605 2663 658 charta
2683 604 2754 658 sit
2775 604 2940 674 juris.
2975 605 3212 659 Factum
3244 607 3329 659 est
3360 622 3516 660 anno
3558 607 3630 661 ab
3662 608 3938 661 lncarna-

2326 690 2483 746 tione
2514 693 2741 747 Domini
2772 696 2926 758 l090,
2958 711 3025 746 xv
3052 694 3175 747 Kal:
3200 693 3478 748 Octobris.
3514 695 3633 765 Ego
3667 693 3936 766 Signinus

2327 780 2504 834 abbas
2562 781 2887 853 subscripsi,
2930 781 3083 835 etin
3143 782 3452 853 praesentia
3519 782 3933 855 archiepiscopi

2326 868 2580 938 Hugonis
2612 870 2761 923 hanc
2808 870 3070 924 chartam
3111 888 3179 925 ex
3232 870 3459 941 integro
3501 870 3858 925 conﬁrmavi.
3901 890 3930 921 »

2397 959 2518 1011 530.
2553 957 2923 1023 Morkensius,
2953 974 2984 1012 e
3017 958 3174 1029 cujus
3210 960 3566 1030 apographo,
3591 960 3651 1014 in
3682 960 3934 1016 chrono-

2323 1044 2973 1116 logico-diplomaticam
2985 1063 3179 1117 ,quam
3192 1047 3262 1101 de
3279 1046 3336 1101 S.
3359 1049 3626 1102 Brunone
3641 1047 3935 1104 contexuit

2323 1131 2641 1188 Diatribam
2698 1133 2877 1201 illato,
2910 1138 3084 1206 atque
3116 1135 3191 1189 ad
3220 1136 3669 1207 autographum,
3713 1136 3795 1190 uti
3824 1136 3929 1204 ait,

2321 1220 2641 1291 recognito,
2692 1222 2951 1276 chartam
2980 1223 3128 1277 hanc
3170 1223 3461 1295 descripsi,
3509 1224 3811 1296 Hugonem
3843 1241 3935 1279 ar-

2322 1307 2768 1382 chiepiscopum,
2803 1310 2862 1364 in
2894 1311 3053 1382 cujus
3085 1312 3394 1383 praesentia
3418 1329 3539 1368 sese
3564 1314 3689 1385 jam
3726 1313 3933 1369 recita-

2320 1398 2443 1451 tam
2484 1397 2744 1451 chartam
2788 1414 2855 1452 ex
2903 1398 3132 1470 integro
3186 1400 3580 1469 confirmasse,
3635 1400 3930 1473 Siguinus,

2322 1483 2608 1540 (lases-Dei
2634 1486 2830 1548 abbas,
2862 1486 3135 1555 affirmat,
3172 1487 3381 1543 merito
3412 1488 3486 1543 ab
3513 1490 3771 1560 Hugone,
3792 1490 3932 1544 Gra-

613 1572 743 1656 Eos,
768 1587 865 1659 qui
897 1586 971 1641 ob
1000 1581 1262 1638 Ecclesia:
1291 1582 1568 1634 Romanae
1590 1576 1982 1633 obedientiam
2002 1575 2219 1630 labori-
2252 1572 2736 1644 Btianopolitano
2764 1574 3053 1648 episc0po,
3084 1579 3284 1647 utpote
3338 1575 3434 1648 qui
3465 1576 3929 1649 archiepiscopus

611 1679 718 1736 bus
742 1676 1079 1748 fatigantur,
1108 1673 1385 1726 Romanas
1427 1685 1656 1740 quoque
1709 1665 1970 1722 Ecclesia:
1997 1681 2107 1738 ope
2133 1664 2220 1719 di-
2320 1678 2438 1717 non
2479 1662 2671 1729 fuerit,
2701 1662 3034 1718 distinctum
3064 1664 3423 1736 pronuntiat,
3464 1665 3756 1738 aliumque
3790 1683 3931 1721 eum

609 1783 791 1840 gnum
808 1752 900 1819 est
922 1758 1337 1825 relevari,Quia
1360 1773 1500 1829 ergo
1517 1772 1620 1810 nos
1636 1755 1708 1809 ad
1723 1754 1872 1809 sedis
1890 1753 2217 1825 apostolicae
2318 1765 2437 1805 non
2467 1767 2610 1817 esse,
2638 1767 2815 1823 quam
2851 1752 3178 1823 Hugonem,
3211 1770 3364 1809 anno
3402 1755 3536 1809 1080
3562 1771 3628 1809 ex
3656 1754 3925 1826 episcopo

607 1838 901 1912 servitium
915 1853 1267 1914 Brunonem,
1298 1843 1695 1899 charissimum
1720 1844 1923 1909 filium,
1957 1841 2220 1898 evocavi-
2319 1838 2508 1893 Diensi
2535 1839 2798 1911 sedisque
2814 1841 3366 1913 apostolicaslegato,
3400 1858 3574 1914 supra
3603 1843 3925 1915 saepissime

608 1960 758 2007 mus,
790 1941 914 2012 ipso
953 1936 1026 1991 ad
1056 1952 1163 1990 nos
1187 1931 1576 2006 perveniente,
1630 1932 1691 1984 ut
1719 1930 1842 2000 ejus
1871 1931 2013 1984 cella
2041 1928 2214 1984 detri~
2314 1928 2568 1993 laudato,
2625 1928 3067 1999 Lugdunensem
3099 1929 3594 2001 archiepiscopum
3637 1935 3924 2001 creatum,

607 2028 791 2085 menti
823 2023 1038 2097 aliquid
1058 2018 1450 2094 patiatur,pati
1470 2034 1585 2072 non
1609 2016 2216 2088 possumus,quoniam
2316 2015 2588 2070 insinuat.
2618 2016 2777 2070 Idem
2818 2017 2996 2071 etiam
3036 2017 3095 2071 in
3128 2035 3229 2072 sua
3282 2018 3352 2072 de
3409 2018 3926 2075 Carthusianorum

607 2134 716 2174 nec
742 2116 1038 2171 debemus.
1060 2112 1322 2165 Vestram
1349 2123 1489 2178 ergo
1524 2106 1893 2161 dilectionem
1918 2122 2216 2177 rogamus,
2314 2103 2492 2158 initiis
2522 2103 2927 2159 Dissertatione
2952 2123 3113 2160 num.
3164 2109 3284 2171 108,
3318 2107 3415 2161 ubi
3452 2108 3565 2163 huc
3607 2109 3732 2181 jam
3761 2111 3927 2164 tran-

605 2209 665 2262 et
692 2202 953 2277 rogando
987 2198 1371 2272 praecipimus,
1415 2197 1479 2250 ut
1508 2194 1776 2249 eamdem
1817 2195 2022 2248 cellam
2056 2194 2115 2248 in
2148 2193 2221 2247 li-
2319 2192 2599 2262 scriptam
2645 2194 2906 2277 chartam
2956 2194 3171 2265 pariter
3212 2195 3562 2263 transcribit,
3598 2196 3930 2253 Columbius

605 2294 830 2350 bertate
860 2288 1102 2363 pristina
1131 2284 1457 2351 remittatis,
1489 2283 1956 2355 chyrographum
1984 2298 2213 2354 quoque
2317 2280 2603 2348 observat,
2641 2285 2699 2337 et
2718 2285 2873 2336 recte
2903 2282 3168 2367 quidem;
3203 2283 3379 2338 alium
3432 2284 3591 2338 enim
3620 2286 3927 2357 Hugonem

605 2382 761 2456 quod
788 2379 948 2435 vobis
978 2378 1049 2432 de
1080 2375 1286 2433 eadem
1317 2373 1458 2428 cella
1498 2371 1807 2443 praedictus
1834 2370 1983 2425 filius
2018 2372 2214 2425 noster
2316 2369 2832 2442 archiepiscopum,
2864 2388 3038 2442 quem
3063 2370 3638 2443 Siguino,recitatam
3662 2374 3929 2429 chartam

600 2470 661 2527 in
690 2471 937 2526 fratrum
969 2463 1287 2536 dilapsione
1320 2462 1555 2526 fecerat,
1590 2475 1695 2531 pro
1727 2462 1924 2514 nostra
1952 2459 2211 2514 dilectio-
2313 2458 2707 2526 confirmanti,
2769 2458 3012 2514 astitisse
3059 2460 3382 2515 verosimile
3434 2460 3527 2528 sit,
3587 2478 3707 2517 non
3771 2462 3929 2518 novi.

602 2576 678 2616 ne
705 2555 1010 2621 restituite,
1039 2555 1104 2607 ut
1158 2552 1218 2606 in
1263 2550 1469 2604 liberta
1499 2548 1742 2620 pristina
1769 2548 1957 2603 valeat
1982 2563 2211 2619 perma-
2309 2546 2425 2601 Nec
2456 2549 2561 2614 est,
2589 2563 2691 2602 cur
2738 2546 2953 2601 mirum
2988 2547 3229 2613 accidat,
3274 2549 3578 2620 Hugonem
3626 2549 3805 2604 alium
3860 2550 3927 2606 in

600 2663 762 2704 nere.
787 2646 947 2700 Nunc
965 2642 1121 2698 enim
1150 2640 1377 2705 fratres,
1412 2638 1509 2708 qui
1542 2636 1743 2707 dilapsi
1791 2636 2044 2702 fuerant,
2091 2636 2208 2690 Deo
2310 2636 2531 2700 charta,
2555 2635 2731 2690 alium
2754 2635 2812 2689 in
2837 2636 3050 2690 chartae
3069 2635 3482 2709 subscriptione
3495 2654 3928 2694 commemora-

598 2736 936 2808 inspirante,
970 2728 1210 2802 regressi
1241 2729 1394 2795 sunt,
1427 2743 1533 2781 nec
1565 2725 1731 2780 aliter
1757 2724 2127 2796 acquiescunt
2148 2723 2206 2778 in
2307 2723 2382 2793 ri;
2406 2723 2549 2777 nihil
2573 2723 2729 2777 enim
2762 2724 2991 2778 obstare
3019 2724 3262 2791 videtur,
3292 2741 3407 2796 quo
3438 2725 3630 2780 minus
3660 2726 3925 2798 Siguino,

598 2824 807 2881 eodem
849 2823 973 2877 loco
1003 2818 1327 2891 persistere.
1383 2815 1533 2869 Sane
1563 2815 1872 2885 postquam
1903 2812 1994 2867 ha:
2048 2812 2207 2867 vobis
2232 2861 2279 2921 Ο
2308 2812 2589 2868 Casus-Dei
2616 2812 2828 2878 abbati,
2853 2815 2990 2866 tunc
3021 2812 3279 2884 quidem,
3303 2830 3434 2867 cum
3468 2813 3767 2870 Landuino
3798 2816 3926 2887 eju-

705 2912 718 2921 -
766 2915 777 2921 -
1281 2903 1291 2914 -
1737 2900 1845 2921 με--
1897 2900 2199 2921 ,ψιιιημ
2311 2916 2442 2921 μμ
2484 2900 2642 2921 ,ηιμ
2694 2900 3044 2921 nmmum“
3094 2900 3337 2921 μυιειηε.
3629 2903 3665 2921 η
3882 2920 3887 2921 γ

597 2912 835 2986 perlatas
865 2910 998 2963 sunt
1016 2907 1246 2971 littera,
1278 2903 1431 2957 intra
1454 2901 1709 2979 triginta
1730 2900 1849 2955 dies
1896 2900 2207 2972 praefatum
2233 2900 2279 2921 υ
2307 2916 2448 2972 sque
2479 2900 2645 2954 sociis
2693 2900 3052 2955 Carthusiam
3094 2900 3363 2968 restituit,
3412 2902 3594 2973 Hugo,
3627 2903 3930 2959 Gratiano-

594 2996 1061 3072 cbyrographum
1086 3009 1191 3065 pro
1220 2994 1430 3046 nostrae
1456 2988 1728 3059 jussionis
1774 2986 2096 3042 reverentia
2114 3003 2205 3040 re-

592 3088 830 3144 stituere
857 3102 931 3140 ne
960 3079 1290 3139 moremini.
1326 3097 1358 3131 »

661 3178 786 3232 529.
816 3176 993 3229 Porro
1026 3168 1314 3241 Siguinus,
1334 3165 1527 3220 statim
1562 3170 1733 3235 atque
1762 3164 1852 3218 hae
1883 3180 1949 3217 ac
1982 3162 2039 3218 S.
2063 3165 2207 3217 Bru-

589 3263 759 3320 nonis
777 3261 982 3317 litteras
1003 3256 1267 3313 exhibitas
1291 3255 1342 3310 ei
1361 3255 1616 3318 fuerunt,
1651 3252 1945 3324 pontificio
1964 3252 2205 3306 manda-

587 3356 670 3421 to,
704 3351 786 3406 uti
815 3365 1018 3405 omnes
1059 3346 1273 3401 iterum
1319 3343 1512 3399 Sancti
1558 3342 1862 3413 biographi
1921 3341 2198 3409 scribunt,

588 3442 1020 3511 obtemperans,
1082 3430 1445 3490 Carthusiam
1492 3429 1791 3485 Landuino
1845 3429 2082 3502 aliisque
2139 3429 2196 3484 S.

586 3527 871 3587 Brunonis
901 3522 1210 3596 discipulis,
1244 3521 1313 3575 ad
1348 3521 1496 3574 hanc
1516 3517 2195 3584 redeuntibus,restituit.

587 3619 859 3675 Chartam
887 3613 1380 3687 publicam,supra
1396 3607 1707 3678 saepissime
1726 3607 1853 3678 jam
1876 3606 2193 3676 laudatam,

585 3705 770 3780 quaid
790 3702 946 3770 fecit,
968 3699 1275 3771 subjungo.
1302 3696 1609 3751 Sichabet:
1629 3717 1656 3744 υ
1674 3695 1793 3766 Ego
1812 3695 1991 3749 frater
2008 3694 2193 3766 Sigui-

2306 2988 2598 3061 politanus
2625 2988 2959 3061 episc0pus;
2988 2992 3129 3043 tunc
3156 3006 3290 3044 vero
3324 3006 3457 3044 cum
3491 2991 3772 3057 chartam,
3806 3008 3928 3064 qua

2306 3076 2733 3131 restitutionem
2776 3077 2925 3131 hanc
2956 3076 3111 3145 fecit,
3142 3076 3525 3146 conﬁrmavit,
3556 3080 3739 3150 Hugo,
3768 3080 3928 3152 Lug-

2306 3164 2583 3220 dunensis
2636 3164 3116 3237 archiepiscopus,
3152 3166 3400 3221 adfuisse
3430 3168 3717 3222 credatur.
3753 3168 3924 3232 Quod

2303 3252 2348 3307 si
2379 3252 2440 3307 id
2467 3252 3085 3322 displiceat,vide,num
3111 3254 3233 3308 haec
3274 3255 3488 3309 chartae
3519 3256 3712 3322 verba,
3745 3279 3773 3306 «
3805 3258 3923 3311 Do-

2301 3357 2464 3407 num,
2501 3341 2657 3412 quod
2688 3340 2853 3395 nobis
2885 3342 3195 3412 prmdictus
3228 3342 3424 3397 Bruno
3451 3342 3688 3412 fecerat,
3715 3360 3919 3400 coram

2300 3429 2759 3500 congregatione
2791 3428 2958 3483 nobis
2989 3430 3300 3485 commissa
3332 3430 3390 3485 in
3428 3431 3677 3503 capitulo
3717 3436 3916 3488 nostro

2298 3516 2401 3570 sub
2444 3515 2755 3587 praesentia
2802 3516 3321 3590 GratianOpolitani
3373 3517 3625 3592 episcop.
3661 3520 3918 3592 Hugonis

2296 3620 2404 3675 ego
2430 3604 2551 3675 ipse
2577 3604 2756 3658 frater
2776 3603 3356 3678 Siguinus...reliqui,
3388 3628 3416 3655 ››
3448 3606 3917 3677 interpunctione

2296 3695 2425 3764 post
2442 3692 2686 3747 verbum
2710 3715 2737 3742 «
2769 3692 2986 3747 fecerat
3004 3711 3035 3744 θ
3065 3693 3295 3761 omissa,
3320 3694 3620 3766 positaque
3650 3699 3780 3768 post
3807 3713 3918 3751 no-

583 3810 713 3861 nus,
747 3793 924 3847 abbas
971 3785 1283 3851 Casus-Dei,
1328 3788 1533 3838 notum
1562 3783 1691 3836 ﬁeri
1720 3782 1847 3837 volo
1895 3783 2196 3853 praesenti-
2295 3796 2432 3834 men
2460 3780 2718 3851 Hugonis
2740 3780 2853 3852 legi
2886 3785 3200 3852 nequeant,
3235 3785 3299 3836 ut
3339 3799 3537 3837 sensus
3578 3784 3791 3838 chartae
3815 3783 3913 3854 sit,

583 3882 691 3937 bus
721 3882 780 3934 et
807 3876 1032 3941 futuris,
1063 3873 1220 3946 quod
1249 3872 1429 3926 frater
1463 3871 1655 3923 Bruno
1675 3885 1709 3922 a
1741 3871 1807 3923 D.
1844 3884 1995 3941 papa
2010 3870 2193 3924 Urba-
2294 3868 2551 3924 Brunoni
2579 3868 2839 3940 quidem,
2875 3869 3014 3923 dum
3048 3868 3412 3925 Carthusiam
3445 3870 3685 3942 Siguino
3735 3872 3917 3928 Casan-

587 3985 665 4024 no
696 3968 946 4022 Romam
978 3963 1264 4025 evocatus,
1319 3958 1520 4012 videns
1574 3956 1681 4011 loci
1735 3956 2191 4025 destitutionem,
2295 3956 2393 4011 Dei
2425 3956 2621 4013 abbati
2671 3956 2924 4022 donavit,
2960 3957 3262 4028 Hugonem
3313 3958 3915 4032 Gratianopolitanum

579 4055 853 4113 fratribus
875 4049 1277 4108 recedentibus
1304 4045 1872 4118 propterabsentiam
1890 4045 2194 4117 ejus,dedit
2293 4044 2626 4116 episcopum
2651 4061 2667 4111 ;
2701 4044 2939 4115 Siguino
2966 4048 3183 4112 autem,
3245 4045 3384 4100 dum
3428 4047 3578 4128 hanc
3609 4048 3911 4105 Landuino

581 4147 773 4202 locum
794 4140 1106 4199 Carthusiaa
1131 4137 1296 4193 nobis
1316 4140 1374 4191 et
1391 4134 1837 4206 Congregationi
1860 4135 2027 4189 nobis
2039 4150 2188 4189 com-
2217 4153 2268 4212 Ι)
2292 4132 2340 4203 ej
2351 4150 2526 4204 usque
2556 4132 2726 4189 sociis
2741 4132 3795 4205 restituit,Hugonem,Lugdunensem
3814 4153 3916 4192 ar-

584 4228 1180 4289 missaa.Postmodum
1210 4241 1344 4280 vero
1369 4227 1578 4295 rogatu
1598 4222 1782 4277 Patris
1810 4222 1992 4277 nostri
2025 4238 2191 4294 papae

586 4319 887 4387 Urbani,et
910 4317 1174 4389 precibus
1196 4310 1631 4387 praememorati
1657 4309 1852 4364 fratris
1881 4310 2187 4378 Brunonis,

577 4412 637 4466 et
661 4409 876 4465 eisdem
892 4403 1183 4471 fratribus,
1214 4401 1499 4456 utibidem
1520 4401 1915 4465 remanerent,
1949 4416 1983 4453 a
1999 4398 2189 4470 priore

578 4513 783 4556 eorum
809 4497 1077 4550 Brunone
1107 4490 1423 4563 plurimum
1445 4487 1807 4554 confortatis,
1842 4486 2008 4541 fratri
2036 4488 2189 4541 Lan-

576 4586 776 4653 duino,
807 4598 981 4655 quem
1012 4579 1287 4649 magister
1302 4579 1489 4631 Bruno
1518 4575 1814 4630 discedens
1835 4575 2055 4629 caeteris
2076 4575 2191 4629 fra-

571 4674 756 4731 tribus
781 4666 1223 4743 praeposuit,ipsi
1246 4669 1306 4720 et
1331 4664 1550 4719 caeteris
1565 4663 1837 4718 fratribus
1860 4664 1964 4717 sub
1991 4679 2059 4717 eo
2080 4663 2188 4718 de~-

575 4762 864 4835 gentibus,
898 4761 955 4813 et
979 4771 1183 4812 eorum
1214 4752 1629 4808 successoribus
1643 4751 2047 4822 donum,quod
2078 4767 2188 4805 no-

574 4851 661 4908 bis
690 4847 994 4923 praadictus
1038 4845 1227 4899 Bruno
1250 4842 1485 4907 fecerat,
1516 4855 1712 4895 coram
1733 4838 2186 4909 congregatione

574 4938 743 4995 nobis
772 4934 1081 4991 commissa
1127 4931 1186 4986 in
1226 4929 1475 5000 capitulo
1516 4930 1713 4981 nostro
1741 4926 1844 4980 sub
1876 4927 2186 4997 praesentia

572 5021 1087 5095 Gratianopolinati
1110 5017 1362 5091 episcopi
1380 5015 1651 5088 Hugonis.
1679 5016 1817 5085 Ego,
1851 5013 1973 5084 ipse
2004 5015 2185 5071 frater

574 5113 864 5183 Siguinus,
894 5109 1180 5181 praedictae
1217 5103 1712 5168 Casm-Deiabbas,
1745 5118 1877 5156 cum
1899 5117 2183 5158 consensu

570 5203 819 5256 fratrum
868 5200 1198 5251 nostrorum
1228 5193 1462 5266 reliquit
1491 5194 1549 5245 et
1569 5190 1649 5244 eis
1679 5192 1736 5243 et
1765 5190 2181 5245 successoribus

572 5301 775 5342 eorum
801 5287 1017 5358 [locum
1047 5280 1339 5356 praedictae
1395 5278 1706 5336 Carthusiaa
1749 5292 1854 5348 pro
1889 5278 2179 5333 voluntate

572 5386 777 5429 eorum
796 5371 1036 5427 omnino
1058 5371 1311 5428 liberum
1335 5368 1465 5435 feci,
1490 5365 1675 5438 etjuri
1694 5380 1898 5421 eorum
1923 5381 2019 5421 om
2040 5365 2177 5423 nino

2290 4221 2741 4293 chiepiscopum,
2766 4222 3113 4291 praesentem
3141 4221 3403 4276 astitisse.
3425 4222 3710 4278 Utrolibet
3729 4224 3911 4281 modo

2288 4310 2680 4375 reshabuerit,
2718 4309 2799 4362 ita
2828 4307 3099 4379 equidem
3130 4313 3394 4382 apparet,
3425 4326 3543 4365 non
3579 4328 3723 4379 esse,
3744 4328 3848 4368 cur
3874 4329 3911 4369 e

2289 4396 2511 4452 duobus
2552 4395 2888 4468 Hugonibus
2934 4395 3189 4463 diversis,
3239 4414 3491 4469 quorum
3522 4400 3668 4454 alter
3692 4399 3911 4471 imipsa

2287 4485 2506 4551 charta,
2539 4485 2689 4539 alter
2711 4483 2772 4537 in
2802 4482 2970 4554 hujus
2985 4484 3406 4555 subscriptione
3423 4494 3910 4554 memoratur,an-

2287 4573 2513 4645 tiquum
2529 4573 2708 4629 hocce
2731 4575 3180 4626 monumentum
3194 4588 3298 4644 pro
3323 4578 3584 4646 suspecto
3599 4575 3906 4632 habeatur.

2360 4663 2454 4715 531
2470 4662 2567 4715 .Ex
2579 4660 2687 4714 hoc
2700 4674 2877 4733 porro
2891 4663 3101 4731 praeter
3113 4660 3227 4715 alia
3243 4676 3361 4716 non
3377 4678 3580 4734 pauca,
3605 4664 3678 4719 de
3697 4665 3908 4735 quibus

2280 4748 2406 4819 jam
2419 4764 2591 4819 supra
2611 4747 3014 4812 actum,etiam
3029 4747 3333 4817 habemus,
3362 4750 3728 4806 Landuinum
3757 4752 3906 4808 alio-

2285 4852 2423 4908 sque
2439 4835 2632 4891 Sancti
2650 4835 2961 4905 discipulos
2974 4836 3298 4907 Roma,quo
3319 4837 3652 4893 Brunonem
3671 4839 3911 4897 fuerant

2284 4924 2484 4992 secuti,
2516 4924 2589 4979 ab
2629 4922 2767 4978 anui
2801 4925 2937 4977 1090
2952 4922 3177 4979 decimo
3199 4924 3402 4996 quinto
3428 4927 3713 4982 Kalendas
3738 4928 3908 4984 Octo-

2284 5012 2420 5079 bris,
2457 5028 2557 5066 seu
2585 5012 2836 5083 septima
2867 5010 3092 5065 decima
3124 5010 3481 5083 Septembris
3503 5014 3615 5081 die,
3671 5033 3785 5087 qua
3816 5016 3911 5071 di-

2281 5103 2439 5154 ctum
2462 5101 2910 5154 monumentum
2933 5099 3134 5154 datum
3152 5103 3405 5170 notatur,
3434 5103 3510 5159 ad
3542 5104 3904 5161 Carthusiam

2281 5188 2451 5243 fuisse
2471 5204 2747 5242 reversos.
2763 5189 2952 5259 Atque
2971 5187 3104 5242 hinc
3124 5188 3253 5258 jam
3273 5193 3660 5264 consequitur,
3694 5198 3756 5249 ut
3778 5211 3901 5250 non

2281 5293 2395 5332 uno
2427 5276 2674 5348 amplius
2694 5277 3375 5347 anno,quemadmodum
3392 5283 3654 5339 nonnulli
3678 5284 3897 5357 absque

2279 5366 2422 5422 vade
2454 5365 2692 5436 antiquo
2705 5364 3089 5432 contendunt,
3103 5365 3203 5421 sed
3216 5368 3410 5438 paucis
3424 5369 3538 5426 dun
3548 5374 3703 5428 taxat
3724 5390 3894 5429 meno

0 5736 3208 5946 μὴ
3238 5904 4224 5940 ή-ᾐ-βή-ΓἪ
