4026 6042
260 316 366 376 325

1830 314 2010 371 ACTA

3475 334 3582 392 320

256 444 414 501 sibus
427 441 581 517 apud
595 441 928 516 pontiﬁcem
945 459 1076 498 cum
1096 445 1364 500 Brunone
1376 445 1626 501 sintcom
1635 440 1864 498 morati.
1889 450 1944 512 Α
1967 438 2368 496 thusianorum
2389 442 2797 515 patriarcham,
2817 447 2877 503 in
2895 449 3385 524 archiepiscopum
3407 471 3575 513 suum

253 535 469 589 Verum
497 550 647 588 anne
661 535 993 608 omnes,qui
1019 538 1152 590 ante
1179 537 1537 592 Carthusiam
1579 538 1864 592 inhabita-

257 627 412 688 rant,
435 640 566 678 cum
591 623 887 679 Landuino
920 625 992 679 ad
1020 626 1170 680 hanc
1201 629 1336 680 tunc
1368 627 1634 682 rediere?
1653 627 1866 682 Omnes

255 729 395 768 sane
417 712 841 784 propemodum
865 713 922 768 id
949 714 1207 780 fecerint,
1227 716 1270 769 si
1287 717 1570 784 Zanottio,
1600 716 1866 788 qui,duos

257 802 556 867 duntaxat,
579 802 896 856 Lanvinum
927 803 1201 858 nimirum
1223 807 1278 858 et
1295 805 1688 872 Lambertum,
1713 806 1865 877 apud

255 890 533 946 Sanctum
567 890 864 957 mansisse,
885 890 941 945 in
969 894 1292 964 conscripta
1309 912 1342 948 a
1358 911 1416 949 se
1439 895 1719 949 Brunonis
1736 896 1865 950 Vita

250 996 350 1034 seu
379 979 644 1044 Historia,
677 995 734 1050 p.
769 982 856 1046 89,
881 980 1860 1050 affirmat,sitcredendum.Verum,

249 1069 355 1124 etsi
373 1084 684 1122 numerum
715 1069 1044 1140 eorum,qui
1076 1087 1204 1124 cum
1228 1072 1524 1127 Landuino
1539 1073 1611 1127 ad
1628 1072 1863 1127 Carthu-

246 1158 394 1213 siam
415 1156 711 1222 redierint,
731 1156 1112 1230 aliorumque,
1136 1160 1232 1232 qui
1261 1178 1392 1215 cum
1408 1163 1675 1216 Brunone
1693 1179 1859 1216 man-

243 1246 449 1313 serint,
465 1245 707 1300 definire
717 1247 871 1301 haud
887 1248 1120 1319 possim,
1140 1251 1330 1321 plures
1347 1252 1543 1304 tamen
1578 1251 1858 1322 posterio-

243 1355 337 1394 res
361 1338 535 1392 hosce
566 1336 758 1405 fuisse,
791 1354 966 1409 quam
998 1339 1160 1405 duos,
1190 1357 1224 1393 a
1253 1339 1515 1394 Zanottio
1565 1356 1632 1394 ex
1689 1341 1858 1397 dictis

245 1431 622 1492 memoratas,
640 1425 832 1496 palam
849 1429 932 1481 est
949 1443 1012 1482 ex
1028 1428 1250 1483 duobus
1262 1446 1435 1501 supra
1455 1430 1640 1484 adhuc
1668 1429 1858 1485 citatis

240 1514 679 1588 diplomatibus,
698 1532 946 1587 quorum
964 1519 1211 1572 alterum
1229 1535 1262 1572 a
1277 1518 1775 1590 Rogerio,Apulia
1799 1523 1856 1576 et

243 1605 451 1661 Sicilia
483 1603 647 1671 duce,
681 1605 928 1659 alterum
951 1623 984 1659 a
1010 1605 1256 1676 Rogerio
1293 1606 1516 1673 itidem,
1562 1607 1730 1677 hujus
1761 1625 1858 1680 pa-

242 1698 395 1760 truo,
431 1693 706 1748 Calabria
752 1696 810 1747 et
839 1693 1042 1748 Sicilia
1101 1694 1335 1760 comite,
1367 1694 1428 1749 in
1457 1695 1513 1749 S.
1568 1697 1855 1751 Brunonis

1968 528 2247 599 delegisse
2264 530 2466 599 fertur;
2489 551 2684 589 verum
2708 553 2839 591 eum
2856 537 3012 592 illam
3039 539 3381 612 dignitatem
3415 561 3576 601 recu-

1967 633 2136 684 sasse,
2179 635 2244 672 ac
2281 619 2604 677 solitudinis
2656 641 2856 680 amore
2897 626 3240 697 dignitatem
3282 631 3580 690 humiliter

1966 705 2246 776 respuisse
2274 708 2721 766 scribunt.Tunc
2743 715 2954 780 Bruno,
2985 733 3243 772 excussso
3265 721 3578 778 mundana

1966 794 2164 864 gloria
2187 795 2354 866 jugo,
2389 814 2652 854 eremum
2666 802 2819 873 apud
2838 802 3177 874 Scyllacium
3211 806 3269 861 in
3301 807 3576 866 Calabria

1965 881 2173 936 finibus
2207 884 2390 954 petiit,
2411 886 2527 953 ubi,
2563 892 2890 945 constructo
2909 894 3170 948 coenobio
3196 894 3252 949 S.
3283 895 3576 968 Stephano

1963 987 2144 1037 sacro,
2180 989 2263 1039 ac,
2301 974 2547 1044 Rogerio
2594 977 2759 1041 duce,
2793 979 3010 1035 ibidem
3042 983 3365 1053 angelicam
3395 987 3574 1043 vitam

1964 1059 2460 1126 traduxit,meritis
2474 1065 2696 1133 plenus,
2713 1069 3015 1123 sanctitate
3031 1087 3146 1125 non
3179 1072 3575 1146 minus,quam

1961 1148 2375 1205 miraculorum
2407 1169 2471 1206 ac
2501 1153 2777 1210 doctrina
2811 1157 2968 1212 fama
2997 1160 3185 1216 clarus
3225 1163 3576 1220 obdormivit

1960 1235 2018 1290 in
2051 1239 2295 1294 Domino
2312 1257 2464 1296 anno
2485 1245 2639 1309 1101,
2669 1246 3037 1318 sepultusque
3053 1252 3136 1303 est
3161 1250 3218 1304 in
3245 1268 3416 1323 supra
3432 1255 3576 1309 rela-

1958 1326 2016 1380 to
2044 1327 2326 1394 canobio,
2356 1329 2453 1383 ubi
2469 1331 2746 1386 hactenus
2763 1333 3080 1390 honorifice
3115 1338 3340 1394 colitur.
3376 1361 3404 1390 ››

2029 1416 2153 1469 533.
2177 1417 2258 1470 Ita
2290 1416 2405 1484 ille,
2431 1417 2706 1474 Sanctum
2721 1425 2985 1478 nostrum
3007 1441 3122 1480 non
3146 1429 3396 1495 tantum,
3417 1431 3573 1501 quod

1956 1517 2089 1557 mox
2112 1503 2322 1558 iterum
2356 1506 2621 1561 laudatus
2645 1510 2972 1579 primorum
2997 1517 3242 1584 quatuor
3260 1516 3572 1574 Carthusia

1955 1589 2216 1659 priorum
2247 1593 2638 1666 chronologus
2693 1598 2851 1666 facit,
2900 1601 2974 1654 ad
3025 1603 3571 1676 archiepiscopalem

1955 1679 2293 1750 Rhegiensis
2335 1684 2588 1738 ecclesia
2626 1686 2825 1740 sedem
2870 1689 3116 1744 electum
3161 1692 3354 1761 fuisse,
3412 1695 3568 1750 affir-

240 1783 478 1854 ejusque
513 1781 824 1850 sociorum,
859 1782 956 1854 qui
988 1783 1046 1837 in
1103 1783 1452 1851 Calabriam,
1485 1784 1608 1839 aliis
1661 1784 1854 1840 Sancti
1877 1775 1929 1833 Β
1955 1783 2142 1836 mansi
2177 1771 2566 1826 "crumenam
2592 1774 2954 1846 ΑΓΠυῙΡῙΙυῙη
2978 1778 3361 1850 Rhegiensem
3383 1784 3569 1839 ambi-

240 1871 532 1942 discipulis
562 1871 636 1925 ad
660 1871 1150 1941 Carthusiamjam
1182 1872 1445 1939 reversis,
1477 1877 1852 1940 secesserant,

238 1962 501 2016 favorem
516 1961 1205 2016 fuitconcessum.Tamin
1234 1979 1348 2016 uno
1382 1962 1561 2027 enim,
1599 1963 1851 2033 quamin

238 2051 420 2106 altero
444 2049 558 2121 (adi
585 2066 745 2104 num.
770 2051 894 2121 509)
921 2050 1190 2104 dicuntur
1215 2051 1403 2105 Bruno
1421 2054 1478 2106 et
1511 2051 1791 2106 Lanvinus
1821 2069 1855 2106 a

238 2139 552 2194 Galliarum
576 2138 834 2210 partibus
868 2155 1000 2193 cum
1036 2138 1200 2193 sociis
1225 2139 1284 2192 in
1319 2139 1640 2194 Calabriam
1691 2140 1856 2194 adve-

240 2227 411 2295 nisse;
446 2231 514 2303 ut,
541 2226 805 2300 proinde,
837 2227 1136 2282 Landuino
1151 2227 1389 2299 aliisque
1406 2227 1701 2282 nonnullis
1719 2228 1852 2282 Car-

235 2315 491 2371 thusiam
509 2316 925 2387 repetentibus,
953 2318 1147 2387 plures
1162 2316 1314 2388 apud
1345 2316 1643 2382 Sanctum,
1679 2334 1854 2387 quam

236 2405 526 2460 Lanvinus
549 2408 605 2459 et
618 2404 1331 2470 Lambertus,manserint.
1352 2403 1656 2468 Quomodo
1697 2404 1854 2459 enim

235 2493 496 2565 alioquin
519 2493 743 2562 (videsis
759 2511 922 2560 num,
951 2493 1076 2564 510)
1118 2495 1309 2548 Bruno
1337 2493 1623 2564 simulque
1653 2492 1852 2546 Lanvi-

235 2599 368 2648 nus,
391 2583 458 2647 si,
476 2599 607 2636 cum
628 2581 687 2636 in
707 2581 1032 2637 Calabriam
1045 2585 1349 2647 venerunt,
1369 2599 1516 2636 unus
1533 2580 1668 2652 ipsis
1685 2582 1854 2635 Lam-

235 2671 436 2726 bertus
456 2671 659 2736 adfuit,
687 2671 872 2725 socios
902 2670 1005 2725 sibi
1035 2688 1066 2726 e
1118 2670 1430 2724 Galliarum
1463 2670 1720 2741 partibus
1760 2671 1858 2723 ha-

234 2759 428 2814 buisse
455 2759 775 2829 adjunctos,
799 2758 910 2814 dici
925 2759 983 2813 in
1002 2760 1224 2814 duobus
1247 2758 1501 2831 prafatis
1522 2758 1853 2830 diplomati-

235 2849 344 2903 bus
364 2849 636 2919 potuere?
661 2847 807 2912 Quin
826 2848 1022 2920 itaque
1041 2847 1282 2902 Sanctus
1301 2848 1442 2902 duos
1457 2851 1520 2901 ut
1537 2846 1852 2901 minimum

234 2941 452 3009 prater
473 2937 789 2992 Lanvinum
811 2937 1016 3004 socios,
1033 2936 1156 2991 aliis
1172 2936 1231 2990 in
1263 2936 1622 2991 Carthusiam
1650 2936 1852 2990 remis-

233 3025 330 3092 sis,
365 3025 519 3116 apud
548 3043 608 3080 se
634 3025 958 3116 retinuerit,
1018 3024 1408 3116 dubitandum
1468 3023 1556 3116 vis
1589 3028 1850 3116 apparet.
1874 3051 1918 3116 ρ

308 3116 434 3168 53‘2.
469 3113 876 3168 Examinemus
920 3113 1117 3179 modo,
1153 3111 1292 3184 quid
1331 3111 1484 3166 hisce
1525 3111 1853 3185 Sanctoque

234 3200 452 3257 deinde
471 3200 543 3255 sit
572 3201 812 3256 factum.
850 3200 1112 3264 Quatuor
1164 3200 1489 3271 primorum
1535 3199 1851 3257 Carthusia

232 3289 500 3362 priorum
517 3289 976 3361 chronologusin
1001 3289 1192 3344 Sancti
1218 3289 1397 3343 nostri
1412 3287 1600 3360 elogio
1631 3287 1853 3357 (videsis

235 3377 656 3433 Commentarii
686 3377 855 3448 hujus
881 3393 1042 3431 num.
1067 3377 1120 3448 7)
1147 3377 1218 3431 de
1231 3378 1499 3431 Brunone
1531 3376 1683 3446 apud
1704 3392 1850 3448 pon-

231 3467 454 3522 tiﬁcem
475 3467 775 3521 Urbanum
798 3466 923 3535 jam
949 3469 1234 3530 versante,
1277 3463 1355 3519 sic
1382 3463 1580 3518 scribit
1613 3481 1625 3518 :
1655 3485 1682 3513 «
1737 3462 1850 3518 Sed

233 3572 370 3610 cum
401 3556 682 3608 tumultus
712 3557 770 3608 et
798 3570 992 3608 mores
1016 3553 1188 3607 curia
1224 3551 1556 3623 (pontificia
1612 3552 1846 3622 scilicet)

229 3645 387 3699 ferre
419 3659 534 3697 non
567 3646 779 3714 posset,
830 3641 1030 3696 relicta
1060 3640 1236 3705 curia,
1278 3643 1612 3711 contempto
1671 3639 1847 3694 etiam

235 3729 732 3802 archiepiscopatu
748 3729 1083 3801 Rhegiensis
1099 3728 1372 3794 ecclesia,
1403 3729 1474 3783 ad
1505 3745 1700 3799 quem,
1725 3727 1846 3799 ipso

234 3836 390 3892 papa
413 3819 662 3883 volente,
694 3819 906 3872 electus
935 3817 1142 3883 fuerat,
1176 3816 1235 3871 in
1268 3816 1543 3871 Calabria
1586 3832 1847 3870 eremum

234 3906 526 3972 successit,
557 3926 586 3954 n
619 3923 738 3972 seu,
772 3907 835 3960 ut
882 3905 1019 3960 alias
1056 3905 1261 3959 melius
1287 3903 1574 3971 scribitur,
1624 3905 1845 3958 secessit.

236 3994 481 4050 Sanctus
512 3993 729 4065 itaque,
763 3994 882 4065 qui,
918 3993 1000 4048 uti
1029 3993 1124 4048 hic
1150 4011 1183 4048 a
1213 3992 1491 4063 scriptore
1523 3991 1638 4046 fide
1668 3991 1851 4045 enim-

232 4099 371 4138 vero
400 4081 735 4153 dignissimo
761 4081 1058 4146 docemur,
1090 4081 1150 4135 in
1176 4079 1522 4145 Calabriam,
1557 4077 1852 4149 pontificia

236 4171 399 4225 curia
425 4171 643 4236 relicta,
675 4169 926 4237 secessit,
950 4170 1024 4224 ad
1054 4168 1436 4240 Rhegiensem
1467 4167 1645 4222 etiam
1671 4166 1852 4221 archi-

237 4258 656 4331 episcopatum,
691 4261 1003 4330 antequam
1024 4259 1082 4313 in
1099 4258 1400 4328 regionem
1433 4256 1592 4310 illam
1618 4255 1850 4310 secede-

1955 1855 2454 1929 episcopum,post
2483 1861 2645 1931 cujus
2669 1861 2891 1917 obitum
2921 1864 2980 1918 id
3001 1867 3225 1937 accidit,
3246 1887 3400 1926 anno
3433 1876 3568 1931 1090

1955 1943 2108 1998 diem
2133 1946 2456 2001 extremum
2506 1949 2790 2004 clausisse.
2843 1953 3033 2021 Ipsum
3064 1971 3238 2026 porro
3273 1958 3470 2027 etiam,
3505 1964 3569 2017 ut

1954 2031 2306 2087 Morkensius
2327 2034 2387 2088 in
2443 2037 3248 2112 chronologico-diplomatica
3272 2063 3374 2102 sua
3403 2048 3474 2103 de
3505 2049 3563 2104 S.

1955 2123 2222 2177 Brunone
2252 2124 2712 2196 diatribaIdocet,
2741 2127 2980 2183 Severus
3003 2149 3035 2186 a
3061 2133 3318 2204 Neapoli,
3350 2137 3568 2195 ordinis

1957 2211 2370 2268 Carthusiensis
2387 2215 2673 2283 alumnus,
2695 2215 2754 2270 in
2770 2235 2878 2272 ms.
2903 2219 3141 2292 antiquo
3155 2223 3566 2295 Rhegiensium

1955 2299 2519 2372 archiepiscoporum
2571 2305 2833 2377 catalogo
2883 2310 3148 2364 notatum
3201 2310 3459 2382 invenit;
3506 2319 3569 2372 ut

1956 2387 2198 2458 proinde
2224 2389 2588 2462 Arnulphum
2618 2392 2767 2448 dicto
2796 2411 2950 2450 anno
2988 2399 3123 2452 1090
3141 2397 3366 2468 obiisse,
3401 2403 3566 2459 dubi-

1955 2475 2195 2529 tandum
2223 2493 2340 2532 non
2371 2478 2462 2546 sit,
2497 2480 2748 2536 maxime
2780 2499 2910 2536 cum
2937 2484 3081 2539 nihil
3115 2493 3394 2558 occurrat,
3411 2493 3569 2563 quod

1955 2563 2131 2619 aliam
2162 2566 2393 2621 eventui
2420 2568 2551 2622 huic
2584 2571 2865 2641 epocham
2887 2574 3567 2654 prastituere,utcunque

1955 2653 2342 2709 suadeatJam
2357 2673 2489 2712 vero
2518 2675 2649 2712 cum
2665 2675 2756 2713 res
2789 2659 2866 2714 ita
2893 2661 3126 2731 habeat,
3162 2670 3334 2739 atque
3363 2653 3569 2728 Arriul-

1955 2741 2121 2811 phus,
2153 2746 2213 2796 ut
2243 2745 2506 2800 laudatus
2521 2747 2789 2817 Ughellus
2812 2749 2968 2804 locos
2990 2752 3252 2822 proxime
3268 2755 3362 2810 cit.
3388 2757 3565 2815 etiam

1957 2829 2431 2903 docet,Gregorio
2463 2835 2575 2900 VII,
2610 2835 2706 2907 qui
2737 2853 2889 2892 anno
2938 2841 3070 2894 1085
3100 2841 3262 2910 obiit,
3305 2843 3361 2898 S.
3411 2847 3563 2902 Petri

1955 2919 2288 2974 cathedram
2323 2926 2660 2993 occupante,
2697 2927 2794 2978 aut
2818 2927 3058 2992 certe,si
3092 2927 3563 3001 id,quodArnu1-

1953 3006 2052 3079 phi
2084 3007 2511 3064 decessoranno
2533 3013 2666 3065 1086
2705 3013 2890 3067 adhuc
2912 3013 2971 3068 in
2995 3014 3129 3070 vivis
3157 3017 3327 3073 fuisse
3377 3021 3567 3078 videa-

1953 3099 2066 3161 tur,
2097 3095 2412 3166 displiceat,
2449 3099 2678 3153 Urbano
2713 3101 2758 3153 II
2780 3101 2854 3156 ad
2885 3101 3043 3156 illam
3060 3105 3319 3160 nondum
3342 3113 3560 3178 evecto,

1954 3183 2361 3254 Rhegiensium
2394 3190 2618 3240 creatus
2647 3187 2822 3242 fuerit
2852 3191 3332 3264 archiepiscopus,
3368 3213 3561 3253 conse-

1952 3271 2194 3326 ctarium
2217 3277 2320 3340 est,
2354 3276 2416 3328 ut
2448 3276 2551 3330 sub
2580 3276 2795 3330 Urbani
2829 3279 3170 3348 pontificatu
3219 3281 3383 3338 sedes
3412 3286 3560 3341 Rhe-

1950 3359 2159 3430 giensis
2192 3365 2325 3416 ante
2360 3379 2581 3442 annum
2610 3367 2748 3419 1090
2779 3382 2897 3420 non
2924 3367 3160 3437 vacarit,
3195 3386 3258 3424 ac
3289 3372 3457 3443 proin
3499 3377 3564 3430 ut

1950 3448 2125 3503 etiam
2158 3452 2292 3504 ante
2320 3449 2473 3504 hunc
2511 3468 2729 3506 annum
2749 3451 2940 3508 Sancti
2971 3456 3150 3510 nostri
3174 3458 3247 3512 ad
3274 3458 3433 3515 iliam
3455 3463 3566 3518 ele-

1949 3537 2060 3591 ctio
2071 3539 2288 3608 ,utpote
2302 3554 2452 3609 papa
2463 3540 2714 3607 Urbano,
2732 3543 3224 3614 quemadmodum
3238 3547 3563 3619 primorum

1949 3625 2510 3696 quatuorCarthusia
2525 3628 2787 3698 priorum
2809 3631 3199 3704 chronologus
3212 3637 3399 3692 verbis
3426 3655 3561 3710 pro-

1947 3713 2099 3766 xime
2139 3712 2389 3767 recitatis
2429 3715 2731 3769 memoria
2745 3717 2957 3786 prodit,
2986 3720 3233 3786 volente,
3259 3722 3410 3779 facta
3442 3743 3562 3785 non

1948 3801 2584 3872 contigerit.Necserius
2599 3805 2969 3872 eamdem,ut
2994 3807 3123 3877 jam
3152 3826 3326 3882 supra
3359 3816 3565 3884 proba-

1947 3890 2606 3962 tum,contigisse,simili
2620 3892 2999 3948 ratiocinandi
3015 3897 3189 3952 modo
3202 3897 3367 3954 facile
3384 3903 3561 3960 etiam

1949 3978 2314 4050 probabitur,
2329 3978 2373 4032 si
2397 3980 2572 4034 modo
2587 3981 2903 4052 Rangerius
2916 3982 2989 4036 ad
3009 3984 3562 4060 archiepiscopatum

1951 4067 2468 4139 Rhegiensemipso
2489 4085 2668 4134 anno,
2689 4072 2750 4123 ut
2777 4069 3154 4127 verosimilius
3172 4074 3561 4144 factum,1090

1950 4155 2123 4210 fuerit
2152 4157 2382 4224 electus;
2412 4173 2544 4210 cum
2574 4158 2731 4212 enim
2746 4159 2840 4212 ille
2853 4159 2927 4213 ad
2939 4176 3157 4215 annum
3171 4166 3233 4216 ut
3251 4164 3563 4223 minimum

1955 4246 2090 4298 1106
2107 4245 2302 4298 sedem
2318 4245 2478 4299 illam
2499 4246 3136 4319 tenuerit,consequens
3153 4250 3352 4318 erit,ut
3369 4253 3563 4311 Sancti

237 4350 349 4413 ret,
382 4346 493 4401 fuit
523 4348 765 4413 electus;
822 4350 884 4401 ut
917 4346 1182 4419 proinde,
1235 4362 1366 4399 cum
1401 4361 1652 4398 secessus
1709 4343 1757 4397 is
1787 4333 1928 4397 exD
1954 4332 2136 4386 nostri
2169 4333 2241 4386 ad
2273 4333 2542 4387 eamdem
2560 4334 2762 4388 electio
2785 4338 2913 4405 post
2931 4353 3150 4390 annum
3183 4341 3338 4407 1090,
3363 4345 3562 4413 utpote

238 4434 500 4490 dicendis
525 4437 792 4489 currente
817 4435 1005 4488 adhuc
1035 4434 1156 4506 ipso
1186 4449 1340 4488 anno
1377 4435 1510 4487 1090
1561 4430 1852 4494 acciderit,

236 4527 394 4577 certe
423 4539 540 4577 non
571 4521 774 4589 serius,
807 4539 983 4594 quam
1009 4522 1118 4576 hoc
1139 4520 1313 4575 etiam
1333 4536 1486 4574 anno
1509 4519 1582 4574 ad
1613 4517 1856 4590 dignita-

236 4614 360 4666 tem
392 4609 556 4664 illam
582 4611 756 4665 fuerit
785 4612 1123 4681 postulatus.
1155 4611 1365 4664 Verum
1393 4625 1543 4664 anne
1589 4607 1648 4662 id
1678 4607 1853 4662 etiam

237 4715 360 4754 non
391 4699 575 4766 citius,
597 4716 771 4771 quam
786 4699 995 4754 eodem
1027 4716 1182 4753 anno
1217 4701 1354 4753 1090
1379 4696 1597 4752 evenit?
1624 4696 1685 4750 ld
1715 4713 1853 4751 sane

236 4787 401 4843 nullo
425 4803 490 4840 ex
524 4787 708 4859 capite
735 4790 975 4859 apparet
999 4805 1012 4855 ;
1050 4789 1238 4840 Bruno
1269 4786 1425 4840 enim
1448 4802 1514 4838 ex
1538 4784 1662 4855 jam
1690 4783 1853 4838 dictis

236 4876 376 4927 ante
391 4874 662 4929 eumdem
677 4875 892 4929 dictum
908 4891 1128 4929 annum
1149 4876 1282 4928 1090
1297 4873 1370 4927 ad
1383 4872 1715 4945 pontificem
1735 4889 1851 4926 non

233 4961 420 5027 venit,
469 4978 574 5016 nec
608 4963 723 5017 ulla
750 4963 974 5017 ratione
1011 4961 1335 5015 verosimile
1396 4959 1640 5026 videtur,
1682 4959 1852 5013 fuisse

237 5066 398 5114 eum,
433 5066 563 5104 cum
596 5051 855 5106 nondum
887 5051 961 5105 ad
992 5051 1310 5116 Urbanum,
1352 5048 1692 5120 discipulum
1714 5049 1850 5102 olim

235 5154 430 5204 suum,
462 5137 726 5205 venisset,
760 5156 794 5192 a
825 5138 1242 5210 Rhegiensibus
1268 5137 1328 5191 in
1359 5136 1853 5206 archiepiscopum

237 5227 605 5282 electum.Ad
641 5228 762 5282 hac
790 5228 1083 5298 Ughellus,
1117 5227 1227 5280 ΗΧ
1253 5225 1430 5280 Italia
1464 5241 1638 5279 sacra
1671 5223 1730 5277 in
1762 5240 1852 5277 ar-

236 5315 620 5386 chiepiscopis
645 5315 1080 5387 Rhegiensibus,
1115 5315 1223 5370 col.
1251 5315 1374 5379 324,
1417 5313 1692 5367 Sanctum
1747 5328 1852 5364 no-

238 5407 426 5457 strum
450 5403 710 5474 sequenti
728 5407 898 5457 ornat
926 5403 1148 5474 elogio:
1177 5421 1208 5453 «
1233 5400 1470 5455 Moritur
1509 5399 1854 5471 (Arnulphus

240 5490 581 5563 Rhegiensis
623 5490 1099 5564 archiepiscopus)
1159 5505 1382 5544 anno...
1438 5491 1593 5543 1090.
1626 5487 1758 5558 Ejus
1796 5486 1854 5541 in

235 5581 369 5637 loco
389 5579 729 5638 clericorum
759 5582 990 5638 senatus
1016 5581 1282 5636 sanctum
1326 5579 1678 5645 Brunonem,
1719 5575 1852 5632 Car-

1953 4423 2083 4492 post
2105 4436 2276 4491 quem
2291 4420 2390 4487 ita,
2413 4420 2635 4475 vivente
2653 4422 2908 4490 Urbano,
2932 4424 3033 4477 sub
3051 4425 3209 4495 cujus
3225 4428 3563 4497 pontiﬁcatu

1952 4506 2077 4561 hac
2106 4525 2172 4562 ex
2196 4507 2360 4561 dictis
2387 4508 2610 4574 accidit,
2645 4509 2806 4563 sedes
2840 4511 2936 4564 illa
2966 4528 3084 4566 non
3129 4514 3377 4585 amplius
3402 4534 3562 4574 vaca-

1953 4594 2048 4662 rit,
2074 4596 2387 4650 certissime
2412 4597 2566 4650 haud
2597 4597 2919 4669 contigerit.

2025 4686 2146 4739 534.
2177 4683 2655 4738 11incRuinartius
2685 4684 2743 4739 in
2777 4686 2990 4742 Urbani
3013 4689 3057 4742 Il
3088 4707 3252 4762 papa
3281 4691 3410 4748 Vita
3435 4693 3561 4764 jam

1953 4772 2163 4844 pluries
2192 4773 2424 4827 laudata
2472 4790 2634 4827 num.
2664 4777 2722 4828 81
2776 4775 2984 4831 merito
3016 4777 3093 4830 sic
3139 4779 3335 4834 scribit
3365 4799 3379 4836 :
3419 4805 3446 4831 ‹‹
3473 4782 3563 4837 Ad

1951 4861 2104 4915 hunc
2129 4877 2346 4914 annum
2363 4861 2521 4931 (1090
2541 4861 2772 4933 scilicet)
2783 4863 3064 4919 Brunonis
3084 4867 3159 4921 ad
3175 4867 3559 4940 Rhegiensem

1952 4949 2504 5020 archiepiscopatum
2517 4951 3062 5024 electionem,quam
3075 4956 3286 5026 vulgati
3301 4961 3561 5012 auctores

1953 5055 2105 5093 anno
2127 5040 2259 5092 1095
2273 5037 2613 5109 consignare
2637 5040 2842 5108 solent,
2861 5041 2991 5096 ideo
3020 5059 3376 5111 revocamus,
3402 5047 3559 5117 quod

1952 5127 2060 5181 hoc
2081 5126 2446 5180 solummodo
2462 5142 2618 5182 anno
2650 5128 2752 5182 sub
2785 5129 2996 5183 Urbani
3029 5131 3367 5202 pontificatu
3395 5134 3558 5189 sedes

1953 5215 2051 5272 ilia
2073 5233 2249 5270 vacua
2287 5214 2478 5283 fuerit,
2511 5219 2699 5270 morte
2731 5217 2945 5272 scilicet
2973 5219 3255 5291 Arnulphi
3283 5221 3558 5296 archiepi-

1954 5304 2129 5374 scopi,
2173 5303 2282 5370 cui,
2324 5306 2624 5357 recusante
2679 5304 3021 5375 dignitatem
3069 5305 3226 5361 illam
3266 5309 3553 5378 Brunone,

1955 5392 2290 5448 substitutus
2313 5395 2398 5446 est
2427 5393 2530 5446 sub
2555 5392 2721 5462 hujus
2752 5392 2887 5445 anni
2907 5393 3083 5448 finem
3107 5396 3441 5466 Rangerius.
3458 5398 3563 5453 Hic

1955 5482 2166 5554 quippe
2197 5480 2556 5553 privilegium
2585 5480 2869 5534 Theodori
2887 5481 3288 5555 Squillacensis
3306 5486 3558 5562 epiSCOpi

1954 5588 2126 5646 supra
2155 5571 2452 5628 laudatum
2475 5569 2647 5643 (infra
2682 5568 2740 5627 id
2770 5570 3155 5647 recitabimus)
3193 5576 3556 5638 conﬁrmavit
