4026 6042
454 272 560 337 92⁴1

1276 278 1333 336 s.
1403 276 1750 335 BRUNONIS
1801 273 2435 339 mmosmnonuu
2472 250 2942 343 INSTITUTORIS

3665 297 3770 357 328

457 404 631 461 diel'l
648 403 980 461 Decembris
996 421 1150 460 anno
1171 407 1307 460 1090
1323 402 2148 475 archiepiscopusRhegien-A
2173 404 2364 461 minus
2423 408 2752 479 efﬁcaciter,
2804 430 2937 469 cum
2992 414 3192 471 Roma:
3261 416 3447 474 adhuc
3491 419 3780 492 existeret,

453 494 529 549 sis
559 497 794 558 electus,
818 512 883 549 ac
914 495 1184 566 deinceps
1215 494 1289 548 ad
1309 511 1529 548 annum
1578 498 1592 547 1
1616 497 1711 548 106
1738 493 1908 548 variis
1937 508 2070 546 con-

452 584 592 639 ciliis
620 588 682 638 et
705 583 1757 655 publicisinstrumentissubscripsisse
1772 600 2063 640 memora-

448 678 545 729 tur
591 674 694 728 sub
745 673 1154 745 archiepiscopi
1182 673 1367 739 titulo,
1424 675 1487 726 ut
1532 672 1722 726 videre
1768 676 1854 727 est
1907 675 2061 746 apud

453 765 758 833 Ughellum
818 766 962 817 tom.
998 764 1059 816 ΙΧ
1081 762 1255 816 Italiae
1276 779 1469 816 sacrae.
1488 780 1518 812 »
1544 761 1821 816 Sanctum
1866 764 2059 836 itaque

449 854 780 909 Brunonem
816 870 922 908 nec
944 853 1142 918 serius,
1178 869 1281 906 nec
1313 853 1494 919 citius,
1521 869 1693 923 quam
1734 870 1888 909 anno
1924 859 2059 910 1090

448 943 523 998 ad
553 943 1105 1013 archiepiscopatum
1157 941 1539 1012 Rhegiensom
1576 941 1744 996 fuisse
1790 943 2057 1012 electum,

448 1036 669 1088 certum
702 1031 942 1086 omnino
968 1034 1139 1101 atque
1161 1033 1320 1084 extra
1343 1046 1582 1084 omnem
1602 1033 2059 1087 controversiam

447 1119 807 1191 argumentis
831 1119 1005 1173 modo
1038 1119 1097 1173 in
1131 1119 1386 1172 medium
1415 1118 1674 1173 adductis
1703 1120 1957 1190 positum
1978 1122 2057 1174 vi-

447 1211 643 1277 detur;
679 1211 743 1263 ut
769 1208 1013 1280 proinde
1027 1207 1327 1279 biographi
1346 1208 1526 1262 nostri
1542 1208 1910 1275 recentiores,
1934 1208 2058 1262 alii-

446 1290 558 1373 que
570 1300 894 1370 scriptores,
924 1300 1041 1370 qui,
1076 1298 1349 1353 Sanctum
1370 1300 1631 1351 nostrum
1648 1295 1708 1349 in
1723 1296 2056 1352 Placentino

384 1444 393 1451 ,
445 1389 709 1456 concilio,
728 1406 827 1442 seu
847 1389 1035 1457 hujus,
1063 1390 1196 1441 ante
1215 1403 1432 1440 annum
1467 1389 1600 1440 10925
1620 1402 1733 1440 non
1756 1386 2053 1454 celebrati,

443 1480 712 1548 tempore
738 1493 772 1530 a
792 1476 1204 1546 Rhegiensibus
1226 1476 1285 1529 in
1300 1474 1793 1546 archiepiscopum
1810 1478 2058 1546 postula-

443 1566 571 1619 tum
592 1562 1062 1639 primurn‘fuisse,
1096 1564 1315 1627 volunt,
1348 1562 1619 1616 audiendi
1652 1578 1769 1616 non
1800 1563 1932 1617 sint.
1957 1564 2058 1619 Ve-

443 1670 574 1708 rum
600 1670 712 1725 quo
734 1651 959 1707 circiter
988 1651 1124 1705 anni
1160 1652 1295 1704 1090
1326 1665 1524 1703 mense
1559 1648 1616 1702 S.
1642 1650 1973 1705 Brunonem
1994 1652 2055 1707 in

2169 511 2341 565 quam
2365 513 2497 551 cum
2528 498 2586 553 in
2615 501 2931 573 Campania
2941 504 3066 574 jam
3093 511 3435 574 versaretur,
3466 508 3522 564 S.
3558 512 3776 568 Bruno-

2166 599 2301 636 nem
2340 584 2397 638 in
2454 588 2837 661 Rhegicnsem
2900 593 3394 666 archiepiscopum
3441 599 3776 670 eligendum

2162 686 2361 727 curare
2393 678 2663 745 potuerit,
2691 675 2963 735 feceritne
3015 682 3073 736 id
3104 684 3217 750 ille,
3263 701 3395 740 cum
3450 688 3635 742 adhuc
3673 690 3783 744 Bo-

2160 774 2291 846 mae,
2325 780 2398 816 an
2420 781 2553 820 cum
2578 766 2707 836 jam
2732 770 2789 822 in
2822 769 3139 840 Campania
3189 777 3405 843 ageret,
3460 776 3630 846 plane
3692 780 3779 832 est

2159 845 2465 919 incertum,
2523 871 2586 907 ac
2641 856 2804 927 proin
2865 857 3041 912 etiam
3090 876 3162 912 an
3211 864 3366 926 ante,
3397 845 3474 915 and
3502 867 3632 933 post
3657 881 3777 917 me-

2161 941 2316 994 diam
2341 944 2477 997 anni
2500 947 2631 998 1090
2654 949 2935 1013 aestatem,
2968 964 3080 1018 quo
3102 951 3389 1020 tempore,
3424 953 3487 1004 ut
3523 952 3649 1021 jam
3684 952 3770 1006 di-

2160 1032 2338 1096 ctum,
2392 1032 2652 1087 Urbanus
2689 1036 2872 1088 Roma
2900 1036 2959 1090 in
3011 1037 3390 1109 Campaniam
3429 1039 3588 1107 abiit,
3633 1040 3776 1096 San-

2159 1122 2282 1172 ctus
2314 1126 2508 1175 noster
2534 1122 2710 1176 fuerit
2759 1124 3093 1195 Rhegiensis
3124 1127 3337 1181 electus
3395 1128 3776 1201 archiepisco-

2158 1225 2283 1280 pus.
2321 1210 2453 1264 Utut
2484 1210 2576 1277 sit,
2608 1210 2668 1265 id
2694 1212 2962 1283 equidem
2993 1230 3146 1268 anno
3183 1217 3417 1281 1090,et
3446 1215 3684 1287 quidem
3710 1220 3776 1271 ut

2160 1296 2470 1352 minimum
2497 1300 2571 1353 ad
2594 1300 2762 1370 hujus
2790 1301 3045 1371 Aprilem
3063 1302 3192 1372 jam
3206 1306 3497 1375 provecto,
3525 1303 3767 1372 factum,

2159 1386 2547 1441 indubitatum
2578 1393 2663 1443 est
2693 1405 2758 1443 ex
2784 1405 2956 1461 supra
2986 1390 3169 1445 dictis.

2230 1478 2353 1529 536.
2384 1475 2495 1530 Nec
2510 1476 2719 1543 minus,
2746 1481 2943 1549 utpote
2964 1478 3021 1533 in
3043 1479 3429 1551 irrefragabili
3441 1481 3768 1551 primorum

2158 1567 2403 1634 quatuor
2434 1564 2743 1620 Carthusiaz
2776 1567 3033 1638 priorum
3052 1569 3480 1642 chronographi
3510 1571 3771 1627 testimo-

2158 1652 2253 1706 nio
2288 1652 2403 1721 (adi
2436 1670 2598 1707 num.
2624 1655 2746 1726 532)
2770 1656 3098 1723 fundatum,
3132 1657 3525 1714 indubitatum
3552 1664 3659 1726 est,
3701 1661 3760 1715 S.

443 1740 826 1812 Rhegiensem
854 1738 1346 1810 archiepiscopum
1364 1736 1495 1809 eligi
1513 1737 1732 1791 evenit?
1759 1739 1900 1793 Cum
1922 1743 2056 1796 ante
2088 1737 2137 1796 B
2158 1742 2512 1809 Brunonem,
2547 1761 2677 1797 cum
2699 1745 3008 1805 sublimem
3022 1746 3275 1801 maxime
3294 1747 3639 1818 dignitatem
3656 1749 3767 1804 sibi

439 1831 695 1902 Aprilem
710 1828 843 1884 dicti
866 1846 935 1882 an
944 1827 1003 1880 ni
1021 1829 1156 1881 1090
1179 1826 1420 1881 Sanctus
1441 1842 1509 1879 ex
1543 1826 1708 1880 dictis
1723 1827 1967 1882 Romam
1982 1830 2056 1884 ad

440 1923 736 1978 Urbanum
750 1935 961 1990 papam
993 1918 1261 1988 appulsus
1281 1932 1396 1969 non
1411 1915 1503 1982 sit,
1530 1933 1635 1970 nec
1651 1918 1785 1970 ante
1802 1934 1967 1971 suum
1981 1918 2054 1972 ad

438 2011 592 2066 hunc
612 2024 921 2074 accessum,
937 2010 1000 2060 ut
1016 2005 1232 2077 pariter
1249 2022 1316 2059 ex
1341 2004 1504 2057 dictis
1527 2005 1785 2074 apparet,
1808 2005 1880 2059 ad
1912 2006 2057 2059 Rhe-

441 2098 701 2170 giensem
724 2095 921 2150 sedem
959 2095 1171 2148 electus
1202 2094 1590 2162 postulatusve
1618 2091 1811 2157 fuerit,
1854 2108 2052 2147 conse-

440 2210 622 2267 quens
643 2197 747 2261 est,
777 2195 841 2247 ut
866 2209 970 2246 nec
1002 2192 1111 2246 hoc
1143 2194 1277 2245 ante
1311 2189 1445 2244 dicti
1479 2188 1615 2243 anni
1648 2191 1782 2243 1090
1797 2190 2049 2261 Aprilem

439 2283 729 2351 acciderit;
753 2281 952 2354 ipsone
982 2283 1177 2334 autem
1212 2280 1319 2333 hoc
1345 2295 1566 2345 mense,
1596 2295 1667 2332 an
1682 2278 1878 2343 serius,
1910 2279 2049 2333 defl-

437 2369 728 2429 nirehaud
742 2386 911 2442 queo,
944 2369 1213 2424 omnibus
1234 2383 1627 2438 prorsus,quae
1662 2367 1735 2420 ad
1761 2367 1818 2420 id
1848 2371 2049 2421 utcun-

436 2473 550 2529 que
582 2458 886 2524 sufﬁciant,
921 2457 1284 2529 argumentis
1312 2454 1730 2510 deﬁcientibus.
1773 2458 2045 2513 Attamen

434 2545 820 2617 dispiciamus,
851 2563 925 2599 an
958 2563 1025 2599 ex
1055 2544 1141 2611 iis,
1175 2560 1301 2615 qua:
1321 2543 1731 2614 discipulorum
1755 2544 1811 2598 S.
1834 2545 2049 2601 Bruno-

436 2633 525 2688 nis
554 2633 626 2688 ad
642 2633 1000 2688 Carthusiam
1024 2632 1275 2697 reditum
1299 2647 1594 2703 excepere,
1617 2631 1759 2686 nihil
1783 2633 2043 2701 omnino,

435 2721 746 2794 quoSancti
760 2721 1220 2793 adRhegiensem
1235 2720 1792 2791 archiepiscopatum
1810 2723 2045 2777 electio-

432 2808 520 2863 nis
541 2813 770 2882 tempus
799 2810 1034 2880 propius
1055 2809 1238 2863 adhuc
1264 2809 1592 2869 deﬁniatur,
1612 2809 1793 2879 possit
1823 2810 1968 2865 elici.

502 2901 625 2953 535.
648 2922 675 2948 «
704 2898 899 2952 Visum
913 2899 1016 2965 est,
1040 2919 1067 2945 »
1090 2896 1280 2968 inquit
1298 2896 1367 2951 de
1381 2897 1613 2951 Urbano
1628 2914 1778 2968 papa
1793 2898 1851 2952 in
1875 2899 2042 2968 hujus

2156 1830 2411 1884 oblatam
2468 1839 2802 1901 recusasset,
2863 1852 2894 1885 «
2936 1834 2997 1887 in
3029 1834 3305 1889 Calabriae
3337 1851 3620 1904 eremum,
3674 1836 3764 1891 cui

2154 1918 2345 1973 Turris
2364 1936 2579 1975 nomen
2606 1925 2709 1988 est,
2731 1941 2762 1973 »
2793 1923 3107 1978 secessisse.
3146 1924 3355 1978 Verum
3388 1925 3764 1996 quandonam

2155 2005 2214 2061 id
2246 2008 2487 2063 Sanctus
2518 2010 2672 2077 fecit,
2705 2015 2822 2076 aut,
2858 2012 3011 2066 utab
3038 2028 3129 2079 eo,
3163 2013 3319 2083 quod
3341 2013 3496 2085 prius
3527 2014 3764 2070 indubie

2152 2096 2346 2158 fuerit,
2402 2097 2698 2168 incipiam,
2727 2101 3102 2171 quandonam
3132 2101 3192 2156 id
3239 2101 3486 2156 faciendi
3522 2104 3761 2159 faculta-

2152 2187 2273 2239 tem
2301 2203 2334 2239 a
2360 2187 2631 2257 pontiﬁce
2660 2189 2890 2244 Urbano
2918 2189 3208 2244 obtinuit?
3245 2191 3674 2247 Blomenvenna
3698 2192 3762 2248 in

2152 2275 2477 2347 conscripta
2507 2293 2541 2329 a
2568 2292 2627 2330 se
2655 2277 2848 2332 Sancti
2881 2278 3061 2332 nostri
3075 2279 3202 2333 Vita
3224 2278 3306 2332 ita
3323 2279 3515 2351 prodit
3536 2296 3761 2336 memo-

2150 2363 2251 2416 riae
2280 2380 2293 2416 :
2318 2383 2348 2415 «
2382 2365 2653 2418 Beatus...
2692 2366 2899 2432 Bruno,
2935 2383 3067 2420 cum
3099 2383 3328 2422 summo
3355 2367 3614 2439 pontiﬁci
3634 2385 3763 2440 pro.

2151 2452 2280 2521 pter
2311 2450 2704 2505 obedientiam
2734 2452 2900 2507 annis
2920 2454 3118 2523 paucis
3148 2454 3449 2509 adhaerens
3476 2471 3593 2509 non
3632 2471 3760 2510 mo-

2151 2537 2345 2592 dicum
2377 2539 2636 2593 Ecclesiae
2660 2541 2965 2611 profuisset
2995 2542 3109 2595 suis
3149 2541 3421 2609 consiliis,
3452 2543 3763 2613 prudentia

2148 2629 2205 2680 et
2235 2627 2515 2700 sapientia
2534 2627 2996 2700 incomparabili,
3018 2634 3190 2701 prout
3218 2646 3287 2683 ex
3307 2631 3564 2701 ejusdem
3592 2648 3759 2703 papas

2149 2715 2361 2770 Urbani
2393 2716 2636 2771 decretis
2666 2721 2723 2771 et
2752 2717 2875 2771 aliis
2903 2718 3070 2772 factis
3095 2718 3300 2787 conjici
3331 2718 3519 2785 datur,
3548 2718 3606 2773 in
3638 2720 3760 2791 qui-

2145 2805 2251 2859 bus
2280 2809 2506 2860 sanctus
2534 2807 2724 2860 Bruno
2758 2807 2933 2877 (haud
2958 2807 3218 2878 dubium)
3251 2807 3536 2862 indefesso
3556 2808 3753 2863 labore

2144 2894 2784 2966 desudaverat,semper
2800 2898 2997 2949 tamen
3013 2896 3086 2949 ad
3126 2895 3350 2950 dilecta
3390 2913 3505 2950 suae
3538 2896 3755 2951 Rache-

429 2985 557 3041 Vita
584 2985 1185 3051 num.82Ruinartius,
1211 2985 1573 3054 «circahujus
1601 2985 1737 3038 anni
1774 2985 1932 3055 (1090
1959 2987 2041 3041 ni-
2076 3024 2120 3085 Ο
2141 2982 2207 3036 lis
2224 2983 2618 3053 amplexus,ad
2640 2983 2819 3037 eremi
2852 2986 2910 3037 et
2936 2984 3259 3038 solitudinis
3275 2984 3531 3055 quietem
3561 2985 3752 3040 redire

427 3075 661 3145 mirum)
686 3074 965 3141 medium,
980 3090 1109 3129 cum
1127 3074 1177 3128 ei
1200 3076 1396 3128 Romae
1413 3073 1498 3126 vix
1512 3073 1799 3142 respirare
1823 3074 2034 3129 liceret.

425 3163 764 3234 provincias,
785 3163 1033 3234 Rogerio
1051 3164 1287 3234 (Apuliae
1312 3161 1832 3228 scilicet,Calabriae
1860 3168 1917 3218 et
1949 3164 2036 3219 Si-

427 3251 577 3305 dilise‘
600 3252 748 3322 duci)
782 3256 839 3305 et
868 3253 1226 3306 Boamumdo
1270 3251 1668 3323 (przeccdentis
1700 3252 1882 3322 fratri)
1912 3256 2040 3310 sub-

419 3338 623 3409 jectas,
648 3340 828 3405 adire,
860 3339 1011 3393 utibi
1039 3341 1208 3410 paulo
1231 3339 1464 3393 liberius
1488 3356 1683 3393 rerum
1704 3341 2038 3398 ecclesiasti-

427 3411 624 3481 carum
653 3444 852 3481 curam
884 3430 1100 3499 ageret.
1123 3428 1286 3481 Certe
1306 3444 1439 3482 eum
1464 3428 1565 3481 sub
1598 3429 1854 3483 medium
1878 3447 2040 3484 men-

425 3513 500 3568 sis
524 3515 761 3585 Augusti
794 3515 1778 3586 hocannoinCampaniaexstitisse,
1814 3522 2038 3574 constat

424 3619 492 3657 ex
517 3602 812 3674 privilegio
852 3606 1033 3658 sancti
1064 3603 1266 3671 Basoli,
1296 3604 1449 3675 quod
1491 3603 1773 3658 Sinuessa}
1832 3606 2035 3661 datum

424 3691 627 3745 esthoc
645 3708 796 3745 anno
811 3691 901 3746 die
916 3709 1048 3745 xvm
1068 3692 1352 3746 Kalendas
1366 3691 1743 3761 Septembris.
1756 3694 2035 3748 ‘Burchar-

422 3778 495 3833 do
514 3779 771 3850 ejusdem
786 3780 892 3834 loci
917 3780 1109 3834 abbati
1151 3780 1517 3851 inscriptum.
1540 3802 1565 3828 »
1584 3782 1653 3834 Ut
1671 3782 1901 3835 Urbano
1920 3783 2027 3836 Ro-

418 3884 549 3935 mae,
580 3869 1074 3941 quemadmodum
1105 3868 1192 3922 hic
1234 3869 1315 3922 ait
1344 3868 1692 3933 Ruinartius,
1745 3870 2028 3939 respirare

416 3958 551 4010 tunc
583 3957 667 4010 vix
693 3957 932 4023 licuerit,
950 3956 1167 4010 factum
1192 3956 1424 4009 indubie
1447 3955 1621 4009 fuerit
1647 3973 1713 4009 ex
1748 3972 1815 4009 eo
1849 3956 2022 4027 quod,

417 4060 548 4098 cum
567 4043 837 4097 Henricus
858 4044 1195 4113 imperator,
1213 4045 1382 4112 Alpes
1409 4043 2023 4113 transgressus,infesto

415 4130 649 4202 agmine
663 4131 742 4185 uti
755 4148 821 4185 ex
838 4131 1129 4185 Bertholdi
1146 4130 1597 4184 Constantiensis
1614 4131 1929 4203 presbyteri
1952 4134 2024 4188 ad

412 4220 809 4274 Hermannum
830 4220 1198 4274 Contractum
1219 4218 1536 4289 appendice
1569 4219 1641 4272 ad
1672 4218 1889 4274 dictum
1918 4238 2019 4276 an-

2140 3073 2494 3139 desiderans,
2524 3072 2694 3126 curiae
2726 3076 2996 3144 strepitus
3024 3077 3081 3128 et
3110 3075 3390 3129 tumultus
3419 3074 3751 3130 molestissi-

2140 3177 2234 3213 me
2260 3177 2489 3231 semper
2508 3160 2753 3228 ferebat,
2786 3177 3035 3232 cumque
3052 3178 3168 3216 non
3188 3164 3380 3233 posset
3409 3164 3559 3216 ultra
3581 3161 3748 3219 ﬂam-

2140 3264 2296 3302 mam
2329 3248 2501 3302 tranti
2536 3248 2801 3302 desiderii
2834 3250 3563 3322 comprimere,antequam
3600 3267 3749 3323 prte-

2136 3338 2287 3391 fatus
2312 3352 2571 3390 summus
2602 3337 2856 3406 pontifex
2902 3339 2972 3393 de
3018 3338 3309 3393 Placentia
3362 3339 3634 3393 transiret
3681 3339 3743 3393 in

2137 3424 2397 3491 Galliam,
2428 3441 2559 3479 cum
2582 3426 2765 3479 multa
2795 3425 3069 3480 instantia
3092 3427 3185 3481 vix—
3209 3426 3446 3481 tandem
3500 3427 3752 3481 obtinuit

2138 3513 2656 3577 licentiam,relicta
2681 3513 2860 3580 curia,
2893 3530 3182 3576 eremum,
3214 3514 3746 3585 quamincolucrat,

2136 3602 2561 3672 repetendi,aut
2578 3601 2823 3667 aliam,si
2843 3603 3112 3671 placeret,
3134 3602 3444 3673 eligendi.»
3463 3603 3746 3658 Hactenus

2136 3690 2874 3761 Blomenvenna,praesipua
2895 3691 3254 3761 saltem,qum
3272 3691 3364 3744 hic
3382 3694 3692 3759 memorat,
3712 3708 3745 3747 θ

2131 3779 2276 3844 Vita,
2297 3794 2401 3847 per
2418 3780 2736 3831 Puteanum
2758 3780 3043 3845 contexta,
3078 3783 3503 3845 mutuatus,nec
3525 3778 3741 3841 Surius,

2130 3867 2225 3938 qui
2249 3883 2313 3920 ex
2333 3867 2614 3920 ambobus
2630 3866 2786 3920 hisce
2808 3867 3146 3937 biographis
3162 3883 3327 3922 suam
3346 3867 3415 3921 de
3434 3867 3492 3921 S.
3520 3868 3738 3921 Bruno-

2131 3972 2203 4009 ne
2227 3955 2687 4009 lucubrationem
2704 3956 3086 4021 concinnavit,
3111 3958 3360 4011 multum
3380 3955 3578 4010 siveab
3600 3972 3735 4025 uno,

2128 4042 2241 4096 sive
2271 4044 2342 4096 ab
2373 4044 2552 4097 altero
2608 4042 2701 4096 hic
2732 4043 3011 4110 dissentit;
3052 4044 3209 4114 quod
3253 4045 3300 4100 si
3329 4046 3522 4099 autem
3581 4048 3736 4106 recte

2126 4135 2351 4198 notent,
2384 4131 2624 4185 Sanctus
2663 4148 2697 4184 a
2729 4132 3004 4201 pontiﬁce
3034 4132 3340 4187 secedendi
3372 4132 3431 4186 in
3469 4148 3734 4186 eremum

2125 4220 2283 4273 curia
2312 4219 2606 4290 pontiﬁcia
2629 4220 2848 4286 relicta,
2889 4220 3223 4274 facultatem
3253 4238 3371 4276 non
3398 4220 3555 4291 prius
3582 4219 3730 4274 obti-

413 4324 555 4363 num
590 4311 724 4361 1090
750 4307 1108 4377 intelligitur,
1144 4308 1204 4362 in
1234 4282 1567 4379 pontiﬁcem
1592 4307 1827 4378 ejusque
1855 4310 2019 4380 adju-
2044 4282 2097 4341 D
2122 4282 2333 4375 nuerit,
2365 4324 2540 4378 quam
2571 4324 2702 4361 cum
2745 4282 2870 4376 jam
2922 4308 3035 4373 hic,
3088 4309 3376 4363 celebrato
3398 4282 3730 4363 -Placentim

408 4396 564 4449 tores
593 4395 859 4462 ferretur,
903 4395 1147 4449 Romani
1179 4394 1468 4465 antipapaa
1486 4395 1739 4450 Guiberti
1766 4399 2016 4467 asseclze,

408 4483 741 4537 audaciores
770 4484 904 4537 inde
933 4483 1087 4550 facti,
1137 4483 1194 4536 in
1228 4483 1416 4538 ofﬁcio
1454 4484 1740 4538 contineri
1771 4485 1857 4539 vix
1887 4502 2015 4557 pos-

408 4573 1095 4643 sent,tutamqueUrbano
1112 4573 1307 4626 Romaa
1325 4573 1845 4627 commorationem
1860 4576 2015 4629 nullo

410 4659 585 4713 modo
598 4659 1014 4731 relinquerent.
1040 4660 1273 4727 Verum,
1303 4663 1364 4714 ut
1383 4660 1454 4713 ad
1472 4661 1733 4731 remjam
1761 4662 2012 4730 veniam,

409 4746 518 4800 erit
540 4746 815 4815 fortassis,
841 4748 957 4819 qui,
995 4749 1150 4820 quod
1193 4749 1453 4802 Urbanus
1480 4752 1613 4802 tunc
1657 4748 1715 4802 in
1771 4749 2015 4820 Campa-

406 4835 568 4890 niam
600 4837 786 4892 Roma
809 4854 931 4892 sese
961 4836 1245 4907 receperit
1262 4838 1454 4907 itaque
1468 4839 1591 4891 tum
1615 4837 1924 4908 Rhegiensi
1943 4839 2016 4893 ci-

402 4923 562 4979 vitati
582 4925 820 4997 propior
849 4924 920 4979 sit
949 4925 1153 4990 factus,
1181 4924 1454 4979 Sanctum
1469 4927 1758 4991 nostrum,
1782 4926 2011 4995 potiﬁce

399 5011 520 5079 illo,
546 5014 791 5084 quemin
812 5013 1189 5085 Campaniam
1208 5017 1434 5067 secutus
1464 5013 1675 5079 fuerat,
1702 5017 2010 5083 agente,ad

403 5100 786 5172 Rhegiensem
800 5100 1353 5172 archiepiscopatum
1368 5099 1539 5153 fuisse
1553 5101 2007 5173 electum,suspi-

401 5190 580 5241 cctur.
611 5189 678 5242 Et
699 5205 854 5254 vero,
896 5188 939 5243 si
971 5187 1256 5253 Urbanus,
1291 5186 1540 5241 utianno
1562 5186 1813 5253 1089,ita
1830 5188 2006 5244 etiam

398 5290 553 5331 anno
580 5278 713 5331 1090
756 5276 957 5346 Rhegii
988 5275 1205 5341 fuisset,
1242 5279 1388 5328 esset
1421 5291 1580 5339 sane,
1602 5292 1701 5327 cur
1728 5276 1851 5345 quis
1885 5294 2002 5330 non

395 5362 688 5419 immerito
710 5365 769 5419 id
785 5364 1407 5435 suspicaretur.Verum
1438 5380 1568 5417 cum
1601 5363 1657 5415 in
1689 5364 2003 5434 Campania

401 5452 679 5522 pontifex,
722 5456 1026 5526 postquam
1058 5454 1241 5508 Roma
1272 5456 1418 5508 esset
1459 5468 1735 5524 egressus,
1780 5455 2002 5527 reliqua

407 5538 545 5595 anni
574 5540 723 5597 illius
753 5543 915 5615 parte
944 5544 1336 5599 commoratus
1360 5542 1530 5599 fuisse
1582 5540 1860 5611 videatur,
1894 5562 2001 5602 nec

2121 4396 2382 4463 concilio,
2424 4396 2483 4449 in
2514 4396 2753 4450 Galliam
2788 4398 2938 4450 esset
2963 4397 3253 4465 abiturus;
3283 4398 3437 4469 quod
3464 4414 3598 4452 cum
3623 4414 3727 4452 an-

2121 4502 2195 4539 no
2231 4488 2385 4550 1095,
2419 4484 2500 4538 uti
2522 4484 2674 4537 inter
2704 4500 2909 4538 omnes
2928 4485 3214 4552 convenit,
3247 4485 3568 4553 factumsit,
3590 4502 3727 4539 con-

2118 4589 2364 4643 sequens
2390 4572 2517 4638 erit,
2552 4576 2614 4626 ut
2641 4572 2883 4626 Sanctus
2908 4590 3015 4627 nec
3041 4577 3173 4627 ante
3190 4575 3346 4629 hunc
3372 4590 3729 4640 annum,nec

2120 4665 2253 4715 ante
2275 4661 2768 4732 quinquennalem
2816 4661 3044 4716 circiter
3073 4663 3229 4733 apud
3282 4664 3579 4716 Urbanum
3630 4661 3727 4733 (ad

2117 4766 2251 4803 eum
2277 4750 2434 4803 enim
2459 4766 2524 4802 ex
2553 4749 2718 4803 dictis
2747 4766 2901 4804 anno
2935 4753 3070 4805 1090
3100 4751 3356 4819 venerat)
3390 4766 3719 4804 commora-

2114 4838 2334 4893 tionem
2362 4836 2670 4891 recedendi
2699 4854 2733 4890 a
2755 4839 2912 4892 curia
2950 4837 3247 4908 pontiﬁcia
3296 4838 3717 4910 repetendique

2114 4942 2374 4980 eremum
2405 4925 2734 4979 facultatem
2772 4926 3116 4996 impetrarit.

2182 5014 2543 5079 537.Verum,
2579 5014 2658 5067 uti
2680 5014 2955 5068 Sanctum
2985 5017 3119 5069 ante
3140 5031 3359 5069 annum
3393 5017 3550 5081 1095,
3583 5030 3722 5069 con-

2110 5105 2199 5155 tra
2229 5101 2486 5156 aciidem
2515 5102 2798 5157 Brunonis
2828 5101 3131 5175 biographi
3158 5104 3434 5169 scribunt,
3469 5104 3719 5158 electum

2106 5190 2275 5244 fuisse
2298 5190 2680 5261 Rhegiensem
2700 5190 3211 5261 archiepiscopum,
3246 5191 3326 5246 ita
3348 5191 3524 5245 etiam
3556 5190 3721 5244 illum

2106 5282 2238 5333 ante
2278 5278 2547 5331 eumdem
2566 5295 2783 5332 annum
2803 5279 2984 5332 eremi
3004 5280 3248 5349 vitaeque
3267 5280 3533 5333 solitariae
3554 5294 3720 5349 repe-

2102 5368 2291 5421 tcndm
2332 5368 2664 5420 facultatem
2710 5367 2783 5420 ab
2825 5368 3056 5422 Urbano
3096 5368 3409 5423 obtinuisse
3438 5367 3713 5421 evincunt

2100 5456 2251 5510 infra
2301 5456 2411 5508 huc
2436 5455 2883 5510 transcribenda:
2929 5456 3139 5511 charta:
3174 5457 3405 5527 Rogerii
3455 5454 3708 5522 comitis,

2104 5543 2428 5613 Mesimerii,
2455 5543 2858 5616 Squillacensis
2887 5544 3160 5616 episcopi,
3189 5544 3435 5618 aliaque,
3454 5544 3706 5616 equibus
