4224 6058
245 268 359 325 329

1831 261 2015 320 ACTA

3476 274 3584 335 330

249 391 530 449 Sanctum
560 390 691 447 ante
721 405 942 446 annum
976 389 1132 479 1095,
1164 385 1284 444 imo
1304 386 1432 479 jam
1453 384 1589 479 inde
1703 401 1861 444 anno
1889 390 1946 451 A
1966 396 2086 451 tem
2115 393 2423 463 obtineret,
2460 394 2710 469 atquein
2734 394 3060 454 Calabriam
3083 397 3396 471 secederet,
3428 404 3584 479 apud

255 484 519 550 1090,aut
531 483 683 536 certe
701 481 773 535 ab
786 496 939 536 anno
958 482 1085 536 1091
1106 478 1167 534 in
1195 476 1869 549 eremoCalabrina,pon-

254 570 431 626 tificia
441 569 601 624 curia
612 569 831 631 relicta,
847 568 1016 622 fuisse
1028 571 1339 635 versatum,
1371 567 1744 622 manifestum
1761 568 1865 633 est,

250 659 333 715 uti
346 659 589 731 quisque
615 674 682 713 ex
697 656 848 712 infra
864 656 1121 711 dicendis
1135 655 1613 727 facileintelliget.
1638 657 1705 709 Et
1732 671 1868 709 vero

247 747 470 804 laudati
488 746 812 818 biographi,
828 763 927 800 seu
940 745 1127 818 potius
1162 743 1259 812 ii,e
1283 745 1708 817 quibushorum
1722 742 1869 797 anti-

255 838 431 910 quior
452 838 740 891 Puteanus
769 834 829 888 id
864 834 1072 901 hausit,
1116 833 1390 888 Sanctum
1423 837 1682 888 nostrum
1742 836 1870 887 tan-

261 926 362 981 diu
394 923 550 997 apud
571 925 869 979 Urbanum
890 939 1104 994 papam
1134 926 1561 978 commoratum
1582 940 1722 989 esse,
1755 939 1872 976 non

251 1015 371 1070 alio
393 1015 546 1069 forte
579 1030 648 1068 ex
676 1013 863 1082 capite
895 1012 953 1066 in
994 1013 1216 1067 litteras
1251 1011 1478 1080 misere,
1515 1028 1690 1083 quam
1721 1010 1875 1083 quod

251 1103 438 1177 priori
473 1101 893 1175 quinquennio,
941 1117 1054 1171 quo
1087 1100 1450 1155 Calabrinam
1500 1116 1760 1155 eremum
1792 1098 1877 1152 in-

250 1192 559 1259 habitavit,
620 1189 862 1245 subinde
890 1207 923 1244 a
971 1188 1246 1243 Pontiﬁce
1285 1189 1404 1257 illo,
1458 1188 1708 1244 consiliis
1756 1188 1876 1259 ejus

254 1282 317 1336 in
350 1281 525 1336 rebus
546 1279 740 1334 arduis
768 1278 1166 1351 implexisquc,
1219 1277 1569 1333 difﬁcillimis
1617 1278 1688 1333 iis
1733 1279 1877 1332 tem-

260 1369 511 1441 poribus
560 1368 895 1439 frequenter
928 1367 1380 1437 emergentibus,
1435 1366 1518 1420 uti
1565 1367 1814 1433 volente,
1846 1381 1877 1419 e

251 1457 575 1513 solitudine
607 1474 707 1511 sua
765 1455 942 1510 fuerit
970 1459 1258 1523 evocatus,
1292 1455 1375 1510 uti
1425 1453 1578 1510 infra
1632 1455 1872 1511 docebo.

254 1548 330 1603 Ut
356 1550 421 1602 ut
445 1545 539 1613 sit,
573 1545 851 1600 Sanctum
878 1543 1150 1616 equidem
1164 1561 1282 1600 non
1302 1543 1555 1617 quinque
1572 1543 1758 1607 annis,
1777 1542 1876 1598 sed

253 1635 512 1692 totidem
569 1634 866 1699 duntaxat,
914 1635 1013 1687 aut
1058 1634 1209 1688 forte
1262 1633 1438 1688 etiam
1489 1632 1874 1705 paucioribus,

258 1723 566 1779 mensibus
597 1722 1079 1825 apudUrbanum
1126 1724 1257 1825 post
1295 1739 1462 1776 suum
1509 1720 1879 1825 e1Ca‘rtl‘iusia
1902 1706 1952 1765 Β
1978 1759 2005 1825 §
2036 1757 2228 1811 XXX“.
2284 1756 2382 1812 An
2425 1756 2660 1814 Sanctus
2685 1776 2719 1814 α
2769 1759 2854 1814 Ro

253 1828 562 1885 egressum
583 1810 883 1877 mansisse,
907 1811 1099 1881 palam
1123 1813 1207 1865 est
1232 1827 1297 1865 ex
1318 1826 1386 1865 eo
1415 1810 1569 1882 quod
1598 1809 1672 1865 ad
1724 1810 1879 1864 hunc

252 1919 323 1957 ex
355 1901 526 1956 dictis
560 1917 676 1955 non
706 1903 840 1955 ante
872 1899 1184 1967 annil090,
1211 1900 1470 1972 Aprilem
1520 1902 1619 1954 aut
1668 1898 1877 1954 Maium

250 1989 581 2057 accesserit,
625 2006 809 2061 eoque
855 1989 977 2061 ipso
1026 2004 1180 2044 anno
1237 1988 1424 2042 adhuc
1476 1990 1765 2054 currente,
1814 1986 1875 2042 in

252 2079 528 2135 Calabria
571 2078 699 2149 jam
755 2076 1035 2131 exstiterit
1088 2080 1259 2148 atque
1313 2075 1530 2130 ibidem
1591 2092 1875 2143 eremum,

251 2184 441 2240 quam
479 2169 580 2220 aut
618 2164 829 2220 eodem
870 2180 1024 2219 anno
1072 2166 1229 2230 1090,
1272 2166 1371 2218 aut
1413 2166 1567 2218 certe
1612 2179 1730 2217 non
1779 2163 1875 2218 diu

248 2257 387 2328 post
420 2252 749 2308 inhabitare
777 2252 967 2325 erepit,
999 2269 1034 2306 a
1064 2252 1330 2325 Rogerio,
1379 2250 1656 2307 Calabria:
1687 2253 1746 2306 et
1795 2249 1877 2305 Si-

253 2342 407 2397 cilia:
433 2341 666 2408 comite,
694 2340 800 2396 sibi
830 2358 1099 2396 concessa
1125 2341 1325 2396 charta
1352 2340 1579 2411 publica
1605 2339 1877 2413 impetra-

249 2432 359 2497 vit,
395 2431 480 2485 uti
509 2430 663 2485 infra
686 2430 932 2485 dicenda
967 2430 1248 2502 aperient.
1283 2430 1393 2483 Nec
1425 2428 1700 2483 Sanctum
1749 2428 1874 2483 diu-

254 2522 392 2587 tius,
431 2536 606 2590 quam
634 2519 759 2590 jam
790 2519 1110 2585 statuerim,
1136 2518 1289 2590 apud
1316 2519 1613 2573 Urbanum
1638 2533 1871 2589 papam,

248 2612 576 2680 antequam
603 2625 636 2661 a
662 2625 763 2661 suo
796 2624 826 2660 e
854 2607 1152 2663 Carthusia
1168 2623 1399 2678 egressu
1417 2605 1716 2661 Pontiﬁcia
1742 2622 1876 2660 acu-

249 2698 343 2754 ria
367 2696 674 2751 secedendi
730 2696 1063 2751 facultatem
1095 2695 1403 2763 obtineret,
1438 2696 1873 2767 Calabriamque

248 2789 507 2860 peteret,
536 2789 966 2840 commoratum
998 2802 1140 2853 esse,
1174 2784 1492 2854 credidere,
1521 2789 1584 2841 ut
1611 2787 1871 2857 apparet,

246 2875 600 2931 vetustiores
635 2873 1016 2928 Carthusiani.

317 2962 681 3018 538.Etenim
696 2961 1018 3033 primorum
1035 2960 1872 3034 quinqueCarthusizePriorum
1895 2993 1941 3052 α

256 3053 659 3123 chronologus
669 3068 767 3105 seu
784 3050 1077 3122 antiquior
1091 3050 1281 3105 Sancti
1297 3050 1477 3105 nostri
1500 3051 1872 3122 biographus,

251 3142 354 3213 qui
383 3158 453 3195 ex
483 3156 655 3211 supra
683 3139 845 3194 dictis
858 3141 1064 3194 saeculo
1092 3157 1186 3194 xm
1220 3140 1433 3206 ﬂoruit,
1455 3141 1525 3194 de
1542 3140 1874 3195 S.Brunone

248 3231 449 3304 primo
468 3228 707 3301 quidem
746 3244 908 3283 num.
944 3232 1007 3283 16
1030 3228 1314 3301 etseq.ita
1341 3229 1535 3300 prodit
1551 3227 1870 3284 memoriae:

250 3342 277 3368 ››
318 3316 676 3372 Venerabilis
707 3318 897 3384 Pater,
930 3317 1024 3384 ad,
1058 3334 1353 3371 summum
1396 3317 1734 3372 Pontiﬁcem
1778 3334 1871 3371 ve-

247 3405 669 3473 niens,eidem,
713 3421 831 3460 non
884 3407 1075 3476 longe,
1118 3406 1218 3460 sed
1267 3406 1424 3461 brevi
1471 3409 1733 3477 tempore
1784 3423 1871 3460 as-

243 3495 477 3561 sistens,
523 3493 770 3548 consiliis
798 3496 855 3547 et
882 3493 1104 3549 auxiliis
1135 3494 1479 3549 salutaribus
1523 3494 1664 3565 ejus
1687 3494 1872 3548 multa

247 3600 440 3639 onera
471 3582 865 3654 supportabat,
896 3585 954 3636 et
981 3583 1227 3636 multum
1262 3582 1322 3636 in
1354 3581 1639 3654 regimine
1662 3584 1871 3636 sanctae

244 3672 354 3728 Dei
388 3670 654 3725 Ecclesiae
677 3670 798 3740 ejus
820 3670 1267 3725 sollicitudinem
1293 3688 1396 3725 sua
1414 3669 1871 3743 promptitudine

248 3759 613 3815 subievabat.
642 3759 750 3814 Diu
782 3762 1003 3813 tamem
1040 3759 1330 3832 patienter
1367 3760 1724 3815 dissimulare
1752 3774 1871 3813 non

248 3848 449 3922 potuit
471 3846 783 3903 tristimam
817 3850 874 3901 et
896 3848 1157 3902 dolorem
1177 3851 1520 3919 conceptum
1538 3848 1607 3902 de
1634 3863 1870 3902 suorum

245 3935 614 4010 dispersione
643 3935 918 4003 ﬁliorum,
946 3936 1357 4008 etstrepituset
1380 3936 1657 3991 tumultus
1673 3935 1864 4003 curiae,

244 4023 643 4095 impedientes
680 4024 1047 4078 dulcedinem
1079 4028 1136 4079 et
1163 4024 1440 4095 quietem,
1498 4042 1612 4096 qua
1652 4023 1764 4078 frui
1812 4028 1869 4078 et

245 4112 407 4185 pasci
434 4112 496 4165 in
526 4128 725 4167 eremo
740 4116 1133 4179 consueverat,
1163 4113 1416 4184 graviter
1436 4113 1627 4167 ferens
1652 4115 1710 4167 et
1742 4112 1864 4166 diu-

247 4200 362 4256 tius
394 4201 547 4255 ferre
581 4218 697 4255 non
721 4200 1023 4269 sustinens,
1064 4202 1318 4273 exposita
1356 4218 1586 4256 summo
1606 4200 1866 4255 Pontiﬁci

1968 483 2265 541 Urbanum
2305 501 2519 559 papam
2566 486 2739 542 fuisse
2788 492 3236 559 commoratum,
3296 491 3411 546 suis
3445 511 3587 568 quas

1969 575 2204 630 adhibet
2232 576 2507 647 loquendi
2536 576 2799 631 formulis
2858 576 3139 634 indicans.
3193 579 3401 649 Quare,
3452 600 3585 640 cum

1971 660 2328 717 Carthusiani
2356 663 2733 736 antiquiores,
2768 666 2864 738 qui
2904 667 3226 740 quidquam
3272 670 3343 725 de
3384 674 3582 727 sancto

1973 749 2198 805 Ordinis
2219 751 2303 805 sui
2320 753 2646 809 Institutore
2662 754 2865 810 litteris
2889 756 3323 829 consignavere,
3346 776 3448 815 sua
3464 760 3585 816 fere

1972 840 2217 894 omniae
2236 840 2490 908 laudato,
2519 842 2678 913 cujus
2708 842 2799 897 hic
2815 842 2942 913 jam
2965 846 3207 901 recitata
3228 848 3400 903 verba
3428 853 3581 918 sunt,

1972 927 2295 998 primorum
2313 930 2565 1002 quinque
2594 931 2905 988 Carthusiaa
2936 935 3201 991 Priorum
3228 936 3583 1011 chronologo

1972 1016 2288 1085 hauserint,
2303 1019 2727 1075 verosimillime
2756 1020 2925 1092 hujus
2966 1021 3316 1081 inhaerentes
3336 1026 3588 1098 vestigiis

1976 1102 2183 1158 Sancto
2198 1107 2417 1171 nostro,
2441 1120 2559 1159 non
2578 1105 3092 1179 quinquennalem,
3126 1109 3228 1164 sed
3258 1111 3434 1184 longe
3469 1112 3580 1168 mi-

1976 1208 2082 1244 nus
2113 1192 2444 1247 diuturnam
2457 1194 2611 1265 apud
2630 1194 2925 1250 Urbanum
2940 1213 3150 1269 papam
3180 1200 3587 1257 commoratio-

1977 1296 2110 1333 nem
2137 1280 2534 1350 attribuerint;
2563 1299 2670 1337 nec
2691 1300 2830 1338 sane
2849 1284 3167 1354 immerito,
3196 1303 3327 1343 cum
3341 1288 3585 1345 Sanctus

1977 1367 2050 1421 ad
2076 1368 2229 1421 hunc
2259 1372 2392 1423 ante
2419 1370 2558 1425 anni
2593 1372 2987 1442 lOQOAprilem
3019 1390 3138 1428 non
3172 1376 3413 1445 venerit,
3443 1378 3582 1433 hoc-

1976 1471 2085 1526 que
2109 1455 2231 1527 ipso
2263 1474 2417 1513 anno
2450 1457 2813 1514 Pontiﬁciam
2834 1456 3054 1517 curiam
3078 1461 3396 1536 reliquerit,
3417 1466 3497 1520 uti
3514 1483 3584 1522 ex

1968 1544 2093 1615 jam
2109 1562 2279 1617 supra
2310 1545 2472 1601 dictis
2484 1546 2618 1601 satis
2648 1546 2852 1620 liquet,
2885 1549 3187 1623 magisque
3217 1568 3286 1607 ex
3325 1552 3584 1610 dicendis

1975 1635 2247 1705 patescet.
2944 1668 2954 1675 -

2891 1762 3000 1815 crio
3049 1758 3321 1819 Calabriae
3374 1767 3585 1830 comite,

2048 1830 2691 1909 venationentcxefcente,
2715 1831 2786 1909 Ain
2813 1830 3104 1909 Calabriae
3143 1850 3319 1905 specu,
3370 1837 3427 1889 in
3481 1852 3585 1909 quo

2047 1915 2101 1979 se
2125 1901 2424 1979 cumﬁsoczizlg
2445 1900 2744 1979 abdiderat,
2793 1902 2961 1979 fuerit
3000 1900 3293 1979 repertus;
3324 1923 3449 1979 quo,
3483 1900 3587 1962 “re-

2050 1968 2173 2023 [icta
2214 1969 2506 2043 fonti/icit:
2546 1974 2719 2034 curia,
2740 1968 2983 2043 primum
3010 1968 3349 2040 concesserit:
3389 1983 3440 2032 et
3491 1994 3588 2033 cur

2050 2047 2175 2094 tunc
2199 2039 2547 2096 Carthasiam
2582 2059 2691 2097 non
2728 2039 3011 2114 repetierit.

2047 2166 2171 2220 539.
2197 2164 2471 2220 Sanctum
2483 2167 3079 2235 nostrum,Pontificia
3093 2169 3253 2225 curia
3272 2187 3339 2226 ex
3369 2171 3588 2230 Urbani

1976 2253 2144 2325 Papa:
2175 2270 2457 2309 consensu
2489 2254 2710 2323 relicta,
2739 2255 2799 2310 in
2836 2256 3113 2313 Calabria;
3149 2275 3433 2329 eremum,
3494 2263 3587 2319 cui

1972 2340 2414 2411 Turrisnomen,
2446 2343 2763 2412 secessisse,
2797 2345 2995 2400 sedem
3032 2345 3271 2417 ibidem,
3304 2349 3446 2405 casis
3477 2351 3585 2408 hu-

1941 2502 1945 2508 ,
1976 2430 2207 2484 milibus
2234 2430 2550 2498 exstructis,
2588 2430 2792 2499 ﬁxisse,
2841 2431 2903 2487 in
2934 2434 3240 2505 speluncis,
3271 2437 3332 2492 iu
3383 2439 3587 2511 quibus

1976 2535 2107 2572 cum
2134 2518 2298 2573 sociis
2320 2519 2680 2588 morabatur,
2715 2537 2750 2575 a
2780 2521 3028 2594 Rogerio
3048 2523 3325 2581 Calabria:
3357 2529 3413 2581 et
3445 2527 3585 2582 Sici-

1975 2606 2064 2661 liae
2096 2606 2433 2679 comite,qui
2458 2624 2591 2662 eum
2612 2612 2736 2663 tum
2760 2610 3023 2665 nondum
3042 2613 3396 2685 cognoverit,
3414 2633 3583 2671 vena-

1974 2694 2195 2749 tionem
2216 2699 2538 2763 exercente,
2572 2696 2743 2753 fuisse
2789 2698 3113 2768 inventum,
3166 2701 3390 2774 hacque
3421 2721 3585 2761 occa-

1974 2782 2134 2837 sione
2165 2784 2401 2851 factum,
2461 2788 2522 2838 ut
2552 2801 2815 2842 eremum
2846 2787 3006 2844 illam
3037 2789 3110 2844 ab
3167 2789 3278 2845 hoc
3327 2791 3588 2865 principe

1974 2870 2612 2940 oblinuerit,memoriaa
2634 2875 2890 2946 produnt
2910 2893 3114 2931 omnes
3147 2878 3592 2954 praecipui,quos

1976 2959 2049 3014 ad
2063 2977 2303 3014 manum
2319 2961 2741 3028 habeo,sa3culo
2757 2964 2961 3035 quinto
2980 2964 3203 3020 decimo
3216 2969 3585 3037 posteriores,

1977 3047 2033 3101 S.
2068 3049 2351 3103 Brunonis
2394 3048 2720 3122 biographi,
2753 3051 3017 3106 videlicet
3055 3053 3358 3109 Zacharias
3402 3056 3585 3113 Bene-

1976 3136 2178 3203 dictus,
2211 3138 2516 3205 Puteanus,
2548 3139 2979 3194 Blomenvenna
3024 3143 3083 3194 et
3142 3141 3357 3198 Surius.
3401 3142 3586 3201 Solius

1976 3226 2443 3292 Blomenvennae,
2477 3225 2632 3298 quod
2661 3226 2914 3299 reliquos
2943 3226 3049 3283 sibi
3078 3229 3431 3286 adamussim
3464 3232 3584 3289 fere

1974 3316 2357 3368 consonantes
2385 3314 2621 3383 habeat,
2666 3315 2994 3389 horumque
3027 3317 3271 3388 proinde
3316 3321 3585 3377 omnium

1973 3402 2161 3455 locum
2194 3403 2392 3457 tenere
2419 3406 2610 3475 queat,
2639 3404 2812 3459 verba
2829 3405 2941 3459 huc
2962 3407 3300 3476 spectantia,
3347 3406 3585 3483 reliquis

1973 3489 2091 3543 fere
2142 3490 2412 3545 omnibus
2471 3491 2715 3559 omissis,
2778 3493 3119 3550 transcribo.
3183 3495 3273 3551 Sic
3326 3486 3580 3555 habent:

1974 3598 2003 3624 ››
2036 3577 2180 3632 Cum
2210 3580 2507 3633 voluntate
2553 3579 2751 3652 itaque
2802 3584 2859 3635 et
2916 3582 3323 3641 benedictione
3366 3588 3583 3644 summi

1972 3665 2265 3721 Pontiﬁcis
2286 3653 2553 3722 dimissus
2598 3668 2676 3739 (S.
2714 3671 2905 3724 Bruno
2954 3670 3254 3745 nimirum)
3307 3674 3584 3732 Calabriae

1972 3753 2199 3809 deserta
2234 3755 2398 3826 petiit
2426 3772 2557 3810 cum
2584 3756 2805 3828 aliquot
2823 3758 3082 3828 ejusdem
3114 3762 3393 3832 propositi
3424 3763 3578 3832 viris,

1971 3859 2112 3914 quos
2135 3842 2569 3899 ferventissimis
2598 3844 2714 3899 suis
2735 3830 3241 3903 exhortationibus
3269 3850 3342 3905 ad
3376 3830 3581 3911 mundi

1968 3934 2372 4005 contemptum
2394 3931 3002 3989 induxerat.Audierat
3027 3934 3207 4003 enim,
3224 3937 3338 3992 illic
3351 3920 3579 3995 deserta

1968 4037 2088 4075 esse
2109 4022 2236 4076 loca
2254 4021 2507 4094 plurima
2529 4021 2602 4077 ad
2628 4023 3031 4095 paenitentiam
3065 4025 3354 4095 agendam
3382 4016 3576 4083 solita-

1968 4109 2230 4181 riamque
2251 4109 2428 4164 vitam
2441 4109 2776 4166 sectandam
2795 4111 3385 4185 aptissima.0ptabat,
3402 4098 3578 4187 prout

1966 4198 2300 4268 frequenter
2312 4199 2662 4266 decreverat,
2678 4200 2865 4254 redire
2886 4200 3247 4257 Carthusiam
3278 4204 3350 4257 ad
3368 4188 3575 4261 fratres

246 4308 351 4345 sua
385 4290 767 4356 desolatione,
800 4306 931 4344 cum
960 4308 1190 4344 summa
1230 4290 1502 4345 instantia
1538 4289 1865 4360 imploravit
1891 4282 1942 4341 D
1965 4304 2094 4342 suos
2115 4287 2499 4354 charissimos,
2523 4305 2666 4360 quos
2683 4289 3072 4362 praemiserat;
3105 4290 3205 4344 sed
3246 4292 3381 4364 quia
3412 4296 3570 4350 sum-

245 4383 307 4434 et
342 4378 675 4450 impetravit
704 4396 739 4432 a
769 4378 924 4432 curia
958 4378 1210 4449 separari
1263 4383 1319 4433 et
1362 4378 1519 4450 quod
1565 4382 1757 4450 posset
1790 4378 1863 4432 ad

244 4484 517 4521 eremum
550 4469 608 4521 et
637 4468 793 4521 cella:
817 4466 943 4537 jam
970 4466 1379 4538 przegdstatam
1409 4467 1773 4521 dulcedinem
1804 4469 1863 4520 et

244 4555 640 4609 desideratam
658 4555 919 4627 requiem
936 4556 1243 4626 repedare;
1262 4577 1287 4603 η
1305 4554 1513 4609 deinde
1544 4571 1675 4609 vero
1693 4571 1856 4610 num.

242 4645 316 4698 2i»
341 4644 666 4715 sequentia,
701 4661 828 4715 quae
864 4645 971 4698 huc
1004 4643 1178 4697 etiam
1208 4643 1445 4711 faciunt,
1492 4642 1854 4714 suppeditat:

250 4754 272 4781 ι
308 4734 501 4787 Bruno
532 4732 725 4803 igitur,
759 4733 844 4787 vir
871 4732 1257 4787 sanctissimus
1273 4735 1331 4787 et
1360 4733 1596 4803 gemina
1623 4731 1859 4788 scientia

242 4820 543 4893 praeditus,
594 4825 712 4874 tam
758 4820 945 4875 divina
987 4821 1216 4887 scilicet,
1251 4837 1426 4892 quam
1462 4821 1855 4887 humana,.....

240 4926 515 4966 eremum
549 4908 1131 4964 Carthusiicrexitsex
1161 4909 1348 4975 annis,
1383 4912 1603 4981 etpost,
1636 4913 1698 4963 ut
1720 4925 1861 4980 prae-

242 4997 467 5055 dictum
496 5002 597 5065 est,
633 5016 666 5052 a
692 4999 848 5069 Papa
872 5000 1122 5065 vocatus,
1156 5001 1213 5052 et
1258 5016 1375 5053 non
1406 4997 1500 5052 diu
1532 5001 1660 5069 post
1697 4997 1769 5051 ad
1800 5012 1859 5050 e-

243 5104 477 5143 remum
495 5086 790 5154 Calabriae,
824 5086 913 5139 cui
941 5086 1134 5141 Turris
1174 5104 1389 5142 nomen
1418 5089 1520 5153 est,
1554 5085 1859 5155 transiens,

245 5174 346 5240 ibi,
377 5177 574 5228 sancto
605 5176 929 5228 constructo
958 5174 1360 5242 .monastcrio,
1402 5175 1717 5229 multorum
1760 5173 1862 5229 Dei

245 5278 547 5318 servorum
560 5263 1040 5319 anachoretarum
1056 5266 1242 5318 rector
1253 5263 1465 5317 exstitit
1475 5265 1533 5315 et
1547 5261 1861 5318 minister.»

247 5351 334 5405 Ita
352 5350 444 5406 ille
458 5350 783 5423 utrobique,
818 5355 1101 5425 quantum
1127 5355 1384 5423 apparet,
1419 5350 1474 5407 S.
1509 5352 1863 5422 Brunonem,

250 5456 373 5495 non
392 5439 647 5513 quinque
672 5439 855 5510 annis,
870 5441 974 5498 sed
995 5442 1168 5513 longe
1183 5440 1429 5496 breviori
1451 5439 1728 5511 temporis
1746 5459 1871 5516 spa-

252 5527 357 5596 tio,
392 5531 706 5602 antequam
720 5531 887 5587 curiae
905 5529 1219 5588 Pontiﬁciae
1233 5528 1625 5603 relinquendae
1639 5528 1872 5591 faculta-

750 5630 990 5691 l’ArAOL.
1022 5626 1175 5685 CLII.

1964 4392 2092 4428 mus
2122 4374 2385 4429 Pontifex
2405 4392 2534 4430 cum
2566 4394 2667 4431 sua
2701 4376 2859 4431 curia
2893 4377 3174 4432 transibat
3204 4378 3263 4434 in
3303 4378 3566 4450 Galliam,

1962 4465 2019 4519 in
2053 4463 2210 4534 cujus
2239 4464 2449 4518 finibus
2481 4458 2777 4519 Carthusia
2806 4464 2913 4519 sita
2970 4468 3078 4534 est,
3121 4471 3438 4539 metuebat,
3488 4458 3569 4529 Ine

1961 4551 2202 4618 curiam,
2237 4569 2410 4623 quam
2441 4552 2719 4623 fugiebat,
2769 4553 2846 4609 ibi
2880 4554 3170 4612 declinare
3205 4574 3325 4613 non
3357 4564 3568 4633 posset.

1960 4642 2028 4696 Et
2056 4642 2184 4695 ideo
2219 4642 2288 4695 ad
2335 4640 2611 4695 Calabria:
2639 4642 2826 4713 potius
2859 4642 3084 4699 deserta
3113 4663 3173 4699 se
3206 4650 3570 4709 contulit.....

1956 4730 2126 4785 Venit
2148 4730 2340 4800 itaque
2366 4729 2461 4783 Vir
2489 4732 2716 4784 sanctus
2733 4730 2804 4785 ad
2821 4732 3137 4802 quamdam
3152 4733 3424 4790 Calabria:
3442 4754 3567 4793 ere-

1960 4836 2144 4885 mum,
2190 4818 2279 4872 cui
2332 4818 2526 4873 Turris
2577 4836 2791 4873 nomen
2837 4823 2941 4885 est,
2991 4822 3050 4875 in
3098 4821 3323 4877 dioecesi
3379 4823 3566 4895 Squil-

1959 4907 2190 4973 laccnsi,
2226 4905 2417 4979 ibique
2451 4925 2569 4961 non
2598 4908 2768 4961 cellas
2788 4908 3087 4979 pretiosas,
3121 4910 3256 4981 quia
3304 4916 3567 4984 sumptus

1961 4996 2035 5051 ad
2089 5012 2183 5048 eas
2234 5010 2351 5049 non
2401 4996 2760 5068 suppetebat,
2814 4996 2914 5050 sed
2981 5013 3137 5050 casas
3189 4997 3438 5052 humiles
3497 4999 3570 5055 de

1961 5084 2052 5139 vili
2086 5083 2351 5151 materia,
2408 5085 2508 5139 sed
2539 5084 2597 5138 in
2658 5083 2880 5139 Christo
2931 5085 3201 5155 pretiosa,
3252 5086 3571 5142 aedificave-

1961 5175 2214 5230 runt.....

2040 5266 2201 5318 540.‹‹
2217 5261 2359 5317 Cum
2388 5265 2584 5318 autem
2615 5259 2829 5316 dictam
2853 5276 3113 5316 eremum
3125 5263 3381 5334 primum
3412 5259 3588 5315 inha-

1968 5350 2155 5408 bitare
2214 5352 2532 5424 coepissent,
2560 5349 2824 5422 contigit,
2859 5348 3106 5406 Domino
3137 5352 3247 5407 hoc
3275 5351 3604 5424 operante,

1970 5446 2043 5497 ut
2070 5440 2319 5515 quodam
2346 5441 2436 5497 die
2466 5452 2664 5494 comes
2712 5439 2985 5496 Calabria).
3011 5439 3484 5514 Rogerius,cnm
3519 5454 3629 5496 suo

1978 5549 2104 5591 nou
2121 5546 2291 5606 parvo
2306 5530 2582 5589 comitatu
2607 5530 2669 5588 et
2702 5546 2911 5591 canum
2942 5531 3319 5590 multitudine
3370 5521 3665 5597 copiosa

3244 5632 3313 5702 lt
