4026 6042
430 348 528 409 331

1257 350 1316 408 S.
1344 351 1691 409 BRUNONIS
1731 348 2367 408 CARTHUSIANOBUM
2404 345 2869 403 INSTITUTORIS

3653 347 3763 404 332

424 501 488 559 in
518 502 725 560 eadem
756 517 955 559 eremo
968 502 1162 560 Turris
1196 505 1489 562 venationi
1514 504 1807 573 insistens,
1860 503 1934 559 ad
1960 505 2049 559 lo-
2072 510 2127 571 Α
2151 502 2426 567 declarat,
2446 499 2506 554 in
2541 498 3116 572 Calabrium,partim
3134 497 3287 565 huic,
3320 496 3403 553 uti
3431 495 3583 553 infra
3596 498 3761 554 doce-

426 609 579 659 cum,
600 590 693 646 ubi
724 592 872 645 servi
906 592 1007 647 Dei
1041 594 1305 649 habitare
1338 597 1653 665 caperent,
1706 593 2037 648 deveniret:

420 698 589 737 canes
618 680 1061 747 autem,olfactu
1087 698 1189 736 suo
1214 682 1439 737 diversa
1496 682 1754 737 ferarum
1798 680 2037 752 vestigia

419 770 807 841 insequentes,
860 768 936 823 ad
981 771 1279 840 speluncas
1337 788 1435 825 seu
1478 787 1654 837 casas,
1718 770 1777 825 in
1829 770 2035 841 quibus

421 862 648 914 sanctus
706 860 896 912 Bruno
955 874 1087 911 cum
1148 858 1261 912 suis
1310 858 1628 925 habitabat,
1672 858 2029 913 devenerint.

418 947 524 1002 Ubi
555 946 677 1000 ﬁxis
705 945 965 1017 pedibus,
999 946 1299 1001 latratibus
1322 948 1516 1001 multis
1549 947 1786 1002 domino
1814 962 1914 1001 suo
1943 945 2031 1001 in-

422 1034 692 1090 dicabant
717 1050 996 1106 magnam
1009 1052 1067 1088 se
1096 1034 1377 1090 invenisse
1423 1036 1704 1107 pradam.
1735 1035 1857 1100 Quo
1889 1034 2029 1103 viso,

418 1138 632 1190 comes,
667 1139 799 1177 cum
857 1121 969 1176 suis
1000 1123 1223 1177 concito
1260 1140 1427 1178 cursu
1474 1112 1728 1191 veniens,
1776 1124 2033 1196 repperit

418 1213 615 1267 Patres
634 1210 942 1281 pradictos
958 1210 1016 1265 in
1033 1211 1251 1266 eisdem
1269 1212 1573 1283 speluncis,
1607 1212 1768 1267 ﬂexis
1789 1213 2030 1285 genibus

402 1296 734 1371 erectisque
761 1299 821 1353 in
867 1300 1073 1355 coelum
1122 1301 1370 1355 vultibus
1427 1317 1491 1355 ac
1538 1300 1803 1355 manibus
1860 1302 2028 1357 simul

417 1390 647 1442 orantes
677 1391 733 1441 et
764 1386 1281 1442 Deumlaudantes.
1309 1388 1519 1444 Videns
1534 1390 1640 1443 hoc
1664 1406 1878 1458 comes,
1909 1406 2028 1445 ma-

416 1491 534 1547 gna
555 1475 940 1529 admiratione
966 1476 1238 1547 repletus,
1271 1493 1443 1548 equo,
1472 1477 1560 1531 cui
1590 1477 1895 1544 insibebat,
1926 1479 2026 1533 de-

412 1562 626 1631 siliens,
660 1563 864 1618 devote
895 1566 953 1618 et
982 1563 1283 1617 humiliter
1310 1564 1464 1636 ipsos
1492 1566 1776 1631 salutavit,
1839 1566 2025 1637 deque

404 1652 584 1707 ‘causa
598 1652 875 1706 adventus
896 1654 1161 1723 statuque
1179 1651 1437 1722 ipsorum
1456 1654 1694 1707 sollicite
1708 1654 2027 1726 interroga-

412 1739 565 1794 vit.A
595 1740 803 1811 quibus
834 1756 966 1793 cum
1010 1739 1239 1810 singula
1268 1757 1372 1811 per
1404 1742 1673 1796 ordinem
1714 1742 2022 1812 didicisset,

2147 590 2247 658 bo,
2288 590 2498 663 partim
2514 588 2969 659 comitiRogerio
2993 592 3128 643 tunc
3158 587 3755 658 subditam,venerint,

2143 679 2357 751 ibique,
2392 695 2523 733 cum
2555 681 2689 732 ante
2720 677 3019 749 ipsiusmet
3038 677 3197 732 ducis
3228 676 3462 748 Rogerii
3494 676 3668 732 ductu
3694 677 3756 733 in

2136 769 2305 822 terris
2343 767 2474 822 huic
2529 766 2767 822 subditis
2819 767 3011 821 locum
3067 765 3361 838 proposito
3409 782 3509 820 suo
3553 770 3755 837 aptum

2138 857 2548 929 quasivissent,
2578 872 2681 910 nec
2702 855 3072 923 invenissent,
3102 856 3279 910 talem
3300 855 3537 910 tandem
3576 854 3756 913 inRo-

2138 945 2283 1016 gerii
2304 944 2531 1000 comitis
2558 943 2837 999 comitatu
2868 961 2967 998 seu
2999 944 3167 998 terris
3188 943 3320 997 huic
3339 944 3607 1015 subjectis
3635 945 3752 999 ele~

2136 1034 2350 1104 gerint,
2386 1031 2808 1088 consectarium
2840 1034 2926 1086 est
2980 1034 3061 1098 ut,
3110 1032 3348 1087 obtenta
3376 1049 3411 1086 a
3466 1032 3751 1089 Pontiﬁce

2135 1120 2353 1176 curiam
2382 1120 2750 1193 relinquendi
2778 1136 3157 1191 eremumque
3187 1119 3423 1191 petendi
3453 1120 3747 1189 facultate,

2133 1225 2250 1265 non
2277 1213 2452 1277 recta,
2486 1212 2549 1264 ut
2574 1211 3003 1263 Blomenvenna
3030 1208 3217 1264 verbis
3245 1208 3506 1281 proxime
3542 1209 3745 1266 recita-

2084 1290 2093 1295 ”
2131 1298 2203 1351 tis
2230 1299 2417 1366 docet,
2446 1298 2505 1352 in
2517 1296 2880 1352 Turritanam
2907 1297 3181 1352 Calabria
3205 1314 3469 1352 eremum
3498 1298 3743 1369 Rogerio

2132 1387 2332 1442 comiti
2366 1386 2705 1457 subjectam,
2740 1385 2840 1439 sed
2868 1385 2929 1439 in
2960 1386 3143 1440 terras
3176 1385 3304 1440 duci
3333 1384 3580 1457 Rogerio
3610 1387 3743 1441 sub-

2131 1473 2299 1542 ditas,
2334 1476 2525 1529 locum
2555 1472 2868 1528 eremitica
2898 1473 3029 1528 vita
3060 1475 3259 1545 aptum
3300 1472 3516 1528 ibidem
3547 1474 3747 1546 quasi-

2126 1562 2265 1630 turi,
2298 1579 2420 1617 sese
2446 1562 2817 1617 contulerint.

2199 1653 2325 1707 542.
2358 1653 2481 1705 lmo
2540 1666 2675 1705 vero
2708 1666 2861 1716 cum,
2893 1652 2956 1704 ut
2975 1649 3101 1721 jam
3139 1647 3274 1716 dixi,
3317 1650 3442 1705 loco
3478 1649 3537 1705 in
3567 1650 3741 1721 hisce,

2129 1756 2305 1813 quem
2335 1738 2634 1812 proposito
2655 1755 2756 1793 suo
2772 1738 3047 1792 idoneum
3065 1737 3503 1807 arbitrarentur,
3522 1756 3638 1794 non
3654 1740 3743 1796 in-

400 1828 637 1900 .gavisus
662 1829 748 1881 est
770 1828 1389 1883 valdelaudansDeum
1412 1833 1468 1883 et
1489 1830 1837 1901 glorificans,
1871 1832 2025 1902 quod
2046 1846 2097 1906 Β
2125 1831 2320 1895 vento,
2355 1829 2530 1882 talem
2564 1826 2622 1881 in
2673 1826 2858 1893 terris,
2913 1826 2995 1880 uti
3050 1825 3381 1897 diplomatis
3417 1845 3451 1882 a
3494 1828 3741 1900 Bogerio

409 1916 511 1972 tali
543 1933 677 1971 eum
718 1915 961 1987 dignum
987 1916 1301 1987 judicasset
1333 1918 1847 1989 prada.Sperabat
1869 1919 2025 1975 enim

407 2005 707 2078 religiosus
732 2022 946 2072 comes,
979 2022 1037 2061 se
1068 2008 1403 2077 terramque
1433 2024 1597 2061 suam
1619 2024 1821 2063 eorum
1848 2010 2024 2064 meri-

408 2094 481 2150 tis
512 2098 569 2149 et
593 2094 856 2166 precibus
885 2094 1142 2165 adjuvari
1184 2096 1337 2167 apud
1382 2098 1566 2150 Deum
1598 2101 1772 2168 atque
1804 2098 1862 2152 in
1883 2115 2024 2170 pace

408 2182 754 2238 conservari.
786 2183 853 2237 Et
884 2185 1283 2253 propterea,ut
1298 2188 1529 2255 possent
1546 2185 1763 2241 ibidem
1778 2186 2025 2257 quietius

412 2271 623 2337 vivere,
657 2269 981 2342 diutiusque
1008 2287 1393 2341 perseverare,
1423 2274 1583 2328 dedit
1613 2274 1692 2328 eis
1725 2275 2022 2331 ecclesiam

407 2361 598 2416 Beata
627 2359 815 2414 Maria
846 2362 903 2413 et
934 2360 1089 2414 Beati
1119 2359 1395 2431 Stephani
1432 2362 1503 2416 de
1544 2379 1763 2431 eremo;
1796 2363 1892 2417 ubi
1923 2382 2022 2420 eos

409 2449 747 2522 frequenter
769 2447 1022 2515 visitans,
1066 2448 1135 2503 de
1156 2450 1285 2503 vita
1301 2450 1635 2505 necessariis
1656 2452 2015 2524 providebat,

410 2538 875 2608 documentaque
927 2537 1123 2591 salutis
1160 2538 1232 2592 ab
1288 2538 1367 2591 eis
1424 2538 1673 2594 libenter
1726 2540 2015 2610 audiebat,

405 2627 644 2682 beatum
657 2642 790 2680 vero
810 2625 1427 2697 Brunonem,ipsorum
1443 2628 1705 2682 omnium
1725 2631 2017 2702 pastorem

406 2715 927 2786 acPatrem,quem
961 2729 1079 2785 pra
1107 2713 1327 2768 cateris
1360 2716 1570 2770 arctius
1607 2716 1902 2789 diligebat,
1943 2720 2017 2774 ad

392 2800 466 2859 se
494 2802 833 2875 frequenter
863 2802 1155 2857 evocabat.
1188 2802 1373 2867 Quem
1387 2804 1562 2859 etiam
1596 2806 1657 2860 in
1688 2824 1905 2879 magna
1930 2826 2018 2864 re-

401 2891 664 2949 verentia
693 2908 924 2963 semper
958 2892 1180 2959 habuit,
1233 2896 1290 2946 et
1313 2896 1594 2965 tanquam
1649 2895 1904 2967 primum
1955 2897 2016 2952 in

404 2981 580 3039 domo
613 2998 734 3049 sua,
770 2980 891 3053 ejus
922 2979 1173 3035 consiliis
1217 2980 1604 3053 acquiescens,
1655 2984 1775 3055 ejus
1805 2986 2019 3042 oratio-

404 3071 591 3138 nibus,
634 3069 838 3143 quibus
891 3068 1212 3143 plurimum
1279 3070 1629 3140 confidebat,
1691 3090 1749 3128 se
1801 3074 2021 3147 jugiter

402 3159 842 3217 commendans.

479 3250 604 3305 541.
633 3249 920 3303 Hactenus
956 3248 1411 3316 Blomenvenna,
1445 3266 1545 3303 seu
1572 3251 1762 3322 potius
1816 3268 2021 3309 omnes

404 3353 578 3409 supra
604 3335 820 3390 laudati
852 3334 908 3389 S.
945 3335 1579 3408 Brunonisbiographi:
1611 3356 1762 3393 nunc
1794 3340 2020 3412 singula

407 3428 509 3483 aut
536 3425 742 3479 saltem
771 3423 1219 3496 pracipua,qua
1234 3424 1418 3479 verbis
1436 3426 1691 3481 recitatis
1720 3428 2021 3484 adstruun-

409 3511 942 3582 tur,examinanda,
974 3528 1039 3566 ac
1069 3512 1129 3567 in
1147 3512 1351 3585 primis
1370 3514 1627 3586 quidem,
1657 3533 1730 3571 an
1758 3516 2017 3586 Sanctus,

408 3602 708 3659 obtentaa
760 3599 1035 3655 Pontifice
1087 3617 1354 3658 eremum
1406 3606 1692 3675 repetenti
1726 3606 2019 3675 facultate,

406 3695 567 3749 recta
596 3691 655 3745 in
677 3689 1046 3745 Turritanam
1066 3689 1341 3747 Calabria
1368 3708 1631 3750 eremum
1646 3712 1770 3751 sese
1793 3713 2023 3768 recepe-

406 3779 504 3848 rit,
528 3779 724 3852 ibique
758 3794 793 3833 a
821 3778 1096 3851 Rogerio,
1131 3779 1406 3836 Calabria
1441 3785 1500 3837 et
1548 3782 1754 3840 Sicilia
1786 3786 2018 3855 comite,

408 3868 783 3925 venationem
840 3872 1163 3937 exercente,
1218 3872 1615 3945 nondumque,
1671 3878 1733 3930 ut
1784 3876 2024 3931 recitata

408 3958 857 4016 Blomenvenna
870 3959 1046 4014 verba
1064 3958 1341 4028 indicant,
1366 3977 1498 4015 eum
1513 3967 1805 4032 noscente,
1820 3965 1878 4020 in
1894 3981 2021 4037 spe-

412 4063 484 4104 cu
511 4047 687 4102 fuerit
711 4050 996 4119 repertus.
1026 4048 1568 4119 Rogerius,Roberti
1588 4051 1877 4109 Guiscardi
1910 4055 2022 4110 Ro-

413 4134 559 4211 gerii
587 4134 816 4190 comitis
856 4152 992 4191 mox
1032 4135 1166 4189 dicti
1197 4136 1388 4191 fratris
1418 4138 1587 4207 filius,
1618 4142 1856 4213 Apulia,
1916 4143 2020 4199 Ca-

412 4225 613 4282 labria
627 4227 685 4280 et
711 4224 893 4280 Sicila
916 4225 1049 4292 dux,
1081 4225 1141 4279 in
1173 4225 1486 4299 diplomate
1534 4228 1685 4286 infra
1712 4232 1822 4287 huc
1867 4237 2023 4290 tran-

415 4313 862 4387 scribendo,quo
886 4314 1203 4370 Calabrina
1215 4316 1397 4370 eremi
1421 4317 1795 4377 donationem
1810 4322 1866 4379 S.
1891 4325 2025 4381 Bru-

2128 1916 2272 1971 duce
2293 1915 2483 1971 collati
2509 1914 2773 1986 proxime
2813 1914 3053 1969 recitata
3083 1914 3257 1968 verba
3282 1914 3458 1970 ﬁdem
3501 1916 3741 1987 faciunt,

2128 2004 2377 2077 Rogerio
2418 2002 2612 2057 comiti
2642 2002 2928 2073 subjectis,
2964 2001 3315 2074 quasierint,
3342 2004 3744 2059 verosimiliter

2129 2093 2203 2148 ad
2239 2094 2394 2149 hunc
2416 2094 2552 2146 ante
2572 2092 2813 2146 Sanctus
2843 2092 3079 2164 ejusque
3131 2091 3287 2159 socii,
3338 2109 3454 2163 quo
3484 2094 3598 2148 voti
3656 2093 3740 2149 sui

2126 2190 2425 2258 compotes
2454 2183 2601 2252 ﬁeri,
2631 2186 2935 2257 locumque
2962 2185 3034 2239 ab
3066 2185 3173 2239 hoc
3201 2184 3480 2255 principe,
3506 2186 3740 2259 siquem

2124 2274 2421 2348 prOposito
2448 2292 2549 2331 suo
2571 2279 2772 2346 aptum
2803 2275 2862 2328 in
2895 2273 3064 2328 terris
3086 2274 3207 2344 ejus
3232 2273 3577 2343 invenirent,
3638 2276 3746 2331 im-

2124 2369 2355 2436 petrare
2380 2367 2636 2437 possent,
2671 2381 2703 2418 a
2735 2364 2878 2418 duce
2928 2362 3174 2434 Rogerio
3225 2362 3442 2418 fuerint
3478 2364 3732 2420 adducti.

2124 2452 2289 2517 Quod
2309 2456 2370 2507 ut
2392 2453 2646 2519 credam,
2671 2451 2847 2506 etiam
2877 2451 3032 2518 facit,
3075 2466 3188 2522 quo
3237 2451 3513 2522 Rogerius
3544 2448 3741 2508 comes

2124 2541 2183 2598 S.
2222 2543 2474 2598 Brunoni
2491 2543 2727 2615 ejusque
2746 2541 2913 2596 sociis
2927 2540 3295 2596 Calabrinam
3311 2557 3574 2596 eremum
3595 2558 3733 2597 con-

2120 2631 2596 2702 cessit,diploma.
2630 2632 2692 2684 In
2721 2632 2828 2685 hoc
2847 2629 3004 2684 enim
3018 2645 3212 2683 comes
3233 2633 3571 2701 sequentem
3584 2630 3740 2687 fatur

2122 2720 2181 2775 in
2210 2720 2452 2776 modum
2487 2738 2504 2773 :
2560 2743 2586 2771 ‹‹
2632 2721 2844 2774 Notum
2903 2734 3023 2772 esse
3067 2719 3327 2772 volumus
3383 2718 3736 2774 fraternitati

2119 2811 2342 2877 vestra,
2359 2825 2462 2881 per
2475 2808 2574 2863 Dei
2610 2806 3064 2863 misericordiam
3092 2805 3447 2860 aGalliarum
3474 2807 3733 2880 partibus

2122 2898 2195 2953 ad
2226 2897 2529 2970 regionem
2557 2896 2725 2951 istam
2760 2895 3034 2951 Calabria
3065 2897 3276 2949 sancta
3306 2895 3615 2967 Religionis
3652 2895 3733 2950 vi-

2120 3004 2235 3055 ros,
2284 2989 2616 3043 Brunonem
2648 2984 2909 3040 videlicet
2941 2987 2998 3039 et
3057 2983 3377 3038 Lanvinum
3408 2999 3538 3038 cum
3567 2984 3735 3040 sociis

2122 3093 2324 3134 eorum
2355 3076 2699 3148 pervenisse,
2717 3074 2834 3147 qui,
2853 3075 3188 3145 contempta
3208 3072 3518 3128 mundialis
3532 3073 3734 3146 gloria

2073 3167 2093 3189 ⁴
2122 3167 2397 3234 vanitate,
2418 3162 2521 3221 scli
2543 3167 2659 3220 Deo
2692 3166 2990 3236 elegerant
3005 3163 3275 3217 militare.
3300 3163 3515 3217 Horum
3538 3163 3733 3236 itaque

2123 3254 2474 3310 desiderium
2508 3271 2615 3325 ego
2649 3269 3021 3325 cognoscens,
3054 3255 3113 3305 et
3154 3251 3411 3323 ipsorum
3434 3251 3647 3307 meritis
3675 3255 3734 3308 et

2120 3343 2387 3417 precibus
2408 3342 2563 3414 apud
2584 3343 2766 3397 Deum
2784 3341 2873 3412 adj
2883 3339 3041 3395 uvari
3055 3340 3409 3408 desiderans,
3426 3340 3497 3396 ab
3527 3357 3730 3397 eorum

2122 3432 2399 3487 charitate
2429 3431 2690 3504 precibus
2721 3431 2917 3485 multis
2944 3428 3192 3497 obtinui,
3233 3432 3296 3483 ut
3327 3429 3387 3483 in
3417 3432 3575 3485 terra
3601 3446 3734 3486 mea

2122 3521 2313 3576 locum
2325 3520 2431 3575 sibi
2449 3519 2701 3575 habilem
2728 3520 3029 3591 eligerent,
3054 3517 3114 3571 in
3141 3533 3253 3589 quo
3267 3517 3341 3571 ad
3365 3518 3733 3574 serviendum

2123 3611 2240 3666 Deo
2273 3610 2465 3683 qualia
2477 3611 2688 3664 vellent
2701 3609 3030 3663 habitacula
3048 3609 3465 3679 praparareut;
3484 3628 3511 3656 »
3526 3606 3733 3679 quibus

2123 3698 2310 3754 verbis
2330 3715 2462 3755 cum
2488 3715 2610 3753 sese
2642 3714 2836 3753 comes
2875 3694 3125 3751 effecisse
3178 3695 3413 3763 indicet,
3447 3698 3509 3750 ut
3538 3697 3727 3752 Bruno

2124 3788 2360 3860 ejusque
2386 3787 2522 3843 socii
2548 3787 2608 3842 in
2650 3790 2808 3841 terra
2843 3802 2964 3852 sua,
3002 3801 3101 3839 seu
3126 3784 3185 3838 in
3238 3783 3544 3839 Turritana
3572 3784 3733 3840 Cala-

2122 3876 2265 3933 bria
2295 3893 2516 3945 eremo,
2546 3876 2627 3931 uti
2661 3892 2728 3930 ex
2758 3873 3243 3947 consequentibus
3263 3872 3623 3946 intelligitur,
3648 3875 3732 3929 lo-

2124 3982 2256 4021 cum
2276 3965 2573 4039 proposito
2599 3981 2699 4019 suo
2756 3967 2977 4037 aptum,
3009 3962 3067 4017 in
3107 3978 3221 4034 quo
3282 3962 3475 4034 qualia
3525 3964 3738 4018 vellent

2122 4055 2449 4112 habitacula
2486 4056 2905 4121 construerent,
2961 4050 3265 4123 elegerint,
3315 4052 3734 4107 consectarium

2124 4148 2209 4200 est
2236 4148 2319 4215 ut,
2352 4146 2664 4216 antequam
2694 4142 2753 4197 id
2773 4141 3048 4209 facerent,
3081 4156 3211 4194 cum
3254 4139 3455 4195 comite
3486 4140 3733 4213 Rogerio

2126 4232 2196 4290 de
2216 4251 2279 4290 re
2306 4233 2555 4307 egerint,
2589 4232 2663 4287 ad
2680 4248 2814 4286 eum
2834 4230 2979 4285 adeo
3011 4246 3045 4283 a
3059 4229 3202 4284 duce
3218 4228 3489 4300 Rogerio,
3522 4229 3618 4301 qui
3635 4246 3734 4286 eos

2125 4324 2299 4380 ductu
2330 4340 2430 4379 suo
2464 4323 2523 4378 in
2552 4320 2866 4397 quarendo
2896 4319 2954 4373 in
2976 4317 3143 4373 terris
3178 4316 3293 4372 suis
3322 4318 3447 4372 loco
3479 4321 3650 4372 antea
3665 4334 3734 4373 ex

416 4401 561 4460 noni
591 4402 826 4475 ejusque
864 4403 1036 4459 sociis
1067 4420 1101 4459 a
1149 4404 1360 4459 comite
1393 4406 1637 4479 Rogerio
1667 4413 1871 4482 patruo
1920 4430 2021 4470 suo
2044 4431 2096 4490 D
2124 4413 2287 4470 dictis
2330 4414 2582 4486 juverat,
2641 4407 3043 4466 verosimiliter
3072 4406 3323 4461 adducti.
3354 4407 3541 4479 Atque
3597 4406 3732 4462 hinc

414 4492 651 4559 factam,
693 4508 847 4547 anno
904 4494 1038 4548 1093
1095 4510 1163 4548 ex
1195 4493 1451 4551 dicendis
1509 4498 1896 4570 confirmavit,
1942 4502 2023 4558 ita

414 4579 699 4652 loquitur:
731 4603 759 4631 «
790 4581 1001 4636 Notum
1026 4599 1145 4637 esse
1176 4583 1439 4639 volumus
1464 4585 2021 4647 fraternitativestra

387 4667 490 4761 .de
521 4668 742 4724 duobus
771 4669 925 4739 viris,
974 4670 1239 4726 Brunone
1265 4672 1478 4728 scilicet
1507 4678 1565 4729 et
1594 4676 1866 4747 Lanvino,
1900 4682 2017 4753 qui,

414 4761 628 4813 sancta
662 4758 956 4830 religionis
985 4759 1171 4814 studio
1203 4761 1444 4830 accensi,
1478 4780 1607 4819 cum
1640 4768 1805 4822 sociis
1824 4770 1936 4826 suis
1960 4770 2019 4825 in

414 4848 635 4901 terram
650 4846 923 4902 Calabria
958 4864 991 4901 a
1026 4847 1331 4903 Calliarum
1355 4852 1633 4922 partibus,
1680 4855 2019 4928 disponente

413 4935 553 5003 Deo,
579 4938 881 5003 venerunt,
916 4939 974 4990 et
990 4953 1121 4991 meo
1156 4937 1329 4993 ductu
1353 4938 1411 4993 in
1443 4943 1686 5010 terram,
1722 4962 1848 5016 qua
1878 4963 2023 5017 pra-

413 5022 565 5079 dicta
589 5027 693 5092 est,
725 5024 939 5093 locum,
966 5025 1062 5096 qui
1094 5041 1297 5080 eorum
1328 5030 1623 5101 proposito
1660 5034 2016 5103 conveniret,

409 5112 782 5185 quasierunt,
814 5130 988 5185 quem
1013 5130 1145 5167 cum
1160 5114 1265 5169 sibi
1294 5114 1570 5171 idoneum
1596 5135 1772 5189 penes
1786 5138 1878 5176 me
1899 5140 2016 5179 non

406 5199 779 5269 invenissent,
814 5202 1116 5273 elegerunt
1141 5219 1379 5257 manere
1400 5204 1550 5259 inter
1575 5207 1787 5275 locum,
1815 5210 1911 5281 qui
1938 5212 2020 5267 di-

403 5288 777 5355 citurArena,
811 5292 869 5345 et
906 5291 1207 5364 oppidum,
1232 5292 1389 5363 quod
1428 5294 1749 5363 appellatur
1785 5299 2010 5354 Stilum.

404 5375 617 5432 Locum
646 5379 841 5433 autem
867 5376 1029 5433 illum
1050 5379 1350 5451 Rogerius,
1394 5398 1585 5436 comes
1624 5384 1848 5453 Sicilia),
1910 5406 2011 5461 pa-

402 5465 563 5519 truus
590 5483 868 5534 meus,....
905 5466 1013 5521 illis
1042 5469 1308 5525 donavit:
1343 5470 1411 5524 de
1433 5471 1709 5527 comitatu
1742 5476 1897 5529 enim
1924 5477 2009 5549 ip-

399 5549 513 5606 sius
572 5571 674 5627 per
726 5572 919 5610 meam
966 5553 1392 5613 concessionem
1440 5564 1581 5615 erat.
1618 5583 1645 5610 »
1677 5561 1819 5617 Cum
1870 5581 2007 5637 ergo

2122 4518 2296 4574 porro
2324 4503 2448 4574 jam
2479 4498 2851 4572 consequitur
2881 4499 2963 4563 ut,
2992 4497 3174 4551 electa
3197 4495 3323 4566 jam
3352 4494 3460 4549 sibi
3489 4494 3551 4549 in
3584 4511 3729 4568 pra-

2126 4591 2276 4647 dicta
2305 4607 2502 4646 eremo
2533 4589 2689 4656 sede,
2735 4585 3191 4657 habitaculisque
3240 4583 3730 4656 qualibuscunque

2123 4680 2483 4747 constructis,
2518 4695 2551 4733 a
2588 4676 2835 4748 Rogerio
2885 4674 3119 4741 comite,
3165 4672 3251 4735 rei
3282 4673 3471 4744 hujus,
3506 4676 3568 4727 ut
3609 4674 3735 4729 Blo-

2124 4784 2450 4823 menvenna
2480 4782 2651 4838 supra
2672 4763 2920 4819 recitatis
2939 4762 3124 4817 verbis
3135 4761 3345 4832 aliique
3375 4760 3590 4816 laudati
3607 4761 3730 4816 bio-

2121 4856 2325 4929 graphi
2357 4856 2634 4921 indicant,
2669 4855 2843 4927 plano
2866 4852 3067 4920 inscio,
3101 4850 3253 4905 inter
3287 4850 3620 4905 venandum
3642 4851 3730 4905 in-

2119 4945 2274 5000 venti
2299 4962 2415 5000 non
2444 4944 2679 4998 fuerint.

2192 5037 2315 5091 543.
2360 5033 2566 5100 Quare,
2587 5035 2648 5087 ut
2680 5029 2955 5103 Rogerius
2972 5046 3167 5085 comes
3208 5027 3463 5083 Brunoni
3495 5026 3730 5100 ejusque

2118 5124 2284 5179 sociis
2303 5122 2410 5178 loci
2438 5122 2496 5176 in
2527 5121 2748 5176 ditione
2778 5137 2898 5186 sua,
2932 5120 3028 5191 qui
3060 5117 3374 5174 eremitica
3392 5116 3533 5171 vita
3564 5119 3732 5188 aptus

2117 5213 2288 5279 foret,
2323 5211 2620 5283 optionem
2648 5209 2866 5275 fecerit,
2908 5207 3212 5280 contigisse
3238 5209 3377 5279 puto
3408 5222 3527 5261 non
3563 5221 3728 5260 occa-

2116 5298 2275 5355 sione
2302 5298 2641 5365 venationis,
2681 5297 2739 5351 in
2773 5314 2886 5369 qua
2916 5313 3013 5351 eos
3044 5296 3101 5350 in
3132 5311 3305 5368 specu
3342 5293 3568 5348 abditos
3596 5308 3725 5348 ora-

2114 5388 2371 5460 tionique
2394 5387 2647 5441 intentos
2678 5385 3094 5459 repererit,sed
3121 5384 3262 5438 duce
3278 5382 3526 5455 Rogerio
3552 5381 3729 5436 inter-

2112 5478 2399 5545 veniente,
2431 5493 2462 5531 e
2519 5493 2633 5548 quo
2663 5493 2794 5530 cum
2845 5475 2915 5529 de
2975 5472 3389 5529 austerisssima
3436 5470 3719 5526 Brunonis

2111 5567 2345 5640 ejusque
2389 5565 2675 5622 sociorum
2734 5565 2868 5632 vita,
2924 5561 3405 5633 sanctissimisque
3464 5559 3726 5616 moribus

376 5639 640 5699 Sanctus
665 5640 887 5704 noster“
901 5644 1137 5719 ejusque
1160 5646 1318 5715 socii,
1352 5645 1432 5702 uti
1460 5648 1551 5705 hic
1579 5650 1856 5725 Rogerius
1895 5654 2007 5715 dux
2108 5639 2389 5718 nonnulla
2415 5653 2966 5725 inaudivisset,viros
2983 5650 3336 5728 hujusmodi,
3359 5652 3422 5706 ut
3464 5653 3560 5707 ote
3572 5661 3715 5722 quo-
