4224 6058
155 422 264 482 333

1746 420 1928 481 ACTA

3383 426 3488 497 334

149 564 290 605 rum
319 547 585 623 precibus
604 564 669 605 ac
696 546 916 604 meritis
944 548 1217 606 auxilium
1241 548 1345 605 sibi
1360 566 1393 606 a
1408 548 1776 610 Domino.uti
1795 553 1851 613 Α
1877 553 2159 608 nocturno
2174 552 2461 623 revelatae;
2489 552 2603 610 alia
2623 552 2781 610 enim
2800 552 2970 627 huius
2995 555 3055 612 et
3074 553 3188 613 alia
3214 555 3373 615 istius
3401 562 3489 617 est

152 638 409 710 ipsemet
442 638 702 709 proxime
729 639 978 693 recitatis
1001 640 1330 712 diplomatis
1355 640 1439 695 sui
1472 640 1657 695 verbis
1686 639 1774 695 in-

153 726 332 792 dicat,
387 727 726 781 adfuturum
756 731 1035 799 speraret,
1068 729 1127 782 in
1156 729 1373 783 ditione
1422 745 1525 784 sua
1577 729 1776 784 sedem

152 816 336 887 ﬁgere
371 815 731 882 desiderarit,
764 819 935 888 atque
958 817 1031 871 ad
1063 834 1182 871 sese
1205 817 1501 886 adductos,
1530 820 1593 871 ut
1620 818 1681 871 in
1708 834 1777 872 ea

150 921 331 977 quem
363 905 577 959 vellent
608 905 799 958 locum
827 905 931 958 sibi
955 904 1256 977 eligerent,
1288 906 1613 978 rogarit.Et
1639 922 1773 961 vero

149 993 308 1065 quod
343 993 416 1047 de
450 992 506 1047 8.
543 993 809 1047 Brunone
830 993 877 1063 ej
891 1011 1063 1066 usque
1095 994 1280 1059 sociis,
1306 1012 1467 1066 quos,
1501 997 1636 1050 ante
1668 995 1773 1049 sibi

68 1082 75 1086 ’
144 1098 461 1154 nunquam
512 1081 661 1136 visos
710 1083 1053 1155 penitusque
1079 1084 1332 1155 ignotos,
1365 1084 1518 1138 inter
1561 1100 1774 1138 venan-

145 1170 289 1225 dum
314 1186 517 1225 comes
533 1170 811 1241 Rogerius
841 1171 896 1225 in
931 1188 1104 1242 specu
1151 1174 1334 1228 Deum
1388 1172 1771 1226 intentissime

144 1262 388 1314 orantes
432 1259 739 1325 invenerit,
792 1260 1165 1333 plurimisque
1213 1261 1425 1316 idcirco
1477 1260 1771 1316 beneficiis

144 1348 394 1413 auxerit,
416 1364 451 1401 a
468 1347 710 1401 laudatis
724 1348 917 1402 Sancti
933 1350 1114 1403 nostri
1128 1349 1457 1421 biographis
1473 1349 1770 1404 memoria:

141 1435 598 1506 proditur,liaud
620 1439 704 1490 sat
718 1437 1375 1509 apte,quemadmodum
1396 1437 1570 1492 modo
1586 1438 1766 1492 abun-

141 1524 211 1578 de
232 1524 511 1590 indicavi,
541 1541 672 1578 cum
700 1525 923 1580 duobus
958 1526 1087 1597 jam
1139 1527 1325 1581 citatis
1358 1525 1767 1597 diplomatibus

140 1613 530 1679 concordare,
557 1615 691 1667 ante
722 1630 816 1667 me
838 1614 897 1668 in
930 1615 1166 1685 Neapoli
1192 1631 1353 1669 sacra
1396 1614 1549 1686 apud
1580 1613 1767 1668 Suria-

140 1718 283 1755 num
313 1701 784 1755 Annotationum
837 1701 894 1756 in
921 1706 1250 1757 contextam
1283 1720 1317 1757 a
1349 1701 1514 1757 Surio
1572 1700 1764 1756 Sancti

138 1790 327 1844 nostri
371 1791 564 1844 Vitam
607 1808 741 1862 pag.
783 1795 881 1846 189
913 1810 946 1846 a
985 1791 1204 1846 Caesare
1236 1792 1306 1846 de
1348 1792 1603 1863 Eugenio
1636 1792 1763 1862 jam

1876 639 2231 696 conditio.ln
2262 640 2371 697 isto
2395 642 2575 697 donat
2594 644 2806 711 locum,
2838 643 2911 698 ab
2942 643 3249 701 hominum
3262 649 3487 707 cultura

1877 728 2189 795 desertum,
2214 732 2271 784 et
2293 733 2522 802 poterat
2545 732 2824 802 legitime,
2861 733 3018 787 nulla
3047 733 3222 789 etiam
3239 736 3373 792 data
3390 754 3482 793 ra-

1875 816 2062 885 tione;
2097 818 2155 872 in
2185 818 2278 873 illo
2311 836 2444 874 vero
2471 819 2756 891 Capuanas
2780 821 3125 892 proditionis
3149 840 3279 879 reos
3299 826 3485 898 capite

1875 904 2180 961 damnatos
2205 907 2379 961 tradit
2404 907 2461 962 8.
2497 908 2752 963 Brunoni
2779 908 2837 962 in
2870 913 3212 981 perpetuam
3243 914 3484 970 servitu-

1873 996 2015 1061 tem;
2030 995 2349 1065 cujusmodi
2367 996 2806 1067 mancipationis
2818 1014 2986 1053 causa
2998 1001 3307 1056 secundem
3326 1003 3484 1075 leges

1873 1079 2183 1137 formanda
2213 1088 2355 1139 erat.
2384 1106 2413 1134 »

1944 1172 2067 1226 545.
2103 1172 2383 1227 Hactenus
2417 1173 2534 1241 ille,
2568 1174 2926 1230 contendens
2953 1176 3166 1232 scilicet
3196 1194 3314 1233 non
3343 1179 3481 1236 fuis-

1871 1274 1930 1312 se
1958 1275 2081 1326 cur,
2115 1260 2219 1314 etsi
2250 1261 2491 1317 Sanctus
2520 1279 2649 1317 vere
2681 1281 2714 1318 a
2761 1263 3008 1334 Rogerio
3044 1281 3145 1320 seu
3180 1266 3323 1322 duce
3380 1285 3483 1325 seu

1870 1347 2101 1415 cernite,
2137 1349 2440 1404 venatione
2473 1351 2734 1405 animum
2763 1353 3077 1421 relaxante,
3106 1353 3166 1408 in
3207 1357 3478 1427 spelunca

1869 1452 1985 1489 una
1999 1452 2130 1490 cum
2148 1437 2313 1491 sociis
2334 1440 2517 1493 Deum
2544 1455 2715 1494 orans
2732 1438 2997 1495 inventus
3009 1445 3176 1510 esset,
3203 1443 3287 1497 rei
3308 1444 3478 1516 hujus

1866 1523 1927 1578 in
1948 1526 2407 1594 prmmemoratis
2440 1527 2852 1597 diplomatibus
2883 1530 3103 1585 mentio
3153 1531 3339 1602 fieret,
3365 1532 3477 1591 fal-

1865 1628 2101 1683 samque
2124 1614 2366 1683 proinde
2392 1615 2551 1669 illam
2570 1632 2637 1669 ex
2665 1617 2876 1671 horum
2905 1617 3131 1673 silentio
3159 1620 3323 1691 argui
3355 1638 3476 1679 non

1863 1718 2049 1772 posse.
2083 1703 2293 1756 Verum
2306 1702 2377 1757 sit
2403 1703 2513 1771 ita;
2542 1703 2713 1759 fuisse
2749 1706 3020 1777 equidem
3053 1706 3349 1778 Sanctum,
3391 1710 3475 1766 uti

1863 1790 2239 1845 verosimilius
2290 1807 2410 1845 esse
2449 1796 2733 1860 autumat,
2766 1810 2800 1847 a
2849 1794 3097 1866 Rogerio
3136 1795 3280 1852 duce
3320 1796 3473 1854 inter

141 1880 516 1934 observatum
534 1879 786 1935 invenio.
806 1881 915 1934 Nec
938 1880 1401 1935 observationem
1416 1882 1562 1935 hanc
1582 1897 1762 1935 avero
1785 1881 1840 1939 B
1862 1878 2191 1933 venandum
2206 1878 2525 1948 inventum,
2541 1882 2699 1935 nullo
2712 1881 2951 1936 omnino
2973 1883 3162 1952 potest
3177 1884 3471 1955 scriptoris

136 1970 395 2023 alienam
409 1969 788 2039 pronuntiare
803 1971 923 2024 ausi
934 1974 1067 2024 sunt
1081 1969 1392 2025 Carthusiaz
1409 1968 1762 2025 Coloniensis

135 2059 414 2112 alumnus
428 2057 778 2112 Morkensius
797 2058 855 2113 in
874 2076 976 2113 sua
990 2059 1757 2130 chronologico—diplomati-

130 2163 195 2199 ca
216 2146 291 2199 de
321 2145 383 2199 S.
420 2147 689 2200 Brunone
730 2147 984 2201 Diatriba
1015 2150 1072 2201 et
1100 2146 1391 2201 Zanottius
1422 2146 1479 2201 in
1507 2147 1756 2202 adorna-

130 2238 186 2288 ta
217 2251 333 2288 ese
365 2233 938 2306 Bononiensibusque
973 2236 1031 2289 in
1065 2235 1224 2289 Italia
1254 2235 1645 2290 Carthusianis
1673 2235 1757 2291 in-

127 2323 348 2394 scripta
364 2322 559 2375 Sancti
576 2322 837 2392 ejusdem
867 2323 995 2377 Vita
1049 2340 1148 2378 seu
1174 2323 1452 2391 Historia;
1506 2340 1638 2378 vere
1664 2327 1751 2379 ta-

126 2427 265 2465 men
291 2410 576 2464 Sanctum
612 2414 874 2465 nostrum
907 2412 1167 2482 ejusdem
1217 2412 1401 2466 socios
1431 2428 1464 2465 a
1492 2412 1750 2484 principe

128 2498 404 2567 Rogerio,
439 2498 984 2571 venationioperam
1016 2501 1211 2567 dante,
1244 2500 1303 2554 in
1318 2516 1489 2571 specu
1520 2505 1751 2556 orantes

125 2588 299 2643 fuisse
348 2587 634 2655 inventos,
680 2588 950 2660 hincque,
1011 2592 1074 2643 ut
1121 2588 1211 2643 hic
1242 2590 1298 2643 in
1340 2589 1466 2643 illos
1501 2589 1751 2661 plurima

126 2675 412 2730 beneficia
442 2676 768 2742 contulerit,
822 2676 1038 2731 factum
1069 2693 1212 2744 esse,
1251 2680 1536 2732 conantur
1564 2680 1751 2740 osten-

132 2765 291 2832 dere,
323 2765 499 2835 idque
526 2765 631 2818 viis
658 2766 879 2820 duabus
906 2766 1159 2821 diversis.

196 2855 327 2908 544.
362 2856 442 2907 Ac
470 2853 628 2923 prior
642 2854 902 2926 quidem,
920 2855 1197 2910 Sanctum
1227 2871 1342 2909 non
1357 2872 1389 2909 a
1404 2849 1614 2911 comite
1636 2856 1747 2910 Ro-

128 2941 288 3013 gerio
304 2941 365 2995 in
382 2941 684 2996 Turritana
707 2960 805 2998 seu
826 2943 1199 3015 Squillacensi
1218 2943 1492 2998 Calabria:
1524 2960 1744 3012 eremo,

126 3031 223 3085 sed
242 3031 438 3085 aduce
453 3032 696 3103 Bogerio
720 3033 778 3086 in
801 3032 1054 3104 quodam
1073 3032 1306 3088 ditionis
1327 3049 1439 3087 suae
1461 3037 1627 3088 antro
1646 3050 1746 3087 seu

125 3120 402 3191 spelunca
434 3135 566 3173 eum
601 3120 853 3175 Lanvino
885 3120 1144 3192 aliisque,
1174 3137 1317 3193 quos
1351 3122 1455 3176 sibi
1493 3122 1746 3176 habebat

1860 1967 1974 2021 sive
2000 1967 2335 2022 recentioris
2364 1968 2477 2023 sive
2532 1968 2870 2040 antiquioris
2894 1969 3231 2026 testimonia
3256 1974 3469 2029 confir-

1858 2056 2027 2122 mari;
2058 2059 2121 2110 ut
2152 2056 2394 2127 proinde
2422 2057 2743 2112 Morkensio
2791 2057 2851 2113 id
2876 2058 3117 2113 omnino
3170 2060 3350 2131 gratis
3385 2061 3466 2117 vi-

1858 2145 2061 2199 deatur
2091 2146 2423 2213 conflctum,
2468 2147 2602 2200 licet
2631 2145 2869 2201 interim
2896 2150 3101 2202 contra
3136 2148 3288 2203 hanc
3317 2142 3467 2205 illius

1855 2233 2215 2304 opinionem,
2250 2235 2329 2288 uti
2351 2236 2554 2289 contra
2608 2235 3051 2290 Blomenvennaa
3104 2236 3465 2310 aliorumque

1851 2320 2307 2393 biographorum
2322 2323 2782 2395 nostrorum,qui
2795 2322 3073 2378 Sanctum
3085 2323 3145 2378 in
3158 2325 3465 2382 Turritana

1852 2408 2127 2464 Calabria:
2158 2426 2355 2465 eremo
2385 2427 2419 2464 a
2448 2410 2658 2464 comite
2702 2411 2969 2481 Hogerio,
3018 2412 3235 2466 morari
3267 2412 3328 2467 in
3354 2413 3462 2469 hac

1849 2496 2012 2562 illum
2040 2497 2369 2569 ignorante,
2401 2497 2573 2552 fuisse
2591 2497 2895 2553 inventum
2919 2501 3201 2567 statuunt,
3233 2500 3461 2573 opinio-

1851 2602 1987 2639 nem
2018 2586 2141 2641 ﬁeri
2169 2590 2374 2658 potest,
2403 2586 2625 2641 nullum
2652 2586 2893 2643 omnino
2920 2604 2986 2642 ex
3000 2588 3127 2659 jam
3157 2604 3309 2660 saepe
3337 2590 3461 2646 lau-

1851 2674 1997 2729 datis
2039 2674 2447 2746 diplomatibus
2498 2678 2910 2746 argumentum
2949 2676 3258 2747 positivum
3286 2680 3463 2749 queat

1848 2761 2112 2830 formari,
2147 2763 2402 2835 nihilque
2435 2763 2611 2818 etiam
2628 2763 2859 2818 aliunde
2883 2764 3089 2832 obstet,
3133 2782 3246 2838 quo
3268 2765 3463 2821 minus

1850 2867 1884 2905 a
1910 2850 2051 2905 duce
2107 2850 2352 2922 Rogerio
2392 2850 2452 2905 in
2485 2851 2736 2922 quadam
2782 2851 3015 2907 ditionis
3042 2869 3159 2908 suae
3189 2854 3463 2926 spelunca

1846 2938 2113 2994 inventus
2141 2939 2312 2994 fuisse
2333 2939 2488 2994 credi
2519 2942 2694 3010 queat
2723 2938 2965 2994 Sanctus
3016 2943 3231 3008 noster,
3263 2957 3460 3014 quem,

1846 3028 2179 3101 priusquam
2210 3027 2439 3099 Rogerii
2470 3028 2696 3082 comitis
2744 3030 2926 3083 terras
2957 3028 3160 3096 adiret,
3199 3028 3260 3084 in
3291 3030 3461 3085 terris

1845 3117 2001 3171 ducis
2052 3116 2279 3188 Rogerii
2311 3115 2639 3183 exstitissse,
2680 3116 2922 3171 recitata
2952 3132 3123 3187 supra
3189 3133 3257 3172 ex
3286 3118 3457 3189 hujus

153 3171 168 3191 ι
602 3171 716 3173 -ή-κ-
758 3171 846 3175 --η
888 3171 1144 3192 --ηγ--ν
1179 3171 1313 3193 γη
1351 3171 1455 3176 --ης
1493 3171 1742 3176 --η--πν
2136 3171 2169 3188 υ
2626 3171 2638 3183 ι
3018 3171 3035 3187 .
3203 3171 3210 3172 κ
3245 3171 3252 3172 κ

121 3210 451 3279 adjunctos,
479 3208 646 3263 sociis
674 3209 971 3264 inventum
991 3209 1184 3276 fuisse,
1218 3211 1456 3265 astruit:
1488 3228 1618 3265 cum
1648 3227 1743 3265 au-
1771 3171 1819 3231 Ο
1843 3205 2158 3277 diplomate
2190 3205 2363 3259 verba
2402 3204 2580 3259 tidem
2598 3204 2835 3258 faciunt.
2868 3204 2941 3257 At
2968 3219 3103 3258 vero
3155 3203 3451 3272 Surianus,

121 3302 238 3353 tem
270 3296 547 3352 sesehuic
578 3297 768 3367 potius
824 3298 1105 3369 opinioni,
1141 3315 1317 3369 quam
1379 3298 1564 3364 alteri,
1613 3315 1740 3369 quae

120 3388 424 3451 Sanctum,
452 3401 568 3438 non
598 3402 630 3439 a
656 3385 899 3455 Rogcrio
946 3385 1110 3452 duce,
1143 3386 1242 3440 sed
1275 3386 1505 3452 comite,
1540 3386 1739 3440 inven-

115 3480 236 3529 tum
270 3473 496 3539 statuit,
531 3474 603 3527 ob
653 3490 826 3543 supra
866 3474 1104 3528 recitata
1136 3474 1386 3528 concessi
1420 3492 1453 3528 a
1495 3474 1739 3546 Rogerio

116 3563 255 3617 duce
292 3562 628 3634 diplomatis
669 3563 841 3616 verba
868 3563 1164 3616 adhaerere
1192 3562 1390 3627 edixit,
1448 3562 1737 3617 rationem

115 3652 292 3706 etiam
325 3653 401 3705 ob
435 3668 609 3722 quam
654 3651 824 3704 fuisse
880 3651 1147 3722 equidem
1195 3650 1384 3721 reipsa
1438 3650 1734 3720 Sanctum,

114 3741 367 3795 orationi
401 3741 461 3794 in
494 3756 666 3811 specu
697 3744 1016 3806 vacantem,
1050 3740 1119 3793 ab
1167 3740 1441 3793 alterutro
1466 3739 1734 3810 Rogerio,

113 3828 489 3883 venationem
523 3832 842 3894 exercente,
873 3828 1171 3882 inventum
1194 3827 1501 3894 existimet,
1528 3828 1729 3882 lectori

110 3918 326 3982 reddit,
361 3917 434 3971 de
465 3916 724 3983 historia,
759 3933 884 3989 quae
916 3916 974 3970 id
1005 3916 1220 3970 factum
1244 3915 1454 3985 prodit,
1487 3932 1729 3987 sequen-

108 4010 223 4060 tem
258 4006 522 4059 scribens
546 4005 604 4059 in
643 4005 882 4059 modum
910 4021 922 4059 :
960 4027 985 4054 «
1016 4005 1145 4058 Haec
1176 4020 1280 4075 pro
1295 4003 1531 4058 veritate
1558 4004 1732 4058 histo-

104 4095 222 4160 riae,
260 4110 446 4165 quam
488 4109 553 4145 ex
583 4093 896 4147 traditione
918 4092 1208 4164 majorum
1229 4108 1480 4162 agnosco
1501 4091 1725 4145 verissi-

103 4198 283 4249 mam,
321 4185 379 4235 et
412 4185 771 4251 agnoverunt
802 4181 1145 4250 compilator
1175 4180 1445 4234 Fasciculi
1502 4182 1726 4251 tempo-

104 4287 252 4337 rum,
292 4269 572 4323 Henricus
608 4269 989 4323 Kalkariensis
1028 4271 1109 4323 De
1159 4272 1288 4323 ortu
1328 4272 1385 4321 et
1416 4285 1722 4339 progressu

99 4358 332 4412 Ordinis
358 4356 1093 4423 Carthusiensis,Puteanus
1112 4356 1356 4428 scriptor
1370 4356 1527 4422 Vitas,
1544 4356 1718 4427 scrip-

1842 3294 1937 3365 qui
1971 3310 2074 3364 pro
2106 3292 2681 3364 opinione,Sanctum
2703 3294 3015 3347 nostruma
3034 3292 3247 3347 comite
3274 3294 3456 3365 Roge-

1840 3384 1947 3449 rio,
1970 3382 2058 3436 cui
2089 3398 2322 3452 prorsus
2347 3380 2777 3451 adhucignotus
2790 3383 2933 3446 erat,
2967 3379 3265 3435 desertoin
3281 3398 3453 3453 specu

1838 3470 2008 3523 fuisse
2039 3473 2359 3540 repertum,
2388 3471 2703 3535 astruente,
2760 3484 2857 3521 seu
2897 3468 3085 3538 potius
3133 3485 3237 3541 pro
3287 3469 3452 3525 Surio

1838 3557 1998 3611 illam
2029 3558 2295 3611 tradente
2324 3560 2455 3623 stat,
2484 3557 2545 3610 in
2575 3556 2688 3610 suis
2713 3556 2771 3610 in
2790 3556 2942 3610 hunc
2969 3556 3456 3612 Annotationibus

1837 3663 1971 3717 pag.
2005 3649 2126 3713 192,
2148 3647 2352 3699 contra
2377 3646 2660 3699 Caesarem
2677 3643 2747 3698 de
2779 3644 3057 3715 Eugenio,
3083 3644 3202 3715 qui,
3237 3648 3299 3699 ut
3317 3644 3449 3715 jam

1839 3733 2076 3802 dictum,
2108 3732 2409 3787 historiam
2440 3731 2600 3785 illam
2650 3747 2782 3785 cum
2834 3731 3246 3802 diplomatibus
3276 3748 3449 3802 supra

1834 3822 2019 3876 citatis
2034 3820 2185 3875 haud
2212 3823 2298 3874 sat
2328 3821 2460 3890 apte
2484 3817 2756 3889 componi
2785 3817 2845 3871 in
2873 3834 2973 3871 sua
3002 3818 3239 3889 Neapoli
3285 3835 3448 3874 sacra

1833 3911 2181 3975 observaret,
2212 3908 2469 3980 diploma
2495 3923 2594 3961 seu
2612 3904 2995 3977 privilegium,
3020 3904 3171 3959 intra
3199 3906 3445 3961 recitan-

1831 3999 1991 4065 dum,
2052 3997 2205 4069 quod
2236 4014 2269 4051 a
2318 3995 2660 4061 Mesimerio,
2716 3993 3090 4065 Squillacensi
3147 3994 3440 4067 episcopo,

1828 4087 2016 4142 Bruno
2049 4085 2286 4157 accepit,
2317 4084 2374 4138 in
2406 4082 2740 4155 praesidium
2769 4082 3029 4136 advocat.

1896 4178 2019 4229 546.
2054 4176 2136 4228 Ita
2165 4173 2322 4228 enim
2344 4172 2562 4226 ibidem
2585 4170 2856 4225 scribit:«
2881 4168 2976 4223 Ait
3004 4169 3288 4239 praefatus
3320 4170 3438 4226 Cm-

1821 4279 1923 4317 sar-
1944 4262 2282 4335 exquisitam
2313 4278 2372 4315 se
2406 4259 2768 4331 diligentiam
2812 4258 2871 4311 in
2921 4258 3028 4312 hac
3074 4257 3313 4313 veritate
3343 4259 3437 4328 (de

1821 4354 2087 4406 Brunone
2111 4349 2321 4403 scilicet
2346 4366 2379 4403 a
2412 4347 2660 4418 Hogerio
2685 4345 2919 4411 comite,
2947 4345 3035 4400 cui
3068 4344 3254 4400 adhuc
3276 4345 3435 4416 peni-

98 4452 367 4519 toresque
421 4445 719 4500 domestici
768 4462 991 4499 omnes.
1024 4466 1051 4493 »
1088 4446 1167 4499 Ne
1198 4444 1323 4516 quis
1354 4461 1487 4499 vero
1519 4448 1719 4499 contra
1740 4430 1793 4488 D
1820 4444 1908 4494 tus
1940 4440 2168 4509 ignotus
2211 4439 2355 4505 erat,
2401 4436 2460 4490 in
2508 4434 2717 4489 deserti
2758 4451 2859 4487 seu
2887 4433 3067 4488 eremi
3114 4432 3434 4491 Calabriae:

96 4536 275 4600 illam,
294 4535 379 4588 uti
409 4534 510 4601 ait,
544 4534 918 4588 traditionem
943 4534 1116 4588 etiam
1142 4536 1348 4605 arguat
1378 4550 1445 4587 ex
1465 4549 1532 4587 eo
1564 4533 1719 4604 quod

98 4622 313 4687 Sancti,
351 4622 412 4675 in
442 4621 778 4694 speluncisa
805 4621 1051 4691 Rogerio
1083 4621 1196 4675 sive
1226 4621 1367 4675 duce
1396 4620 1508 4675 sive
1537 4620 1717 4675 comi-

100 4713 169 4777 te,
194 4709 913 4775 venationemexercente,
946 4708 1184 4774 inventi,
1235 4707 1457 4762 mentio
1489 4724 1605 4762 non
1631 4724 1721 4762 oc-

99 4802 293 4854 currat
318 4798 378 4852 in
402 4798 697 4869 utriusque
717 4797 885 4867 hujus
919 4795 1614 4867 principisdiplomatibus
1633 4813 1720 4850 su-

100 4905 196 4960 pra
236 4888 454 4954 citatis,
488 4904 620 4941 mox
666 4886 851 4941 verbis
882 4886 1142 4957 proxime
1191 4887 1302 4940 huc
1362 4885 1718 4957 transcriptis

97 4977 401 5050 sequentia
428 4976 550 5030 haec
584 4975 880 5046 subjungit
913 4991 926 5028 :
962 4998 989 5024 «
1024 4976 1137 5028 Nec
1152 4976 1236 5028 est
1265 4990 1365 5027 cur
1394 4972 1520 5045 quis
1548 4972 1716 5029 haesi-

98 5070 171 5121 ιρι
198 5066 507 5122 dubitetve
556 5065 628 5119 de
673 5064 913 5119 veritate
944 5063 1029 5118 rei
1076 5080 1141 5118 ex
1204 5079 1273 5117 eo
1323 5062 1479 5134 quod
1529 5079 1718 5135 neque

1817 4528 2051 4584 latebris
2089 4524 2364 4598 reperto,)
2410 4522 2852 4595 pervestiganda
2896 4520 3220 4576 adhibuisse
3254 4537 3268 4576 :
3311 4540 3432 4578 non

1819 4616 2172 4688 negaverim.
2205 4613 2316 4669 Sed
2372 4610 2747 4666 nihilominus
2778 4624 2897 4664 non
2934 4608 3139 4664 vidisse
3171 4608 3434 4681 diploma

1817 4707 1905 4760 vel
1948 4708 2101 4760 certe
2158 4702 2358 4758 leviter
2413 4699 2751 4771 expendisse
2805 4696 3130 4765 Mesimerii,
3177 4697 3437 4771 episcopi

1819 4791 2240 4866 Squillacensis,
2274 4790 2459 4844 multa
2484 4786 2853 4861 persuadent.
2888 4784 2946 4840 Si
2976 4785 3136 4840 enim
3168 4785 3435 4841 librasset

1819 4882 1979 4948 illud,
2008 4880 2161 4953 quod
2180 4878 2256 4933 ibi
2281 4877 2438 4943 dicit,
2459 4875 2516 4931 S.
2553 4876 2883 4929 Brunonem
2914 4873 2974 4928 in
3002 4872 3242 4928 desertis
3264 4873 3438 4928 Cala-

1818 4970 1956 5025 brim
1983 4968 2120 5023 locis
2147 4984 2251 5040 per
2278 4969 2508 5038 tempus
2539 4963 2674 5019 satis
2686 4964 2929 5035 longum
2963 4960 3207 5032 degisse,
3239 4960 3444 5031 prius-

1818 5074 1995 5131 quam
2020 5057 2093 5111 ad
2120 5054 2565 5128 Squillacensem
2597 5051 2869 5107 transiret
2893 5064 3178 5114 eremum,
3230 5046 3459 5131 utique

98 5157 221 5222 dux,
254 5171 453 5226 neque
492 5170 705 5219 comes,
740 5153 915 5208 ambo
961 5151 1212 5224 Rogerii,
1241 5150 1345 5206 iste
1394 5150 1452 5205 in
1476 5152 1716 5221 praefato

99 5246 441 5317 diplomate,
476 5242 566 5297 hic
596 5242 654 5296 in
684 5242 798 5297 suis
858 5241 1071 5296 chartis
1126 5240 1337 5312 (plures
1381 5240 1538 5294 enim
1564 5239 1717 5295 infra

100 5332 627 5403 recitandas,quam
636 5331 763 5402 jam
777 5347 951 5402 supra
968 5330 1093 5401 plus
1111 5329 1287 5383 semel
1303 5332 1711 5395 memoratam,

103 5421 153 5475 in
173 5422 230 5475 S.
267 5419 559 5476 Brunonis
576 5420 811 5492 ejusque
825 5419 1117 5487 sociorum
1136 5418 1388 5471 favorem
1423 5416 1598 5487 dedit)
1632 5417 1714 5470 ul-

104 5511 211 5564 lam
228 5510 305 5565 de
323 5525 395 5563 ea
424 5507 641 5563 faciant
674 5508 1061 5573 mentionem,
1115 5506 1211 5578 qui
1244 5509 1441 5560 tamen
1496 5507 1717 5574 postre-

108 5599 306 5653 musin
334 5598 522 5652 altera
547 5614 650 5651 sua
688 5596 883 5653 charta
913 5600 1090 5667 longe
1140 5596 1271 5665 post
1294 5593 1426 5647 data
1455 5591 1722 5646 meminit

109 5687 395 5761 Capuane
442 5684 801 5758 proditionis,
853 5685 962 5745 sibi
993 5701 1029 5740 a
1084 5683 1142 5740 S.
1192 5683 1459 5739 Brunone
1485 5679 1543 5734 in
1601 5678 1724 5740 visu

1817 5130 2022 5203 nonin
2052 5144 2174 5199 fixis
2212 5140 2495 5208 tentoriis,
2543 5140 2646 5196 sed
2684 5139 2748 5194 in
2800 5136 2977 5193 obviis
3014 5133 3315 5276 spfcubus,
3375 5130 3475 5183 et.

1817 5236 1910 5276 hui
1922 5232 2143 5276 nemndi
2168 5229 2558 5276 subterraneis
2583 5223 2968 5276 divePSOPiOliS
2980 5222 3057 5276 ha
3295 5232 3475 5275 con‘

1814 5236 1910 5307 huj
1922 5232 2147 5289 usmodi
2168 5229 2558 5286 subterraneis
2583 5223 2968 5283 diversoriolis
2980 5221 3266 5277 habitasse
3295 5232 3491 5307 co_n-

1816 5303 2073 5379 sentiret.
2105 5344 2133 5372 ››
2164 5322 2448 5375 Hactenus
2478 5319 2605 5383 ille;
2651 5318 2739 5370 ast
2767 5314 2823 5369 S.
2854 5312 3185 5367 Brunonem
3225 5309 3286 5364 in
3332 5303 3510 5360 de-

1818 5412 1981 5468 sertis
2004 5408 2454 5475 Calabriaslocis,
2484 5405 2823 5477 priusquam
2853 5399 2929 5455 ad
2975 5397 3531 5485 Squillacensex‘n

1819 5516 2085 5557 eremum
2114 5496 2404 5565 transiret,
2431 5511 2533 5567 per
2563 5494 2794 5563 tempus
2817 5489 2955 5543 satis
2980 5488 3223 5561 longum
3250 5484 3565 5549 degis-

1820 5607 1901 5657 se,
1955 5585 2327 5652 Mesimerius,
2384 5584 2608 5639 Graecus
2663 5574 3069 5654 Squillacensis
3112 5573 3578 5650 episcopus,

1821 5680 2028 5737 contra
2059 5692 2127 5733 ac
2154 5671 2242 5730 his
2268 5672 2453 5733 verbis
2474 5669 2613 5736 vult,
2635 5665 2700 5729 in
2727 5684 2828 5737 suo
2875 5667 3221 5743 diplomate,
3249 5660 3451 5720 Gree
3462 5660 3621 5702 eo
