4026 6042
515 436 617 493 333

1368 424 1427 479 S.
1472 418 1811 477 BBUNONIS
1854 411 2487 486 CABTllUSlANORUM
2514 410 2981 470 lNSTlTUTOBlS

3733 412 3837 469 336

514 561 749 633 scripto,
779 553 1048 631 nuspiam
1071 550 1270 608 tradit.
1301 551 1365 605 In
1396 549 1506 604 hoc
1537 542 1927 617 enim,quibus
1962 541 2021 595 id
2040 539 2126 595 fa-
2150 540 2206 602 Α
2228 537 2469 633 confere,
2503 554 2678 610 quem
2705 538 2796 594 hic
2821 536 3004 633 subdo
3056 534 3231 633 modo
3283 532 3572 633 accidisse,
3623 534 3842 633 venosi-

519 676 648 718 cere
678 656 861 714 videri
901 656 1095 726 queat,
1129 651 1201 707 de
1233 648 1292 704 S.
1353 649 1622 703 Brunone
1666 642 1903 715 ejusque
1962 636 2128 693 sociis

502 746 819 822 sequentia
846 745 1123 800 duntaxat
1152 758 1183 795 e
1230 737 1488 793 versione
1529 729 1836 789 Morkensii
1871 743 2127 783 comme-

520 820 713 895 morat
744 852 757 891 :
795 857 823 886 «
845 832 951 898 Qui
981 830 1214 904 quidem
1237 827 1295 882 in
1318 821 1700 880 desertislocis
1734 820 2010 889 degentes
2024 831 2129 887 per

522 930 751 997 tempus
781 920 915 979 satis
942 921 1184 990 longum
1208 915 1340 969 illuc
1356 908 1845 982 transmigrarunt
1857 905 1928 959 ad
1942 905 2132 997 partes

524 993 665 1071 Stili-
685 1013 743 1067 in
799 1026 932 1065 mea
974 1004 1221 1072 diacesi;
1252 1025 1279 1053 »
1312 1005 1428 1069 aut,
1455 999 1499 1054 si
1532 997 1734 1064 mavis,
1778 1012 1809 1049 e
1874 993 2134 1049 versione

525 1101 750 1175 Ughelli
771 1103 914 1155 tom.
941 1097 1005 1151 1X
1036 1093 1211 1149 Italia
1239 1090 1560 1158 sacra,col.
1588 1088 1715 1152 425,
1738 1084 1964 1175 isthac:
1983 1077 2136 1175 eQui

527 1168 660 1248 cum
697 1205 802 1262 per
864 1188 1055 1242 mutos
1109 1197 1292 1238 annos
1345 1180 1406 1234 in
1457 1176 1594 1232 locis
1646 1171 1914 1229 solitariis
1959 1168 2136 1262 vitam

526 1255 963 1351 transegissent,
991 1274 1102 1329 huc
1134 1270 1208 1326 ad
1235 1270 1427 1340 partes
1455 1264 1595 1337 Styli
1644 1263 1705 1317 in
1749 1278 1881 1316 mea
1902 1255 2140 1351 dioecesi

527 1346 1061 1439 transmigrarunt;
1096 1381 1124 1411 »
1180 1360 1335 1413 hisce
1379 1359 1574 1410 autem
1633 1351 1839 1417 verbis,
1892 1346 2140 1403 fueritne

531 1459 772 1516 Sanctus
799 1455 858 1509 in
879 1449 1155 1509 Calabriae
1199 1445 1456 1512 desertis,
1485 1460 1559 1497 an
1591 1441 1651 1495 in
1682 1439 1806 1494 aliis
1833 1454 1935 1509 per
1990 1439 2140 1489 tem-

531 1564 635 1621 pus
665 1544 799 1601 satis
824 1544 1087 1611 longum,
1112 1540 1425 1607 antequam
1456 1533 1515 1587 in
1549 1530 1997 1602 Squillacensem
2018 1540 2142 1579 ere-

533 1615 697 1692 mum
727 1647 848 1688 sese
887 1629 1146 1693 abderet,
1182 1641 1315 1679 cum
1363 1620 1528 1677 sociis
1557 1619 1670 1673 suis
1729 1615 2141 1677 commoratus,

535 1741 657 1782 non
684 1716 1033 1783 edicit.Quid
1057 1715 1103 1770 si
1127 1710 1483 1770 Mesimerius
1510 1709 1581 1763 de
1609 1704 1921 1762 Carthusia
1948 1705 2005 1756 et
2036 1700 2147 1755 Sic-

534 1830 615 1869 ca
632 1813 906 1867 Fontana
928 1802 1189 1869 desertis,
1220 1801 1282 1855 in
1308 1799 1513 1873 quibus
1545 1796 1806 1861 Sanctus,
1835 1795 2149 1862 antequam

2230 626 2542 682 millimum
2573 630 2733 699 puto.
2766 624 3106 682 Pontiﬁcem
3145 624 3332 679 Roma
3361 622 3421 677 in
3455 623 3843 696 Campaniam

2229 715 2625 787 subjectasque
2646 714 2890 787 Rogerio
2915 713 3043 768 duci
3059 712 3295 784 ejusque
3309 712 3474 767 fratri
3502 711 3845 768 Boamundo

2237 803 2479 859 ditiones
2501 804 2694 859 media
2722 803 2858 858 anni
2888 805 3021 858 1090
3043 805 3239 856 aestate
3267 802 3577 857 abeuntem
3609 800 3851 858 comita-

2232 896 2421 947 tusest
2448 910 2517 947 ex
2547 910 2719 965 supra
2753 892 2916 947 dictis
2941 891 2997 946 S.
3030 892 3241 959 Bruno,
3285 891 3617 965 ibidemque
3644 890 3716 945 ab
3744 889 3846 945 illo

2234 981 2452 1037 curiam
2475 980 2846 1053 relinquendi
2872 996 3255 1052 eremumque
3283 980 3585 1052 repetendi
3612 979 3853 1034 faculta-

2235 1076 2356 1127 tem
2387 1071 2712 1126 enixissime
2746 1071 2911 1142 petit.
2945 1071 3057 1125 Hac
3082 1070 3319 1125 tandem
3344 1071 3603 1139 obtenta,
3624 1086 3761 1125 mox
3787 1067 3849 1122 in

2238 1160 2582 1228 Calabriam,
2615 1160 2712 1216 ubi
2735 1160 2963 1215 deserta
2982 1160 3108 1213 loca
3138 1175 3258 1214 esse
3281 1159 3535 1232 plurima
3561 1157 3847 1225 audierat,

2238 1249 2312 1303 ad
2341 1249 2653 1320 Rogerium
2680 1249 2907 1314 ducem,
2941 1264 3113 1319 quem
3126 1247 3275 1301 forte
3298 1247 3577 1303 alicubiin
3604 1246 3850 1318 Campa-

2241 1338 2362 1410 niaj
2373 1355 2469 1393 am
2480 1338 3013 1408 viderat,suumque
3038 1337 3318 1392 redeundi
3344 1337 3419 1392 ad
3444 1337 3621 1392 vitam
3651 1333 3851 1390 solita-

2241 1427 2389 1482 riam
2421 1426 2770 1482 desiderium
2793 1426 3122 1493 edocuerat,
3156 1442 3278 1481 sese
3317 1425 3653 1494 contulerit;
3684 1440 3850 1478 cum-

2244 1533 2375 1588 que,
2395 1533 2463 1571 eo
2483 1516 2878 1570 consentiente
2894 1515 3273 1587 ducenteque,
3301 1514 3361 1569 in
3376 1514 3649 1570 Calabria
3662 1515 3851 1585 parte,

2244 1604 2297 1660 ei
2325 1605 2599 1676 subjecta,
2632 1605 2821 1658 locum
2844 1603 3154 1659 eremitica
3170 1604 3309 1659 viva
3342 1607 3542 1676 aptum
3573 1600 3858 1675 quaesivis-

2246 1696 2366 1761 set,
2417 1710 2522 1748 nec
2577 1692 2906 1760 invenisset,
2968 1691 3042 1746 ad
3097 1692 3370 1747 comitem
3413 1691 3729 1765 Rogerium
3781 1688 3856 1744 ab

2252 1783 2459 1839 eodem
2486 1781 2766 1855 principe,
2797 1781 2895 1854 qui
2928 1781 3001 1836 ad
3057 1798 3192 1836 eum
3217 1781 3368 1837 forto
3394 1782 3533 1837 alias
3558 1782 3632 1837 ob
3659 1794 3857 1834 causas

537 1867 861 1957 Calabriam
886 1894 1092 1960 adiret,
1125 1867 1229 1962 per
1249 1867 1491 1959 longum
1518 1885 1652 1940 satis
1668 1887 1896 1953 tempus
1925 1897 2023 1935 seu
2050 1893 2153 1950 per;
2180 1879 2232 1939 B
2250 1873 2636 1962 properabat,
2662 1872 2863 1962 ductus
2913 1868 3108 1962 fuerit,
3154 1870 3582 1962 impetrataque
3736 1867 3859 1962 illo,

537 1990 750 2045 multos
781 2000 966 2042 annos
991 1982 1183 2037 fuerat
1214 1979 1489 2042 versatus,
1527 1973 1806 2028 duntaxat
1836 1970 2105 2041 loquatur
2125 1965 2153 2020 ‘?

538 2077 602 2133 Id
632 2092 769 2131 sane
788 2073 946 2129 nullo
979 2087 1047 2126 ex
1073 2066 1259 2139 capite
1273 2080 1408 2121 vero
1426 2061 1708 2128 absimile,
1736 2058 1953 2114 nedum
1974 2056 2157 2111 incre-

539 2164 735 2231 dibile,
759 2162 1017 2234 apparet.

613 2233 831 2309 547.Ad
843 2250 968 2304 hac
993 2245 1064 2301 de
1091 2241 1216 2299 aliis
1231 2241 1429 2308 etiam,
1464 2255 1642 2312 quam
1665 2238 1737 2293 de
1758 2233 2069 2292 Carthusia
2100 2235 2159 2287 et

543 2341 718 2400 Sicca
772 2338 1046 2394 Fontana
1105 2330 1353 2397 eremis,
1434 2325 1754 2383 Mesimerio
1806 2339 1997 2379 sermo
2050 2321 2155 2388 sit,

542 2431 752 2489 hincne
783 2438 1138 2496 conseguens
1170 2419 1281 2475 erit
1309 2420 1371 2473 ut
1418 2417 1478 2471 in
1509 2415 1666 2471 hisce
1694 2414 1936 2469 Sanctus
1966 2414 2161 2466 noster

542 2517 807 2577 acomite
835 2511 1102 2585 Rogerio,
1132 2524 1264 2564 cum
1317 2506 1450 2562 huic
1502 2504 1692 2559 adhuc
1734 2501 1974 2557 omnino
2016 2502 2163 2552 esset

543 2609 797 2681 ignotus,
843 2603 995 2658 inter
1031 2597 1364 2656 venandum
1384 2593 1558 2650 fuerit
1611 2590 1917 2647 inventus?
1968 2587 2161 2681 Neuti:

545 2675 725 2772 quam
745 2708 903 2759 sane,
968 2688 1050 2744 uti
1078 2686 1340 2761 quisque,
1388 2685 1675 2756 quantum
1732 2679 1959 2751 opinor,
2009 2675 2166 2730 haud

546 2765 853 2843 difﬁculter
881 2779 1171 2851 agnoscet.
1206 2774 1441 2839 Verum,
1485 2769 1733 2843 inquies,
1766 2769 1847 2823 ita
1895 2765 2165 2838 equidem

544 2873 710 2930 facile
731 2870 949 2925 factum
971 2881 1092 2921 esse
1108 2860 1380 2935 potuerit,
1414 2860 1496 2927 ut,
1530 2858 1604 2913 ad
1636 2855 1793 2929 quod
1810 2854 2165 2910 credendum

544 2957 901 3019 Morkensius
953 2971 1022 3009 ex
1064 2950 1229 3007 dictis
1256 2947 1601 3023 propendet,
1650 2946 1891 3000 Sanctus
1949 2946 2163 3009 noster,

548 3067 667 3106 non
699 3046 934 3121 quidem
955 3060 990 3098 a
1028 3039 1239 3096 comite
1266 3035 1537 3108 Rogerio,
1571 3034 1672 3089 sed
1706 3051 1739 3088 a
1766 3034 1910 3088 duce
1957 3033 2164 3087 homo-

550 3154 752 3212 nymo,
789 3134 949 3205 cujus
977 3132 1024 3186 is
1049 3132 1286 3202 patruus
1319 3128 1465 3194 erat,
1496 3141 1629 3178 cum
1656 3122 1738 3177 illi
1780 3122 1963 3177 adhuc
1996 3122 2167 3193 plane

554 3207 703 3284 esset
727 3225 980 3298 ignotus,
1013 3219 1073 3274 in
1104 3218 1400 3289 spelunca,
1428 3214 1489 3267 in
1516 3229 1693 3285 quam
1722 3227 1841 3265 sese
1857 3227 1988 3264 cum
2004 3207 2169 3263 sociis

548 3314 869 3386 receperat,
887 3310 1038 3366 inter
1059 3305 1392 3362 venandum
1418 3302 1592 3356 fuerit
1620 3300 1907 3355 inventus.
1943 3299 2167 3360 Fateor,

550 3405 630 3461 sic
659 3385 855 3469 habet,
889 3414 996 3454 nec
1024 3412 1137 3468 quo
1170 3393 1362 3448 minus
1387 3391 1467 3445 ita
1494 3391 1712 3445 factum
1746 3404 1865 3442 esse
1897 3385 2168 3458 potuerit,

559 3491 892 3565 repugnant
923 3485 1245 3557 diplomata
1268 3496 1440 3552 supra
1471 3478 1643 3545 dicta;
1671 3493 1873 3532 verum
1901 3492 2051 3530 anne
2081 3491 2172 3528 re-

557 3583 681 3655 ipsa
710 3580 790 3634 ita
816 3578 1035 3632 factum
1059 3571 1150 3639 sit,
1169 3569 1412 3625 dubium
1437 3567 1580 3622 mihi
1595 3567 1683 3621 vel
1710 3565 1922 3621 idcirco
1946 3578 2176 3635 semper

557 3650 688 3737 erit,
717 3666 874 3741 quod
908 3680 1000 3719 res
1031 3661 1187 3716 nullo
1233 3659 1406 3730 plane
1433 3656 1691 3728 probatae
1722 3671 1786 3709 ac
1816 3655 1987 3708 certa
2043 3650 2177 3741 ﬁdei

559 3755 944 3815 monumento
998 3750 1171 3823 queat
1211 3744 1464 3818 probari.
1500 3745 1587 3799 Ad
1626 3742 1956 3798 Zanottium
2000 3740 2176 3794 modo

562 3846 880 3903 veniamus.
912 3838 1014 3894 Hic
1047 3879 1061 3905 ,
1091 3839 1154 3892 ut
1180 3834 1479 3901 Sanctum,
1533 3832 1687 3904 quod
1746 3831 1941 3885 Surius
1969 3828 2181 3899 aliique

565 3932 759 3993 Sancti
783 3928 1091 4001 biographi
1114 3924 1373 3991 tradunt,
1403 3939 1437 3977 a
1476 3921 1687 3976 comite
1714 3918 1982 3989 Rogcrio,
2009 3933 2181 3970 vena-

566 4022 715 4080 tioni
743 4034 985 4091 operam
1017 4016 1215 4080 dante,
1246 4012 1308 4066 in
1342 4010 1615 4080 spelunca
1643 4007 1816 4061 fuisse
1849 4007 2180 4071 inventum,

567 4112 799 4166 tueatur
816 4120 944 4160 rem
972 4104 1124 4157 hanc
1172 4116 1292 4154 non
1342 4099 1499 4163 ante,
1552 4095 1653 4150 sed
1684 4097 1989 4166 postquam
2048 4093 2188 4148 San-

570 4204 694 4256 ctus
723 4192 921 4251 comiti
951 4188 1198 4262 Rogerio
1215 4189 1388 4242 notus
1404 4188 1572 4252 esset,
1587 4184 2071 4256 Turritanamque
2088 4200 2188 4238 seu

573 4285 1028 4362 Squillacensem
1054 4275 1331 4334 Calabria
1351 4289 1617 4330 eremum
1647 4272 2089 4362 inhabitandam
2117 4271 2187 4326 ab

579 4360 653 4434 eo
664 4376 792 4449 jam
809 4369 1138 4444 accepisset,
1167 4368 1391 4439 gestam
1413 4379 1533 4419 esse
1556 4360 1772 4430 statuit;
1794 4360 1948 4433 quod
1966 4377 2096 4416 cum
2116 4376 2191 4415 ne

2253 1961 2343 2016 cui
2374 1979 2408 2017 a
2432 1959 2678 2033 Rogerio
2714 1960 2856 2015 duce
2906 1959 2978 2014 ob
3006 1958 3295 2032 insignem
3324 1961 3453 2015 vita
3495 1957 3862 2014 sanctitatem

2254 2051 2418 2107 valde
2435 2050 2609 2105 fuerit
2623 2049 3088 2115 commendatus,
3104 2049 3356 2121 eligendi
3374 2048 3479 2105 sibi
3506 2050 3565 2103 in
3585 2044 3863 2103 Calabria

2256 2143 2441 2211 parte,
2467 2155 2595 2211 qua
2626 2137 2678 2192 ei
2705 2137 2966 2209 parebat,
3000 2154 3403 2211 quencumque
3434 2134 3730 2210 proposito
3762 2147 3865 2187 suo

2258 2228 2535 2283 idoneum
2550 2226 2926 2282 arbitraretur
2942 2227 3155 2295 locum,
3179 2226 3471 2296 facultate,
3500 2224 3867 2281 Turritanam

2260 2332 2525 2372 eremum
2557 2315 2815 2386 elegerit,
2840 2316 3104 2387 hancque
3132 2315 3258 2382 sibi,
3281 2316 3362 2371 uti
3376 2332 3511 2371 mox
3527 2311 3867 2374 videbimus,

2272 2422 2305 2460 a
2331 2405 2482 2460 dicto
2513 2403 2724 2458 comite
2755 2403 3003 2474 Rogerio
3034 2403 3241 2459 donari
3270 2403 3616 2477 impetrarit.
3652 2406 3760 2460 Res
3789 2405 3874 2460 ita

2268 2492 2535 2549 ordinata
2565 2494 2958 2564 conceptaque
2979 2492 3120 2547 nihil
3152 2510 3289 2547 sane
3342 2493 3537 2561 habet,
3598 2494 3753 2566 quod
3782 2494 3873 2549 vel

2269 2598 2400 2636 cum
2426 2580 2838 2652 diplomatibus
2858 2581 3284 2651 supralaudatis
3304 2584 3545 2653 pugnet,
3559 2583 3643 2637 vel
3665 2584 3872 2637 utcun-

2268 2688 2378 2744 que
2409 2688 2442 2725 a
2470 2657 2967 2725 verisimilitudine
2981 2670 3307 2725 abhorreat.
3329 2670 3493 2735 Quod
3524 2688 3654 2725 cum
3686 2670 3872 2738 itasit,

2269 2778 2337 2815 eo
2370 2759 2569 2825 modo,
2597 2775 2709 2831 quo
2725 2757 2852 2829 jam
2876 2757 3011 2826 dixi,
3047 2758 3319 2813 Sanctum
3347 2759 3404 2814 in
3432 2759 3755 2814 Calabriam
3783 2775 3875 2813 se-

2268 2848 2521 2916 cessisse,
2546 2847 3027 2919 Turritanamque
3056 2864 3319 2902 eremum
3341 2847 3443 2902 sibi
3458 2848 3662 2902 donari
3689 2847 3877 2919 impe—

2265 2941 2465 3004 trasse,
2502 2935 2590 2989 vix
2620 2951 2739 2990 non
2771 2939 2991 2989 certum
3018 2935 3521 3008 indubitatumque
3543 2935 3882 3008 puto.Quod

2268 3027 2313 3082 si
2342 3025 2602 3091 interim,
2633 3023 2928 3091 Sanctum,
2954 3025 3137 3078 Deum
3174 3024 3553 3079 intentissima
3584 3027 3878 3092 orantem,

2268 3116 2323 3170 in
2367 3114 2470 3169 sibi
2487 3114 2613 3185 jam
2646 3113 2782 3167 data
2804 3113 2911 3167 hac
2937 3128 3134 3167 eremo
3158 3129 3191 3167 a
3230 3114 3440 3168 comite
3488 3113 3756 3185 Rogerio,
3781 3130 3880 3167 ve-

2272 3202 2493 3259 nationi
2515 3218 2755 3274 operam
2790 3201 2985 3269 dante,
3036 3202 3335 3257 inventum
3374 3200 3565 3270 fuisse,
3595 3218 3729 3257 cum
3774 3202 3882 3258 Za-

2276 3293 2462 3348 nottio
2490 3291 2799 3363 quisquam
2828 3290 3163 3357 contendat,
3184 3294 3281 3345 aut
3311 3290 3367 3345 id
3389 3291 3441 3345 ei
3472 3291 3531 3345 in
3588 3290 3793 3362 Apulia
3851 3308 3887 3347 a

2278 3381 2420 3436 duce
2453 3379 2703 3450 Rogerio
2731 3379 3050 3446 obvenisse,
3079 3395 3209 3433 cum
3227 3379 3548 3435 Morkensio
3579 3379 3886 3450 praefracte

2276 3470 2513 3533 astruat,
2547 3467 2599 3521 ei
2647 3466 2917 3538 equidem
2942 3465 3097 3521 haud
3134 3484 3488 3540 magnopere
3525 3467 3887 3539 refragabor,

2278 3574 2409 3612 cum
2438 3557 2562 3611 hac
2594 3555 2865 3627 equidem
2893 3555 3015 3627 ejus
3037 3556 3253 3628 opinio,
3288 3559 3350 3610 ut
3378 3560 3442 3611 ut
3467 3556 3661 3611 minus
3682 3556 3896 3611 verosi-

2278 3647 2451 3712 milis,
2485 3661 2618 3699 cum
2667 3644 3079 3716 diplomatibus
3127 3661 3301 3716 supra
3348 3644 3531 3699 citatis
3562 3647 3896 3717 pugnatura

2282 3751 2401 3790 non
2426 3732 2736 3787 sit.Verum
2767 3735 3062 3804 utcunque
3097 3732 3335 3787 tandem
3373 3732 3496 3786 hac
3543 3732 3743 3787 omnia
3788 3731 3896 3786 ha-

2282 3814 2480 3888 beant,
2495 3820 2768 3893 equidem
2805 3820 3046 3876 Sanctus
3077 3823 3442 3887 noster,cum
3468 3837 3499 3875 e
3518 3820 3676 3875 curia
3703 3820 3903 3875 Ponti-

2285 3911 2416 3965 ﬁcia
2468 3909 2628 3976 abiit,
2664 3910 2723 3963 in
2750 3910 3118 3964 Turritanam
3173 3909 3449 3965 Calabria
3499 3924 3782 3977 eremum,
3836 3913 3905 3964 ut

2280 4001 2406 4072 jam
2446 3998 2683 4067 dictum,
2722 3998 2968 4054 secessit.
3003 4001 3080 4053 Ac
3136 3998 3299 4053 illum
3350 3998 3606 4070 quidem,
3653 4014 3786 4053 cum
3841 3997 3905 4053 in

2288 4088 2493 4143 itinere
2515 4103 2707 4141 versus
2737 4088 2887 4143 hanc
2909 4086 3197 4155 existeret,
3226 4088 3530 4142 Barensem
3569 4086 3627 4141 S.
3661 4086 3904 4155 Nicolai,

2290 4194 2353 4233 ac
2385 4176 2443 4231 S.
2472 4176 2754 4232 Michaelis
2794 4177 2853 4231 in
2902 4179 3102 4231 monte
3140 4177 3402 4249 Gargano
3453 4174 3716 4230 ecclesias
3754 4174 3907 4230 invi-

2289 4266 2447 4333 sisse,
2490 4266 2899 4337 archangelum
2930 4266 3083 4320 hunc
3111 4265 3198 4320 bis
3228 4265 3335 4320 sibi
3376 4266 3756 4336 apparentem
3807 4264 3914 4320 ha-

2290 4354 2501 4422 buisse,
2559 4354 2785 4427 aliaque
2836 4355 3120 4410 nonnulla
3162 4355 3223 4410 in
3256 4356 3523 4417 contexta
3552 4370 3587 4408 a
3622 4368 3682 4408 se
3709 4351 3913 4409 Sancti

577 4443 893 4538 inspeciem
920 4443 1177 4533 quidem,
1210 4452 1672 4510 utconsideranti
1701 4452 1941 4523 patebit,
1963 4467 2094 4506 cum
2114 4449 2266 4515 di-D
2290 4444 2420 4501 Vita
2458 4461 2583 4517 cap.
2630 4446 2694 4538 t8
2744 4447 2943 4499 narrat
3002 4443 3323 4538 lanottius;
3385 4459 3593 4538 verum
3634 4458 3703 4497 ea
3746 4443 3912 4497 nullo

578 4550 932 4630 plomatibus
987 4561 1162 4619 supra
1205 4541 1388 4599 citatis
1441 4543 1691 4630 pugnet,
1707 4556 1778 4630 ac
1804 4539 2008 4630 proin,
2052 4555 2194 4611 quo-

582 4628 775 4700 minus
800 4642 939 4694 tunc
958 4638 1186 4710 gestum
1199 4632 1486 4700 credatur,
1502 4628 1786 4703 impedire
1801 4629 1924 4684 hac
1940 4645 2057 4683 non
2072 4644 2199 4700 pos-

585 4733 720 4800 sint,
748 4726 995 4785 Zanottii
1020 4741 1141 4780 non
1171 4722 1386 4789 minus,
1439 4735 1617 4792 quam
1647 4716 1953 4774 Morkensii
1999 4716 2194 4789 opinio

586 4817 871 4878 credibilis
901 4816 1173 4890 apparet;
1207 4810 1355 4865 sitne
1374 4812 1574 4864 tamen
1604 4806 1794 4878 reipsa
1819 4805 2196 4861 veritaticon-

592 4925 754 4978 vena,
784 4904 1026 4962 dubium
1070 4901 1243 4974 plane
1276 4896 1544 4971 est,quod
1575 4896 1636 4952 in
1665 4896 1823 4951 nullo
1848 4894 2085 4967 antiquo
2112 4896 2199 4949 sat

591 5001 761 5057 certa
778 4993 912 5051 ﬁdei
936 5008 1038 5048 seu
1067 4991 1299 5045 auctore
1315 5004 1415 5043 seu
1428 4987 1811 5042 monumento
1834 4985 1905 5039 sit
1933 4983 2196 5051 fundata,

592 5104 702 5147 nec
729 5087 950 5142 certam
983 5097 1114 5137 eam
1139 5079 1330 5134 facere
1345 5075 1565 5150 possint
1580 5071 1981 5147 supralaudati
2006 5070 2199 5127 Sancti

593 5174 777 5235 nostri
807 5168 1136 5245 biographi,
1160 5166 1260 5241 qui
1287 5166 1678 5240 praterquam
1710 5161 1865 5235 quod
1896 5159 2018 5215 aliis
2046 5176 2200 5228 eam,

595 5280 773 5341 quam
802 5260 1117 5328 Zanottius,
1140 5253 1424 5329 adjunctis
1444 5252 1707 5320 vestiant,
1720 5249 2068 5306 recentiores
2083 5265 2205 5304 om-

596 5338 700 5413 nes
734 5353 888 5418 sunt,
919 5364 1096 5423 quam
1126 5345 1322 5402 utsola
1344 5358 1447 5398 sua
1474 5339 1813 5397 auctoritate
1839 5338 2029 5404 rebus,
2062 5354 2205 5409 quas

600 5444 671 5499 de
709 5442 768 5498 S.
798 5442 1069 5494 Brunone
1095 5436 1358 5502 narrant,
1383 5432 1561 5488 ﬁdem
1591 5431 1809 5485 certam
1840 5430 2011 5499 atque
2035 5427 2203 5482 indu-

565 5527 584 5546 ³
598 5533 843 5589 bitatam
867 5528 1057 5583 facere
1076 5525 1314 5599 possint.
2078 5513 2081 5516 ’

675 5621 798 5674 548.
824 5618 1032 5682 Quare,
1059 5614 1329 5669 omnibus
1363 5612 1472 5668 rite
1498 5608 1737 5675 libratis,
1772 5605 1965 5662 Sancti
1995 5604 2209 5673 ecuria

600 5704 967 5771 Pontiﬁciain
980 5702 1345 5762 Turritanam
1363 5698 1634 5758 Calabria
1648 5713 1911 5753 eremum
1923 5711 2208 5752 secessum

2296 4550 2528 4607 prorsus
2558 4533 2918 4606 antiquitatis
2946 4533 3281 4590 testimonio
3302 4533 3391 4589 vel
3415 4532 3535 4605 ipse
3560 4532 3775 4600 ﬁrmat,
3820 4533 3915 4589 vel

2298 4624 2433 4680 alibi
2449 4624 2681 4678 ﬁrmata
2705 4622 2958 4679 invenio.

2369 4715 2491 4768 549.
2522 4712 2687 4769 Modo
2715 4712 2919 4786 itaque
2976 4712 3428 4769 examinandum
3454 4710 3546 4767 hic
3567 4712 3768 4779 restat,
3812 4726 3921 4766 cur

2296 4806 2434 4859 tunc
2458 4818 2580 4856 sese
2607 4802 2667 4856 in
2683 4801 3005 4857 Calabriam
3026 4802 3214 4875 potius
3224 4801 3500 4874 recipere,
3529 4815 3706 4873 quam
3726 4798 3803 4853 ad
3828 4798 3920 4854 di-

2297 4894 2506 4949 lectam
2524 4890 2629 4945 sibi
2652 4890 3012 4946 Carthusiam
3031 4892 3244 4959 redire,
3263 4890 3473 4946 Sancto
3491 4889 3674 4944 visum
3699 4886 3923 4943 fuerit?

2299 5000 2333 5035 α
2379 4979 2627 5051 Optabat
2676 4980 2870 5052 (verba
2895 4983 3027 5036 sunt
3056 4981 3504 5037 Blomenvenna
3518 4995 3693 5051 supra
3727 4977 3921 5032 adhuc

2300 5067 2559 5140 recitata)
2586 5067 2777 5123 redire
2799 5069 2872 5124 ad
2903 5069 3263 5125 Carthusiam
3288 5070 3362 5125 ad
3388 5070 3595 5125 fratres
3624 5084 3756 5123 suos
3780 5066 3923 5122 cha-

2302 5156 2578 5223 rissimos,
2603 5173 2747 5229 quos
2771 5158 3151 5230 pramiserat,
3183 5159 3284 5216 sed
3314 5159 3449 5232 quia
3478 5173 3739 5213 summus
3763 5156 3924 5211 Pon-

2302 5245 2440 5301 tifex
2470 5245 2756 5312 (Urbanus
2784 5248 2849 5317 II)
2892 5264 3024 5303 cum
3054 5265 3155 5304 sua
3198 5247 3357 5304 curia
3386 5246 3670 5302 transibat
3700 5244 3759 5299 in
3790 5244 3927 5301 Gal-

2302 5335 2462 5403 liam,
2495 5333 2555 5388 in
2588 5335 2746 5407 cujus
2776 5336 2985 5392 ﬁnibus
3009 5338 3305 5394 Carthusia
3328 5337 3435 5391 sita
3460 5338 3565 5404 est,
3597 5334 3925 5402 metuebat,

2306 5440 2380 5479 ne
2412 5423 2651 5491 curiam,
2689 5441 2864 5496 quam
2893 5426 3168 5499 fugiebat,
3221 5425 3509 5481 declinare
3552 5440 3671 5479 non
3703 5426 3923 5493 posset,

2307 5515 2365 5567 et
2395 5511 2524 5567 ideo
2553 5530 2627 5568 an
2658 5513 2930 5569 Calabria
2977 5515 3166 5587 potius
3206 5515 3432 5570 deserta
3477 5530 3536 5568 se
3586 5511 3860 5580 contulit;
3890 5529 3924 5564 ιι

2306 5602 2388 5658 ita
2416 5601 2511 5657 ille
2545 5618 2557 5657 :
2585 5619 2783 5658 verum
2815 5605 3147 5660 Brunonem
3173 5621 3292 5659 non
3315 5604 3389 5659 ob
3409 5602 3719 5668 rationem,
3736 5617 3920 5674 quam

2306 5691 2395 5750 his
2429 5691 2615 5749 verbis
2647 5694 2876 5766 allegat,
2920 5691 2977 5749 in
3018 5692 3340 5751 Calabriam
3379 5690 3567 5767 potius
3600 5690 3921 5761 secessisse,
