4224 6058
168 152 283 204 337

1760 141 1942 204 ACTA
3400 149 3503 204 338

167 288 367 343 quam
392 272 470 328 ad
498 270 860 328 Carthusiam
891 270 1146 340 rediisse,
1175 271 1297 329 sola
1325 268 1473 328 ratio
1492 272 1792 344 temporis,
1820 276 1873 335 A
1897 260 2126 328 menter
2156 288 2357 345 argue.
2376 273 2596 328 Datum
2624 271 2822 327 Romae
2862 272 3018 327 sexto
3059 271 3345 327 Kalendas
3398 274 3511 329 De-

165 378 298 432 quo
318 362 590 417 Urbanus
619 363 775 433 Papa
794 360 853 415 in
875 361 1116 416 Galliam
1156 360 1404 428 transiit,
1439 361 1798 433 Sanctusque

168 449 233 503 in
267 449 599 504 Calabriam
625 449 877 517 secessit,
918 450 1145 504 evincit.
1179 450 1444 505 Urbanus
1483 450 1664 517 enim,
1713 448 1799 503 uti

162 538 334 593 inter
365 555 570 593 omnes
594 538 883 604 convenit,
916 554 1033 593 non
1051 541 1186 593 ante
1213 555 1435 594 annum
1469 542 1626 606 1095,
1660 555 1796 611 quo,

165 629 499 702 postquam
529 627 834 682 Placentiae
855 627 915 681 in
940 627 1102 681 Italia
1120 628 1440 683 celebrarat
1470 626 1796 692 concilium,

165 707 231 761 in
262 707 537 773 Galliam,
553 706 952 761 Claro-monto
970 707 1124 761 aliud
1145 708 1318 779 longe
1333 707 1797 774 celeberrimum,

166 797 231 851 in
256 812 384 868 quo
400 811 696 850 sacrarum
716 795 984 850 adversus
1006 794 1266 850 inﬁdeles
1298 811 1405 866 pro
1432 796 1622 851 Terra:
1645 796 1800 851 San-

167 886 281 939 ctae
316 883 761 956 recuperatione
791 882 1225 955 expeditionum
1254 884 1703 939 fundamentum
1717 884 1803 955 ja-

172 976 347 1027 ctum
366 972 496 1037 fuit,
530 973 920 1027 celebraturus
938 972 1236 1040 concessit;
1268 973 1458 1029 Bruno
1474 975 1691 1040 autem,
1718 972 1801 1027 uti

174 1079 246 1115 ex
272 1062 411 1132 jam
439 1060 605 1116 dictis
623 1078 689 1115 ac
716 1077 890 1132 porro
923 1061 1179 1116 dicendis
1193 1078 1443 1133 pronum
1471 1065 1556 1117 est
1577 1078 1799 1127 eruere,

175 1151 241 1204 in
275 1149 595 1206 Calibriam
626 1166 657 1203 e
687 1150 846 1204 curia
876 1149 1177 1204 Pontiﬁcia
1202 1167 1356 1206 anno
1388 1153 1525 1206 1090
1557 1168 1680 1206 sese
1711 1167 1802 1204 re-

180 1239 370 1311 cepit.
405 1238 683 1293 Sanctum
717 1238 930 1309 ergoin
951 1238 1276 1293 Calabriam
1302 1239 1492 1310 potius
1518 1256 1640 1294 sese
1671 1255 1806 1294 con-

178 1327 410 1392 tulisse,
428 1343 605 1398 quam
636 1327 710 1381 ad
732 1326 1094 1382 Carthusiam
1155 1327 1413 1395 rediisse,
1456 1344 1610 1394 reor,
1649 1328 1805 1399 quod

176 1416 481 1483 Pontifex,
513 1415 885 1481 difﬁcillimis,
918 1415 1123 1487 quibus
1138 1416 1381 1482 vivebat,
1420 1416 1801 1487 temporibus,

175 1504 453 1559 futurum
484 1504 773 1575 praescius,
819 1507 881 1559 ut
925 1504 1188 1571 subinde,
1236 1506 1420 1560 Roma
1468 1504 1686 1570 relicta,
1744 1504 1803 1559 in

1897 361 2164 416 cembris.
2206 382 2233 410 ››

1968 452 2102 504 551.
2165 449 2308 503 Cum
2357 465 2535 520 ergo,
2599 447 2680 503 uti
2740 465 2808 503 ex
2887 448 2997 503 hac
3056 448 3340 504 Paschalis
3394 465 3513 520 pa-

1896 552 1985 609 pae
2026 537 2268 610 cpistola
2314 537 2513 609 liquet,
2571 538 2754 593 fuerit
2820 537 2891 593 ab
2939 538 3049 592 hoc
3097 536 3361 609 proximo
3411 538 3513 592 Ur-

1900 626 2039 681 bani
2065 628 2111 680 Il
2141 627 2200 680 in
2229 626 2286 682 S.
2312 626 2464 681 Petri
2523 626 2872 682 Cathedram
2916 642 3235 682 successore
3267 627 3515 682 Romam

1902 717 2169 770 evocatus
2228 716 2533 782 Lanvinus,
2596 716 2893 787 proximus
2967 715 3160 770 Sancti
3221 715 3280 771 in
3334 714 3517 770 cremi

1897 804 2217 859 Turritanae
2272 804 2592 876 prioratum
2685 821 2996 873 successor,
3052 804 3225 859 fuisse
3286 821 3515 877 quoque

1900 890 2216 962 ipsummet
2267 892 2324 946 S.
2369 894 2912 965 Brunonem,quem
2968 893 3212 947 summis
3254 892 3517 947 laudibus

1903 980 2187 1034 Paschalis
2218 980 2309 1035 hic
2343 980 2528 1047 effert,
2564 981 2635 1035 ab
2668 981 2898 1036 Urbano
2926 983 2972 1035 Π
2993 984 3315 1048 evocatum,
3348 980 3514 1035 dubio

1904 1068 2148 1122 tandum
2180 1085 2298 1123 non
2322 1073 2583 1140 apparet.
2619 1068 2783 1133 Quod
2805 1086 2936 1124 cum
2970 1069 3049 1124 ita
3074 1069 3164 1137 sit,
3218 1084 3515 1124 summum

1903 1156 2054 1210 hunc
2081 1157 2436 1226 pontiﬁcem,
2490 1157 2645 1229 quod
2694 1158 2767 1212 ad
2821 1175 2942 1213 sese
2988 1158 3231 1212 subinde
3277 1172 3514 1213 evocare

1904 1245 2237 1299 Brunonem
2272 1245 2437 1300 facile
2471 1248 2686 1318 posset,
2718 1246 2873 1301 haud
2887 1248 3087 1318 procul
3102 1262 3237 1300 eum
3269 1262 3303 1301 a
3330 1245 3519 1317 regio-

1906 1333 2091 1399 nibus,
2123 1333 2180 1387 in
2205 1333 2408 1405 quibus
2435 1350 2495 1388 se
2519 1351 2639 1389 non
2671 1351 2805 1389 raro
2848 1338 3343 1390 commoraturum
3374 1350 3518 1406 prae-

1903 1420 2161 1488 videbat,
2221 1422 2513 1478 discedere
2564 1422 2826 1491 voluisse,
2886 1424 3135 1495 hincque
3193 1423 3410 1478 factum
3455 1426 3519 1478 ut

1903 1509 2094 1564 Bruno
2110 1510 2181 1564 ad
2198 1510 2559 1565 Carthusiam
2589 1528 2704 1566 non
2722 1512 2976 1577 redierit,
2994 1512 3092 1565 sed
3116 1512 3174 1566 in
3192 1511 3516 1566 Calabriam

177 1597 374 1649 terras
406 1593 656 1666 Rogerio
703 1593 832 1648 duci
885 1593 1198 1665 comitique
1256 1594 1618 1667 bomonymo
1678 1594 1806 1648 sub-
1829 1579 1882 1638 B
1905 1612 1961 1649 se
1983 1596 2287 1667 receperit,
2319 1615 2437 1652 non
2459 1598 2758 1653 immerito
2792 1598 3124 1668 coqjcceris.
3173 1598 3303 1651 Haec
3340 1612 3516 1668 porro

170 1681 390 1753 jectas,
419 1698 543 1737 sese
572 1681 830 1753 recipere
873 1684 1198 1753 cogeretur,
1238 1682 1594 1748 Brunonem,
1629 1698 1804 1754 quem

180 1770 489 1825 interdum
519 1769 595 1825 ad
616 1787 737 1825 sese
781 1786 1041 1837 evocare,
1074 1774 1246 1842 atque
1276 1771 1351 1825 ad
1380 1770 1618 1826 consilia
1648 1769 1806 1825 adhi-

180 1858 327 1913 bere
360 1858 610 1925 volebat,
638 1857 699 1912 in
732 1858 972 1913 Galliam
995 1875 1092 1913 seu
1122 1859 1197 1913 ad
1213 1858 1803 1931 Carthusiam,procul

183 1946 260 2000 ab
304 1945 605 2017 utriusque
645 1946 877 2017 Bogerii
934 1945 1248 2002 ditionibus
1300 1946 1579 2013 dissitam,
1641 1946 1804 2002 abire

184 2034 471 2089 noluerit.

259 2124 392 2177 550.
426 2123 506 2176 Ea
534 2121 677 2176 mihi
707 2122 869 2177 sedet
903 2123 1211 2190 sententia,
1251 2124 1407 2195 quod
1434 2122 1625 2196 reipsa
1659 2123 1801 2178 San-

183 2212 373 2277 ctum,
400 2226 537 2265 cum
548 2209 675 2281 jam
706 2210 766 2265 in
795 2211 1099 2265 Turmtana
1125 2227 1322 2265 eremo
1355 2214 1696 2277 versaretur,
1730 2209 1801 2264 ab

186 2298 427 2353 Urbano
450 2298 715 2366 subinde,
735 2298 847 2353 sive
874 2300 937 2352 ut
960 2298 1504 2353 indictisinteresset
1523 2296 1798 2365 conciliis,

183 2386 302 2441 sive
355 2386 472 2442 alia
516 2403 857 2459 quacunque
903 2387 974 2442 de
1028 2403 1196 2442 causa
1253 2390 1552 2442 evocatum
1606 2387 1798 2453 fuisse,

184 2475 455 2541 suadeat,
488 2475 647 2545 cujus
667 2476 1063 2545 fragmentum
1076 2475 1655 2530 Mabilloniuslibmxx
1684 2476 1799 2528 An-

182 2564 411 2618 nalium
440 2563 946 2619 Benedictinorum
960 2580 1120 2631 num,
1140 2566 1207 2618 3O
1229 2564 1576 2635 suppeditat,
1591 2564 1800 2636 episto-

184 2653 241 2706 la
261 2668 298 2706 a
310 2651 585 2707 Paschale
609 2653 653 2705 ll
668 2660 837 2723 pa‘pa,
853 2652 1118 2725 proximo
1135 2652 1349 2707 Urbani
1380 2652 1802 2718 successore,ad

186 2739 538 2807 Lanvinum,
560 2740 753 2795 Sancti
782 2741 963 2796 nostri
984 2739 1346 2812 discipulum,
1378 2740 1802 2812 proximunque

1905 1686 2237 1755 conjectura
2268 1689 2563 1758 utcunque
2592 1687 2769 1741 etiam
2793 1686 3174 1741 conﬁrmatur
3187 1689 3310 1740 tum
3333 1703 3401 1741 ex
3421 1702 3514 1741 or-

1906 1774 2053 1828 dinis
2075 1774 2508 1838 Carthusiensis,
2534 1775 2615 1830 uti
2640 1778 2894 1843 vocatur,
2925 1775 3258 1842 traditione,
3289 1777 3417 1828 tum
3448 1790 3518 1830 ex

1904 1878 1973 1916 eo
2005 1862 2179 1933 quod,
2196 1865 2340 1918 teste
2372 1862 2530 1918 omni
2553 1863 2887 1934 exceptione
2909 1862 3117 1934 majori
3137 1865 3386 1935 quatuor
3404 1862 3517 1934 pri-

1905 1966 2135 2004 morum
2151 1950 2461 2005 Carthusiae
2495 1950 2753 2022 priorum
2776 1952 3133 2023 chronologo
3153 1949 3212 2005 in
3242 1951 3351 2005 hoc
3362 1952 3518 2004 tran—

1903 2038 2113 2109 scripto
2147 2055 2308 2093 num.
2337 2044 2367 2093 7
2397 2039 2591 2093 Sancti
2624 2039 2807 2094 nostri
2835 2038 3330 2110 elogio,evocatus
3356 2038 3451 2093 hic
3483 2055 3514 2092 θ

1905 2126 2202 2181 Carthusia
2233 2127 2304 2182 ab
2337 2127 2570 2182 Urbano
2603 2127 2933 2200 llpontiﬁce
2968 2126 3162 2194 fuerit,
3182 2130 3245 2181 ut
3268 2124 3517 2181 consiliis

1903 2215 2015 2269 suis
2040 2216 2192 2269 hunc
2223 2215 2552 2286 adjuvaret;
2583 2217 2736 2271 unde
2767 2216 3092 2272 verosimile
3125 2216 3514 2281 ﬁt,Urbanum

1902 2304 2041 2359 dum
2066 2304 2319 2360 Brunoni
2358 2321 2389 2359 e
2440 2306 2598 2360 curia
2643 2323 2744 2361 sua
2799 2305 3128 2361 discedendi
3180 2304 3518 2359 facultatem

1900 2392 2196 2459 concessit,
2221 2392 2471 2448 consiliis
2494 2394 2615 2465 ejus
2646 2394 2730 2449 uti
2756 2393 3029 2465 deinceps
3050 2393 3235 2448 adhuc
3250 2392 3514 2460 voluisse,

1898 2480 2164 2550 huncque
2196 2479 2256 2533 in
2287 2481 2488 2548 ﬁnem,
2525 2480 2664 2535 dum
2698 2497 2732 2535 a
2778 2480 3041 2537 Calabria
3093 2496 3211 2536 non
3268 2478 3515 2534 nimium

1904 2569 2143 2635 abesset,
2180 2567 2423 2622 subinde
2456 2568 2617 2622 illum
2645 2568 2718 2623 ad
2749 2585 2808 2623 se
2837 2585 3121 2625 evocasse.
3144 2567 3233 2622 Ad
3257 2566 3515 2634 htecmisi

1904 2654 2162 2722 Sanctus,
2190 2655 2345 2726 quod
2372 2654 2629 2725 pontifex
2661 2672 2795 2710 eum
2815 2656 2971 2709 haud
2986 2655 3183 2726 procul
3214 2670 3249 2708 a
3275 2653 3433 2721 locis,
3455 2653 3515 2707 in

1903 2743 2107 2814 quibus
2127 2743 2248 2814 ipse
2278 2743 2634 2812 versabatur,
2664 2742 3013 2798 commorari
3031 2741 3321 2798 dictumin
3334 2742 3515 2796 ﬁnem

184 2828 243 2883 in
278 2829 466 2883 eremi
498 2829 815 2884 Calabrinaa
830 2829 1154 2900 prioratum
1171 2845 1577 2896 successorem,
1610 2846 1663 2883 v1
1676 2829 1799 2883 Kal.
1833 2868 1880 2927 Ο
1901 2832 2090 2898 vellet,
2122 2830 2180 2884 in
2215 2830 2536 2886 Calabriam
2577 2831 2867 2885 secessisse
2899 2833 3205 2897 astruatur,
3246 2845 3515 2901 quamam

185 2918 528 2973 Decembris
548 2935 701 2973 anno
732 2922 752 2972 l
774 2921 869 2975 lOl
904 2918 1245 2988 conscripta.
1267 2920 1395 2973 Haec
1413 2918 1593 2986 enim,
1628 2936 1803 2990 quam

183 3005 506 3077 integram,
536 3024 604 3061 ex
631 3006 941 3061 Annalium
955 3007 1443 3062 Carthusiensium
1464 3006 1590 3061 libri
1614 3007 1803 3079 quarti

186 3094 470 3150 hactenus
496 3112 614 3151 non
644 3095 857 3166 vulgati
891 3095 1059 3149 Vallis
1089 3096 1190 3150 Dei
1244 3096 1556 3167 exemplari
1592 3096 1801 3150 descri-

189 3186 382 3254 ptam,
413 3200 587 3256 supra
607 3184 730 3256 plus
752 3185 931 3238 semel
946 3184 1071 3254 jam
1098 3184 1363 3238 laudatus
1395 3184 1801 3239 Carthusianus

187 3271 530 3326 Parisiensis
559 3288 789 3327 mecum
811 3272 1278 3340 communicavit,
1304 3273 1383 3327 sic
1408 3274 1604 3328 habet:
1630 3276 1802 3329 «Pas-

185 3359 368 3414 chalis
397 3360 716 3433 episcopus,
746 3378 940 3416 servus
971 3378 1267 3416 servorum
1298 3361 1420 3428 Dei,
1451 3361 1658 3416 dilecto
1683 3362 1799 3418 ﬁlio

187 3448 470 3516 Lanvino,
502 3449 743 3503 salutem
777 3451 836 3504 et
862 3450 1249 3521 Apostolicam
1307 3449 1795 3504 benedictionem.

187 3536 356 3601 Quod
374 3552 735 3610 magnopere
754 3537 1222 3605 desideravimus,
1244 3537 1640 3592 etvehementi
1659 3537 1802 3592 desi-

186 3624 350 3679 derio
368 3626 843 3697 exspectavimus,
864 3626 994 3692 hoc,
1016 3625 1263 3681 Domino
1282 3624 1651 3698 propitiante,
1676 3642 1802 3697 per-

186 3717 385 3768 actum
416 3716 521 3768 est.
553 3715 893 3769 Revertente
920 3714 1204 3786 siquidem
1236 3714 1415 3769 fratre
1449 3714 1514 3769 Β.
1547 3714 1798 3786 [Richar-

187 3801 283 3865 do]
314 3802 539 3857 Albano
570 3802 860 3874 episcopo,
893 3818 1098 3874 pacem
1121 3804 1179 3857 et
1199 3802 1573 3858 concordiam
1619 3802 1800 3857 eremi

185 3889 592 3958 reformatam,
625 3894 685 3945 et
714 3890 846 3946 tein
876 3891 1067 3946 locum
1099 3893 1312 3946 sanctae
1340 3892 1643 3947 memoriae
1674 3907 1798 3946 ma-

188 3978 354 4050 gistri
386 3978 668 4035 Brunonis
683 3978 1012 4034 successisse
1035 3979 1431 4052 cognovimus.
1470 3979 1554 4035 Sit
1579 3996 1718 4053 ergo
1738 3980 1798 4035 in

188 4069 246 4122 te
271 4066 538 4138 ejusdem
566 4067 684 4122 Viri
709 4067 959 4140 spiritus,
1000 4066 1159 4123 idem
1189 4067 1260 4123 sit
1291 4067 1603 4124 eremiticaa
1635 4068 1800 4124 disci-

1902 2920 2162 2986 tandem,
2188 2937 2287 2974 cur
2314 2920 2425 2973 hoc
2446 2924 2573 2991 post
2604 2920 2906 2974 obtentam
2938 2936 2971 2973 a
2995 2918 3267 2991 pontiﬁce
3298 2918 3358 2972 in
3386 2933 3512 2972 ere-

1903 3022 2065 3061 mum
2097 3007 2383 3062 secedenti
2413 3006 2747 3061 facultatem
2792 3005 3012 3073 fecerit,
3074 3021 3181 3059 nec
3227 3003 3418 3077 potius
3439 3003 3515 3059 ad

1904 3095 2263 3149 Carthusiam
2295 3094 2717 3162 redierit,ratio
2747 3093 3049 3148 afferetur?

1905 3212 1933 3278 §
1962 3210 2179 3264 XXXIII.
2211 3208 2445 3264 Sanctus
2481 3209 2782 3264 Turritana
2840 3206 3106 3262 Calabriae
3149 3224 3318 3263 eremo
3348 3224 3380 3260 a
3433 3223 3515 3261 co-

1969 3283 2097 3352 mite
2120 3280 2347 3349 Rogerio
2372 3281 2623 3348 donatur,
2681 3282 2829 3352 eique
2870 3279 3066 3352 deinde
3107 3296 3141 3352 ᾳ
3179 3278 3511 3352 Μεξρηενοίο,

1969 3348 2328 3423 Squillabensz'
2366 3353 2630 3422 episcopo,
2659 3348 2864 3422 ac—post
2911 3352 2978 3405 ab
3017 3350 3234 3406 Urbano
3262 3348 3331 3403 II
3363 3366 3511 3422 papa

1971 3423 2187 3477 donatio
2210 3424 2316 3475 Ιιαιε
2338 3425 2707 3490 conﬁrmatur.

1971 3535 2361 3603 552.8anctu’s,
2383 3535 2534 3590 facta
2547 3536 2653 3591 sibi
2669 3553 2737 3591 eo
2764 3537 2961 3605 modo,
2980 3552 3093 3609 quo
3114 3538 3142 3605 §
3162 3533 3514 3607 praecedenti

1898 3624 2152 3695 exposui,
2181 3642 2215 3678 a
2245 3624 2448 3679 Sicilia),
2481 3628 2538 3678 ct
2581 3624 2855 3680 Calabriae
2878 3626 3089 3680 comite
3120 3624 3367 3695 Rogerio
3409 3623 3511 3678 eli-

1899 3712 2073 3785 gendi
2098 3714 2156 3767 in
2189 3711 2502 3767 ditionibus
2530 3711 2777 3783 principi
2806 3712 2939 3766 huic
2965 3712 3253 3782 subjectis,
3292 3712 3506 3779 locum,

1901 3817 2074 3873 quem
2089 3800 2399 3855 eremiticaa
2412 3800 2541 3855 vita:
2561 3800 2836 3855 ducendae
2858 3799 3394 3854 maximeidoneum
3417 3815 3508 3853 ar-

1900 3890 2229 3957 bitraretur,
2254 3888 2583 3943 Calabriam
2619 3904 2756 3943 mox
2784 3887 3095 3959 diligenter
3124 3887 3508 3959 perlustravit,

1901 3994 2146 4050 cumque
2176 3978 2235 4033 in
2266 3978 2415 4032 hanc
2437 3993 2726 4045 eremum,
2757 3976 2845 4031 cui
2874 3976 3068 4031 Turris
3094 3992 3333 4044 nomen,
3358 3975 3512 4031 inter

1902 4066 2106 4122 Stilum
2135 4070 2192 4122 et
2215 4068 2467 4122 Arenam
2511 4067 2682 4121 sitam
2715 4066 2981 4139 intraque
3015 4064 3270 4121 dioecesis
3304 4065 3512 4137 Scylla-

189 4155 363 4227 plinae
390 4156 570 4228 rigor,
602 4156 810 4212 eadem
854 4172 1087 4212 morum
1120 4160 1179 4212 et
1208 4156 1502 4228 gravitatis
1531 4161 1802 4214 constan-
1825 4170 1879 4231 D
1903 4156 2105 4223 censis,
2139 4172 2259 4223 seu,
2287 4158 2348 4210 ut
2377 4156 2471 4210 alii
2502 4156 2778 4224 scribunt,
2807 4154 3208 4227 Squillacensis
3225 4153 3511 4210 terminos

188 4243 290 4314 tia;
318 4245 456 4317 quia
482 4261 608 4313 nos,
638 4245 958 4317 opitulante
978 4244 1249 4313 Domino,
1269 4245 1548 4318 quidquid
1562 4248 1801 4302 auctori-

190 4333 322 4387 tatis
346 4337 407 4388 et
427 4334 722 4405 potestatis
735 4332 912 4405 ipsius
924 4333 1175 4406 Magistri
1191 4334 1508 4407 probabilis
1524 4335 1804 4406 sapientia

188 4426 246 4476 et
268 4421 477 4492 religio
504 4423 576 4478 ab
604 4423 935 4493 Apostolica
957 4422 1102 4478 Sede
1126 4423 1450 4496 promeruit
1485 4424 1800 4494 personali-

188 4513 296 4577 ter,
330 4510 443 4564 hoc
470 4510 595 4579 tibi,
623 4510 832 4566 eodem
871 4513 928 4568 te
961 4511 1162 4583 spiritu
1182 4512 1627 4581 concomitante,
1662 4529 1799 4567 con-

188 4598 465 4653 cedimus.
491 4599 765 4655 Volumus
796 4602 1013 4669 antem,
1040 4600 1178 4655 utin
1191 4601 1455 4672 proxima
1474 4600 1802 4673 Quadrage-

188 4687 335 4743 sima
362 4703 471 4742 nos
481 4687 707 4743 visitare
721 4688 950 4756 debeas,
966 4692 1248 4761 quatenus
1264 4688 1453 4743 cordis
1494 4693 1713 4744 secreta
1735 4706 1799 4745 os

188 4776 262 4831 ad
282 4792 347 4831 os
370 4775 596 4848 plenius
610 4777 1045 4848 proloquamur.
1071 4775 1311 4831 Interim
1339 4792 1473 4831 vero
1489 4793 1800 4832 monemus

191 4867 251 4919 ut
272 4863 345 4919 de
378 4864 744 4920 resarcienda
772 4881 913 4937 pace
968 4867 1160 4932 terrae,
1192 4880 1367 4936 quam
1424 4866 1800 4920 vehementer

191 4953 483 5009 turbatam
514 4953 856 5023 audivimus,
890 4971 1021 5010 cum
1044 4954 1318 5009 fratribus
1350 4955 1558 5009 nostris
1584 4957 1642 5009 et
1664 4954 1797 5010 reli-

193 5042 365 5114 giosis
384 5040 539 5110 viris,
563 5042 660 5114 qui
690 5042 841 5097 circa
864 5046 921 5098 te
964 5046 1117 5112 sunt,
1157 5046 1401 5115 satagas,
1436 5044 1492 5097 et
1543 5043 1683 5098 alios
1728 5043 1801 5099 ad

193 5132 298 5187 hoc
332 5147 711 5187 commonere
741 5148 1031 5205 procures.
1086 5132 1292 5186 Abbati
1323 5131 1518 5186 Sancti
1570 5132 1798 5203 Iuliani,

196 5237 368 5294 quem
426 5220 940 5292 reprehensibilem
998 5220 1339 5288 audivimus,
1404 5220 1652 5292 praecipe
1736 5239 1803 5277 ex

196 5310 359 5366 nobis
385 5312 450 5365 ut
494 5312 705 5364 nostras
743 5308 1050 5365 audientiae
1080 5324 1140 5363 se
1189 5310 1596 5381 repraesentet;
1646 5325 1807 5367 eum-

199 5414 303 5472 que
324 5398 400 5456 de
424 5398 761 5471 contemptu
802 5398 1128 5457 litterarum
1177 5396 1348 5468 legati
1405 5395 1585 5451 nostri
1633 5399 1804 5460 vello-

1903 4247 2258 4313 conclusam,
2302 4261 2475 4316 quam
2510 4244 2805 4316 proposito
2852 4260 2953 4299 suo
3008 4242 3508 4315 percommodam,

1901 4337 2101 4405 utpote
2117 4336 2444 4388 montosam
2471 4332 2655 4400 valde,
2677 4332 2948 4404 adituque
2973 4333 3215 4387 arduam
3229 4348 3294 4387 ac
3311 4331 3511 4387 difﬁci-

1900 4422 2039 4491 lem,
2062 4421 2378 4493 judicabat,
2411 4420 2743 4488 invenisset,
2770 4421 2925 4475 hunc
2964 4419 3045 4475 illi
3091 4422 3283 4476 locum
3316 4437 3510 4476 comes

1900 4510 2179 4583 Rogerius
2204 4509 2431 4582 publico
2456 4509 2716 4564 confecto
2746 4509 3108 4565 intrumento
3168 4526 3269 4564 seu
3324 4509 3511 4581 diplo-

1900 4602 2056 4655 mate
2100 4597 2514 4670 benignissime
2569 4600 2656 4653 est
2699 4597 2958 4670 largitus,
3017 4596 3511 4667 donationemque

1899 4686 2466 4743 deindeMesimerius
2509 4685 2884 4759 Scyllacensis
2910 4685 3211 4760 episcopus
3244 4700 3309 4740 ac
3335 4684 3514 4738 Urba-

1898 4794 2006 4833 nus
2031 4778 2076 4831 ll
2096 4793 2247 4849 papa
2266 4774 2662 4831 conﬁrmarun
2674 4775 2964 4830 t.Chartas
2977 4791 3075 4829 seu
3092 4773 3504 4837 instrumenta,

1898 4865 2103 4938 quibus
2133 4865 2192 4919 in
2213 4864 2492 4931 fecerunt,
2526 4864 2759 4919 lectoris
2776 4863 2973 4931 oculis,
2989 4861 3142 4934 quod
3174 4875 3280 4915 nec
3296 4857 3510 4930 passim

1900 4953 2097 5009 omnia
2126 4953 2200 5008 ad
2231 4969 2469 5007 manum
2501 4952 2633 5020 sint,
2668 4969 2773 5007 nec
2803 4951 3016 5023 paucis,
3050 4965 3176 5021 qua:
3205 4949 3275 5003 de
3297 4946 3509 5003 Sancto

1894 5043 2020 5114 jam
2047 5041 2197 5096 dicta
2218 5043 2350 5095 sunt
2381 5056 2445 5095 ac
2480 5056 2656 5113 porro
2690 5041 2975 5107 dicentur,
3004 5040 3195 5093 lucem
3261 5035 3513 5091 afferant

1895 5130 2108 5203 juverit
2130 5128 2454 5200 subjecisse,
2486 5128 2799 5184 observatis
2819 5127 2893 5181 ad
2921 5126 3281 5198 singulorum
3295 5124 3513 5178 calcem

1904 5218 2213 5286 nonnullis,
2232 5217 2346 5273 sive
2360 5218 2429 5273 de
2443 5216 2591 5273 notis
2610 5214 2913 5282 chronicis,
2931 5214 3136 5287 quibus
3149 5211 3510 5276 muniuntur,

1906 5307 2024 5363 sive
2053 5307 2122 5363 de
2143 5307 2429 5379 personis,
2455 5320 2702 5378 quarum
2723 5303 2967 5359 nomina
2985 5305 3285 5369 notantur,
3301 5298 3416 5355 sive
3440 5297 3511 5351 de

1910 5395 2087 5471 nique
2118 5396 2188 5451 de
2210 5395 2342 5453 aliis
2367 5395 2955 5470 quibuscunque,quae
2973 5387 3354 5452 elucidationo
3368 5402 3534 5442 com-
