  <div class='ocr_page' id='page_1' title='image "/cluster/home/n/w/nwhite01/storage/ocr_20150623/152/hvd.32044054760103/175.png"; bbox 0 0 4026 6042; ppageno 0'>
   <div class='ocr_carea' id='block_1_1' title="bbox 452 230 557 289">
    <p class='ocr_par' dir='ltr' id='par_1_1' title="bbox 452 230 557 289">
     <span class='ocr_line' id='line_1_1' title="bbox 452 230 557 289; baseline -0.019 0"><span class='ocrx_word' id='word_1_1' title='bbox 452 230 557 289; x_wconf 78' lang='lat'><strong>339</strong></span> 
     </span>
    </p>
   </div>
   <div class='ocr_carea' id='block_1_2' title="bbox 1271 222 2902 292">
    <p class='ocr_par' dir='ltr' id='par_1_2' title="bbox 1271 222 2902 292">
     <span class='ocr_line' id='line_1_2' title="bbox 1271 222 2902 292; baseline -0.001 -3"><span class='ocrx_word' id='word_1_2' title='bbox 1271 232 1329 289; x_wconf 91' lang='lat' dir='ltr'><strong>S.</strong></span> <span class='ocrx_word' id='word_1_3' title='bbox 1363 222 1707 292; x_wconf 75' lang='lat' dir='ltr'><strong>BRUNONIS</strong></span> <span class='ocrx_word' id='word_1_4' title='bbox 1749 228 2379 291; x_wconf 82' lang='lat' dir='ltr'><strong>CARTHUSIANORUM</strong></span> <span class='ocrx_word' id='word_1_5' title='bbox 2436 224 2902 289; x_wconf 83' lang='lat' dir='ltr'><strong>INSTITUTORIS</strong></span> 
     </span>
    </p>
   </div>
   <div class='ocr_carea' id='block_1_3' title="bbox 3659 244 3772 297">
    <p class='ocr_par' dir='ltr' id='par_1_3' title="bbox 3659 244 3772 297">
     <span class='ocr_line' id='line_1_3' title="bbox 3659 244 3772 297; baseline -0.018 0"><span class='ocrx_word' id='word_1_6' title='bbox 3659 244 3772 297; x_wconf 74' lang='grc'><strong>340</strong></span> 
     </span>
    </p>
   </div>
   <div class='ocr_carea' id='block_1_4' title="bbox 458 354 3773 437">
    <p class='ocr_par' dir='ltr' id='par_1_4' title="bbox 458 354 3773 437">
     <span class='ocr_line' id='line_1_4' title="bbox 458 354 3773 437; baseline 0.002 -24"><span class='ocrx_word' id='word_1_7' title='bbox 458 356 889 414; x_wconf 79' lang='lat' dir='ltr'><strong>mentationeve</strong></span> <span class='ocrx_word' id='word_1_8' title='bbox 906 354 1282 431; x_wconf 87' lang='lat' dir='ltr'><strong>indiguerint.</strong></span> <span class='ocrx_word' id='word_1_9' title='bbox 1305 361 1354 415; x_wconf 80' lang='grc' dir='ltr'><strong>Α</strong></span> <span class='ocrx_word' id='word_1_10' title='bbox 1380 361 1608 434; x_wconf 86' lang='lat' dir='ltr'><strong>Rogerii</strong></span> <span class='ocrx_word' id='word_1_11' title='bbox 1635 360 1862 417; x_wconf 90' lang='lat' dir='ltr'><strong>comitis</strong></span> <span class='ocrx_word' id='word_1_12' title='bbox 1885 360 2065 434; x_wconf 86' lang='lat' dir='ltr'><strong>diplo-</strong></span> <span class='ocrx_word' id='word_1_13' title='bbox 2082 366 2138 426; x_wconf 79' lang='grc' dir='ltr'><strong>Α</strong></span> <span class='ocrx_word' id='word_1_14' title='bbox 2162 358 3500 431; x_wconf 82' lang='lat' dir='ltr'><strong>atfuerunthii:Stephanuspresbyter,Giraldus</strong></span> <span class='ocrx_word' id='word_1_15' title='bbox 3521 365 3773 437; x_wconf 84' lang='lat' dir='ltr'><strong>prasby-</strong></span> 
     </span>
    </p>
   </div>
   <div class='ocr_carea' id='block_1_5' title="bbox 458 446 2059 506">
    <p class='ocr_par' dir='ltr' id='par_1_5' title="bbox 458 446 2059 506">
     <span class='ocr_line' id='line_1_5' title="bbox 458 446 2059 506; baseline 0.002 -5"><span class='ocrx_word' id='word_1_16' title='bbox 458 449 615 502; x_wconf 89' lang='lat' dir='ltr'><strong>mate</strong></span> <span class='ocrx_word' id='word_1_17' title='bbox 636 446 1072 503; x_wconf 88' lang='lat' dir='ltr'><strong>transcribendo</strong></span> <span class='ocrx_word' id='word_1_18' title='bbox 1090 449 1376 505; x_wconf 84' lang='lat' dir='ltr'><strong>exordior.</strong></span> <span class='ocrx_word' id='word_1_19' title='bbox 1402 450 1494 505; x_wconf 86' lang='lat' dir='ltr'><strong>His</strong></span> <span class='ocrx_word' id='word_1_20' title='bbox 1516 450 1705 506; x_wconf 91' lang='lat' dir='ltr'><strong>verbis</strong></span> <span class='ocrx_word' id='word_1_21' title='bbox 1716 468 1782 505; x_wconf 84' lang='lat' dir='ltr'><strong>ex</strong></span> <span class='ocrx_word' id='word_1_22' title='bbox 1798 451 2059 506; x_wconf 84' lang='lat' dir='ltr'><strong>Morken-</strong></span> 
     </span>
    </p>
   </div>
   <div class='ocr_carea' id='block_1_6' title="bbox 457 535 2063 611">
    <p class='ocr_par' dir='ltr' id='par_1_6' title="bbox 457 535 2063 611">
     <span class='ocr_line' id='line_1_6' title="bbox 457 535 2063 611; baseline 0.002 -21"><span class='ocrx_word' id='word_1_23' title='bbox 457 535 523 590; x_wconf 90' lang='lat' dir='ltr'><strong>sii</strong></span> <span class='ocrx_word' id='word_1_24' title='bbox 552 535 886 591; x_wconf 85' lang='lat' dir='ltr'><strong>recensione</strong></span> <span class='ocrx_word' id='word_1_25' title='bbox 930 537 1287 609; x_wconf 83' lang='lat' dir='ltr'><strong>concipitur:</strong></span> <span class='ocrx_word' id='word_1_26' title='bbox 1351 561 1379 589; x_wconf 85' lang='lat'><strong>«</strong></span> <span class='ocrx_word' id='word_1_27' title='bbox 1410 540 1687 611; x_wconf 81' lang='lat' dir='ltr'><strong>Rogerius</strong></span> <span class='ocrx_word' id='word_1_28' title='bbox 1728 538 1829 594; x_wconf 91' lang='lat' dir='ltr'><strong>Dei</strong></span> <span class='ocrx_word' id='word_1_29' title='bbox 1876 538 2063 610; x_wconf 87' lang='lat' dir='ltr'><strong>gratia</strong></span> 
     </span>
    </p>
   </div>
   <div class='ocr_carea' id='block_1_7' title="bbox 456 624 2064 682">
    <p class='ocr_par' dir='ltr' id='par_1_7' title="bbox 456 624 2064 682">
     <span class='ocr_line' id='line_1_7' title="bbox 456 624 2064 682; baseline 0.001 -4"><span class='ocrx_word' id='word_1_30' title='bbox 456 639 652 679; x_wconf 90' lang='lat' dir='ltr'><strong>comes</strong></span> <span class='ocrx_word' id='word_1_31' title='bbox 668 624 943 679; x_wconf 89' lang='lat' dir='ltr'><strong>Calabria</strong></span> <span class='ocrx_word' id='word_1_32' title='bbox 974 629 1031 679; x_wconf 92' lang='lat' dir='ltr'><strong>et</strong></span> <span class='ocrx_word' id='word_1_33' title='bbox 1057 624 1259 681; x_wconf 88' lang='lat' dir='ltr'><strong>Sicilia</strong></span> <span class='ocrx_word' id='word_1_34' title='bbox 1287 627 1554 682; x_wconf 74' lang='lat' dir='ltr'><strong>omnibus</strong></span> <span class='ocrx_word' id='word_1_35' title='bbox 1584 627 1846 682; x_wconf 84' lang='lat' dir='ltr'>fidelibus</span> <span class='ocrx_word' id='word_1_36' title='bbox 1868 627 1980 681; x_wconf 88' lang='lat' dir='ltr'><strong>suis</strong></span> <span class='ocrx_word' id='word_1_37' title='bbox 2005 630 2064 681; x_wconf 92' lang='lat' dir='ltr'><strong>et</strong></span> 
     </span>
    </p>
   </div>
   <div class='ocr_carea' id='block_1_8' title="bbox 454 712 2059 787">
    <p class='ocr_par' dir='ltr' id='par_1_8' title="bbox 454 712 2059 787">
     <span class='ocr_line' id='line_1_8' title="bbox 454 712 2059 787; baseline 0.002 -21"><span class='ocrx_word' id='word_1_38' title='bbox 454 712 716 767; x_wconf 86' lang='lat' dir='ltr'><strong>Ecclesia</strong></span> <span class='ocrx_word' id='word_1_39' title='bbox 745 712 845 767; x_wconf 89' lang='lat' dir='ltr'><strong>Dei</strong></span> <span class='ocrx_word' id='word_1_40' title='bbox 876 712 1005 767; x_wconf 79' lang='lat' dir='ltr'>filiis</span> <span class='ocrx_word' id='word_1_41' title='bbox 1035 716 1154 768; x_wconf 89' lang='lat' dir='ltr'><strong>tam</strong></span> <span class='ocrx_word' id='word_1_42' title='bbox 1189 715 1565 785; x_wconf 86' lang='lat' dir='ltr'><strong>prasentibus</strong></span> <span class='ocrx_word' id='word_1_43' title='bbox 1585 732 1762 787; x_wconf 86' lang='lat' dir='ltr'><strong>quam</strong></span> <span class='ocrx_word' id='word_1_44' title='bbox 1775 715 1979 770; x_wconf 90' lang='lat' dir='ltr'><strong>futuris</strong></span> <span class='ocrx_word' id='word_1_45' title='bbox 2000 715 2059 769; x_wconf 92' lang='lat' dir='ltr'><strong>in</strong></span> 
     </span>
    </p>
   </div>
   <div class='ocr_carea' id='block_1_9' title="bbox 454 800 2061 858">
    <p class='ocr_par' dir='ltr' id='par_1_9' title="bbox 454 800 2061 858">
     <span class='ocr_line' id='line_1_9' title="bbox 454 800 2061 858; baseline -0.001 -1"><span class='ocrx_word' id='word_1_46' title='bbox 454 800 703 857; x_wconf 88' lang='lat' dir='ltr'><strong>Domino</strong></span> <span class='ocrx_word' id='word_1_47' title='bbox 732 802 995 856; x_wconf 82' lang='lat' dir='ltr'><strong>salutem.</strong></span> <span class='ocrx_word' id='word_1_48' title='bbox 1029 802 1255 857; x_wconf 86' lang='lat' dir='ltr'><strong>Notum&#39;</strong></span> <span class='ocrx_word' id='word_1_49' title='bbox 1273 820 1392 857; x_wconf 88' lang='lat' dir='ltr'><strong>esse</strong></span> <span class='ocrx_word' id='word_1_50' title='bbox 1423 805 1686 858; x_wconf 88' lang='lat' dir='ltr'><strong>volumus</strong></span> <span class='ocrx_word' id='word_1_51' title='bbox 1710 801 2061 858; x_wconf 78' lang='lat' dir='ltr'><strong>fraternitati</strong></span> 
     </span>
    </p>
   </div>
   <div class='ocr_carea' id='block_1_10' title="bbox 453 889 2062 963">
    <p class='ocr_par' dir='ltr' id='par_1_10' title="bbox 453 889 2062 963">
     <span class='ocr_line' id='line_1_10' title="bbox 453 889 2062 963; baseline 0 -20"><span class='ocrx_word' id='word_1_52' title='bbox 453 894 678 957; x_wconf 90' lang='lat' dir='ltr'><strong>vestra,</strong></span> <span class='ocrx_word' id='word_1_53' title='bbox 706 906 810 962; x_wconf 91' lang='lat' dir='ltr'><strong>per</strong></span> <span class='ocrx_word' id='word_1_54' title='bbox 828 889 930 944; x_wconf 91' lang='lat' dir='ltr'><strong>Dei</strong></span> <span class='ocrx_word' id='word_1_55' title='bbox 947 890 1408 945; x_wconf 89' lang='lat' dir='ltr'><strong>misericordiam</strong></span> <span class='ocrx_word' id='word_1_56' title='bbox 1425 890 1780 946; x_wconf 87' lang='lat' dir='ltr'><strong>aGalliarum</strong></span> <span class='ocrx_word' id='word_1_57' title='bbox 1804 891 2062 963; x_wconf 90' lang='lat' dir='ltr'><strong>partibus</strong></span> 
     </span>
    </p>
   </div>
   <div class='ocr_carea' id='block_1_11' title="bbox 453 976 2064 1050">
    <p class='ocr_par' dir='ltr' id='par_1_11' title="bbox 453 976 2064 1050">
     <span class='ocr_line' id='line_1_11' title="bbox 453 976 2064 1050; baseline -0.001 -17"><span class='ocrx_word' id='word_1_58' title='bbox 453 977 528 1033; x_wconf 83' lang='lat' dir='ltr'><strong>ad</strong></span> <span class='ocrx_word' id='word_1_59' title='bbox 549 978 854 1050; x_wconf 85' lang='lat' dir='ltr'><strong>regionem</strong></span> <span class='ocrx_word' id='word_1_60' title='bbox 896 977 1065 1032; x_wconf 92' lang='lat' dir='ltr'><strong>istam</strong></span> <span class='ocrx_word' id='word_1_61' title='bbox 1096 979 1371 1034; x_wconf 85' lang='lat' dir='ltr'><strong>Calabria</strong></span> <span class='ocrx_word' id='word_1_62' title='bbox 1401 983 1615 1034; x_wconf 82' lang='lat' dir='ltr'><strong>sancta</strong></span> <span class='ocrx_word' id='word_1_63' title='bbox 1648 978 1959 1050; x_wconf 82' lang='lat' dir='ltr'><strong>Religionis</strong></span> <span class='ocrx_word' id='word_1_64' title='bbox 1987 976 2064 1032; x_wconf 83' lang='lat' dir='ltr'><strong>vi-</strong></span> 
     </span>
    </p>
   </div>
   <div class='ocr_carea' id='block_1_12' title="bbox 453 1066 2063 1133">
    <p class='ocr_par' dir='ltr' id='par_1_12' title="bbox 453 1066 2063 1133">
     <span class='ocr_line' id='line_1_12' title="bbox 453 1066 2063 1133; baseline -0.001 -13"><span class='ocrx_word' id='word_1_65' title='bbox 453 1081 570 1133; x_wconf 90' lang='lat' dir='ltr'><strong>ros,</strong></span> <span class='ocrx_word' id='word_1_66' title='bbox 595 1066 930 1121; x_wconf 89' lang='lat' dir='ltr'><strong>Brunonem</strong></span> <span class='ocrx_word' id='word_1_67' title='bbox 959 1066 1226 1121; x_wconf 89' lang='lat' dir='ltr'><strong>videlicet</strong></span> <span class='ocrx_word' id='word_1_68' title='bbox 1256 1071 1312 1122; x_wconf 90' lang='lat' dir='ltr'><strong>et</strong></span> <span class='ocrx_word' id='word_1_69' title='bbox 1360 1068 1679 1122; x_wconf 85' lang='lat' dir='ltr'><strong>Lanvinum</strong></span> <span class='ocrx_word' id='word_1_70' title='bbox 1713 1084 1844 1121; x_wconf 92' lang='lat' dir='ltr'><strong>cum</strong></span> <span class='ocrx_word' id='word_1_71' title='bbox 1899 1066 2063 1121; x_wconf 85' lang='lat' dir='ltr'>sociis</span> 
     </span>
    </p>
   </div>
   <div class='ocr_carea' id='block_1_13' title="bbox 450 1152 2062 1227">
    <p class='ocr_par' dir='ltr' id='par_1_13' title="bbox 450 1152 2062 1227">
     <span class='ocr_line' id='line_1_13' title="bbox 450 1152 2062 1227; baseline -0.002 -18"><span class='ocrx_word' id='word_1_72' title='bbox 450 1169 655 1209; x_wconf 86' lang='lat' dir='ltr'><strong>eorum</strong></span> <span class='ocrx_word' id='word_1_73' title='bbox 674 1153 1019 1226; x_wconf 86' lang='lat' dir='ltr'><strong>pervenisse,</strong></span> <span class='ocrx_word' id='word_1_74' title='bbox 1039 1153 1158 1224; x_wconf 89' lang='lat' dir='ltr'><strong>qui,</strong></span> <span class='ocrx_word' id='word_1_75' title='bbox 1183 1157 1518 1227; x_wconf 88' lang='lat' dir='ltr'><strong>contempta</strong></span> <span class='ocrx_word' id='word_1_76' title='bbox 1534 1154 1843 1209; x_wconf 87' lang='lat' dir='ltr'>mundialis</span> <span class='ocrx_word' id='word_1_77' title='bbox 1863 1152 2062 1224; x_wconf 89' lang='lat' dir='ltr'><strong>gloria</strong></span> 
     </span>
    </p>
   </div>
   <div class='ocr_carea' id='block_1_14' title="bbox 448 1241 1629 1313">
    <p class='ocr_par' dir='ltr' id='par_1_14' title="bbox 448 1241 1629 1313">
     <span class='ocr_line' id='line_1_14' title="bbox 448 1241 1629 1313; baseline 0.001 -17"><span class='ocrx_word' id='word_1_78' title='bbox 448 1241 722 1308; x_wconf 83' lang='lat' dir='ltr'><strong>vanitate,</strong></span> <span class='ocrx_word' id='word_1_79' title='bbox 755 1241 861 1296; x_wconf 90' lang='lat' dir='ltr'><strong>soli</strong></span> <span class='ocrx_word' id='word_1_80' title='bbox 890 1243 1008 1296; x_wconf 92' lang='lat' dir='ltr'><strong>Deo</strong></span> <span class='ocrx_word' id='word_1_81' title='bbox 1028 1242 1330 1313; x_wconf 89' lang='lat' dir='ltr'><strong>elegerunt</strong></span> <span class='ocrx_word' id='word_1_82' title='bbox 1360 1242 1629 1297; x_wconf 82' lang='lat' dir='ltr'><strong>militare.</strong></span> 
     </span>
    </p>
   </div>
   <div class='ocr_carea' id='block_1_15' title="bbox 522 1329 2060 1402">
    <p class='ocr_par' dir='ltr' id='par_1_15' title="bbox 522 1329 2060 1402">
     <span class='ocr_line' id='line_1_15' title="bbox 522 1329 2060 1402; baseline -0.001 -17"><span class='ocrx_word' id='word_1_83' title='bbox 522 1333 646 1385; x_wconf 75' lang='lat'><strong>353.</strong></span> <span class='ocrx_word' id='word_1_84' title='bbox 679 1352 708 1379; x_wconf 85' lang='lat'><strong>«</strong></span> <span class='ocrx_word' id='word_1_85' title='bbox 740 1329 1166 1401; x_wconf 84' lang='lat' dir='ltr'><strong>Horumitaque</strong></span> <span class='ocrx_word' id='word_1_86' title='bbox 1195 1330 1545 1385; x_wconf 87' lang='lat' dir='ltr'><strong>desiderium</strong></span> <span class='ocrx_word' id='word_1_87' title='bbox 1562 1348 1671 1401; x_wconf 86' lang='lat' dir='ltr'><strong>ego</strong></span> <span class='ocrx_word' id='word_1_88' title='bbox 1687 1346 2060 1402; x_wconf 83' lang='lat' dir='ltr'><strong>cognoscens,</strong></span> 
     </span>
    </p>
   </div>
   <div class='ocr_carea' id='block_1_16' title="bbox 448 1416 2064 1490">
    <p class='ocr_par' dir='ltr' id='par_1_16' title="bbox 448 1416 2064 1490">
     <span class='ocr_line' id='line_1_16' title="bbox 448 1416 2064 1490; baseline 0 -18"><span class='ocrx_word' id='word_1_89' title='bbox 448 1420 507 1472; x_wconf 88' lang='lat' dir='ltr'><strong>et</strong></span> <span class='ocrx_word' id='word_1_90' title='bbox 536 1417 799 1490; x_wconf 89' lang='lat' dir='ltr'><strong>ipsorum</strong></span> <span class='ocrx_word' id='word_1_91' title='bbox 821 1416 1044 1471; x_wconf 90' lang='lat' dir='ltr'><strong>meritis</strong></span> <span class='ocrx_word' id='word_1_92' title='bbox 1056 1420 1114 1471; x_wconf 93' lang='lat' dir='ltr'><strong>et</strong></span> <span class='ocrx_word' id='word_1_93' title='bbox 1143 1417 1408 1488; x_wconf 87' lang='lat' dir='ltr'>precibus</span> <span class='ocrx_word' id='word_1_94' title='bbox 1428 1418 1583 1489; x_wconf 88' lang='lat' dir='ltr'><strong>apud</strong></span> <span class='ocrx_word' id='word_1_95' title='bbox 1606 1421 1789 1473; x_wconf 90' lang='lat' dir='ltr'><strong>Deum</strong></span> <span class='ocrx_word' id='word_1_96' title='bbox 1805 1419 2064 1488; x_wconf 82' lang='lat' dir='ltr'><strong>adjuvari</strong></span> 
     </span>
    </p>
   </div>
   <div class='ocr_carea' id='block_1_17' title="bbox 452 1505 2063 1576">
    <p class='ocr_par' dir='ltr' id='par_1_17' title="bbox 452 1505 2063 1576">
     <span class='ocr_line' id='line_1_17' title="bbox 452 1505 2063 1576; baseline -0.001 -16"><span class='ocrx_word' id='word_1_97' title='bbox 452 1505 806 1572; x_wconf 89' lang='lat' dir='ltr'><strong>desiderans,</strong></span> <span class='ocrx_word' id='word_1_98' title='bbox 823 1505 894 1560; x_wconf 91' lang='lat' dir='ltr'><strong>ab</strong></span> <span class='ocrx_word' id='word_1_99' title='bbox 913 1521 1115 1560; x_wconf 90' lang='lat' dir='ltr'><strong>eorum</strong></span> <span class='ocrx_word' id='word_1_100' title='bbox 1139 1505 1416 1560; x_wconf 88' lang='lat' dir='ltr'><strong>charitate</strong></span> <span class='ocrx_word' id='word_1_101' title='bbox 1432 1506 1625 1560; x_wconf 91' lang='lat' dir='ltr'><strong>multis</strong></span> <span class='ocrx_word' id='word_1_102' title='bbox 1637 1507 1902 1576; x_wconf 83' lang='lat' dir='ltr'>precibus</span> <span class='ocrx_word' id='word_1_103' title='bbox 1916 1506 2063 1560; x_wconf 85' lang='lat' dir='ltr'><strong>obti-</strong></span> 
     </span>
    </p>
   </div>
   <div class='ocr_carea' id='block_1_18' title="bbox 448 1593 2062 1663">
    <p class='ocr_par' dir='ltr' id='par_1_18' title="bbox 448 1593 2062 1663">
     <span class='ocr_line' id='line_1_18' title="bbox 448 1593 2062 1663; baseline -0.002 -14"><span class='ocrx_word' id='word_1_104' title='bbox 448 1594 570 1661; x_wconf 88' lang='lat' dir='ltr'><strong>nui,</strong></span> <span class='ocrx_word' id='word_1_105' title='bbox 598 1593 735 1648; x_wconf 88' lang='lat' dir='ltr'><strong>utin</strong></span> <span class='ocrx_word' id='word_1_106' title='bbox 767 1596 923 1648; x_wconf 88' lang='lat' dir='ltr'><strong>terra</strong></span> <span class='ocrx_word' id='word_1_107' title='bbox 948 1610 1081 1647; x_wconf 91' lang='lat' dir='ltr'><strong>mea</strong></span> <span class='ocrx_word' id='word_1_108' title='bbox 1108 1594 1300 1648; x_wconf 92' lang='lat' dir='ltr'><strong>locum</strong></span> <span class='ocrx_word' id='word_1_109' title='bbox 1332 1593 1438 1648; x_wconf 90' lang='lat' dir='ltr'>sibi</span> <span class='ocrx_word' id='word_1_110' title='bbox 1468 1593 1722 1649; x_wconf 88' lang='lat' dir='ltr'><strong>habilem</strong></span> <span class='ocrx_word' id='word_1_111' title='bbox 1760 1596 2062 1663; x_wconf 81' lang='lat' dir='ltr'><strong>eligerent,</strong></span> 
     </span>
    </p>
   </div>
   <div class='ocr_carea' id='block_1_19' title="bbox 2160 447 3776 516">
    <p class='ocr_par' dir='ltr' id='par_1_19' title="bbox 2160 447 3776 516">
     <span class='ocr_line' id='line_1_19' title="bbox 2160 447 3776 516; baseline 0.003 -13"><span class='ocrx_word' id='word_1_112' title='bbox 2160 452 2269 516; x_wconf 90' lang='lat' dir='ltr'><strong>ter,</strong></span> <span class='ocrx_word' id='word_1_113' title='bbox 2306 450 2507 503; x_wconf 85' lang='lat' dir='ltr'><strong>Petrus</strong></span> <span class='ocrx_word' id='word_1_114' title='bbox 2529 448 2600 502; x_wconf 93' lang='lat' dir='ltr'><strong>de</strong></span> <span class='ocrx_word' id='word_1_115' title='bbox 2635 447 3059 514; x_wconf 78' lang='lat' dir='ltr'><strong>Moritonolal.,</strong></span> <span class='ocrx_word' id='word_1_116' title='bbox 3108 448 3452 516; x_wconf 81' lang='lat' dir='ltr'><strong>Moritonio],</strong></span> <span class='ocrx_word' id='word_1_117' title='bbox 3501 452 3776 508; x_wconf 83' lang='lat' dir='ltr'><strong>Ricardus</strong></span> 
     </span>
    </p>
   </div>
   <div class='ocr_carea' id='block_1_20' title="bbox 2158 536 3771 609">
    <p class='ocr_par' dir='ltr' id='par_1_20' title="bbox 2158 536 3771 609">
     <span class='ocr_line' id='line_1_20' title="bbox 2158 536 3771 609; baseline 0.001 -15"><span class='ocrx_word' id='word_1_118' title='bbox 2158 539 2411 604; x_wconf 85' lang='lat' dir='ltr'><strong>Maletus,</strong></span> <span class='ocrx_word' id='word_1_119' title='bbox 2438 537 2754 609; x_wconf 84' lang='lat' dir='ltr'><strong>Ragnulfus</strong></span> <span class='ocrx_word' id='word_1_120' title='bbox 2780 536 3268 603; x_wconf 87' lang='lat' dir='ltr'><strong>eleemosinarius,</strong></span> <span class='ocrx_word' id='word_1_121' title='bbox 3316 538 3574 594; x_wconf 86' lang='lat' dir='ltr'><strong>Nicolaus</strong></span> <span class='ocrx_word' id='word_1_122' title='bbox 3605 544 3771 597; x_wconf 85' lang='lat' dir='ltr'><strong>nota-</strong></span> 
     </span>
    </p>
   </div>
   <div class='ocr_carea' id='block_1_21' title="bbox 2161 624 3767 697">
    <p class='ocr_par' dir='ltr' id='par_1_21' title="bbox 2161 624 3767 697">
     <span class='ocr_line' id='line_1_21' title="bbox 2161 624 3767 697; baseline 0.001 -15"><span class='ocrx_word' id='word_1_123' title='bbox 2161 627 2278 682; x_wconf 90' lang='lat' dir='ltr'>rius</span> <span class='ocrx_word' id='word_1_124' title='bbox 2294 631 2351 681; x_wconf 92' lang='lat' dir='ltr'><strong>et</strong></span> <span class='ocrx_word' id='word_1_125' title='bbox 2376 627 2468 682; x_wconf 86' lang='lat' dir='ltr'><strong>alii</strong></span> <span class='ocrx_word' id='word_1_126' title='bbox 2500 628 2710 697; x_wconf 89' lang='lat' dir='ltr'>plures.</span> <span class='ocrx_word' id='word_1_127' title='bbox 2737 647 2765 674; x_wconf 88' lang='lat'>»</span> <span class='ocrx_word' id='word_1_128' title='bbox 2789 624 3159 690; x_wconf 84' lang='lat' dir='ltr'><strong>Morkensius,</strong></span> <span class='ocrx_word' id='word_1_129' title='bbox 3187 642 3218 678; x_wconf 92' lang='lat' dir='ltr'><strong>e</strong></span> <span class='ocrx_word' id='word_1_130' title='bbox 3234 626 3392 696; x_wconf 84' lang='lat' dir='ltr'>cujus</span> <span class='ocrx_word' id='word_1_131' title='bbox 3408 628 3767 697; x_wconf 86' lang='lat' dir='ltr'><strong>recensione,</strong></span> 
     </span>
    </p>
   </div>
   <div class='ocr_carea' id='block_1_22' title="bbox 2162 712 3771 786">
    <p class='ocr_par' dir='ltr' id='par_1_22' title="bbox 2162 712 3771 786">
     <span class='ocr_line' id='line_1_22' title="bbox 2162 712 3771 786; baseline 0.001 -17"><span class='ocrx_word' id='word_1_132' title='bbox 2162 715 2355 784; x_wconf 90' lang='lat' dir='ltr'><strong>utjam</strong></span> <span class='ocrx_word' id='word_1_133' title='bbox 2378 713 2599 779; x_wconf 88' lang='lat' dir='ltr'><strong>monui,</strong></span> <span class='ocrx_word' id='word_1_134' title='bbox 2632 713 2781 766; x_wconf 90' lang='lat' dir='ltr'><strong>hanc</strong></span> <span class='ocrx_word' id='word_1_135' title='bbox 2820 712 3080 765; x_wconf 88' lang='lat' dir='ltr'><strong>chartam</strong></span> <span class='ocrx_word' id='word_1_136' title='bbox 3112 712 3202 765; x_wconf 89' lang='lat' dir='ltr'><strong>hic</strong></span> <span class='ocrx_word' id='word_1_137' title='bbox 3250 713 3513 782; x_wconf 80' lang='lat' dir='ltr'><strong>exhibeo,</strong></span> <span class='ocrx_word' id='word_1_138' title='bbox 3542 715 3771 786; x_wconf 80' lang='lat' dir='ltr'><strong>integre</strong></span> 
     </span>
    </p>
   </div>
   <div class='ocr_carea' id='block_1_23' title="bbox 2161 800 3773 871">
    <p class='ocr_par' dir='ltr' id='par_1_23' title="bbox 2161 800 3773 871">
     <span class='ocr_line' id='line_1_23' title="bbox 2161 800 3773 871; baseline 0.001 -14"><span class='ocrx_word' id='word_1_139' title='bbox 2161 802 2414 858; x_wconf 85' lang='lat' dir='ltr'><strong>recitata</strong></span> <span class='ocrx_word' id='word_1_140' title='bbox 2446 800 2756 871; x_wconf 86' lang='lat' dir='ltr'><strong>subjungit:</strong></span> <span class='ocrx_word' id='word_1_141' title='bbox 2788 822 2816 849; x_wconf 88' lang='lat'><strong>«</strong></span> <span class='ocrx_word' id='word_1_142' title='bbox 2850 800 3015 866; x_wconf 80' lang='lat' dir='ltr'><strong>Nota,</strong></span> <span class='ocrx_word' id='word_1_143' title='bbox 3049 800 3197 853; x_wconf 91' lang='lat' dir='ltr'><strong>hanc</strong></span> <span class='ocrx_word' id='word_1_144' title='bbox 3217 801 3477 855; x_wconf 87' lang='lat' dir='ltr'><strong>chartam</strong></span> <span class='ocrx_word' id='word_1_145' title='bbox 3508 803 3773 859; x_wconf 88' lang='lat' dir='ltr'><strong>donatio-</strong></span> 
     </span>
    </p>
   </div>
   <div class='ocr_carea' id='block_1_24' title="bbox 2163 895 3773 972">
    <p class='ocr_par' dir='ltr' id='par_1_24' title="bbox 2163 895 3773 972">
     <span class='ocr_line' id='line_1_24' title="bbox 2163 895 3773 972; baseline 0.001 -20"><span class='ocrx_word' id='word_1_146' title='bbox 2163 898 2252 952; x_wconf 88' lang='lat' dir='ltr'><strong>nis</strong></span> <span class='ocrx_word' id='word_1_147' title='bbox 2267 914 2494 952; x_wconf 89' lang='lat' dir='ltr'><strong>eremus</strong></span> <span class='ocrx_word' id='word_1_148' title='bbox 2516 895 2860 960; x_wconf 86' lang='lat' dir='ltr'><strong>Calabrina,</strong></span> <span class='ocrx_word' id='word_1_149' title='bbox 2886 899 3018 961; x_wconf 90' lang='lat' dir='ltr'><strong>etc.,</strong></span> <span class='ocrx_word' id='word_1_150' title='bbox 3049 896 3123 949; x_wconf 91' lang='lat' dir='ltr'><strong>ad</strong></span> <span class='ocrx_word' id='word_1_151' title='bbox 3147 897 3308 951; x_wconf 89' lang='lat' dir='ltr'><strong>Italia</strong></span> <span class='ocrx_word' id='word_1_152' title='bbox 3321 914 3389 951; x_wconf 80' lang='lat' dir='ltr'><strong>ex</strong></span> <span class='ocrx_word' id='word_1_153' title='bbox 3410 900 3773 972; x_wconf 88' lang='lat' dir='ltr'><strong>autographo</strong></span> 
     </span>
    </p>
   </div>
   <div class='ocr_carea' id='block_1_25' title="bbox 2163 984 3772 1059">
    <p class='ocr_par' dir='ltr' id='par_1_25' title="bbox 2163 984 3772 1059">
     <span class='ocr_line' id='line_1_25' title="bbox 2163 984 3772 1059; baseline 0.003 -20"><span class='ocrx_word' id='word_1_154' title='bbox 2163 985 2529 1057; x_wconf 86' lang='lat' dir='ltr'><strong>desumptam</strong></span> <span class='ocrx_word' id='word_1_155' title='bbox 2554 984 2765 1055; x_wconf 88' lang='lat' dir='ltr'><strong>accepi.</strong></span> <span class='ocrx_word' id='word_1_156' title='bbox 2792 985 2885 1037; x_wconf 86' lang='lat' dir='ltr'><strong>Est</strong></span> <span class='ocrx_word' id='word_1_157' title='bbox 2910 1000 3138 1055; x_wconf 91' lang='lat' dir='ltr'><strong>quoque</strong></span> <span class='ocrx_word' id='word_1_158' title='bbox 3158 984 3217 1038; x_wconf 92' lang='lat' dir='ltr'><strong>in</strong></span> <span class='ocrx_word' id='word_1_159' title='bbox 3240 986 3542 1040; x_wconf 81' lang='lat' dir='ltr'><strong>Annotatis</strong></span> <span class='ocrx_word' id='word_1_160' title='bbox 3588 988 3604 1058; x_wconf 84' lang='lat'>(</span> <span class='ocrx_word' id='word_1_161' title='bbox 3635 1004 3772 1059; x_wconf 88' lang='lat' dir='ltr'><strong>pag.</strong></span> 
     </span>
    </p>
   </div>
   <div class='ocr_carea' id='block_1_26' title="bbox 2163 1071 3774 1146">
    <p class='ocr_par' dir='ltr' id='par_1_26' title="bbox 2163 1071 3774 1146">
     <span class='ocr_line' id='line_1_26' title="bbox 2163 1071 3774 1146; baseline 0 -17"><span class='ocrx_word' id='word_1_162' title='bbox 2163 1091 2376 1146; x_wconf 90' lang='lat' dir='ltr'><strong>nempe</strong></span> <span class='ocrx_word' id='word_1_163' title='bbox 2413 1076 2512 1127; x_wconf 89' lang='grc'><strong>199</strong></span> <span class='ocrx_word' id='word_1_164' title='bbox 2530 1076 2589 1127; x_wconf 92' lang='lat' dir='ltr'><strong>et</strong></span> <span class='ocrx_word' id='word_1_165' title='bbox 2618 1072 2800 1126; x_wconf 88' lang='lat' dir='ltr'>tribus</span> <span class='ocrx_word' id='word_1_166' title='bbox 2837 1071 3021 1142; x_wconf 88' lang='lat' dir='ltr'><strong>seqq.)</strong></span> <span class='ocrx_word' id='word_1_167' title='bbox 3064 1071 3132 1125; x_wconf 92' lang='lat' dir='ltr'><strong>ad</strong></span> <span class='ocrx_word' id='word_1_168' title='bbox 3164 1072 3351 1127; x_wconf 85' lang='lat' dir='ltr'><strong>Vitam</strong></span> <span class='ocrx_word' id='word_1_169' title='bbox 3380 1074 3437 1128; x_wconf 92' lang='lat' dir='ltr'><strong>S.</strong></span> <span class='ocrx_word' id='word_1_170' title='bbox 3489 1074 3774 1129; x_wconf 89' lang='lat' dir='ltr'><strong>Brunonis</strong></span> 
     </span>
    </p>
   </div>
   <div class='ocr_carea' id='block_1_27' title="bbox 2164 1158 3770 1228">
    <p class='ocr_par' dir='ltr' id='par_1_27' title="bbox 2164 1158 3770 1228">
     <span class='ocr_line' id='line_1_27' title="bbox 2164 1158 3770 1228; baseline 0 -12"><span class='ocrx_word' id='word_1_171' title='bbox 2164 1162 2330 1216; x_wconf 90' lang='lat' dir='ltr'><strong>Suria</strong></span> <span class='ocrx_word' id='word_1_172' title='bbox 2346 1161 2403 1215; x_wconf 91' lang='lat' dir='ltr'>ni</span> <span class='ocrx_word' id='word_1_173' title='bbox 2434 1159 2635 1215; x_wconf 91' lang='lat' dir='ltr'><strong>nostri.</strong></span> <span class='ocrx_word' id='word_1_174' title='bbox 2667 1160 2743 1212; x_wconf 85' lang='lat' dir='ltr'><strong>Ex</strong></span> <span class='ocrx_word' id='word_1_175' title='bbox 2767 1158 2875 1211; x_wconf 88' lang='lat' dir='ltr'><strong>hac</strong></span> <span class='ocrx_word' id='word_1_176' title='bbox 2905 1158 3211 1213; x_wconf 79' lang='lat' dir='ltr'><strong>manifeste</strong></span> <span class='ocrx_word' id='word_1_177' title='bbox 3243 1164 3488 1228; x_wconf 87' lang='lat' dir='ltr'><strong>constat,</strong></span> <span class='ocrx_word' id='word_1_178' title='bbox 3514 1162 3571 1215; x_wconf 92' lang='lat' dir='ltr'><strong>S.</strong></span> <span class='ocrx_word' id='word_1_179' title='bbox 3608 1164 3669 1216; x_wconf 88' lang='lat' dir='ltr'><strong>P.</strong></span> <span class='ocrx_word' id='word_1_180' title='bbox 3703 1163 3770 1216; x_wconf 91' lang='lat' dir='ltr'><strong>N.</strong></span> 
     </span>
    </p>
   </div>
   <div class='ocr_carea' id='block_1_28' title="bbox 2164 1247 3772 1320">
    <p class='ocr_par' dir='ltr' id='par_1_28' title="bbox 2164 1247 3772 1320">
     <span class='ocr_line' id='line_1_28' title="bbox 2164 1247 3772 1320; baseline 0.001 -15"><span class='ocrx_word' id='word_1_181' title='bbox 2164 1252 2497 1305; x_wconf 90' lang='lat' dir='ltr'><strong>Brunonem</strong></span> <span class='ocrx_word' id='word_1_182' title='bbox 2528 1266 2661 1303; x_wconf 90' lang='lat' dir='ltr'><strong>cum</strong></span> <span class='ocrx_word' id='word_1_183' title='bbox 2680 1247 2933 1302; x_wconf 88' lang='lat' dir='ltr'><strong>Lanvino</strong></span> <span class='ocrx_word' id='word_1_184' title='bbox 2968 1250 3025 1301; x_wconf 87' lang='lat' dir='ltr'><strong>et</strong></span> <span class='ocrx_word' id='word_1_185' title='bbox 3045 1247 3263 1319; x_wconf 87' lang='lat' dir='ltr'><strong>aliquot</strong></span> <span class='ocrx_word' id='word_1_186' title='bbox 3288 1249 3452 1304; x_wconf 87' lang='lat' dir='ltr'><strong>sociis</strong></span> <span class='ocrx_word' id='word_1_187' title='bbox 3472 1251 3598 1320; x_wconf 88' lang='lat' dir='ltr'><strong>jam</strong></span> <span class='ocrx_word' id='word_1_188' title='bbox 3617 1268 3772 1307; x_wconf 91' lang='lat' dir='ltr'><strong>anno</strong></span> 
     </span>
    </p>
   </div>
   <div class='ocr_carea' id='block_1_29' title="bbox 2167 1334 3774 1412">
    <p class='ocr_par' dir='ltr' id='par_1_29' title="bbox 2167 1334 3774 1412">
     <span class='ocr_line' id='line_1_29' title="bbox 2167 1334 3774 1412; baseline 0 -18"><span class='ocrx_word' id='word_1_189' title='bbox 2167 1342 2302 1394; x_wconf 85' lang='grc'><strong>1090</strong></span> <span class='ocrx_word' id='word_1_190' title='bbox 2321 1356 2387 1392; x_wconf 88' lang='lat' dir='ltr'><strong>ex</strong></span> <span class='ocrx_word' id='word_1_191' title='bbox 2406 1338 2600 1392; x_wconf 83' lang='lat' dir='ltr'><strong>Gallia</strong></span> <span class='ocrx_word' id='word_1_192' title='bbox 2625 1336 2881 1409; x_wconf 89' lang='lat' dir='ltr'><strong>partibus</strong></span> <span class='ocrx_word' id='word_1_193' title='bbox 2901 1334 2960 1389; x_wconf 91' lang='lat' dir='ltr'><strong>in</strong></span> <span class='ocrx_word' id='word_1_194' title='bbox 2994 1336 3316 1391; x_wconf 88' lang='lat' dir='ltr'><strong>Calabriam</strong></span> <span class='ocrx_word' id='word_1_195' title='bbox 3334 1338 3575 1406; x_wconf 91' lang='lat' dir='ltr'><strong>venisse,</strong></span> <span class='ocrx_word' id='word_1_196' title='bbox 3600 1344 3774 1412; x_wconf 88' lang='lat' dir='ltr'><strong>atque</strong></span> 
     </span>
    </p>
   </div>
   <div class='ocr_carea' id='block_1_30' title="bbox 2163 1424 3777 1498">
    <p class='ocr_par' dir='ltr' id='par_1_30' title="bbox 2163 1424 3777 1498">
     <span class='ocr_line' id='line_1_30' title="bbox 2163 1424 3777 1498; baseline 0.001 -17"><span class='ocrx_word' id='word_1_197' title='bbox 2163 1444 2197 1481; x_wconf 89' lang='lat' dir='ltr'><strong>a</strong></span> <span class='ocrx_word' id='word_1_198' title='bbox 2227 1425 2473 1498; x_wconf 83' lang='lat' dir='ltr'><strong>Rogerio</strong></span> <span class='ocrx_word' id='word_1_199' title='bbox 2499 1425 2712 1481; x_wconf 90' lang='lat' dir='ltr'><strong>comite</strong></span> <span class='ocrx_word' id='word_1_200' title='bbox 2738 1424 2910 1478; x_wconf 91' lang='lat' dir='ltr'><strong>fuisse</strong></span> <span class='ocrx_word' id='word_1_201' title='bbox 2932 1427 3199 1494; x_wconf 89' lang='lat' dir='ltr'><strong>rogatum</strong></span> <span class='ocrx_word' id='word_1_202' title='bbox 3218 1426 3281 1478; x_wconf 91' lang='lat' dir='ltr'><strong>ut</strong></span> <span class='ocrx_word' id='word_1_203' title='bbox 3308 1425 3368 1479; x_wconf 90' lang='lat' dir='ltr'><strong>in</strong></span> <span class='ocrx_word' id='word_1_204' title='bbox 3396 1442 3464 1481; x_wconf 88' lang='lat' dir='ltr'><strong>ea</strong></span> <span class='ocrx_word' id='word_1_205' title='bbox 3492 1430 3645 1482; x_wconf 88' lang='lat' dir='ltr'><strong>terra</strong></span> <span class='ocrx_word' id='word_1_206' title='bbox 3672 1445 3777 1482; x_wconf 88' lang='lat' dir='ltr'><strong>sua</strong></span> 
     </span>
    </p>
   </div>
   <div class='ocr_carea' id='block_1_31' title="bbox 2163 1513 3775 1585">
    <p class='ocr_par' dir='ltr' id='par_1_31' title="bbox 2163 1513 3775 1585">
     <span class='ocr_line' id='line_1_31' title="bbox 2163 1513 3775 1585; baseline 0.001 -16"><span class='ocrx_word' id='word_1_207' title='bbox 2163 1516 2518 1580; x_wconf 88' lang='lat' dir='ltr'><strong>remaneret,</strong></span> <span class='ocrx_word' id='word_1_208' title='bbox 2555 1513 2915 1583; x_wconf 88' lang='lat' dir='ltr'><strong>eligeretque</strong></span> <span class='ocrx_word' id='word_1_209' title='bbox 2932 1528 3196 1566; x_wconf 90' lang='lat' dir='ltr'><strong>eremum</strong></span> <span class='ocrx_word' id='word_1_210' title='bbox 3238 1513 3532 1585; x_wconf 87' lang='lat' dir='ltr'><strong>proposito</strong></span> <span class='ocrx_word' id='word_1_211' title='bbox 3572 1531 3673 1570; x_wconf 89' lang='lat' dir='ltr'><strong>suo</strong></span> <span class='ocrx_word' id='word_1_212' title='bbox 3707 1531 3775 1570; x_wconf 85' lang='lat' dir='ltr'><strong>ac</strong></span> 
     </span>
    </p>
   </div>
   <div class='ocr_carea' id='block_1_32' title="bbox 2165 1601 3774 1672">
    <p class='ocr_par' dir='ltr' id='par_1_32' title="bbox 2165 1601 3774 1672">
     <span class='ocr_line' id='line_1_32' title="bbox 2165 1601 3774 1672; baseline 0.001 -16"><span class='ocrx_word' id='word_1_213' title='bbox 2165 1603 2558 1658; x_wconf 88' lang='lat' dir='ltr'><strong>commodam.</strong></span> <span class='ocrx_word' id='word_1_214' title='bbox 2594 1602 2713 1654; x_wconf 88' lang='lat' dir='ltr'><strong>»lta</strong></span> <span class='ocrx_word' id='word_1_215' title='bbox 2738 1601 2854 1667; x_wconf 91' lang='lat' dir='ltr'><strong>ille,</strong></span> <span class='ocrx_word' id='word_1_216' title='bbox 2879 1603 2937 1653; x_wconf 90' lang='lat' dir='ltr'><strong>et</strong></span> <span class='ocrx_word' id='word_1_217' title='bbox 2961 1604 3121 1654; x_wconf 90' lang='lat' dir='ltr'><strong>recta</strong></span> <span class='ocrx_word' id='word_1_218' title='bbox 3135 1608 3603 1672; x_wconf 87' lang='lat' dir='ltr'><strong>sane,quamtum</strong></span> <span class='ocrx_word' id='word_1_219' title='bbox 3629 1603 3774 1657; x_wconf 90' lang='lat' dir='ltr'><strong>mihi</strong></span> 
     </span>
    </p>
   </div>
   <div class='ocr_carea' id='block_1_33' title="bbox 447 1681 3775 1763">
    <p class='ocr_par' dir='ltr' id='par_1_33' title="bbox 447 1681 3775 1763">
     <span class='ocr_line' id='line_1_33' title="bbox 447 1681 3775 1763; baseline -0.001 -26"><span class='ocrx_word' id='word_1_220' title='bbox 447 1682 507 1737; x_wconf 87' lang='lat' dir='ltr'><strong>in</strong></span> <span class='ocrx_word' id='word_1_221' title='bbox 524 1698 637 1754; x_wconf 92' lang='lat' dir='ltr'><strong>quo</strong></span> <span class='ocrx_word' id='word_1_222' title='bbox 658 1682 731 1737; x_wconf 89' lang='lat' dir='ltr'><strong>ad</strong></span> <span class='ocrx_word' id='word_1_223' title='bbox 746 1681 1114 1736; x_wconf 90' lang='lat' dir='ltr'><strong>serviendum</strong></span> <span class='ocrx_word' id='word_1_224' title='bbox 1132 1683 1271 1747; x_wconf 91' lang='lat' dir='ltr'><strong>Deo,</strong></span> <span class='ocrx_word' id='word_1_225' title='bbox 1291 1682 1483 1753; x_wconf 89' lang='lat' dir='ltr'><strong>qualia</strong></span> <span class='ocrx_word' id='word_1_226' title='bbox 1502 1682 2066 1749; x_wconf 84' lang='lat' dir='ltr'><strong>vellent,habitacula</strong></span> <span class='ocrx_word' id='word_1_227' title='bbox 2093 1681 2143 1739; x_wconf 93' lang='lat' dir='ltr'><strong>B</strong></span> <span class='ocrx_word' id='word_1_228' title='bbox 2165 1695 2424 1763; x_wconf 66' lang='lat' dir='ltr'><strong>apparet;</strong></span> <span class='ocrx_word' id='word_1_229' title='bbox 2449 1694 2583 1744; x_wconf 75' lang='lat' dir='ltr'><strong>sunt</strong></span> <span class='ocrx_word' id='word_1_230' title='bbox 2609 1689 2932 1759; x_wconf 68' lang='lat' dir='ltr'><strong>tamen,qui</strong></span> <span class='ocrx_word' id='word_1_231' title='bbox 2962 1689 3263 1743; x_wconf 70' lang='lat' dir='ltr'><strong>recitatam</strong></span> <span class='ocrx_word' id='word_1_232' title='bbox 3276 1690 3602 1746; x_wconf 68' lang='lat' dir='ltr'><strong>donationis</strong></span> <span class='ocrx_word' id='word_1_233' title='bbox 3615 1708 3648 1746; x_wconf 65' lang='grc' dir='ltr'><strong><em>δ</em></strong></span> <span class='ocrx_word' id='word_1_234' title='bbox 3660 1693 3775 1746; x_wconf 76' lang='lat' dir='ltr'><strong>Ro-</strong></span> 
     </span>
    </p>
   </div>
   <div class='ocr_carea' id='block_1_34' title="bbox 448 1769 2067 1843">
    <p class='ocr_par' dir='ltr' id='par_1_34' title="bbox 448 1769 2067 1843">
     <span class='ocr_line' id='line_1_34' title="bbox 448 1769 2067 1843; baseline -0.002 -18"><span class='ocrx_word' id='word_1_235' title='bbox 448 1773 867 1843; x_wconf 85' lang='lat' dir='ltr'><strong>prapararent.</strong></span> <span class='ocrx_word' id='word_1_236' title='bbox 920 1770 1235 1841; x_wconf 90' lang='lat' dir='ltr'><strong>Elegerunt</strong></span> <span class='ocrx_word' id='word_1_237' title='bbox 1266 1769 1312 1824; x_wconf 91' lang='lat' dir='ltr'><strong>si</strong></span> <span class='ocrx_word' id='word_1_238' title='bbox 1351 1770 1587 1841; x_wconf 90' lang='lat' dir='ltr'><strong>quidem</strong></span> <span class='ocrx_word' id='word_1_239' title='bbox 1639 1770 1699 1824; x_wconf 92' lang='lat' dir='ltr'><strong>in</strong></span> <span class='ocrx_word' id='word_1_240' title='bbox 1736 1774 1894 1824; x_wconf 88' lang='lat' dir='ltr'><strong>terra</strong></span> <span class='ocrx_word' id='word_1_241' title='bbox 1935 1786 2067 1823; x_wconf 90' lang='lat' dir='ltr'><strong>mea</strong></span> 
     </span>
    </p>
   </div>
   <div class='ocr_carea' id='block_1_35' title="bbox 449 1857 2064 1931">
    <p class='ocr_par' dir='ltr' id='par_1_35' title="bbox 449 1857 2064 1931">
     <span class='ocr_line' id='line_1_35' title="bbox 449 1857 2064 1931; baseline -0.001 -18"><span class='ocrx_word' id='word_1_242' title='bbox 449 1858 765 1931; x_wconf 88' lang='lat' dir='ltr'><strong>quemdam</strong></span> <span class='ocrx_word' id='word_1_243' title='bbox 782 1857 1310 1912; x_wconf 89' lang='lat' dir='ltr'><strong>solitudinislocum</strong></span> <span class='ocrx_word' id='word_1_244' title='bbox 1357 1859 1530 1912; x_wconf 73' lang='lat' dir='ltr'><strong>siwm</strong></span> <span class='ocrx_word' id='word_1_245' title='bbox 1560 1859 1711 1912; x_wconf 91' lang='lat' dir='ltr'><strong>inter</strong></span> <span class='ocrx_word' id='word_1_246' title='bbox 1743 1859 1933 1913; x_wconf 91' lang='lat' dir='ltr'><strong>locum</strong></span> <span class='ocrx_word' id='word_1_247' title='bbox 1967 1857 2064 1929; x_wconf 93' lang='lat' dir='ltr'><strong>qui</strong></span> 
     </span>
    </p>
   </div>
   <div class='ocr_carea' id='block_1_36' title="bbox 450 1945 2062 2018">
    <p class='ocr_par' dir='ltr' id='par_1_36' title="bbox 450 1945 2062 2018">
     <span class='ocr_line' id='line_1_36' title="bbox 450 1945 2062 2018; baseline -0.001 -17"><span class='ocrx_word' id='word_1_248' title='bbox 450 1945 945 2012; x_wconf 79' lang='lat' dir='ltr'><strong>diciturArena,et</strong></span> <span class='ocrx_word' id='word_1_249' title='bbox 975 1945 1253 2016; x_wconf 90' lang='lat' dir='ltr'><strong>oppidum</strong></span> <span class='ocrx_word' id='word_1_250' title='bbox 1292 1946 1446 2017; x_wconf 92' lang='lat' dir='ltr'><strong>quod</strong></span> <span class='ocrx_word' id='word_1_251' title='bbox 1463 1947 1786 2018; x_wconf 87' lang='lat' dir='ltr'><strong>appellatur</strong></span> <span class='ocrx_word' id='word_1_252' title='bbox 1834 1945 2062 2000; x_wconf 91' lang='lat' dir='ltr'><strong>Stilum.</strong></span> 
     </span>
    </p>
   </div>
   <div class='ocr_carea' id='block_1_37' title="bbox 450 2035 2067 2106">
    <p class='ocr_par' dir='ltr' id='par_1_37' title="bbox 450 2035 2067 2106">
     <span class='ocr_line' id='line_1_37' title="bbox 450 2035 2067 2106; baseline 0.001 -17"><span class='ocrx_word' id='word_1_253' title='bbox 450 2035 611 2090; x_wconf 82' lang='lat' dir='ltr'><strong>Hunc</strong></span> <span class='ocrx_word' id='word_1_254' title='bbox 647 2035 960 2106; x_wconf 90' lang='lat' dir='ltr'><strong>egolocum</strong></span> <span class='ocrx_word' id='word_1_255' title='bbox 974 2035 1046 2089; x_wconf 89' lang='lat' dir='ltr'><strong>ad</strong></span> <span class='ocrx_word' id='word_1_256' title='bbox 1070 2035 1358 2090; x_wconf 90' lang='lat' dir='ltr'><strong>honorem</strong></span> <span class='ocrx_word' id='word_1_257' title='bbox 1377 2035 1478 2089; x_wconf 92' lang='lat' dir='ltr'><strong>Dei</strong></span> <span class='ocrx_word' id='word_1_258' title='bbox 1502 2036 1939 2106; x_wconf 90' lang='lat' dir='ltr'><strong>omnipotentis,</strong></span> <span class='ocrx_word' id='word_1_259' title='bbox 1966 2037 2067 2090; x_wconf 88' lang='lat' dir='ltr'><strong>Pa-</strong></span> 
     </span>
    </p>
   </div>
   <div class='ocr_carea' id='block_1_38' title="bbox 446 2122 2065 2192">
    <p class='ocr_par' dir='ltr' id='par_1_38' title="bbox 446 2122 2065 2192">
     <span class='ocr_line' id='line_1_38' title="bbox 446 2122 2065 2192; baseline -0.001 -14"><span class='ocrx_word' id='word_1_260' title='bbox 446 2123 550 2179; x_wconf 88' lang='lat' dir='ltr'><strong>tris</strong></span> <span class='ocrx_word' id='word_1_261' title='bbox 566 2127 624 2178; x_wconf 91' lang='lat' dir='ltr'><strong>et</strong></span> <span class='ocrx_word' id='word_1_262' title='bbox 640 2122 763 2177; x_wconf 87' lang='lat' dir='ltr'><strong>Filii</strong></span> <span class='ocrx_word' id='word_1_263' title='bbox 781 2126 839 2177; x_wconf 91' lang='lat' dir='ltr'><strong>et</strong></span> <span class='ocrx_word' id='word_1_264' title='bbox 856 2122 1100 2192; x_wconf 86' lang='lat' dir='ltr'><strong>Spiritus</strong></span> <span class='ocrx_word' id='word_1_265' title='bbox 1116 2122 1318 2188; x_wconf 89' lang='lat' dir='ltr'><strong>sancti,</strong></span> <span class='ocrx_word' id='word_1_266' title='bbox 1336 2126 1393 2177; x_wconf 92' lang='lat' dir='ltr'><strong>et</strong></span> <span class='ocrx_word' id='word_1_267' title='bbox 1409 2123 1481 2177; x_wconf 89' lang='lat' dir='ltr'><strong>ad</strong></span> <span class='ocrx_word' id='word_1_268' title='bbox 1495 2124 1783 2178; x_wconf 88' lang='lat' dir='ltr'><strong>honorem</strong></span> <span class='ocrx_word' id='word_1_269' title='bbox 1806 2123 2065 2177; x_wconf 88' lang='lat' dir='ltr'><strong>beatissi-</strong></span> 
     </span>
    </p>
   </div>
   <div class='ocr_carea' id='block_1_39' title="bbox 448 2209 2068 2282">
    <p class='ocr_par' dir='ltr' id='par_1_39' title="bbox 448 2209 2068 2282">
     <span class='ocr_line' id='line_1_39' title="bbox 448 2209 2068 2282; baseline -0.001 -16"><span class='ocrx_word' id='word_1_270' title='bbox 448 2227 562 2266; x_wconf 85' lang='lat' dir='ltr'><strong>ma</strong></span> <span class='ocrx_word' id='word_1_271' title='bbox 577 2209 763 2266; x_wconf 82' lang='lat' dir='ltr'><strong>Maria</strong></span> <span class='ocrx_word' id='word_1_272' title='bbox 782 2210 1270 2281; x_wconf 82' lang='lat' dir='ltr'><strong>semperVirginis</strong></span> <span class='ocrx_word' id='word_1_273' title='bbox 1300 2210 1595 2282; x_wconf 84' lang='lat' dir='ltr'><strong>genitricis</strong></span> <span class='ocrx_word' id='word_1_274' title='bbox 1623 2211 1830 2265; x_wconf 90' lang='lat' dir='ltr'><strong>Christi</strong></span> <span class='ocrx_word' id='word_1_275' title='bbox 1878 2211 1978 2266; x_wconf 91' lang='lat' dir='ltr'><strong>Dei</strong></span> <span class='ocrx_word' id='word_1_276' title='bbox 2011 2214 2068 2265; x_wconf 90' lang='lat' dir='ltr'><strong>et</strong></span> 
     </span>
    </p>
   </div>
   <div class='ocr_carea' id='block_1_40' title="bbox 451 2297 2070 2370">
    <p class='ocr_par' dir='ltr' id='par_1_40' title="bbox 451 2297 2070 2370">
     <span class='ocr_line' id='line_1_40' title="bbox 451 2297 2070 2370; baseline -0.001 -14"><span class='ocrx_word' id='word_1_277' title='bbox 451 2298 683 2357; x_wconf 90' lang='lat' dir='ltr'><strong>Domini</strong></span> <span class='ocrx_word' id='word_1_278' title='bbox 701 2298 880 2353; x_wconf 89' lang='lat' dir='ltr'><strong>nostri</strong></span> <span class='ocrx_word' id='word_1_279' title='bbox 893 2297 1621 2370; x_wconf 87' lang='lat' dir='ltr'><strong>omniumqueSanctorum</strong></span> <span class='ocrx_word' id='word_1_280' title='bbox 1640 2300 1844 2354; x_wconf 89' lang='lat' dir='ltr'><strong>donavi</strong></span> <span class='ocrx_word' id='word_1_281' title='bbox 1868 2299 2070 2367; x_wconf 89' lang='lat' dir='ltr'><strong>eis,eo-</strong></span> 
     </span>
    </p>
   </div>
   <div class='ocr_carea' id='block_1_41' title="bbox 448 2387 2067 2461">
    <p class='ocr_par' dir='ltr' id='par_1_41' title="bbox 448 2387 2067 2461">
     <span class='ocr_line' id='line_1_41' title="bbox 448 2387 2067 2461; baseline -0.002 -16"><span class='ocrx_word' id='word_1_282' title='bbox 448 2403 697 2461; x_wconf 85' lang='lat' dir='ltr'><strong>rumque</strong></span> <span class='ocrx_word' id='word_1_283' title='bbox 742 2387 1157 2443; x_wconf 85' lang='lat' dir='ltr'><strong>successoribus</strong></span> <span class='ocrx_word' id='word_1_284' title='bbox 1204 2387 1423 2442; x_wconf 91' lang='lat' dir='ltr'><strong>ibidem</strong></span> <span class='ocrx_word' id='word_1_285' title='bbox 1466 2389 1583 2443; x_wconf 90' lang='lat' dir='ltr'><strong>Deo</strong></span> <span class='ocrx_word' id='word_1_286' title='bbox 1616 2388 1906 2443; x_wconf 89' lang='lat' dir='ltr'><strong>servituris</strong></span> <span class='ocrx_word' id='word_1_287' title='bbox 1934 2404 2067 2442; x_wconf 90' lang='lat' dir='ltr'><strong>cum</strong></span> 
     </span>
    </p>
   </div>
   <div class='ocr_carea' id='block_1_42' title="bbox 449 2476 2066 2548">
    <p class='ocr_par' dir='ltr' id='par_1_42' title="bbox 449 2476 2066 2548">
     <span class='ocr_line' id='line_1_42' title="bbox 449 2476 2066 2548; baseline -0.001 -16"><span class='ocrx_word' id='word_1_288' title='bbox 449 2480 573 2532; x_wconf 87' lang='lat' dir='ltr'><strong>tota</strong></span> <span class='ocrx_word' id='word_1_289' title='bbox 604 2476 744 2531; x_wconf 87' lang='lat' dir='ltr'><strong>silva</strong></span> <span class='ocrx_word' id='word_1_290' title='bbox 772 2478 830 2530; x_wconf 93' lang='lat' dir='ltr'><strong>et</strong></span> <span class='ocrx_word' id='word_1_291' title='bbox 868 2479 1023 2530; x_wconf 89' lang='lat' dir='ltr'><strong>terra</strong></span> <span class='ocrx_word' id='word_1_292' title='bbox 1052 2478 1110 2530; x_wconf 90' lang='lat' dir='ltr'><strong>et</strong></span> <span class='ocrx_word' id='word_1_293' title='bbox 1141 2492 1293 2547; x_wconf 91' lang='lat' dir='ltr'><strong>aqua</strong></span> <span class='ocrx_word' id='word_1_294' title='bbox 1344 2479 1401 2530; x_wconf 89' lang='lat' dir='ltr'><strong>et</strong></span> <span class='ocrx_word' id='word_1_295' title='bbox 1451 2478 1652 2531; x_wconf 89' lang='lat' dir='ltr'><strong>monte</strong></span> <span class='ocrx_word' id='word_1_296' title='bbox 1700 2476 1760 2531; x_wconf 92' lang='lat' dir='ltr'><strong>in</strong></span> <span class='ocrx_word' id='word_1_297' title='bbox 1814 2477 2066 2548; x_wconf 88' lang='lat' dir='ltr'><strong>spatium</strong></span> 
     </span>
    </p>
   </div>
   <div class='ocr_carea' id='block_1_43' title="bbox 451 2563 2062 2636">
    <p class='ocr_par' dir='ltr' id='par_1_43' title="bbox 451 2563 2062 2636">
     <span class='ocr_line' id='line_1_43' title="bbox 451 2563 2062 2636; baseline 0 -17"><span class='ocrx_word' id='word_1_298' title='bbox 451 2563 621 2620; x_wconf 92' lang='lat' dir='ltr'><strong>unius</strong></span> <span class='ocrx_word' id='word_1_299' title='bbox 648 2565 833 2635; x_wconf 87' lang='lat' dir='ltr'><strong>leuga</strong></span> <span class='ocrx_word' id='word_1_300' title='bbox 860 2563 985 2634; x_wconf 88' lang='lat' dir='ltr'><strong>[al.,</strong></span> <span class='ocrx_word' id='word_1_301' title='bbox 1012 2564 1210 2635; x_wconf 87' lang='lat' dir='ltr'><strong>leuca]</strong></span> <span class='ocrx_word' id='word_1_302' title='bbox 1243 2563 1303 2618; x_wconf 92' lang='lat' dir='ltr'><strong>in</strong></span> <span class='ocrx_word' id='word_1_303' title='bbox 1364 2563 1527 2618; x_wconf 93' lang='lat' dir='ltr'><strong>omni</strong></span> <span class='ocrx_word' id='word_1_304' title='bbox 1558 2568 1723 2636; x_wconf 89' lang='lat' dir='ltr'><strong>parte</strong></span> <span class='ocrx_word' id='word_1_305' title='bbox 1752 2565 2062 2635; x_wconf 89' lang='lat' dir='ltr'><strong>adjacenti,</strong></span> 
     </span>
    </p>
   </div>
   <div class='ocr_carea' id='block_1_44' title="bbox 452 2651 2064 2723">
    <p class='ocr_par' dir='ltr' id='par_1_44' title="bbox 452 2651 2064 2723">
     <span class='ocr_line' id='line_1_44' title="bbox 452 2651 2064 2723; baseline -0.001 -15"><span class='ocrx_word' id='word_1_306' title='bbox 452 2652 776 2708; x_wconf 90' lang='lat' dir='ltr'><strong>concedens</strong></span> <span class='ocrx_word' id='word_1_307' title='bbox 794 2655 850 2706; x_wconf 92' lang='lat' dir='ltr'><strong>et</strong></span> <span class='ocrx_word' id='word_1_308' title='bbox 870 2651 1246 2718; x_wconf 88' lang='lat' dir='ltr'><strong>constituens,</strong></span> <span class='ocrx_word' id='word_1_309' title='bbox 1280 2654 1764 2723; x_wconf 90' lang='lat' dir='ltr'><strong>quatenuslocum</strong></span> <span class='ocrx_word' id='word_1_310' title='bbox 1794 2652 1966 2707; x_wconf 91' lang='lat' dir='ltr'><strong>istum</strong></span> <span class='ocrx_word' id='word_1_311' title='bbox 1998 2652 2064 2707; x_wconf 90' lang='lat' dir='ltr'><strong>li-</strong></span> 
     </span>
    </p>
   </div>
   <div class='ocr_carea' id='block_1_45' title="bbox 451 2739 2065 2812">
    <p class='ocr_par' dir='ltr' id='par_1_45' title="bbox 451 2739 2065 2812">
     <span class='ocr_line' id='line_1_45' title="bbox 451 2739 2065 2812; baseline -0.001 -16"><span class='ocrx_word' id='word_1_312' title='bbox 451 2740 592 2796; x_wconf 87' lang='lat' dir='ltr'><strong>bere</strong></span> <span class='ocrx_word' id='word_1_313' title='bbox 615 2743 673 2795; x_wconf 92' lang='lat' dir='ltr'><strong>et</strong></span> <span class='ocrx_word' id='word_1_314' title='bbox 685 2739 877 2812; x_wconf 89' lang='lat' dir='ltr'><strong>quiete</strong></span> <span class='ocrx_word' id='word_1_315' title='bbox 892 2755 1026 2793; x_wconf 89' lang='lat' dir='ltr'><strong>cum</strong></span> <span class='ocrx_word' id='word_1_316' title='bbox 1041 2739 1148 2793; x_wconf 87' lang='lat' dir='ltr'><strong>hac</strong></span> <span class='ocrx_word' id='word_1_317' title='bbox 1172 2739 1263 2811; x_wconf 89' lang='lat' dir='ltr'><strong>adj</strong></span> <span class='ocrx_word' id='word_1_318' title='bbox 1273 2739 1497 2794; x_wconf 90' lang='lat' dir='ltr'><strong>acentia</strong></span> <span class='ocrx_word' id='word_1_319' title='bbox 1520 2757 1622 2795; x_wconf 86' lang='lat' dir='ltr'><strong>sua</strong></span> <span class='ocrx_word' id='word_1_320' title='bbox 1649 2741 1707 2795; x_wconf 92' lang='lat' dir='ltr'><strong>in</strong></span> <span class='ocrx_word' id='word_1_321' title='bbox 1724 2744 2065 2812; x_wconf 88' lang='lat' dir='ltr'><strong>perpetuum</strong></span> 
     </span>
    </p>
   </div>
   <div class='ocr_carea' id='block_1_46' title="bbox 452 2827 2069 2902">
    <p class='ocr_par' dir='ltr' id='par_1_46' title="bbox 452 2827 2069 2902">
     <span class='ocr_line' id='line_1_46' title="bbox 452 2827 2069 2902; baseline 0 -19"><span class='ocrx_word' id='word_1_322' title='bbox 452 2828 803 2902; x_wconf 88' lang='lat' dir='ltr'><strong>possideant;</strong></span> <span class='ocrx_word' id='word_1_323' title='bbox 825 2843 930 2882; x_wconf 92' lang='lat' dir='ltr'><strong>nec</strong></span> <span class='ocrx_word' id='word_1_324' title='bbox 977 2844 1042 2881; x_wconf 82' lang='lat' dir='ltr'><strong>ex</strong></span> <span class='ocrx_word' id='word_1_325' title='bbox 1072 2828 1182 2882; x_wconf 91' lang='lat' dir='ltr'><strong>hoc</strong></span> <span class='ocrx_word' id='word_1_326' title='bbox 1196 2827 1339 2882; x_wconf 92' lang='lat' dir='ltr'><strong>mihi</strong></span> <span class='ocrx_word' id='word_1_327' title='bbox 1368 2829 1455 2882; x_wconf 89' lang='lat' dir='ltr'><strong>vel</strong></span> <span class='ocrx_word' id='word_1_328' title='bbox 1483 2828 1647 2882; x_wconf 88' lang='lat' dir='ltr'><strong>alicui</strong></span> <span class='ocrx_word' id='word_1_329' title='bbox 1678 2845 1939 2899; x_wconf 87' lang='lat' dir='ltr'><strong>persona</strong></span> <span class='ocrx_word' id='word_1_330' title='bbox 1969 2845 2069 2883; x_wconf 88' lang='lat' dir='ltr'><strong>an-</strong></span> 
     </span>
    </p>
   </div>
   <div class='ocr_carea' id='block_1_47' title="bbox 456 2915 2066 2989">
    <p class='ocr_par' dir='ltr' id='par_1_47' title="bbox 456 2915 2066 2989">
     <span class='ocr_line' id='line_1_47' title="bbox 456 2915 2066 2989; baseline -0.001 -17"><span class='ocrx_word' id='word_1_331' title='bbox 456 2917 785 2989; x_wconf 87' lang='lat' dir='ltr'><strong>gariamvel</strong></span> <span class='ocrx_word' id='word_1_332' title='bbox 805 2915 1100 2970; x_wconf 87' lang='lat' dir='ltr'><strong>servitium</strong></span> <span class='ocrx_word' id='word_1_333' title='bbox 1142 2915 1375 2970; x_wconf 89' lang='lat' dir='ltr'><strong>faciant.</strong></span> <span class='ocrx_word' id='word_1_334' title='bbox 1431 2916 1734 2971; x_wconf 90' lang='lat' dir='ltr'><strong>Contestor</strong></span> <span class='ocrx_word' id='word_1_335' title='bbox 1782 2920 1977 2971; x_wconf 90' lang='lat' dir='ltr'><strong>autem</strong></span> <span class='ocrx_word' id='word_1_336' title='bbox 2009 2919 2066 2971; x_wconf 89' lang='lat' dir='ltr'><strong>et</strong></span> 
     </span>
    </p>
   </div>
   <div class='ocr_carea' id='block_1_48' title="bbox 454 3002 2065 3075">
    <p class='ocr_par' dir='ltr' id='par_1_48' title="bbox 454 3002 2065 3075">
     <span class='ocr_line' id='line_1_48' title="bbox 454 3002 2065 3075; baseline 0 -16"><span class='ocrx_word' id='word_1_337' title='bbox 454 3003 785 3060; x_wconf 88' lang='lat' dir='ltr'><strong>contradico</strong></span> <span class='ocrx_word' id='word_1_338' title='bbox 802 3021 869 3059; x_wconf 81' lang='lat' dir='ltr'><strong>ex</strong></span> <span class='ocrx_word' id='word_1_339' title='bbox 892 3007 1056 3075; x_wconf 91' lang='lat' dir='ltr'><strong>parte</strong></span> <span class='ocrx_word' id='word_1_340' title='bbox 1082 3002 1181 3057; x_wconf 91' lang='lat' dir='ltr'><strong>Dei</strong></span> <span class='ocrx_word' id='word_1_341' title='bbox 1201 3003 1619 3075; x_wconf 87' lang='lat' dir='ltr'><strong>omnipotentis</strong></span> <span class='ocrx_word' id='word_1_342' title='bbox 1639 3006 1697 3058; x_wconf 90' lang='lat' dir='ltr'><strong>et</strong></span> <span class='ocrx_word' id='word_1_343' title='bbox 1713 3007 1925 3059; x_wconf 83' lang='lat' dir='ltr'><strong>sancta</strong></span> <span class='ocrx_word' id='word_1_344' title='bbox 1954 3005 2065 3059; x_wconf 85' lang='lat' dir='ltr'><strong>Ma-</strong></span> 
     </span>
    </p>
   </div>
   <div class='ocr_carea' id='block_1_49' title="bbox 453 3093 2065 3167">
    <p class='ocr_par' dir='ltr' id='par_1_49' title="bbox 453 3093 2065 3167">
     <span class='ocr_line' id='line_1_49' title="bbox 453 3093 2065 3167; baseline -0.001 -16"><span class='ocrx_word' id='word_1_345' title='bbox 453 3095 554 3152; x_wconf 84' lang='lat' dir='ltr'><strong>ria</strong></span> <span class='ocrx_word' id='word_1_346' title='bbox 580 3093 1125 3167; x_wconf 85' lang='lat' dir='ltr'><strong>perpetuaVirginis</strong></span> <span class='ocrx_word' id='word_1_347' title='bbox 1145 3096 1203 3147; x_wconf 90' lang='lat' dir='ltr'><strong>et</strong></span> <span class='ocrx_word' id='word_1_348' title='bbox 1219 3093 1484 3148; x_wconf 90' lang='lat' dir='ltr'><strong>omnium</strong></span> <span class='ocrx_word' id='word_1_349' title='bbox 1500 3098 1830 3149; x_wconf 90' lang='lat' dir='ltr'><strong>sanctorum</strong></span> <span class='ocrx_word' id='word_1_350' title='bbox 1845 3097 1901 3148; x_wconf 88' lang='lat' dir='ltr'><strong>et</strong></span> <span class='ocrx_word' id='word_1_351' title='bbox 1913 3111 2065 3160; x_wconf 88' lang='lat' dir='ltr'><strong>mea,</strong></span> 
     </span>
    </p>
   </div>
   <div class='ocr_carea' id='block_1_50' title="bbox 456 3181 2066 3254">
    <p class='ocr_par' dir='ltr' id='par_1_50' title="bbox 456 3181 2066 3254">
     <span class='ocr_line' id='line_1_50' title="bbox 456 3181 2066 3254; baseline -0.001 -15"><span class='ocrx_word' id='word_1_352' title='bbox 456 3200 532 3239; x_wconf 91' lang='lat' dir='ltr'><strong>ne</strong></span> <span class='ocrx_word' id='word_1_353' title='bbox 561 3183 633 3238; x_wconf 89' lang='lat' dir='ltr'><strong>sit</strong></span> <span class='ocrx_word' id='word_1_354' title='bbox 661 3182 865 3254; x_wconf 89' lang='lat' dir='ltr'><strong>aliquis</strong></span> <span class='ocrx_word' id='word_1_355' title='bbox 894 3197 1161 3237; x_wconf 88' lang='lat' dir='ltr'><strong>meorum</strong></span> <span class='ocrx_word' id='word_1_356' title='bbox 1209 3184 1308 3235; x_wconf 92' lang='lat' dir='ltr'><strong>aut</strong></span> <span class='ocrx_word' id='word_1_357' title='bbox 1337 3185 1766 3248; x_wconf 89' lang='lat' dir='ltr'><strong>extraneorum,</strong></span> <span class='ocrx_word' id='word_1_358' title='bbox 1798 3181 2066 3253; x_wconf 88' lang='lat' dir='ltr'><strong>stratigo-</strong></span> 
     </span>
    </p>
   </div>
   <div class='ocr_carea' id='block_1_51' title="bbox 456 3268 2070 3340">
    <p class='ocr_par' dir='ltr' id='par_1_51' title="bbox 456 3268 2070 3340">
     <span class='ocr_line' id='line_1_51' title="bbox 456 3268 2070 3340; baseline -0.003 -13"><span class='ocrx_word' id='word_1_359' title='bbox 456 3276 550 3327; x_wconf 87' lang='lat' dir='ltr'><strong>tus</strong></span> <span class='ocrx_word' id='word_1_360' title='bbox 580 3269 701 3340; x_wconf 88' lang='lat' dir='ltr'><strong>[al.,</strong></span> <span class='ocrx_word' id='word_1_361' title='bbox 733 3269 1036 3340; x_wconf 82' lang='lat' dir='ltr'><strong>strategus]</strong></span> <span class='ocrx_word' id='word_1_362' title='bbox 1072 3268 1339 3323; x_wconf 90' lang='lat' dir='ltr'><strong>videlicet</strong></span> <span class='ocrx_word' id='word_1_363' title='bbox 1357 3272 1457 3323; x_wconf 87' lang='lat' dir='ltr'><strong>aut</strong></span> <span class='ocrx_word' id='word_1_364' title='bbox 1473 3270 1807 3336; x_wconf 79' lang='lat' dir='ltr'><strong>vicecomes,</strong></span> <span class='ocrx_word' id='word_1_365' title='bbox 1834 3271 2070 3324; x_wconf 91' lang='lat' dir='ltr'><strong>rustisus</strong></span> 
     </span>
    </p>
   </div>
   <div class='ocr_carea' id='block_1_52' title="bbox 458 3356 2068 3429">
    <p class='ocr_par' dir='ltr' id='par_1_52' title="bbox 458 3356 2068 3429">
     <span class='ocr_line' id='line_1_52' title="bbox 458 3356 2068 3429; baseline -0.001 -16"><span class='ocrx_word' id='word_1_366' title='bbox 458 3361 559 3413; x_wconf 91' lang='lat' dir='ltr'><strong>aut</strong></span> <span class='ocrx_word' id='word_1_367' title='bbox 577 3358 763 3424; x_wconf 90' lang='lat' dir='ltr'><strong>miles,</strong></span> <span class='ocrx_word' id='word_1_368' title='bbox 795 3373 986 3411; x_wconf 88' lang='lat' dir='ltr'><strong>servus</strong></span> <span class='ocrx_word' id='word_1_369' title='bbox 1003 3356 1119 3410; x_wconf 89' lang='lat' dir='ltr'><strong>sive</strong></span> <span class='ocrx_word' id='word_1_370' title='bbox 1136 3356 1300 3424; x_wconf 92' lang='lat' dir='ltr'><strong>liber,</strong></span> <span class='ocrx_word' id='word_1_371' title='bbox 1327 3357 1425 3428; x_wconf 89' lang='lat' dir='ltr'><strong>qui</strong></span> <span class='ocrx_word' id='word_1_372' title='bbox 1452 3356 1508 3410; x_wconf 91' lang='lat' dir='ltr'><strong>in</strong></span> <span class='ocrx_word' id='word_1_373' title='bbox 1530 3359 1656 3412; x_wconf 90' lang='lat' dir='ltr'><strong>loco</strong></span> <span class='ocrx_word' id='word_1_374' title='bbox 1681 3357 1788 3412; x_wconf 89' lang='lat' dir='ltr'><strong>isto</strong></span> <span class='ocrx_word' id='word_1_375' title='bbox 1824 3374 2068 3429; x_wconf 88' lang='lat' dir='ltr'><strong>pascua,</strong></span> 
     </span>
    </p>
   </div>
   <div class='ocr_carea' id='block_1_53' title="bbox 454 3442 2071 3518">
    <p class='ocr_par' dir='ltr' id='par_1_53' title="bbox 454 3442 2071 3518">
     <span class='ocr_line' id='line_1_53' title="bbox 454 3442 2071 3518; baseline -0.001 -16"><span class='ocrx_word' id='word_1_376' title='bbox 454 3447 546 3502; x_wconf 80' lang='lat' dir='ltr'><strong>vel</strong></span> <span class='ocrx_word' id='word_1_377' title='bbox 577 3444 940 3518; x_wconf 86' lang='lat' dir='ltr'><strong>agricultura</strong></span> <span class='ocrx_word' id='word_1_378' title='bbox 966 3460 1065 3499; x_wconf 91' lang='lat' dir='ltr'><strong>seu</strong></span> <span class='ocrx_word' id='word_1_379' title='bbox 1094 3442 1267 3499; x_wconf 90' lang='lat' dir='ltr'><strong>etiam</strong></span> <span class='ocrx_word' id='word_1_380' title='bbox 1297 3444 1628 3516; x_wconf 90' lang='lat' dir='ltr'><strong>piscationis</strong></span> <span class='ocrx_word' id='word_1_381' title='bbox 1655 3449 1753 3500; x_wconf 92' lang='lat' dir='ltr'><strong>aut</strong></span> <span class='ocrx_word' id='word_1_382' title='bbox 1778 3447 2071 3517; x_wconf 85' lang='lat' dir='ltr'><strong>lignorum</strong></span> 
     </span>
    </p>
   </div>
   <div class='ocr_carea' id='block_1_54' title="bbox 458 3534 2071 3604">
    <p class='ocr_par' dir='ltr' id='par_1_54' title="bbox 458 3534 2071 3604">
     <span class='ocr_line' id='line_1_54' title="bbox 458 3534 2071 3604; baseline 0 -15"><span class='ocrx_word' id='word_1_383' title='bbox 458 3534 777 3601; x_wconf 90' lang='lat' dir='ltr'><strong>occasione,</strong></span> <span class='ocrx_word' id='word_1_384' title='bbox 806 3535 906 3587; x_wconf 90' lang='lat' dir='ltr'><strong>aut</strong></span> <span class='ocrx_word' id='word_1_385' title='bbox 934 3549 1003 3587; x_wconf 83' lang='lat' dir='ltr'><strong>ex</strong></span> <span class='ocrx_word' id='word_1_386' title='bbox 1022 3548 1376 3604; x_wconf 79' lang='lat' dir='ltr'><strong>quacunque</strong></span> <span class='ocrx_word' id='word_1_387' title='bbox 1419 3549 1588 3588; x_wconf 86' lang='lat' dir='ltr'><strong>causa</strong></span> <span class='ocrx_word' id='word_1_388' title='bbox 1613 3534 1785 3589; x_wconf 83' lang='lat' dir='ltr'><strong>servis</strong></span> <span class='ocrx_word' id='word_1_389' title='bbox 1812 3534 1914 3589; x_wconf 89' lang='lat' dir='ltr'><strong>Dei</strong></span> <span class='ocrx_word' id='word_1_390' title='bbox 1944 3552 2071 3590; x_wconf 91' lang='lat' dir='ltr'><strong>mo-</strong></span> 
     </span>
    </p>
   </div>
   <div class='ocr_carea' id='block_1_55' title="bbox 456 3620 2072 3696">
    <p class='ocr_par' dir='ltr' id='par_1_55' title="bbox 456 3620 2072 3696">
     <span class='ocr_line' id='line_1_55' title="bbox 456 3620 2072 3696; baseline 0 -17"><span class='ocrx_word' id='word_1_391' title='bbox 456 3622 684 3679; x_wconf 88' lang='lat' dir='ltr'><strong>lestiam</strong></span> <span class='ocrx_word' id='word_1_392' title='bbox 715 3625 813 3677; x_wconf 89' lang='lat' dir='ltr'><strong>aut</strong></span> <span class='ocrx_word' id='word_1_393' title='bbox 842 3620 1118 3693; x_wconf 88' lang='lat' dir='ltr'><strong>injuriam</strong></span> <span class='ocrx_word' id='word_1_394' title='bbox 1144 3620 1340 3685; x_wconf 85' lang='lat' dir='ltr'><strong>faciat;</strong></span> <span class='ocrx_word' id='word_1_395' title='bbox 1362 3621 1463 3676; x_wconf 91' lang='lat' dir='ltr'><strong>sed</strong></span> <span class='ocrx_word' id='word_1_396' title='bbox 1481 3622 1543 3676; x_wconf 89' lang='lat' dir='ltr'><strong>in</strong></span> <span class='ocrx_word' id='word_1_397' title='bbox 1573 3639 1774 3678; x_wconf 89' lang='lat' dir='ltr'><strong>eorum</strong></span> <span class='ocrx_word' id='word_1_398' title='bbox 1790 3626 2072 3696; x_wconf 90' lang='lat' dir='ltr'><strong>potestate</strong></span> 
     </span>
    </p>
   </div>
   <div class='ocr_carea' id='block_1_56' title="bbox 458 3710 2072 3784">
    <p class='ocr_par' dir='ltr' id='par_1_56' title="bbox 458 3710 2072 3784">
     <span class='ocr_line' id='line_1_56' title="bbox 458 3710 2072 3784; baseline 0 -16"><span class='ocrx_word' id='word_1_399' title='bbox 458 3712 532 3768; x_wconf 88' lang='lat' dir='ltr'><strong>sit</strong></span> <span class='ocrx_word' id='word_1_400' title='bbox 556 3710 898 3784; x_wconf 88' lang='lat' dir='ltr'><strong>pradictum</strong></span> <span class='ocrx_word' id='word_1_401' title='bbox 928 3710 1120 3764; x_wconf 89' lang='lat' dir='ltr'><strong>locum</strong></span> <span class='ocrx_word' id='word_1_402' title='bbox 1150 3725 1282 3764; x_wconf 90' lang='lat' dir='ltr'><strong>cum</strong></span> <span class='ocrx_word' id='word_1_403' title='bbox 1321 3712 1446 3765; x_wconf 87' lang='lat' dir='ltr'><strong>tota</strong></span> <span class='ocrx_word' id='word_1_404' title='bbox 1485 3710 1811 3781; x_wconf 88' lang='lat' dir='ltr'><strong>adjacentia</strong></span> <span class='ocrx_word' id='word_1_405' title='bbox 1842 3730 1943 3767; x_wconf 90' lang='lat' dir='ltr'><strong>sua</strong></span> <span class='ocrx_word' id='word_1_406' title='bbox 1985 3731 2072 3768; x_wconf 87' lang='lat' dir='ltr'><strong>se-</strong></span> 
     </span>
    </p>
   </div>
   <div class='ocr_carea' id='block_1_57' title="bbox 489 3797 2076 3872">
    <p class='ocr_par' dir='ltr' id='par_1_57' title="bbox 489 3797 2076 3872">
     <span class='ocr_line' id='line_1_57' title="bbox 489 3797 2076 3872; baseline -0.001 -17"><span class='ocrx_word' id='word_1_407' title='bbox 489 3800 711 3855; x_wconf 90' lang='lat' dir='ltr'><strong>undum</strong></span> <span class='ocrx_word' id='word_1_408' title='bbox 738 3798 1094 3853; x_wconf 86' lang='lat' dir='ltr'><strong>voluntatem</strong></span> <span class='ocrx_word' id='word_1_409' title='bbox 1113 3813 1281 3851; x_wconf 86' lang='lat' dir='ltr'><strong>suam</strong></span> <span class='ocrx_word' id='word_1_410' title='bbox 1306 3797 1620 3869; x_wconf 91' lang='lat' dir='ltr'><strong>possidere,</strong></span> <span class='ocrx_word' id='word_1_411' title='bbox 1638 3799 1962 3872; x_wconf 89' lang='lat' dir='ltr'><strong>disponere,</strong></span> <span class='ocrx_word' id='word_1_412' title='bbox 1988 3816 2076 3855; x_wconf 87' lang='lat' dir='ltr'><strong>or-</strong></span> 
     </span>
    </p>
   </div>
   <div class='ocr_carea' id='block_1_58' title="bbox 460 3885 2073 3959">
    <p class='ocr_par' dir='ltr' id='par_1_58' title="bbox 460 3885 2073 3959">
     <span class='ocr_line' id='line_1_58' title="bbox 460 3885 2073 3959; baseline -0.002 -15"><span class='ocrx_word' id='word_1_413' title='bbox 460 3886 664 3944; x_wconf 88' lang='lat' dir='ltr'><strong>dinare</strong></span> <span class='ocrx_word' id='word_1_414' title='bbox 695 3889 755 3941; x_wconf 89' lang='lat' dir='ltr'><strong>et</strong></span> <span class='ocrx_word' id='word_1_415' title='bbox 784 3902 1047 3957; x_wconf 88' lang='lat' dir='ltr'><strong>erogare.</strong></span> <span class='ocrx_word' id='word_1_416' title='bbox 1068 3885 1233 3949; x_wconf 90' lang='lat' dir='ltr'><strong>Quod</strong></span> <span class='ocrx_word' id='word_1_417' title='bbox 1249 3886 1295 3940; x_wconf 93' lang='lat' dir='ltr'><strong>si</strong></span> <span class='ocrx_word' id='word_1_418' title='bbox 1317 3886 1443 3957; x_wconf 91' lang='lat' dir='ltr'><strong>quis</strong></span> <span class='ocrx_word' id='word_1_419' title='bbox 1460 3887 1728 3959; x_wconf 89' lang='lat' dir='ltr'><strong>deinceps</strong></span> <span class='ocrx_word' id='word_1_420' title='bbox 1749 3891 1952 3943; x_wconf 90' lang='lat' dir='ltr'><strong>contra</strong></span> <span class='ocrx_word' id='word_1_421' title='bbox 1966 3889 2073 3942; x_wconf 89' lang='lat' dir='ltr'><strong>hu-</strong></span> 
     </span>
    </p>
   </div>
   <div class='ocr_carea' id='block_1_59' title="bbox 449 3973 2072 4047">
    <p class='ocr_par' dir='ltr' id='par_1_59' title="bbox 449 3973 2072 4047">
     <span class='ocr_line' id='line_1_59' title="bbox 449 3973 2072 4047; baseline 0 -17"><span class='ocrx_word' id='word_1_422' title='bbox 449 3976 545 4047; x_wconf 85' lang='lat' dir='ltr'><strong>jus</strong></span> <span class='ocrx_word' id='word_1_423' title='bbox 559 3974 787 4047; x_wconf 82' lang='lat' dir='ltr'><strong>pagina</strong></span> <span class='ocrx_word' id='word_1_424' title='bbox 803 3973 1278 4028; x_wconf 88' lang='lat' dir='ltr'><strong>constitutionem</strong></span> <span class='ocrx_word' id='word_1_425' title='bbox 1291 3973 1487 4027; x_wconf 89' lang='lat' dir='ltr'><strong>venire</strong></span> <span class='ocrx_word' id='word_1_426' title='bbox 1505 3974 2072 4045; x_wconf 85' lang='lat' dir='ltr'><strong>prasumpscrit,im-</strong></span> 
     </span>
    </p>
   </div>
   <div class='ocr_carea' id='block_1_60' title="bbox 458 4059 2075 4134">
    <p class='ocr_par' dir='ltr' id='par_1_60' title="bbox 458 4059 2075 4134">
     <span class='ocr_line' id='line_1_60' title="bbox 458 4059 2075 4134; baseline 0.001 -18"><span class='ocrx_word' id='word_1_427' title='bbox 458 4062 669 4134; x_wconf 90' lang='lat' dir='ltr'><strong>primis</strong></span> <span class='ocrx_word' id='word_1_428' title='bbox 700 4060 807 4115; x_wconf 91' lang='lat' dir='ltr'><strong>nisi</strong></span> <span class='ocrx_word' id='word_1_429' title='bbox 829 4060 1002 4130; x_wconf 90' lang='lat' dir='ltr'><strong>digne</strong></span> <span class='ocrx_word' id='word_1_430' title='bbox 1042 4059 1402 4127; x_wconf 87' lang='lat' dir='ltr'><strong>satisfecerit,</strong></span> <span class='ocrx_word' id='word_1_431' title='bbox 1433 4061 1581 4116; x_wconf 90' lang='lat' dir='ltr'><strong>iram</strong></span> <span class='ocrx_word' id='word_1_432' title='bbox 1618 4062 1719 4116; x_wconf 93' lang='lat' dir='ltr'><strong>Dei</strong></span> <span class='ocrx_word' id='word_1_433' title='bbox 1744 4066 1802 4117; x_wconf 92' lang='lat' dir='ltr'><strong>et</strong></span> <span class='ocrx_word' id='word_1_434' title='bbox 1839 4063 2075 4119; x_wconf 89' lang='lat' dir='ltr'><strong>maledi-</strong></span> 
     </span>
    </p>
   </div>
   <div class='ocr_carea' id='block_1_61' title="bbox 458 4148 2070 4221">
    <p class='ocr_par' dir='ltr' id='par_1_61' title="bbox 458 4148 2070 4221">
     <span class='ocr_line' id='line_1_61' title="bbox 458 4148 2070 4221; baseline 0.001 -16"><span class='ocrx_word' id='word_1_435' title='bbox 458 4150 715 4206; x_wconf 91' lang='lat' dir='ltr'><strong>ctionem</strong></span> <span class='ocrx_word' id='word_1_436' title='bbox 730 4149 1005 4215; x_wconf 89' lang='lat' dir='ltr'><strong>incurrat,</strong></span> <span class='ocrx_word' id='word_1_437' title='bbox 1020 4150 1079 4202; x_wconf 92' lang='lat' dir='ltr'><strong>et</strong></span> <span class='ocrx_word' id='word_1_438' title='bbox 1100 4150 1310 4203; x_wconf 90' lang='lat' dir='ltr'><strong>conatu</strong></span> <span class='ocrx_word' id='word_1_439' title='bbox 1331 4148 1429 4203; x_wconf 90' lang='lat' dir='ltr'><strong>tali</strong></span> <span class='ocrx_word' id='word_1_440' title='bbox 1453 4149 1528 4203; x_wconf 90' lang='lat' dir='ltr'><strong>ad</strong></span> <span class='ocrx_word' id='word_1_441' title='bbox 1542 4149 1789 4205; x_wconf 89' lang='lat' dir='ltr'><strong>nihilum</strong></span> <span class='ocrx_word' id='word_1_442' title='bbox 1813 4152 2070 4221; x_wconf 88' lang='lat' dir='ltr'><strong>redacto,</strong></span> 
     </span>
    </p>
   </div>
   <div class='ocr_carea' id='block_1_62' title="bbox 2165 1777 3776 1851">
    <p class='ocr_par' dir='ltr' id='par_1_62' title="bbox 2165 1777 3776 1851">
     <span class='ocr_line' id='line_1_62' title="bbox 2165 1777 3776 1851; baseline 0.002 -19"><span class='ocrx_word' id='word_1_443' title='bbox 2165 1779 2325 1851; x_wconf 87' lang='lat' dir='ltr'><strong>gerio</strong></span> <span class='ocrx_word' id='word_1_444' title='bbox 2357 1778 2523 1833; x_wconf 86' lang='lat' dir='ltr'><strong>facta</strong></span> <span class='ocrx_word' id='word_1_445' title='bbox 2553 1777 2815 1830; x_wconf 90' lang='lat' dir='ltr'><strong>chartam</strong></span> <span class='ocrx_word' id='word_1_446' title='bbox 2838 1780 2973 1830; x_wconf 90' lang='lat' dir='ltr'><strong>ante</strong></span> <span class='ocrx_word' id='word_1_447' title='bbox 3004 1794 3221 1831; x_wconf 88' lang='lat' dir='ltr'><strong>annum</strong></span> <span class='ocrx_word' id='word_1_448' title='bbox 3261 1781 3388 1833; x_wconf 92' lang='grc'><strong>1091</strong></span> <span class='ocrx_word' id='word_1_449' title='bbox 3420 1779 3615 1833; x_wconf 89' lang='lat' dir='ltr'><strong>datam</strong></span> <span class='ocrx_word' id='word_1_450' title='bbox 3653 1795 3776 1837; x_wconf 89' lang='lat' dir='ltr'><strong>non</strong></span> 
     </span>
    </p>
   </div>
   <div class='ocr_carea' id='block_1_63' title="bbox 2164 1864 3776 1935">
    <p class='ocr_par' dir='ltr' id='par_1_63' title="bbox 2164 1864 3776 1935">
     <span class='ocr_line' id='line_1_63' title="bbox 2164 1864 3776 1935; baseline 0.001 -15"><span class='ocrx_word' id='word_1_451' title='bbox 2164 1865 2357 1933; x_wconf 89' lang='lat' dir='ltr'><strong>fuisse,</strong></span> <span class='ocrx_word' id='word_1_452' title='bbox 2386 1865 2766 1929; x_wconf 91' lang='lat' dir='ltr'><strong>contendunt,</strong></span> <span class='ocrx_word' id='word_1_453' title='bbox 2801 1864 2954 1935; x_wconf 91' lang='lat' dir='ltr'><strong>quod</strong></span> <span class='ocrx_word' id='word_1_454' title='bbox 2985 1880 3183 1919; x_wconf 90' lang='lat' dir='ltr'><strong>mense</strong></span> <span class='ocrx_word' id='word_1_455' title='bbox 3229 1866 3499 1921; x_wconf 84' lang='lat' dir='ltr'><strong>Januario</strong></span> <span class='ocrx_word' id='word_1_456' title='bbox 3549 1871 3648 1921; x_wconf 91' lang='lat' dir='ltr'><strong>aut</strong></span> <span class='ocrx_word' id='word_1_457' title='bbox 3670 1869 3776 1922; x_wconf 90' lang='lat' dir='ltr'><strong>Fe-</strong></span> 
     </span>
    </p>
   </div>
   <div class='ocr_carea' id='block_1_64' title="bbox 2165 1952 3774 2024">
    <p class='ocr_par' dir='ltr' id='par_1_64' title="bbox 2165 1952 3774 2024">
     <span class='ocr_line' id='line_1_64' title="bbox 2165 1952 3774 2024; baseline 0.002 -18"><span class='ocrx_word' id='word_1_458' title='bbox 2165 1952 2397 2006; x_wconf 90' lang='lat' dir='ltr'><strong>bruario</strong></span> <span class='ocrx_word' id='word_1_459' title='bbox 2413 1952 2688 2022; x_wconf 89' lang='lat' dir='ltr'><strong>scriptam</strong></span> <span class='ocrx_word' id='word_1_460' title='bbox 2700 1952 2847 2005; x_wconf 90' lang='lat' dir='ltr'><strong>hanc</strong></span> <span class='ocrx_word' id='word_1_461' title='bbox 2863 1968 2986 2005; x_wconf 85' lang='lat' dir='ltr'><strong>esse</strong></span> <span class='ocrx_word' id='word_1_462' title='bbox 3003 1953 3381 2024; x_wconf 90' lang='lat' dir='ltr'><strong>velint,hique</strong></span> <span class='ocrx_word' id='word_1_463' title='bbox 3395 1955 3507 2009; x_wconf 92' lang='lat' dir='ltr'><strong>duo</strong></span> <span class='ocrx_word' id='word_1_464' title='bbox 3520 1971 3774 2024; x_wconf 90' lang='lat' dir='ltr'><strong>menses,</strong></span> 
     </span>
    </p>
   </div>
   <div class='ocr_carea' id='block_1_65' title="bbox 2166 2039 3777 2111">
    <p class='ocr_par' dir='ltr' id='par_1_65' title="bbox 2166 2039 3777 2111">
     <span class='ocr_line' id='line_1_65' title="bbox 2166 2039 3777 2111; baseline 0.002 -17"><span class='ocrx_word' id='word_1_465' title='bbox 2166 2044 2439 2111; x_wconf 89' lang='lat' dir='ltr'><strong>spectata,</strong></span> <span class='ocrx_word' id='word_1_466' title='bbox 2469 2056 2644 2110; x_wconf 88' lang='lat' dir='ltr'><strong>quam</strong></span> <span class='ocrx_word' id='word_1_467' title='bbox 2678 2039 2956 2111; x_wconf 84' lang='lat' dir='ltr'><strong>Rogerius</strong></span> <span class='ocrx_word' id='word_1_468' title='bbox 2984 2056 3178 2095; x_wconf 89' lang='lat' dir='ltr'><strong>comes</strong></span> <span class='ocrx_word' id='word_1_469' title='bbox 3213 2045 3437 2096; x_wconf 89' lang='lat' dir='ltr'><strong>secutus</strong></span> <span class='ocrx_word' id='word_1_470' title='bbox 3472 2042 3561 2110; x_wconf 88' lang='lat' dir='ltr'><strong>sit,</strong></span> <span class='ocrx_word' id='word_1_471' title='bbox 3591 2060 3777 2098; x_wconf 90' lang='lat' dir='ltr'><strong>annos</strong></span> 
     </span>
    </p>
   </div>
   <div class='ocr_carea' id='block_1_66' title="bbox 2166 2129 3777 2199">
    <p class='ocr_par' dir='ltr' id='par_1_66' title="bbox 2166 2129 3777 2199">
     <span class='ocr_line' id='line_1_66' title="bbox 2166 2129 3777 2199; baseline 0.002 -14"><span class='ocrx_word' id='word_1_472' title='bbox 2166 2129 2418 2197; x_wconf 89' lang='lat' dir='ltr'><strong>Domini,</strong></span> <span class='ocrx_word' id='word_1_473' title='bbox 2449 2146 2565 2183; x_wconf 91' lang='lat' dir='ltr'><strong>non</strong></span> <span class='ocrx_word' id='word_1_474' title='bbox 2590 2130 2661 2183; x_wconf 93' lang='lat' dir='ltr'><strong>ab</strong></span> <span class='ocrx_word' id='word_1_475' title='bbox 2688 2130 2809 2199; x_wconf 83' lang='lat' dir='ltr'><strong>ejus</strong></span> <span class='ocrx_word' id='word_1_476' title='bbox 2825 2129 3147 2197; x_wconf 80' lang='lat' dir='ltr'><strong>Nativitate,</strong></span> <span class='ocrx_word' id='word_1_477' title='bbox 3163 2131 3263 2185; x_wconf 90' lang='lat' dir='ltr'><strong>sed</strong></span> <span class='ocrx_word' id='word_1_478' title='bbox 3280 2132 3351 2186; x_wconf 91' lang='lat' dir='ltr'><strong>ab</strong></span> <span class='ocrx_word' id='word_1_479' title='bbox 3372 2133 3777 2187; x_wconf 88' lang='lat' dir='ltr'><strong>lncarnatione</strong></span> 
     </span>
    </p>
   </div>
   <div class='ocr_carea' id='block_1_67' title="bbox 2166 2217 3781 2290">
    <p class='ocr_par' dir='ltr' id='par_1_67' title="bbox 2166 2217 3781 2290">
     <span class='ocr_line' id='line_1_67' title="bbox 2166 2217 3781 2290; baseline 0.002 -19"><span class='ocrx_word' id='word_1_480' title='bbox 2166 2217 2572 2288; x_wconf 88' lang='lat' dir='ltr'><strong>consequendo</strong></span> <span class='ocrx_word' id='word_1_481' title='bbox 2593 2233 2697 2271; x_wconf 90' lang='lat' dir='ltr'><strong>nos</strong></span> <span class='ocrx_word' id='word_1_482' title='bbox 2723 2218 2902 2271; x_wconf 87' lang='lat' dir='ltr'><strong>tribus</strong></span> <span class='ocrx_word' id='word_1_483' title='bbox 2944 2218 3260 2285; x_wconf 90' lang='lat' dir='ltr'><strong>mensibus,</strong></span> <span class='ocrx_word' id='word_1_484' title='bbox 3295 2221 3671 2290; x_wconf 89' lang='lat' dir='ltr'><strong>computandi</strong></span> <span class='ocrx_word' id='word_1_485' title='bbox 3686 2238 3781 2275; x_wconf 91' lang='lat' dir='ltr'><strong>ra-</strong></span> 
     </span>
    </p>
   </div>
   <div class='ocr_carea' id='block_1_68' title="bbox 2165 2304 3775 2376">
    <p class='ocr_par' dir='ltr' id='par_1_68' title="bbox 2165 2304 3775 2376">
     <span class='ocr_line' id='line_1_68' title="bbox 2165 2304 3775 2376; baseline 0.002 -17"><span class='ocrx_word' id='word_1_486' title='bbox 2165 2304 2347 2372; x_wconf 89' lang='lat' dir='ltr'><strong>tione,</strong></span> <span class='ocrx_word' id='word_1_487' title='bbox 2376 2304 2569 2359; x_wconf 91' lang='lat' dir='ltr'><strong>nonin</strong></span> <span class='ocrx_word' id='word_1_488' title='bbox 2586 2322 2806 2359; x_wconf 90' lang='lat' dir='ltr'><strong>annum</strong></span> <span class='ocrx_word' id='word_1_489' title='bbox 2826 2308 2982 2373; x_wconf 88' lang='grc'><strong>1090,</strong></span> <span class='ocrx_word' id='word_1_490' title='bbox 3009 2307 3167 2376; x_wconf 89' lang='lat' dir='ltr'><strong>cujus</strong></span> <span class='ocrx_word' id='word_1_491' title='bbox 3191 2307 3486 2363; x_wconf 89' lang='lat' dir='ltr'><strong>mensibus</strong></span> <span class='ocrx_word' id='word_1_492' title='bbox 3504 2309 3775 2363; x_wconf 83' lang='lat' dir='ltr'><strong>Januario</strong></span> 
     </span>
    </p>
   </div>
   <div class='ocr_carea' id='block_1_69' title="bbox 2167 2392 3780 2461">
    <p class='ocr_par' dir='ltr' id='par_1_69' title="bbox 2167 2392 3780 2461">
     <span class='ocr_line' id='line_1_69' title="bbox 2167 2392 3780 2461; baseline 0.002 -14"><span class='ocrx_word' id='word_1_493' title='bbox 2167 2398 2227 2447; x_wconf 92' lang='lat' dir='ltr'><strong>et</strong></span> <span class='ocrx_word' id='word_1_494' title='bbox 2255 2393 2564 2447; x_wconf 86' lang='lat' dir='ltr'><strong>Februario</strong></span> <span class='ocrx_word' id='word_1_495' title='bbox 2579 2392 2817 2447; x_wconf 86' lang='lat' dir='ltr'><strong>Sanctus</strong></span> <span class='ocrx_word' id='word_1_496' title='bbox 2830 2393 3288 2461; x_wconf 89' lang='lat' dir='ltr'><strong>verosimillime,</strong></span> <span class='ocrx_word' id='word_1_497' title='bbox 3309 2412 3381 2449; x_wconf 90' lang='lat' dir='ltr'><strong>ne</strong></span> <span class='ocrx_word' id='word_1_498' title='bbox 3399 2396 3586 2451; x_wconf 86' lang='lat' dir='ltr'><strong>dicam</strong></span> <span class='ocrx_word' id='word_1_499' title='bbox 3614 2396 3780 2450; x_wconf 87' lang='lat' dir='ltr'><strong>indu-</strong></span> 
     </span>
    </p>
   </div>
   <div class='ocr_carea' id='block_1_70' title="bbox 2167 2464 3777 2533">
    <p class='ocr_par' dir='ltr' id='par_1_70' title="bbox 2167 2464 3777 2533">
     <span class='ocr_line' id='line_1_70' title="bbox 2167 2464 3777 2533; baseline 0.002 -15"><span class='ocrx_word' id='word_1_500' title='bbox 2167 2464 2353 2532; x_wconf 90' lang='lat' dir='ltr'><strong>bie,in</strong></span> <span class='ocrx_word' id='word_1_501' title='bbox 2376 2464 2683 2519; x_wconf 88' lang='lat' dir='ltr'><strong>Carthulia</strong></span> <span class='ocrx_word' id='word_1_502' title='bbox 2729 2464 2913 2518; x_wconf 87' lang='lat' dir='ltr'><strong>adhuc</strong></span> <span class='ocrx_word' id='word_1_503' title='bbox 2949 2466 3302 2533; x_wconf 84' lang='lat' dir='ltr'><strong>versabatur,</strong></span> <span class='ocrx_word' id='word_1_504' title='bbox 3339 2467 3440 2521; x_wconf 90' lang='lat' dir='ltr'><strong>sed</strong></span> <span class='ocrx_word' id='word_1_505' title='bbox 3465 2467 3523 2522; x_wconf 92' lang='lat' dir='ltr'><strong>in</strong></span> <span class='ocrx_word' id='word_1_506' title='bbox 3556 2484 3777 2522; x_wconf 86' lang='lat' dir='ltr'><strong>annum</strong></span> 
     </span>
    </p>
   </div>
   <div class='ocr_carea' id='block_1_71' title="bbox 2170 2552 2908 2609">
    <p class='ocr_par' dir='ltr' id='par_1_71' title="bbox 2170 2552 2908 2609">
     <span class='ocr_line' id='line_1_71' title="bbox 2170 2552 2908 2609; baseline -0.001 -3"><span class='ocrx_word' id='word_1_507' title='bbox 2170 2554 2297 2609; x_wconf 85' lang='grc'><strong>1091</strong></span> <span class='ocrx_word' id='word_1_508' title='bbox 2334 2552 2597 2606; x_wconf 89' lang='lat' dir='ltr'><strong>incidisse</strong></span> <span class='ocrx_word' id='word_1_509' title='bbox 2639 2552 2908 2607; x_wconf 88' lang='lat' dir='ltr'><strong>debeant.</strong></span> 
     </span>
    </p>
   </div>
   <div class='ocr_carea' id='block_1_72' title="bbox 2239 2640 3780 2715">
    <p class='ocr_par' dir='ltr' id='par_1_72' title="bbox 2239 2640 3780 2715">
     <span class='ocr_line' id='line_1_72' title="bbox 2239 2640 3780 2715; baseline 0.003 -20"><span class='ocrx_word' id='word_1_510' title='bbox 2239 2644 2362 2695; x_wconf 78' lang='grc'><strong>555.</strong></span> <span class='ocrx_word' id='word_1_511' title='bbox 2380 2641 2592 2694; x_wconf 89' lang='lat' dir='ltr'><strong>Verum</strong></span> <span class='ocrx_word' id='word_1_512' title='bbox 2625 2640 2937 2711; x_wconf 83' lang='lat' dir='ltr'><strong>Rogerium</strong></span> <span class='ocrx_word' id='word_1_513' title='bbox 2959 2657 3141 2696; x_wconf 90' lang='lat' dir='ltr'><strong>annos</strong></span> <span class='ocrx_word' id='word_1_514' title='bbox 3163 2642 3413 2709; x_wconf 91' lang='lat' dir='ltr'><strong>Domini,</strong></span> <span class='ocrx_word' id='word_1_515' title='bbox 3432 2660 3549 2698; x_wconf 91' lang='lat' dir='ltr'><strong>non</strong></span> <span class='ocrx_word' id='word_1_516' title='bbox 3562 2645 3633 2698; x_wconf 88' lang='lat' dir='ltr'><strong>ab</strong></span> <span class='ocrx_word' id='word_1_517' title='bbox 3652 2644 3780 2715; x_wconf 89' lang='lat' dir='ltr'><strong>ejus</strong></span> 
     </span>
    </p>
   </div>
   <div class='ocr_carea' id='block_1_73' title="bbox 2166 2728 3774 2803">
    <p class='ocr_par' dir='ltr' id='par_1_73' title="bbox 2166 2728 3774 2803">
     <span class='ocr_line' id='line_1_73' title="bbox 2166 2728 3774 2803; baseline 0.002 -20"><span class='ocrx_word' id='word_1_518' title='bbox 2166 2728 2592 2796; x_wconf 88' lang='lat' dir='ltr'><strong>Incarnatione,</strong></span> <span class='ocrx_word' id='word_1_519' title='bbox 2627 2729 2729 2783; x_wconf 91' lang='lat' dir='ltr'><strong>sed</strong></span> <span class='ocrx_word' id='word_1_520' title='bbox 2768 2746 2802 2782; x_wconf 89' lang='lat' dir='ltr'><strong>a</strong></span> <span class='ocrx_word' id='word_1_521' title='bbox 2839 2729 3139 2783; x_wconf 86' lang='lat' dir='ltr'><strong>Nativitate</strong></span> <span class='ocrx_word' id='word_1_522' title='bbox 3173 2734 3509 2803; x_wconf 88' lang='lat' dir='ltr'><strong>computare</strong></span> <span class='ocrx_word' id='word_1_523' title='bbox 3541 2732 3774 2787; x_wconf 88' lang='lat' dir='ltr'><strong>solitum</strong></span> 
     </span>
    </p>
   </div>
   <div class='ocr_carea' id='block_1_74' title="bbox 2165 2816 3777 2891">
    <p class='ocr_par' dir='ltr' id='par_1_74' title="bbox 2165 2816 3777 2891">
     <span class='ocr_line' id='line_1_74' title="bbox 2165 2816 3777 2891; baseline 0.003 -21"><span class='ocrx_word' id='word_1_524' title='bbox 2165 2816 2355 2884; x_wconf 89' lang='lat' dir='ltr'><strong>fuisse,</strong></span> <span class='ocrx_word' id='word_1_525' title='bbox 2388 2816 2545 2871; x_wconf 90' lang='lat' dir='ltr'><strong>varia</strong></span> <span class='ocrx_word' id='word_1_526' title='bbox 2571 2817 2692 2887; x_wconf 90' lang='lat' dir='ltr'><strong>ejus</strong></span> <span class='ocrx_word' id='word_1_527' title='bbox 2718 2817 2870 2887; x_wconf 91' lang='lat' dir='ltr'><strong>apud</strong></span> <span class='ocrx_word' id='word_1_528' title='bbox 2900 2818 3189 2872; x_wconf 79' lang='lat' dir='ltr'><strong>Bocchum</strong></span> <span class='ocrx_word' id='word_1_529' title='bbox 3204 2819 3450 2887; x_wconf 89' lang='lat' dir='ltr'><strong>Pirrum,</strong></span> <span class='ocrx_word' id='word_1_530' title='bbox 3471 2820 3777 2891; x_wconf 88' lang='lat' dir='ltr'><strong>Ughellum</strong></span> 
     </span>
    </p>
   </div>
   <div class='ocr_carea' id='block_1_75' title="bbox 2166 2904 3776 2979">
    <p class='ocr_par' dir='ltr' id='par_1_75' title="bbox 2166 2904 3776 2979">
     <span class='ocr_line' id='line_1_75' title="bbox 2166 2904 3776 2979; baseline 0.002 -20"><span class='ocrx_word' id='word_1_531' title='bbox 2166 2905 2421 2976; x_wconf 89' lang='lat' dir='ltr'><strong>aliosque</strong></span> <span class='ocrx_word' id='word_1_532' title='bbox 2444 2905 2725 2959; x_wconf 75' lang='lat' dir='ltr'><strong>exstantia</strong></span> <span class='ocrx_word' id='word_1_533' title='bbox 2742 2904 3062 2977; x_wconf 88' lang='lat' dir='ltr'><strong>diplomata</strong></span> <span class='ocrx_word' id='word_1_534' title='bbox 3088 2906 3262 2960; x_wconf 83' lang='lat' dir='ltr'><strong>fidem</strong></span> <span class='ocrx_word' id='word_1_535' title='bbox 3277 2906 3514 2975; x_wconf 90' lang='lat' dir='ltr'><strong>faciunt,</strong></span> <span class='ocrx_word' id='word_1_536' title='bbox 3538 2911 3601 2961; x_wconf 92' lang='lat' dir='ltr'><strong>ut</strong></span> <span class='ocrx_word' id='word_1_537' title='bbox 3621 2908 3776 2979; x_wconf 87' lang='lat' dir='ltr'><strong>quis-</strong></span> 
     </span>
    </p>
   </div>
   <div class='ocr_carea' id='block_1_76' title="bbox 2166 2994 3773 3067">
    <p class='ocr_par' dir='ltr' id='par_1_76' title="bbox 2166 2994 3773 3067">
     <span class='ocr_line' id='line_1_76' title="bbox 2166 2994 3773 3067; baseline 0.001 -18"><span class='ocrx_word' id='word_1_538' title='bbox 2166 3011 2298 3067; x_wconf 89' lang='lat' dir='ltr'><strong>que,</strong></span> <span class='ocrx_word' id='word_1_539' title='bbox 2326 2994 2424 3066; x_wconf 91' lang='lat' dir='ltr'><strong>qui</strong></span> <span class='ocrx_word' id='word_1_540' title='bbox 2450 2994 2572 3049; x_wconf 84' lang='lat' dir='ltr'><strong>hac</strong></span> <span class='ocrx_word' id='word_1_541' title='bbox 2593 2995 2890 3049; x_wconf 88' lang='lat' dir='ltr'><strong>consulere</strong></span> <span class='ocrx_word' id='word_1_542' title='bbox 2903 2995 3164 3062; x_wconf 90' lang='lat' dir='ltr'><strong>voluerit,</strong></span> <span class='ocrx_word' id='word_1_543' title='bbox 3179 2996 3343 3050; x_wconf 88' lang='lat' dir='ltr'><strong>facile</strong></span> <span class='ocrx_word' id='word_1_544' title='bbox 3357 2996 3773 3066; x_wconf 89' lang='lat' dir='ltr'><strong>deprehendet.</strong></span> 
     </span>
    </p>
   </div>
   <div class='ocr_carea' id='block_1_77' title="bbox 2167 3082 3779 3152">
    <p class='ocr_par' dir='ltr' id='par_1_77' title="bbox 2167 3082 3779 3152">
     <span class='ocr_line' id='line_1_77' title="bbox 2167 3082 3779 3152; baseline 0.001 -14"><span class='ocrx_word' id='word_1_545' title='bbox 2167 3085 2345 3139; x_wconf 89' lang='lat' dir='ltr'><strong>Porro</strong></span> <span class='ocrx_word' id='word_1_546' title='bbox 2358 3082 2716 3138; x_wconf 82' lang='lat' dir='ltr'><strong>Mabillonius</strong></span> <span class='ocrx_word' id='word_1_547' title='bbox 2740 3082 2836 3136; x_wconf 88' lang='lat' dir='ltr'><strong>lib.</strong></span> <span class='ocrx_word' id='word_1_548' title='bbox 2858 3100 3023 3137; x_wconf 81' lang='lat' dir='ltr'><strong>vam</strong></span> <span class='ocrx_word' id='word_1_549' title='bbox 3035 3084 3368 3152; x_wconf 81' lang='lat' dir='ltr'><strong>Annalium,</strong></span> <span class='ocrx_word' id='word_1_550' title='bbox 3387 3088 3626 3140; x_wconf 83' lang='lat' dir='ltr'><strong>num.32</strong></span> <span class='ocrx_word' id='word_1_551' title='bbox 3639 3085 3779 3140; x_wconf 90' lang='lat' dir='ltr'><strong>reci-</strong></span> 
     </span>
    </p>
   </div>
   <div class='ocr_carea' id='block_1_78' title="bbox 2166 3165 3780 3242">
    <p class='ocr_par' dir='ltr' id='par_1_78' title="bbox 2166 3165 3780 3242">
     <span class='ocr_line' id='line_1_78' title="bbox 2166 3165 3780 3242; baseline 0.002 -16"><span class='ocrx_word' id='word_1_552' title='bbox 2166 3176 2350 3227; x_wconf 89' lang='lat' dir='ltr'><strong>tatam</strong></span> <span class='ocrx_word' id='word_1_553' title='bbox 2364 3172 2538 3226; x_wconf 91' lang='lat' dir='ltr'><strong>modo</strong></span> <span class='ocrx_word' id='word_1_554' title='bbox 2553 3171 2880 3227; x_wconf 88' lang='lat' dir='ltr'><strong>donationis</strong></span> <span class='ocrx_word' id='word_1_555' title='bbox 2901 3165 3162 3226; x_wconf 76' lang='lat' dir='ltr'><strong>chartam</strong></span> <span class='ocrx_word' id='word_1_556' title='bbox 3177 3189 3309 3227; x_wconf 91' lang='lat' dir='ltr'><strong>cum</strong></span> <span class='ocrx_word' id='word_1_557' title='bbox 3323 3174 3542 3242; x_wconf 89' lang='lat' dir='ltr'><strong>charta,</strong></span> <span class='ocrx_word' id='word_1_558' title='bbox 3568 3174 3715 3229; x_wconf 87' lang='lat' dir='ltr'><strong>infra</strong></span> <span class='ocrx_word' id='word_1_559' title='bbox 3742 3190 3780 3228; x_wconf 86' lang='lat' dir='ltr'><strong>a</strong></span> 
     </span>
    </p>
   </div>
   <div class='ocr_carea' id='block_1_79' title="bbox 2170 3260 3782 3333">
    <p class='ocr_par' dir='ltr' id='par_1_79' title="bbox 2170 3260 3782 3333">
     <span class='ocr_line' id='line_1_79' title="bbox 2170 3260 3782 3333; baseline 0.002 -19"><span class='ocrx_word' id='word_1_560' title='bbox 2170 3261 2336 3315; x_wconf 91' lang='lat' dir='ltr'><strong>nobis</strong></span> <span class='ocrx_word' id='word_1_561' title='bbox 2353 3260 2530 3315; x_wconf 89' lang='lat' dir='ltr'><strong>etiam</strong></span> <span class='ocrx_word' id='word_1_562' title='bbox 2547 3260 2863 3327; x_wconf 89' lang='lat' dir='ltr'><strong>recitanda,</strong></span> <span class='ocrx_word' id='word_1_563' title='bbox 2888 3278 3001 3332; x_wconf 91' lang='lat' dir='ltr'><strong>qua</strong></span> <span class='ocrx_word' id='word_1_564' title='bbox 3031 3264 3231 3331; x_wconf 90' lang='lat' dir='ltr'><strong>postea</strong></span> <span class='ocrx_word' id='word_1_565' title='bbox 3280 3262 3559 3333; x_wconf 85' lang='lat' dir='ltr'><strong>Rogerius</strong></span> <span class='ocrx_word' id='word_1_566' title='bbox 3584 3279 3782 3318; x_wconf 88' lang='lat' dir='ltr'><strong>comes</strong></span> 
     </span>
    </p>
   </div>
   <div class='ocr_carea' id='block_1_80' title="bbox 2166 3349 3781 3423">
    <p class='ocr_par' dir='ltr' id='par_1_80' title="bbox 2166 3349 3781 3423">
     <span class='ocr_line' id='line_1_80' title="bbox 2166 3349 3781 3423; baseline 0.002 -20"><span class='ocrx_word' id='word_1_567' title='bbox 2166 3349 2486 3403; x_wconf 85' lang='lat' dir='ltr'><strong>Turritana</strong></span> <span class='ocrx_word' id='word_1_568' title='bbox 2517 3365 2916 3420; x_wconf 89' lang='lat' dir='ltr'><strong>eremo,quam</strong></span> <span class='ocrx_word' id='word_1_569' title='bbox 2942 3349 3193 3404; x_wconf 90' lang='lat' dir='ltr'><strong>Brunoni</strong></span> <span class='ocrx_word' id='word_1_570' title='bbox 3213 3349 3447 3421; x_wconf 91' lang='lat' dir='ltr'><strong>ejusque</strong></span> <span class='ocrx_word' id='word_1_571' title='bbox 3472 3351 3635 3406; x_wconf 91' lang='lat' dir='ltr'><strong>sociis</strong></span> <span class='ocrx_word' id='word_1_572' title='bbox 3652 3352 3781 3423; x_wconf 90' lang='lat' dir='ltr'><strong>jam</strong></span> 
     </span>
    </p>
   </div>
   <div class='ocr_carea' id='block_1_81' title="bbox 2172 3438 3780 3513">
    <p class='ocr_par' dir='ltr' id='par_1_81' title="bbox 2172 3438 3780 3513">
     <span class='ocr_line' id='line_1_81' title="bbox 2172 3438 3780 3513; baseline 0.001 -18"><span class='ocrx_word' id='word_1_573' title='bbox 2172 3444 2306 3495; x_wconf 90' lang='lat' dir='ltr'><strong>ante</strong></span> <span class='ocrx_word' id='word_1_574' title='bbox 2339 3440 2604 3505; x_wconf 89' lang='lat' dir='ltr'><strong>donarat,</strong></span> <span class='ocrx_word' id='word_1_575' title='bbox 2628 3438 2909 3493; x_wconf 89' lang='lat' dir='ltr'><strong>terminos</strong></span> <span class='ocrx_word' id='word_1_576' title='bbox 2939 3438 3381 3510; x_wconf 90' lang='lat' dir='ltr'><strong>circumscripsit</strong></span> <span class='ocrx_word' id='word_1_577' title='bbox 3396 3457 3495 3494; x_wconf 87' lang='lat' dir='ltr'><strong>seu</strong></span> <span class='ocrx_word' id='word_1_578' title='bbox 3525 3442 3780 3513; x_wconf 81' lang='lat' dir='ltr'><strong>assigna-</strong></span> 
     </span>
    </p>
   </div>
   <div class='ocr_carea' id='block_1_82' title="bbox 2172 3526 3785 3601">
    <p class='ocr_par' dir='ltr' id='par_1_82' title="bbox 2172 3526 3785 3601">
     <span class='ocr_line' id='line_1_82' title="bbox 2172 3526 3785 3601; baseline 0.001 -19"><span class='ocrx_word' id='word_1_579' title='bbox 2172 3528 2271 3595; x_wconf 91' lang='lat' dir='ltr'><strong>vit,</strong></span> <span class='ocrx_word' id='word_1_580' title='bbox 2301 3526 2893 3597; x_wconf 89' lang='lat' dir='ltr'><strong>confundit,hancque</strong></span> <span class='ocrx_word' id='word_1_581' title='bbox 2923 3530 3210 3597; x_wconf 85' lang='lat' dir='ltr'><strong>praterea</strong></span> <span class='ocrx_word' id='word_1_582' title='bbox 3234 3527 3483 3598; x_wconf 86' lang='lat' dir='ltr'><strong>Rogerio</strong></span> <span class='ocrx_word' id='word_1_583' title='bbox 3497 3529 3623 3584; x_wconf 91' lang='lat' dir='ltr'><strong>duci</strong></span> <span class='ocrx_word' id='word_1_584' title='bbox 3654 3546 3785 3601; x_wconf 89' lang='lat' dir='ltr'><strong>per-</strong></span> 
     </span>
    </p>
   </div>
   <div class='ocr_carea' id='block_1_83' title="bbox 2172 3613 3779 3690">
    <p class='ocr_par' dir='ltr' id='par_1_83' title="bbox 2172 3613 3779 3690">
     <span class='ocr_line' id='line_1_83' title="bbox 2172 3613 3779 3690; baseline 0 -18"><span class='ocrx_word' id='word_1_585' title='bbox 2172 3633 2374 3690; x_wconf 91' lang='lat' dir='ltr'><strong>peram</strong></span> <span class='ocrx_word' id='word_1_586' title='bbox 2405 3615 2666 3669; x_wconf 90' lang='lat' dir='ltr'><strong>attribuit</strong></span> <span class='ocrx_word' id='word_1_587' title='bbox 2691 3631 2705 3682; x_wconf 88' lang='lat'><strong>;</strong></span> <span class='ocrx_word' id='word_1_588' title='bbox 2734 3613 2888 3686; x_wconf 90' lang='lat' dir='ltr'><strong>quod</strong></span> <span class='ocrx_word' id='word_1_589' title='bbox 2918 3617 3227 3686; x_wconf 88' lang='lat' dir='ltr'><strong>utrumque</strong></span> <span class='ocrx_word' id='word_1_590' title='bbox 3258 3631 3376 3669; x_wconf 90' lang='lat' dir='ltr'><strong>non</strong></span> <span class='ocrx_word' id='word_1_591' title='bbox 3406 3632 3640 3687; x_wconf 83' lang='lat' dir='ltr'><strong>possum</strong></span> <span class='ocrx_word' id='word_1_592' title='bbox 3662 3634 3779 3672; x_wconf 90' lang='lat' dir='ltr'><strong>non</strong></span> 
     </span>
    </p>
   </div>
   <div class='ocr_carea' id='block_1_84' title="bbox 2174 3700 3780 3777">
    <p class='ocr_par' dir='ltr' id='par_1_84' title="bbox 2174 3700 3780 3777">
     <span class='ocr_line' id='line_1_84' title="bbox 2174 3700 3780 3777; baseline 0 -16"><span class='ocrx_word' id='word_1_593' title='bbox 2174 3704 2392 3770; x_wconf 88' lang='lat' dir='ltr'><strong>mirari,</strong></span> <span class='ocrx_word' id='word_1_594' title='bbox 2412 3719 2544 3757; x_wconf 91' lang='lat' dir='ltr'><strong>cum</strong></span> <span class='ocrx_word' id='word_1_595' title='bbox 2566 3700 2825 3772; x_wconf 78' lang='lat' dir='ltr'><strong>hacip’sa</strong></span> <span class='ocrx_word' id='word_1_596' title='bbox 2849 3703 3066 3770; x_wconf 88' lang='lat' dir='ltr'><strong>charta,</strong></span> <span class='ocrx_word' id='word_1_597' title='bbox 3082 3719 3258 3774; x_wconf 91' lang='lat' dir='ltr'><strong>quam</strong></span> <span class='ocrx_word' id='word_1_598' title='bbox 3288 3720 3355 3757; x_wconf 82' lang='lat' dir='ltr'><strong>ex</strong></span> <span class='ocrx_word' id='word_1_599' title='bbox 3386 3709 3550 3774; x_wconf 92' lang='lat' dir='ltr'><strong>parte</strong></span> <span class='ocrx_word' id='word_1_600' title='bbox 3567 3722 3634 3760; x_wconf 92' lang='lat' dir='ltr'><strong>eo</strong></span> <span class='ocrx_word' id='word_1_601' title='bbox 3657 3707 3780 3777; x_wconf 85' lang='lat' dir='ltr'><strong>ipso</strong></span> 
     </span>
    </p>
   </div>
   <div class='ocr_carea' id='block_1_85' title="bbox 2174 3789 3781 3864">
    <p class='ocr_par' dir='ltr' id='par_1_85' title="bbox 2174 3789 3781 3864">
     <span class='ocr_line' id='line_1_85' title="bbox 2174 3789 3781 3864; baseline -0.001 -15"><span class='ocrx_word' id='word_1_602' title='bbox 2174 3795 2298 3849; x_wconf 91' lang='lat' dir='ltr'><strong>loco</strong></span> <span class='ocrx_word' id='word_1_603' title='bbox 2331 3789 2680 3857; x_wconf 88' lang='lat' dir='ltr'><strong>transcribit,</strong></span> <span class='ocrx_word' id='word_1_604' title='bbox 2703 3806 3018 3861; x_wconf 88' lang='lat' dir='ltr'><strong>quamque,</strong></span> <span class='ocrx_word' id='word_1_605' title='bbox 3048 3794 3110 3844; x_wconf 92' lang='lat' dir='ltr'><strong>ut</strong></span> <span class='ocrx_word' id='word_1_606' title='bbox 3134 3791 3358 3858; x_wconf 91' lang='lat' dir='ltr'><strong>monui,</strong></span> <span class='ocrx_word' id='word_1_607' title='bbox 3381 3792 3623 3864; x_wconf 85' lang='lat' dir='ltr'><strong>Rogerio</strong></span> <span class='ocrx_word' id='word_1_608' title='bbox 3653 3792 3781 3848; x_wconf 89' lang='lat' dir='ltr'><strong>duci</strong></span> 
     </span>
    </p>
   </div>
   <div class='ocr_carea' id='block_1_86' title="bbox 2174 3879 3781 3954">
    <p class='ocr_par' dir='ltr' id='par_1_86' title="bbox 2174 3879 3781 3954">
     <span class='ocr_line' id='line_1_86' title="bbox 2174 3879 3781 3954; baseline 0 -16"><span class='ocrx_word' id='word_1_609' title='bbox 2174 3881 2452 3949; x_wconf 90' lang='lat' dir='ltr'><strong>attribuit,</strong></span> <span class='ocrx_word' id='word_1_610' title='bbox 2482 3880 2544 3934; x_wconf 91' lang='lat' dir='ltr'>in</span> <span class='ocrx_word' id='word_1_611' title='bbox 2574 3879 2782 3950; x_wconf 91' lang='lat' dir='ltr'><strong>capite,</strong></span> <span class='ocrx_word' id='word_1_612' title='bbox 2814 3897 2933 3934; x_wconf 91' lang='lat' dir='ltr'><strong>non</strong></span> <span class='ocrx_word' id='word_1_613' title='bbox 2956 3880 3188 3952; x_wconf 87' lang='lat' dir='ltr'><strong>Rogerii</strong></span> <span class='ocrx_word' id='word_1_614' title='bbox 3219 3880 3395 3949; x_wconf 91' lang='lat' dir='ltr'><strong>ducis,</strong></span> <span class='ocrx_word' id='word_1_615' title='bbox 3424 3883 3525 3937; x_wconf 91' lang='lat' dir='ltr'><strong>sed</strong></span> <span class='ocrx_word' id='word_1_616' title='bbox 3549 3883 3781 3954; x_wconf 85' lang='lat' dir='ltr'><strong>Rogerii</strong></span> 
     </span>
    </p>
   </div>
   <div class='ocr_carea' id='block_1_87' title="bbox 2173 3968 3779 4043">
    <p class='ocr_par' dir='ltr' id='par_1_87' title="bbox 2173 3968 3779 4043">
     <span class='ocr_line' id='line_1_87' title="bbox 2173 3968 3779 4043; baseline 0.001 -17"><span class='ocrx_word' id='word_1_617' title='bbox 2173 3970 2397 4027; x_wconf 90' lang='lat' dir='ltr'><strong>comitis</strong></span> <span class='ocrx_word' id='word_1_618' title='bbox 2417 3986 2634 4025; x_wconf 90' lang='lat' dir='ltr'><strong>nomen</strong></span> <span class='ocrx_word' id='word_1_619' title='bbox 2657 3969 2809 4040; x_wconf 92' lang='lat' dir='ltr'><strong>apud</strong></span> <span class='ocrx_word' id='word_1_620' title='bbox 2822 3986 2956 4023; x_wconf 92' lang='lat' dir='ltr'><strong>eum</strong></span> <span class='ocrx_word' id='word_1_621' title='bbox 2976 3968 3267 4041; x_wconf 63' lang='lat' dir='ltr'><strong>praeferat,</strong></span> <span class='ocrx_word' id='word_1_622' title='bbox 3282 3971 3698 4043; x_wconf 78' lang='lat' dir='ltr'><strong>sequentisque</strong></span> <span class='ocrx_word' id='word_1_623' title='bbox 3719 3972 3779 4028; x_wconf 93' lang='lat' dir='ltr'><strong>in</strong></span> 
     </span>
    </p>
   </div>
   <div class='ocr_carea' id='block_1_88' title="bbox 2172 4058 3779 4130">
    <p class='ocr_par' dir='ltr' id='par_1_88' title="bbox 2172 4058 3779 4130">
     <span class='ocr_line' id='line_1_88' title="bbox 2172 4058 3779 4130; baseline 0 -15"><span class='ocrx_word' id='word_1_624' title='bbox 2172 4062 2441 4116; x_wconf 85' lang='lat' dir='ltr'><strong>contextu</strong></span> <span class='ocrx_word' id='word_1_625' title='bbox 2466 4060 2641 4114; x_wconf 83' lang='lat' dir='ltr'><strong>verba</strong></span> <span class='ocrx_word' id='word_1_626' title='bbox 2671 4058 2993 4114; x_wconf 86' lang='lat' dir='ltr'><strong>contineat:</strong></span> <span class='ocrx_word' id='word_1_627' title='bbox 3048 4082 3075 4109; x_wconf 86' lang='lat'><strong>«</strong></span> <span class='ocrx_word' id='word_1_628' title='bbox 3110 4060 3268 4114; x_wconf 87' lang='lat' dir='ltr'><strong>Hunc</strong></span> <span class='ocrx_word' id='word_1_629' title='bbox 3299 4075 3438 4130; x_wconf 90' lang='lat' dir='ltr'><strong>ergo</strong></span> <span class='ocrx_word' id='word_1_630' title='bbox 3465 4061 3676 4128; x_wconf 90' lang='lat' dir='ltr'><strong>locum,</strong></span> <span class='ocrx_word' id='word_1_631' title='bbox 3704 4060 3779 4115; x_wconf 90' lang='lat' dir='ltr'><strong>si-</strong></span> 
     </span>
    </p>
   </div>
   <div class='ocr_carea' id='block_1_89' title="bbox 2173 4147 3777 4221">
    <p class='ocr_par' dir='ltr' id='par_1_89' title="bbox 2173 4147 3777 4221">
     <span class='ocr_line' id='line_1_89' title="bbox 2173 4147 3777 4221; baseline -0.001 -17"><span class='ocrx_word' id='word_1_632' title='bbox 2173 4153 2299 4205; x_wconf 90' lang='lat' dir='ltr'><strong>tum</strong></span> <span class='ocrx_word' id='word_1_633' title='bbox 2321 4148 2532 4204; x_wconf 90' lang='lat' dir='ltr'><strong>scilicet</strong></span> <span class='ocrx_word' id='word_1_634' title='bbox 2560 4148 2711 4203; x_wconf 79' lang='lat' dir='ltr'><strong>inter</strong></span> <span class='ocrx_word' id='word_1_635' title='bbox 2734 4150 2926 4204; x_wconf 90' lang='lat' dir='ltr'><strong>locum</strong></span> <span class='ocrx_word' id='word_1_636' title='bbox 2952 4147 3049 4220; x_wconf 91' lang='lat' dir='ltr'><strong>qui</strong></span> <span class='ocrx_word' id='word_1_637' title='bbox 3083 4148 3289 4203; x_wconf 90' lang='lat' dir='ltr'><strong>dicitur</strong></span> <span class='ocrx_word' id='word_1_638' title='bbox 3310 4150 3522 4216; x_wconf 82' lang='lat' dir='ltr'><strong>Arena,</strong></span> <span class='ocrx_word' id='word_1_639' title='bbox 3544 4153 3602 4203; x_wconf 90' lang='lat' dir='ltr'><strong>et</strong></span> <span class='ocrx_word' id='word_1_640' title='bbox 3617 4149 3777 4221; x_wconf 84' lang='lat' dir='ltr'><strong>oppi-</strong></span> 
     </span>
    </p>
   </div>
   <div class='ocr_carea' id='block_1_90' title="bbox 459 4236 3775 4314">
    <p class='ocr_par' dir='ltr' id='par_1_90' title="bbox 459 4236 3775 4314">
     <span class='ocr_line' id='line_1_90' title="bbox 459 4236 3775 4314; baseline -0.001 -19"><span class='ocrx_word' id='word_1_641' title='bbox 459 4256 566 4313; x_wconf 90' lang='lat' dir='ltr'><strong>pro</strong></span> <span class='ocrx_word' id='word_1_642' title='bbox 591 4236 1043 4311; x_wconf 87' lang='lat' dir='ltr'><strong>prasumptione</strong></span> <span class='ocrx_word' id='word_1_643' title='bbox 1074 4238 1237 4291; x_wconf 86' lang='lat' dir='ltr'><strong>tanta</strong></span> <span class='ocrx_word' id='word_1_644' title='bbox 1259 4241 1492 4293; x_wconf 89' lang='lat' dir='ltr'><strong>centum</strong></span> <span class='ocrx_word' id='word_1_645' title='bbox 1518 4239 1799 4295; x_wconf 88' lang='lat' dir='ltr'><strong>librarum</strong></span> <span class='ocrx_word' id='word_1_646' title='bbox 1827 4240 1948 4296; x_wconf 88' lang='lat' dir='ltr'><strong>auri</strong></span> <span class='ocrx_word' id='word_1_647' title='bbox 1961 4259 2076 4314; x_wconf 81' lang='lat' dir='ltr'><strong>pa-</strong></span> <span class='ocrx_word' id='word_1_648' title='bbox 2095 4248 2149 4306; x_wconf 88' lang='lat' dir='ltr'><strong>D</strong></span> <span class='ocrx_word' id='word_1_649' title='bbox 2174 4238 2314 4293; x_wconf 88' lang='lat' dir='ltr'><strong>dum</strong></span> <span class='ocrx_word' id='word_1_650' title='bbox 2346 4238 2502 4309; x_wconf 92' lang='lat' dir='ltr'><strong>quod</strong></span> <span class='ocrx_word' id='word_1_651' title='bbox 2519 4238 2844 4310; x_wconf 89' lang='lat' dir='ltr'><strong>appellatur</strong></span> <span class='ocrx_word' id='word_1_652' title='bbox 2875 4236 3103 4303; x_wconf 90' lang='lat' dir='ltr'><strong>Stilum,</strong></span> <span class='ocrx_word' id='word_1_653' title='bbox 3135 4252 3234 4290; x_wconf 90' lang='lat' dir='ltr'><strong>seu</strong></span> <span class='ocrx_word' id='word_1_654' title='bbox 3258 4236 3625 4291; x_wconf 90' lang='lat' dir='ltr'><strong>Turritanam</strong></span> <span class='ocrx_word' id='word_1_655' title='bbox 3651 4253 3775 4292; x_wconf 90' lang='lat' dir='ltr'><strong>ere-</strong></span> 
     </span>
    </p>
   </div>
   <div class='ocr_carea' id='block_1_91' title="bbox 460 4325 1432 4385">
    <p class='ocr_par' dir='ltr' id='par_1_91' title="bbox 460 4325 1432 4385">
     <span class='ocr_line' id='line_1_91' title="bbox 460 4325 1432 4385; baseline -0.005 0"><span class='ocrx_word' id='word_1_656' title='bbox 460 4345 599 4385; x_wconf 85' lang='lat' dir='ltr'><strong>nam</strong></span> <span class='ocrx_word' id='word_1_657' title='bbox 628 4329 689 4382; x_wconf 89' lang='lat' dir='ltr'><strong>in</strong></span> <span class='ocrx_word' id='word_1_658' title='bbox 719 4326 878 4383; x_wconf 89' lang='lat' dir='ltr'><strong>curia</strong></span> <span class='ocrx_word' id='word_1_659' title='bbox 908 4327 1108 4381; x_wconf 89' lang='lat' dir='ltr'><strong>nostra</strong></span> <span class='ocrx_word' id='word_1_660' title='bbox 1136 4325 1432 4381; x_wconf 89' lang='lat' dir='ltr'><strong>sustineat.</strong></span> 
     </span>
    </p>
   </div>
   <div class='ocr_carea' id='block_1_92' title="bbox 530 4411 2073 4484">
    <p class='ocr_par' dir='ltr' id='par_1_92' title="bbox 530 4411 2073 4484">
     <span class='ocr_line' id='line_1_92' title="bbox 530 4411 2073 4484; baseline 0.001 -15"><span class='ocrx_word' id='word_1_661' title='bbox 530 4416 655 4469; x_wconf 72' lang='grc'><strong>554.</strong></span> <span class='ocrx_word' id='word_1_662' title='bbox 693 4436 720 4465; x_wconf 90' lang='grc'><em>‹‹</em></span> <span class='ocrx_word' id='word_1_663' title='bbox 742 4411 920 4484; x_wconf 88' lang='lat' dir='ltr'><strong>Igitur</strong></span> <span class='ocrx_word' id='word_1_664' title='bbox 932 4415 995 4467; x_wconf 90' lang='lat' dir='ltr'><strong>ut</strong></span> <span class='ocrx_word' id='word_1_665' title='bbox 1015 4411 1348 4467; x_wconf 87' lang='lat' dir='ltr'><strong>constitutio</strong></span> <span class='ocrx_word' id='word_1_666' title='bbox 1359 4413 1484 4468; x_wconf 89' lang='lat' dir='ltr'><strong>hac</strong></span> <span class='ocrx_word' id='word_1_667' title='bbox 1502 4412 1843 4471; x_wconf 91' lang='lat' dir='ltr'><strong>inviolabilis</strong></span> <span class='ocrx_word' id='word_1_668' title='bbox 1862 4418 1921 4470; x_wconf 91' lang='lat' dir='ltr'><strong>et</strong></span> <span class='ocrx_word' id='word_1_669' title='bbox 1946 4433 2073 4472; x_wconf 88' lang='lat' dir='ltr'><strong>om-</strong></span> 
     </span>
    </p>
   </div>
   <div class='ocr_carea' id='block_1_93' title="bbox 459 4499 2072 4572">
    <p class='ocr_par' dir='ltr' id='par_1_93' title="bbox 459 4499 2072 4572">
     <span class='ocr_line' id='line_1_93' title="bbox 459 4499 2072 4572; baseline 0.002 -15"><span class='ocrx_word' id='word_1_670' title='bbox 459 4499 600 4557; x_wconf 89' lang='lat' dir='ltr'><strong>nino</strong></span> <span class='ocrx_word' id='word_1_671' title='bbox 618 4501 789 4555; x_wconf 83' lang='lat' dir='ltr'><strong>firma</strong></span> <span class='ocrx_word' id='word_1_672' title='bbox 800 4499 1522 4572; x_wconf 84' lang='lat' dir='ltr'><strong>permaneat,concedente</strong></span> <span class='ocrx_word' id='word_1_673' title='bbox 1537 4517 1712 4556; x_wconf 82' lang='lat' dir='ltr'><strong>uxore</strong></span> <span class='ocrx_word' id='word_1_674' title='bbox 1732 4503 2072 4559; x_wconf 87' lang='lat' dir='ltr'><strong>meaAdelai</strong></span> 
     </span>
    </p>
   </div>
   <div class='ocr_carea' id='block_1_94' title="bbox 458 4586 2071 4661">
    <p class='ocr_par' dir='ltr' id='par_1_94' title="bbox 458 4586 2071 4661">
     <span class='ocr_line' id='line_1_94' title="bbox 458 4586 2071 4661; baseline 0.002 -17"><span class='ocrx_word' id='word_1_675' title='bbox 458 4588 749 4644; x_wconf 89' lang='lat' dir='ltr'><strong>comitissa</strong></span> <span class='ocrx_word' id='word_1_676' title='bbox 768 4590 827 4648; x_wconf 86' lang='lat' dir='ltr'><strong>et</strong></span> <span class='ocrx_word' id='word_1_677' title='bbox 848 4586 965 4641; x_wconf 82' lang='lat' dir='ltr'><strong>filio</strong></span> <span class='ocrx_word' id='word_1_678' title='bbox 989 4604 1121 4642; x_wconf 91' lang='lat' dir='ltr'><strong>meo</strong></span> <span class='ocrx_word' id='word_1_679' title='bbox 1137 4587 1369 4643; x_wconf 91' lang='lat' dir='ltr'><strong>Gofrido</strong></span> <span class='ocrx_word' id='word_1_680' title='bbox 1388 4588 1447 4642; x_wconf 91' lang='lat' dir='ltr'><strong>in</strong></span> <span class='ocrx_word' id='word_1_681' title='bbox 1463 4591 2071 4661; x_wconf 88' lang='lat' dir='ltr'><strong>prasentiabonorum</strong></span> 
     </span>
    </p>
   </div>
   <div class='ocr_carea' id='block_1_95' title="bbox 457 4675 2070 4749">
    <p class='ocr_par' dir='ltr' id='par_1_95' title="bbox 457 4675 2070 4749">
     <span class='ocr_line' id='line_1_95' title="bbox 457 4675 2070 4749; baseline 0.001 -15"><span class='ocrx_word' id='word_1_682' title='bbox 457 4676 766 4734; x_wconf 87' lang='lat' dir='ltr'><strong>hominum</strong></span> <span class='ocrx_word' id='word_1_683' title='bbox 793 4675 1169 4731; x_wconf 90' lang='lat' dir='ltr'><strong>donationem</strong></span> <span class='ocrx_word' id='word_1_684' title='bbox 1198 4675 1366 4730; x_wconf 89' lang='lat' dir='ltr'><strong>istam</strong></span> <span class='ocrx_word' id='word_1_685' title='bbox 1400 4677 1507 4731; x_wconf 92' lang='lat' dir='ltr'><strong>feci</strong></span> <span class='ocrx_word' id='word_1_686' title='bbox 1535 4680 1593 4732; x_wconf 92' lang='lat' dir='ltr'><strong>et</strong></span> <span class='ocrx_word' id='word_1_687' title='bbox 1621 4678 1807 4749; x_wconf 89' lang='lat' dir='ltr'><strong>sigillo</strong></span> <span class='ocrx_word' id='word_1_688' title='bbox 1838 4696 1969 4735; x_wconf 90' lang='lat' dir='ltr'><strong>meo</strong></span> <span class='ocrx_word' id='word_1_689' title='bbox 1996 4681 2070 4736; x_wconf 86' lang='lat' dir='ltr'><strong>si-</strong></span> 
     </span>
    </p>
   </div>
   <div class='ocr_carea' id='block_1_96' title="bbox 458 4763 2068 4837">
    <p class='ocr_par' dir='ltr' id='par_1_96' title="bbox 458 4763 2068 4837">
     <span class='ocr_line' id='line_1_96' title="bbox 458 4763 2068 4837; baseline 0.002 -16"><span class='ocrx_word' id='word_1_690' title='bbox 458 4764 650 4837; x_wconf 78' lang='lat' dir='ltr'><strong>gillati</strong></span> <span class='ocrx_word' id='word_1_691' title='bbox 683 4763 952 4836; x_wconf 88' lang='lat' dir='ltr'><strong>pracepi.</strong></span> <span class='ocrx_word' id='word_1_692' title='bbox 988 4764 1107 4833; x_wconf 87' lang='lat' dir='ltr'><strong>Ego</strong></span> <span class='ocrx_word' id='word_1_693' title='bbox 1140 4763 1423 4832; x_wconf 85' lang='lat' dir='ltr'><strong>Gofridus,</strong></span> <span class='ocrx_word' id='word_1_694' title='bbox 1455 4765 1760 4821; x_wconf 84' lang='lat' dir='ltr'><strong>Melitensis</strong></span> <span class='ocrx_word' id='word_1_695' title='bbox 1806 4769 2068 4825; x_wconf 85' lang='lat' dir='ltr'><strong>Ecclesia</strong></span> 
     </span>
    </p>
   </div>
   <div class='ocr_carea' id='block_1_97' title="bbox 457 4849 2072 4927">
    <p class='ocr_par' dir='ltr' id='par_1_97' title="bbox 457 4849 2072 4927">
     <span class='ocr_line' id='line_1_97' title="bbox 457 4849 2072 4927; baseline 0.002 -18"><span class='ocrx_word' id='word_1_696' title='bbox 457 4853 779 4927; x_wconf 87' lang='lat' dir='ltr'><strong>episcopus,</strong></span> <span class='ocrx_word' id='word_1_697' title='bbox 806 4849 1246 4922; x_wconf 87' lang='lat' dir='ltr'><strong>licetindignus,</strong></span> <span class='ocrx_word' id='word_1_698' title='bbox 1281 4852 1542 4907; x_wconf 90' lang='lat' dir='ltr'><strong>chartam</strong></span> <span class='ocrx_word' id='word_1_699' title='bbox 1565 4854 1714 4909; x_wconf 89' lang='lat' dir='ltr'><strong>hanc</strong></span> <span class='ocrx_word' id='word_1_700' title='bbox 1736 4872 1915 4910; x_wconf 90' lang='lat' dir='ltr'><strong>manu</strong></span> <span class='ocrx_word' id='word_1_701' title='bbox 1940 4874 2072 4913; x_wconf 91' lang='lat' dir='ltr'><strong>mea</strong></span> 
     </span>
    </p>
   </div>
   <div class='ocr_carea' id='block_1_98' title="bbox 458 4938 2069 5014">
    <p class='ocr_par' dir='ltr' id='par_1_98' title="bbox 458 4938 2069 5014">
     <span class='ocr_line' id='line_1_98' title="bbox 458 4938 2069 5014; baseline 0.001 -16"><span class='ocrx_word' id='word_1_702' title='bbox 458 4941 659 5014; x_wconf 85' lang='lat' dir='ltr'><strong>scripsi</strong></span> <span class='ocrx_word' id='word_1_703' title='bbox 701 4943 912 5014; x_wconf 84' lang='lat' dir='ltr'><strong>rogatu</strong></span> <span class='ocrx_word' id='word_1_704' title='bbox 941 4938 1169 4994; x_wconf 86' lang='lat' dir='ltr'><strong>comitis</strong></span> <span class='ocrx_word' id='word_1_705' title='bbox 1206 4939 1459 5010; x_wconf 85' lang='lat' dir='ltr'><strong>Rogerii,</strong></span> <span class='ocrx_word' id='word_1_706' title='bbox 1502 4942 1741 4997; x_wconf 90' lang='lat' dir='ltr'><strong>laudans</strong></span> <span class='ocrx_word' id='word_1_707' title='bbox 1773 4946 1832 4997; x_wconf 91' lang='lat' dir='ltr'><strong>et</strong></span> <span class='ocrx_word' id='word_1_708' title='bbox 1863 4946 2069 5000; x_wconf 86' lang='lat' dir='ltr'><strong>confir-</strong></span> 
     </span>
    </p>
   </div>
   <div class='ocr_carea' id='block_1_99' title="bbox 457 5027 2069 5094">
    <p class='ocr_par' dir='ltr' id='par_1_99' title="bbox 457 5027 2069 5094">
     <span class='ocr_line' id='line_1_99' title="bbox 457 5027 2069 5094; baseline 0.001 -9"><span class='ocrx_word' id='word_1_709' title='bbox 457 5046 627 5085; x_wconf 87' lang='lat' dir='ltr'><strong>mans</strong></span> <span class='ocrx_word' id='word_1_710' title='bbox 651 5027 1126 5085; x_wconf 88' lang='lat' dir='ltr'><strong>constitutionem</strong></span> <span class='ocrx_word' id='word_1_711' title='bbox 1139 5027 1309 5094; x_wconf 86' lang='lat' dir='ltr'><strong>hanc,</strong></span> <span class='ocrx_word' id='word_1_712' title='bbox 1343 5029 1714 5085; x_wconf 88' lang='lat' dir='ltr'><strong>anathemate</strong></span> <span class='ocrx_word' id='word_1_713' title='bbox 1742 5048 1874 5086; x_wconf 89' lang='lat' dir='ltr'><strong>vero</strong></span> <span class='ocrx_word' id='word_1_714' title='bbox 1904 5037 1959 5086; x_wconf 90' lang='lat' dir='ltr'><strong>et</strong></span> <span class='ocrx_word' id='word_1_715' title='bbox 1975 5051 2069 5088; x_wconf 86' lang='lat' dir='ltr'><strong>ex-</strong></span> 
     </span>
    </p>
   </div>
   <div class='ocr_carea' id='block_1_100' title="bbox 451 5116 2071 5190">
    <p class='ocr_par' dir='ltr' id='par_1_100' title="bbox 451 5116 2071 5190">
     <span class='ocr_line' id='line_1_100' title="bbox 451 5116 2071 5190; baseline 0.002 -16"><span class='ocrx_word' id='word_1_716' title='bbox 451 5116 980 5174; x_wconf 90' lang='lat' dir='ltr'><strong>communicatione</strong></span> <span class='ocrx_word' id='word_1_717' title='bbox 1027 5116 1313 5171; x_wconf 88' lang='lat' dir='ltr'><strong>damnans</strong></span> <span class='ocrx_word' id='word_1_718' title='bbox 1360 5132 1517 5185; x_wconf 89' lang='lat' dir='ltr'><strong>eum,</strong></span> <span class='ocrx_word' id='word_1_719' title='bbox 1567 5118 1890 5190; x_wconf 90' lang='lat' dir='ltr'><strong>quicunque</strong></span> <span class='ocrx_word' id='word_1_720' title='bbox 1922 5121 2071 5177; x_wconf 89' lang='lat' dir='ltr'><strong>hanc</strong></span> 
     </span>
    </p>
   </div>
   <div class='ocr_carea' id='block_1_101' title="bbox 453 5204 2072 5279">
    <p class='ocr_par' dir='ltr' id='par_1_101' title="bbox 453 5204 2072 5279">
     <span class='ocr_line' id='line_1_101' title="bbox 453 5204 2072 5279; baseline 0.002 -18"><span class='ocrx_word' id='word_1_721' title='bbox 453 5204 773 5278; x_wconf 89' lang='lat' dir='ltr'><strong>infringere</strong></span> <span class='ocrx_word' id='word_1_722' title='bbox 786 5204 1237 5278; x_wconf 87' lang='lat' dir='ltr'><strong>prasumpserit,</strong></span> <span class='ocrx_word' id='word_1_723' title='bbox 1270 5204 1379 5260; x_wconf 92' lang='lat' dir='ltr'><strong>nisi</strong></span> <span class='ocrx_word' id='word_1_724' title='bbox 1406 5209 1603 5260; x_wconf 88' lang='lat' dir='ltr'><strong>tamen</strong></span> <span class='ocrx_word' id='word_1_725' title='bbox 1635 5208 1970 5279; x_wconf 89' lang='lat' dir='ltr'><strong>resipiscens</strong></span> <span class='ocrx_word' id='word_1_726' title='bbox 1987 5227 2072 5264; x_wconf 91' lang='lat' dir='ltr'><strong>sa-</strong></span> 
     </span>
    </p>
   </div>
   <div class='ocr_carea' id='block_1_102' title="bbox 447 5293 2064 5353">
    <p class='ocr_par' dir='ltr' id='par_1_102' title="bbox 447 5293 2064 5353">
     <span class='ocr_line' id='line_1_102' title="bbox 447 5293 2064 5353; baseline 0.002 -4"><span class='ocrx_word' id='word_1_727' title='bbox 447 5294 748 5349; x_wconf 82' lang='lat' dir='ltr'><strong>tisfecerit.</strong></span> <span class='ocrx_word' id='word_1_728' title='bbox 766 5294 937 5349; x_wconf 86' lang='lat' dir='ltr'><strong>Facta</strong></span> <span class='ocrx_word' id='word_1_729' title='bbox 961 5296 1096 5348; x_wconf 89' lang='lat' dir='ltr'><strong>sunt</strong></span> <span class='ocrx_word' id='word_1_730' title='bbox 1122 5293 1247 5349; x_wconf 87' lang='lat' dir='ltr'><strong>hac</strong></span> <span class='ocrx_word' id='word_1_731' title='bbox 1273 5310 1427 5348; x_wconf 89' lang='lat' dir='ltr'><strong>anno</strong></span> <span class='ocrx_word' id='word_1_732' title='bbox 1443 5294 1513 5349; x_wconf 90' lang='lat' dir='ltr'><strong>ab</strong></span> <span class='ocrx_word' id='word_1_733' title='bbox 1530 5295 1930 5351; x_wconf 87' lang='lat' dir='ltr'><strong>lncarnatione</strong></span> <span class='ocrx_word' id='word_1_734' title='bbox 1954 5300 2064 5353; x_wconf 94' lang='lat' dir='ltr'><strong>Do-</strong></span> 
     </span>
    </p>
   </div>
   <div class='ocr_carea' id='block_1_103' title="bbox 452 5381 2062 5454">
    <p class='ocr_par' dir='ltr' id='par_1_103' title="bbox 452 5381 2062 5454">
     <span class='ocr_line' id='line_1_103' title="bbox 452 5381 2062 5454; baseline 0.004 -18"><span class='ocrx_word' id='word_1_735' title='bbox 452 5382 599 5437; x_wconf 88' lang='lat' dir='ltr'><strong>mini</strong></span> <span class='ocrx_word' id='word_1_736' title='bbox 630 5381 939 5438; x_wconf 86' lang='lat' dir='ltr'><strong>millesimo</strong></span> <span class='ocrx_word' id='word_1_737' title='bbox 963 5382 1365 5453; x_wconf 85' lang='lat' dir='ltr'><strong>nonagesimo.</strong></span> <span class='ocrx_word' id='word_1_738' title='bbox 1398 5383 1637 5454; x_wconf 90' lang='lat' dir='ltr'><strong>Insuper</strong></span> <span class='ocrx_word' id='word_1_739' title='bbox 1680 5384 1889 5440; x_wconf 89' lang='lat' dir='ltr'><strong>donavi</strong></span> <span class='ocrx_word' id='word_1_740' title='bbox 1917 5386 2062 5443; x_wconf 80' lang='lat' dir='ltr'><strong>Mule</strong></span> 
     </span>
    </p>
   </div>
   <div class='ocr_carea' id='block_1_104' title="bbox 2172 4323 3780 4396">
    <p class='ocr_par' dir='ltr' id='par_1_104' title="bbox 2172 4323 3780 4396">
     <span class='ocr_line' id='line_1_104' title="bbox 2172 4323 3780 4396; baseline -0.001 -15"><span class='ocrx_word' id='word_1_741' title='bbox 2172 4343 2335 4381; x_wconf 89' lang='lat' dir='ltr'><strong>mum</strong></span> <span class='ocrx_word' id='word_1_742' title='bbox 2364 4328 2421 4380; x_wconf 92' lang='lat' dir='ltr'><strong>et</strong></span> <span class='ocrx_word' id='word_1_743' title='bbox 2442 4325 2641 4380; x_wconf 89' lang='lat' dir='ltr'><strong>omnia</strong></span> <span class='ocrx_word' id='word_1_744' title='bbox 2670 4324 2923 4396; x_wconf 89' lang='lat' dir='ltr'><strong>undique</strong></span> <span class='ocrx_word' id='word_1_745' title='bbox 2968 4324 3026 4377; x_wconf 90' lang='lat' dir='ltr'><strong>in</strong></span> <span class='ocrx_word' id='word_1_746' title='bbox 3077 4323 3313 4378; x_wconf 86' lang='lat' dir='ltr'><strong>circuitu</strong></span> <span class='ocrx_word' id='word_1_747' title='bbox 3346 4324 3668 4395; x_wconf 88' lang='lat' dir='ltr'><strong>adjacentia</strong></span> <span class='ocrx_word' id='word_1_748' title='bbox 3718 4324 3780 4380; x_wconf 90' lang='lat' dir='ltr'><strong>in</strong></span> 
     </span>
    </p>
   </div>
   <div class='ocr_carea' id='block_1_105' title="bbox 2173 4410 3780 4486">
    <p class='ocr_par' dir='ltr' id='par_1_105' title="bbox 2173 4410 3780 4486">
     <span class='ocr_line' id='line_1_105' title="bbox 2173 4410 3780 4486; baseline 0 -18"><span class='ocrx_word' id='word_1_749' title='bbox 2173 4415 2423 4486; x_wconf 91' lang='lat' dir='ltr'><strong>spatium</strong></span> <span class='ocrx_word' id='word_1_750' title='bbox 2455 4414 2624 4469; x_wconf 92' lang='lat' dir='ltr'><strong>unius</strong></span> <span class='ocrx_word' id='word_1_751' title='bbox 2648 4413 2823 4467; x_wconf 86' lang='lat' dir='ltr'><strong>leuca</strong></span> <span class='ocrx_word' id='word_1_752' title='bbox 2854 4412 2971 4466; x_wconf 90' lang='lat' dir='ltr'><strong>Deo</strong></span> <span class='ocrx_word' id='word_1_753' title='bbox 3004 4414 3062 4465; x_wconf 89' lang='lat' dir='ltr'><strong>et</strong></span> <span class='ocrx_word' id='word_1_754' title='bbox 3097 4412 3157 4465; x_wconf 91' lang='grc' dir='ltr'><strong>Β.</strong></span> <span class='ocrx_word' id='word_1_755' title='bbox 3188 4410 3397 4479; x_wconf 86' lang='lat' dir='ltr'><strong>Maria,</strong></span> <span class='ocrx_word' id='word_1_756' title='bbox 3426 4429 3491 4466; x_wconf 90' lang='lat' dir='ltr'><strong>ac</strong></span> <span class='ocrx_word' id='word_1_757' title='bbox 3519 4412 3653 4486; x_wconf 88' lang='lat' dir='ltr'><strong>ipsis</strong></span> <span class='ocrx_word' id='word_1_758' title='bbox 3681 4428 3780 4469; x_wconf 90' lang='lat' dir='ltr'><strong>eo-</strong></span> 
     </span>
    </p>
   </div>
   <div class='ocr_carea' id='block_1_106' title="bbox 2171 4499 3781 4575">
    <p class='ocr_par' dir='ltr' id='par_1_106' title="bbox 2171 4499 3781 4575">
     <span class='ocr_line' id='line_1_106' title="bbox 2171 4499 3781 4575; baseline -0.001 -16"><span class='ocrx_word' id='word_1_759' title='bbox 2171 4520 2419 4575; x_wconf 90' lang='lat' dir='ltr'><strong>rumque</strong></span> <span class='ocrx_word' id='word_1_760' title='bbox 2445 4501 2861 4558; x_wconf 88' lang='lat' dir='ltr'><strong>successoribus</strong></span> <span class='ocrx_word' id='word_1_761' title='bbox 2891 4499 2952 4554; x_wconf 88' lang='lat' dir='ltr'>in</span> <span class='ocrx_word' id='word_1_762' title='bbox 2982 4499 3355 4572; x_wconf 88' lang='lat' dir='ltr'><strong>proprietate,</strong></span> <span class='ocrx_word' id='word_1_763' title='bbox 3397 4501 3540 4555; x_wconf 90' lang='lat' dir='ltr'><strong>sicut</strong></span> <span class='ocrx_word' id='word_1_764' title='bbox 3580 4505 3781 4557; x_wconf 90' lang='lat' dir='ltr'><strong>nostra</strong></span> 
     </span>
    </p>
   </div>
   <div class='ocr_carea' id='block_1_107' title="bbox 2170 4586 3781 4658">
    <p class='ocr_par' dir='ltr' id='par_1_107' title="bbox 2170 4586 3781 4658">
     <span class='ocr_line' id='line_1_107' title="bbox 2170 4586 3781 4658; baseline -0.001 -14"><span class='ocrx_word' id='word_1_765' title='bbox 2170 4589 2425 4658; x_wconf 88' lang='lat' dir='ltr'><strong>fuerunt,</strong></span> <span class='ocrx_word' id='word_1_766' title='bbox 2452 4590 2556 4644; x_wconf 92' lang='lat' dir='ltr'><strong>sub</strong></span> <span class='ocrx_word' id='word_1_767' title='bbox 2573 4588 2734 4644; x_wconf 91' lang='lat' dir='ltr'><strong>omni</strong></span> <span class='ocrx_word' id='word_1_768' title='bbox 2752 4586 3120 4641; x_wconf 90' lang='lat' dir='ltr'><strong>immunitate</strong></span> <span class='ocrx_word' id='word_1_769' title='bbox 3136 4590 3306 4658; x_wconf 90' lang='lat' dir='ltr'><strong>atque</strong></span> <span class='ocrx_word' id='word_1_770' title='bbox 3320 4587 3585 4643; x_wconf 88' lang='lat' dir='ltr'><strong>libertate</strong></span> <span class='ocrx_word' id='word_1_771' title='bbox 3598 4588 3781 4643; x_wconf 84' lang='lat' dir='ltr'><strong>dona-</strong></span> 
     </span>
    </p>
   </div>
   <div class='ocr_carea' id='block_1_108' title="bbox 2170 4674 3779 4749">
    <p class='ocr_par' dir='ltr' id='par_1_108' title="bbox 2170 4674 3779 4749">
     <span class='ocr_line' id='line_1_108' title="bbox 2170 4674 3779 4749; baseline -0.001 -16"><span class='ocrx_word' id='word_1_772' title='bbox 2170 4679 2458 4737; x_wconf 86' lang='lat' dir='ltr'><strong>vimus....</strong></span> <span class='ocrx_word' id='word_1_773' title='bbox 2490 4676 2837 4749; x_wconf 84' lang='lat' dir='ltr'><strong>Rogavimus</strong></span> <span class='ocrx_word' id='word_1_774' title='bbox 2875 4675 3111 4747; x_wconf 88' lang='lat' dir='ltr'><strong>insuper</strong></span> <span class='ocrx_word' id='word_1_775' title='bbox 3137 4674 3528 4730; x_wconf 82' lang='lat' dir='ltr'><strong>venerabilem</strong></span> <span class='ocrx_word' id='word_1_776' title='bbox 3566 4676 3779 4746; x_wconf 84' lang='lat' dir='ltr'><strong>virum,</strong></span> 
     </span>
    </p>
   </div>
   <div class='ocr_carea' id='block_1_109' title="bbox 2168 4764 3780 4838">
    <p class='ocr_par' dir='ltr' id='par_1_109' title="bbox 2168 4764 3780 4838">
     <span class='ocr_line' id='line_1_109' title="bbox 2168 4764 3780 4838; baseline -0.002 -15"><span class='ocrx_word' id='word_1_777' title='bbox 2168 4769 2521 4823; x_wconf 86' lang='lat' dir='ltr'><strong>Melitensem</strong></span> <span class='ocrx_word' id='word_1_778' title='bbox 2554 4765 2885 4838; x_wconf 83' lang='lat' dir='ltr'><strong>episcOpum</strong></span> <span class='ocrx_word' id='word_1_779' title='bbox 2915 4764 3229 4820; x_wconf 89' lang='lat' dir='ltr'><strong>Gofredum</strong></span> <span class='ocrx_word' id='word_1_780' title='bbox 3260 4781 3431 4836; x_wconf 90' lang='lat' dir='ltr'><strong>super</strong></span> <span class='ocrx_word' id='word_1_781' title='bbox 3464 4766 3572 4820; x_wconf 90' lang='lat' dir='ltr'><strong>hac</strong></span> <span class='ocrx_word' id='word_1_782' title='bbox 3588 4765 3780 4824; x_wconf 86' lang='lat' dir='ltr'><strong>.dona-</strong></span> 
     </span>
    </p>
   </div>
   <div class='ocr_carea' id='block_1_110' title="bbox 2170 4852 3778 4922">
    <p class='ocr_par' dir='ltr' id='par_1_110' title="bbox 2170 4852 3778 4922">
     <span class='ocr_line' id='line_1_110' title="bbox 2170 4852 3778 4922; baseline -0.002 -11"><span class='ocrx_word' id='word_1_783' title='bbox 2170 4856 2329 4911; x_wconf 90' lang='lat' dir='ltr'><strong>tione</strong></span> <span class='ocrx_word' id='word_1_784' title='bbox 2361 4858 2559 4910; x_wconf 89' lang='lat' dir='ltr'><strong>nostra</strong></span> <span class='ocrx_word' id='word_1_785' title='bbox 2594 4852 3053 4908; x_wconf 83' lang='lat' dir='ltr'><strong>conﬁrmationis</strong></span> <span class='ocrx_word' id='word_1_786' title='bbox 3084 4853 3345 4908; x_wconf 89' lang='lat' dir='ltr'><strong>chartam</strong></span> <span class='ocrx_word' id='word_1_787' title='bbox 3395 4853 3778 4922; x_wconf 87' lang='lat' dir='ltr'><strong>conscribere,</strong></span> 
     </span>
    </p>
   </div>
   <div class='ocr_carea' id='block_1_111' title="bbox 2173 4941 3777 5016">
    <p class='ocr_par' dir='ltr' id='par_1_111' title="bbox 2173 4941 3777 5016">
     <span class='ocr_line' id='line_1_111' title="bbox 2173 4941 3777 5016; baseline 0 -19"><span class='ocrx_word' id='word_1_788' title='bbox 2173 4960 2348 5014; x_wconf 90' lang='lat' dir='ltr'><strong>quam</strong></span> <span class='ocrx_word' id='word_1_789' title='bbox 2381 4946 2438 4997; x_wconf 90' lang='lat' dir='ltr'><strong>et</strong></span> <span class='ocrx_word' id='word_1_790' title='bbox 2487 4942 2955 5016; x_wconf 79' lang='lat' dir='ltr'><strong>sigillavimus....</strong></span> <span class='ocrx_word' id='word_1_791' title='bbox 2988 4942 3137 4996; x_wconf 91' lang='lat' dir='ltr'><strong>hanc</strong></span> <span class='ocrx_word' id='word_1_792' title='bbox 3168 4944 3363 4997; x_wconf 90' lang='lat' dir='ltr'><strong>autem</strong></span> <span class='ocrx_word' id='word_1_793' title='bbox 3395 4941 3777 4997; x_wconf 91' lang='lat' dir='ltr'><strong>donationem</strong></span> 
     </span>
    </p>
   </div>
   <div class='ocr_carea' id='block_1_112' title="bbox 2173 5030 3777 5101">
    <p class='ocr_par' dir='ltr' id='par_1_112' title="bbox 2173 5030 3777 5101">
     <span class='ocr_line' id='line_1_112' title="bbox 2173 5030 3777 5101; baseline -0.001 -16"><span class='ocrx_word' id='word_1_794' title='bbox 2173 5035 2433 5087; x_wconf 88' lang='lat' dir='ltr'><strong>nostram</strong></span> <span class='ocrx_word' id='word_1_795' title='bbox 2455 5033 2575 5085; x_wconf 90' lang='lat' dir='ltr'><strong>tam</strong></span> <span class='ocrx_word' id='word_1_796' title='bbox 2609 5030 2858 5085; x_wconf 90' lang='lat' dir='ltr'><strong>domnus</strong></span> <span class='ocrx_word' id='word_1_797' title='bbox 2879 5030 3223 5101; x_wconf 87' lang='lat' dir='ltr'><strong>apostolicus</strong></span> <span class='ocrx_word' id='word_1_798' title='bbox 3267 5032 3466 5086; x_wconf 88' lang='lat' dir='ltr'><strong>noster</strong></span> <span class='ocrx_word' id='word_1_799' title='bbox 3491 5030 3777 5099; x_wconf 87' lang='lat' dir='ltr'><strong>Urbanus,</strong></span> 
     </span>
    </p>
   </div>
   <div class='ocr_carea' id='block_1_113' title="bbox 2172 5117 3777 5191">
    <p class='ocr_par' dir='ltr' id='par_1_113' title="bbox 2172 5117 3777 5191">
     <span class='ocr_line' id='line_1_113' title="bbox 2172 5117 3777 5191; baseline 0 -17"><span class='ocrx_word' id='word_1_800' title='bbox 2172 5136 2348 5191; x_wconf 90' lang='lat' dir='ltr'><strong>quam</strong></span> <span class='ocrx_word' id='word_1_801' title='bbox 2379 5118 2751 5191; x_wconf 89' lang='lat' dir='ltr'><strong>Squillatinus</strong></span> <span class='ocrx_word' id='word_1_802' title='bbox 2781 5118 3082 5190; x_wconf 87' lang='lat' dir='ltr'><strong>episcopus</strong></span> <span class='ocrx_word' id='word_1_803' title='bbox 3109 5118 3462 5185; x_wconf 91' lang='lat' dir='ltr'><strong>Theodorus,</strong></span> <span class='ocrx_word' id='word_1_804' title='bbox 3495 5117 3557 5172; x_wconf 91' lang='lat' dir='ltr'><strong>in</strong></span> <span class='ocrx_word' id='word_1_805' title='bbox 3615 5118 3777 5189; x_wconf 76' lang='lat' dir='ltr'><strong>cujus</strong></span> 
     </span>
    </p>
   </div>
   <div class='ocr_carea' id='block_1_114' title="bbox 2170 5205 3779 5279">
    <p class='ocr_par' dir='ltr' id='par_1_114' title="bbox 2170 5205 3779 5279">
     <span class='ocr_line' id='line_1_114' title="bbox 2170 5205 3779 5279; baseline -0.001 -17"><span class='ocrx_word' id='word_1_806' title='bbox 2170 5207 2501 5279; x_wconf 85' lang='lat' dir='ltr'><strong>episcopatu</strong></span> <span class='ocrx_word' id='word_1_807' title='bbox 2533 5207 2653 5279; x_wconf 92' lang='lat' dir='ltr'><strong>ipse</strong></span> <span class='ocrx_word' id='word_1_808' title='bbox 2678 5206 2834 5262; x_wconf 90' lang='lat' dir='ltr'><strong>locus</strong></span> <span class='ocrx_word' id='word_1_809' title='bbox 2863 5206 3005 5262; x_wconf 88' lang='lat' dir='ltr'><strong>situs</strong></span> <span class='ocrx_word' id='word_1_810' title='bbox 3035 5209 3140 5274; x_wconf 88' lang='lat' dir='ltr'><strong>est,</strong></span> <span class='ocrx_word' id='word_1_811' title='bbox 3180 5206 3580 5273; x_wconf 89' lang='lat' dir='ltr'><strong>laudaverunt,</strong></span> <span class='ocrx_word' id='word_1_812' title='bbox 3609 5205 3779 5279; x_wconf 90' lang='lat' dir='ltr'><strong>privi-</strong></span> 
     </span>
    </p>
   </div>
   <div class='ocr_carea' id='block_1_115' title="bbox 2166 5294 3773 5368">
    <p class='ocr_par' dir='ltr' id='par_1_115' title="bbox 2166 5294 3773 5368">
     <span class='ocr_line' id='line_1_115' title="bbox 2166 5294 3773 5368; baseline -0.001 -18"><span class='ocrx_word' id='word_1_813' title='bbox 2166 5296 2329 5368; x_wconf 88' lang='lat' dir='ltr'><strong>legiis</strong></span> <span class='ocrx_word' id='word_1_814' title='bbox 2382 5294 2873 5350; x_wconf 81' lang='lat' dir='ltr'><strong>confirmaverunt</strong></span> <span class='ocrx_word' id='word_1_815' title='bbox 2911 5297 3083 5366; x_wconf 90' lang='lat' dir='ltr'><strong>atque</strong></span> <span class='ocrx_word' id='word_1_816' title='bbox 3132 5294 3376 5349; x_wconf 87' lang='lat' dir='ltr'><strong>terribili</strong></span> <span class='ocrx_word' id='word_1_817' title='bbox 3400 5295 3773 5349; x_wconf 88' lang='lat' dir='ltr'><strong>anathemate</strong></span> 
     </span>
    </p>
   </div>
   <div class='ocr_carea' id='block_1_116' title="bbox 2164 5383 3774 5456">
    <p class='ocr_par' dir='ltr' id='par_1_116' title="bbox 2164 5383 3774 5456">
     <span class='ocr_line' id='line_1_116' title="bbox 2164 5383 3774 5456; baseline -0.001 -16"><span class='ocrx_word' id='word_1_818' title='bbox 2164 5383 2531 5453; x_wconf 87' lang='lat' dir='ltr'><strong>munierunt;</strong></span> <span class='ocrx_word' id='word_1_819' title='bbox 2559 5404 2588 5434; x_wconf 83' lang='lat'><strong>»</strong></span> <span class='ocrx_word' id='word_1_820' title='bbox 2638 5383 2843 5456; x_wconf 89' lang='lat' dir='ltr'><strong>quibus</strong></span> <span class='ocrx_word' id='word_1_821' title='bbox 2880 5400 3014 5438; x_wconf 93' lang='lat' dir='ltr'><strong>cum</strong></span> <span class='ocrx_word' id='word_1_822' title='bbox 3066 5383 3289 5438; x_wconf 89' lang='lat' dir='ltr'><strong>dicatur</strong></span> <span class='ocrx_word' id='word_1_823' title='bbox 3317 5383 3581 5439; x_wconf 90' lang='lat' dir='ltr'><strong>Urbanus</strong></span> <span class='ocrx_word' id='word_1_824' title='bbox 3620 5399 3774 5456; x_wconf 83' lang='lat' dir='ltr'><strong>papa</strong></span> 
     </span>
    </p>
   </div>
   <div class='ocr_carea' id='block_1_117' title="bbox 455 5469 3774 5540">
    <p class='ocr_par' dir='ltr' id='par_1_117' title="bbox 455 5469 3774 5540">
     <span class='ocr_line' id='line_1_117' title="bbox 455 5469 3774 5540; baseline 0 -11"><span class='ocrx_word' id='word_1_825' title='bbox 455 5485 587 5529; x_wconf 88' lang='lat' dir='ltr'><strong>cum</strong></span> <span class='ocrx_word' id='word_1_826' title='bbox 598 5470 730 5530; x_wconf 82' lang='lat' dir='ltr'><strong>filiis</strong></span> <span class='ocrx_word' id='word_1_827' title='bbox 744 5470 858 5528; x_wconf 84' lang='lat' dir='ltr'><strong>suis</strong></span> <span class='ocrx_word' id='word_1_828' title='bbox 870 5470 943 5529; x_wconf 88' lang='lat' dir='ltr'><strong>ad</strong></span> <span class='ocrx_word' id='word_1_829' title='bbox 958 5469 1399 5528; x_wconf 89' lang='lat' dir='ltr'><strong>custodiendam</strong></span> <span class='ocrx_word' id='word_1_830' title='bbox 1417 5470 1637 5527; x_wconf 88' lang='lat' dir='ltr'><strong>silvam.</strong></span> <span class='ocrx_word' id='word_1_831' title='bbox 1659 5471 1850 5529; x_wconf 90' lang='lat' dir='ltr'><strong>Testes</strong></span> <span class='ocrx_word' id='word_1_832' title='bbox 1862 5477 2060 5533; x_wconf 87' lang='lat' dir='ltr'><strong>autem</strong></span> <span class='ocrx_word' id='word_1_833' title='bbox 2158 5472 2475 5531; x_wconf 84' lang='lat' dir='ltr'><strong>Turritana</strong></span> <span class='ocrx_word' id='word_1_834' title='bbox 2504 5471 2780 5529; x_wconf 85' lang='lat' dir='ltr'><strong>Calabria</strong></span> <span class='ocrx_word' id='word_1_835' title='bbox 2806 5470 2989 5529; x_wconf 90' lang='lat' dir='ltr'><strong>eremi</strong></span> <span class='ocrx_word' id='word_1_836' title='bbox 3022 5471 3423 5540; x_wconf 86' lang='lat' dir='ltr'><strong>donationem,</strong></span> <span class='ocrx_word' id='word_1_837' title='bbox 3447 5470 3774 5529; x_wconf 87' lang='lat' dir='ltr'><strong>S.Brunoni</strong></span> 
     </span>
    </p>
   </div>
  </div>
