4066 6032
1524 206 1545 237 \

345 237 455 292 341

1930 232 2111 294 ACTA

3575 242 3680 304 342

340 378 386 416 a
417 360 631 417 comite
660 360 910 432 Rogerio
940 361 1184 429 factam,
1211 362 1608 431 conﬁrmasse,
1631 363 1971 436 chartaque,
1995 367 2052 427 Α
2077 363 2285 419 deinde
2310 382 2488 438 penes
2516 364 2701 421 ﬁlium
2741 366 2863 438 ejus
2879 366 3476 438 Rogeriumexstitisse
3492 370 3681 427 videa-

341 467 472 522 qua
530 451 589 505 id
616 451 772 517 fecit,
808 468 962 506 anno
998 454 1155 516 1092,
1197 452 1278 506 uti
1340 453 1586 524 ipsemet
1620 454 1975 509 Mabillonius

335 538 483 593 loco
521 540 616 593 cit.
641 539 876 605 fatetur,
910 540 1046 594 data
1074 540 1268 609 fuerit,
1299 558 1417 595 non
1451 541 1637 609 video,
1670 543 1767 613 qui
1797 542 1972 597 meri-

336 630 412 681 to
441 627 533 681 hic
562 628 814 698 scriptor
856 629 1140 695 chartam,
1193 645 1368 700 quam
1425 646 1492 683 ex
1529 634 1692 700 parte
1747 631 1970 699 recitat,

340 732 646 787 quamque
678 733 835 771 anno
873 718 1012 771 l093
1039 716 1326 788 signatam
1360 718 1607 785 exhibet,
1640 735 1745 789 pro
1776 720 1974 774 charta

340 820 467 875 qua
491 805 774 876 Rogerius
807 805 1021 860 dictam
1051 822 1312 860 eremum
1342 806 1399 860 S.
1449 806 1704 861 Brunoni
1736 808 1971 880 ejusque

336 892 518 947 sociis
549 892 811 961 primum
846 893 1103 959 donavit,
1132 894 1391 966 accipere
1422 895 1695 965 potuerit.

420 982 548 1037 556.
580 983 777 1036 Attam
788 998 883 1048 en,
924 999 1056 1036 cum
1076 981 1433 1037 Mabillonius
1455 999 1629 1056 supra
1644 983 1968 1051 recitabam,

339 1085 467 1140 qua
485 1069 766 1140 Rogerius
787 1069 1065 1124 Calabria:
1084 1074 1141 1124 et
1158 1070 1363 1125 Siciliae
1392 1086 1585 1125 comes
1599 1071 1969 1126 Turritanam

337 1174 614 1211 eremum
649 1156 860 1212 Sancto
893 1160 1090 1212 nostro
1124 1175 1256 1212 vere
1283 1158 1536 1225 donavit,
1587 1160 1847 1213 chartam
1896 1160 1969 1214 ad

338 1262 593 1300 manum
620 1261 737 1300 non
769 1244 1034 1299 habuisse
1074 1233 1352 1314 videatur,
1394 1246 1529 1300 hinc
1558 1246 1707 1301 forte
1735 1246 1793 1300 in
1815 1248 1969 1301 hunc

341 1349 612 1387 errorem
640 1332 930 1397 inciderit;
945 1349 1144 1387 verum
1166 1333 1305 1388 nihil
1336 1334 1965 1406 bujusmodiutcunque

340 1424 579 1475 excusat
605 1437 863 1476 errorem
896 1421 1094 1489 alium,
1130 1437 1265 1492 quo,
1301 1425 1363 1475 ut
1385 1422 1509 1492 jam
1538 1422 1761 1490 monui,
1790 1439 1965 1495 quam

338 1525 413 1563 ex
431 1512 592 1581 parte
611 1509 961 1575 transcribit,
989 1509 1248 1564 chartam
1276 1526 1310 1565 a
1332 1511 1578 1580 Rogerio
1603 1510 1814 1565 comite
1836 1527 1967 1584 pro-

338 1596 586 1664 factam,
617 1597 862 1668 Rogerio
895 1597 1046 1662 duci,
1088 1598 1247 1668 cujus
1273 1597 1320 1651 is
1350 1602 1587 1669 patruus
1617 1602 1760 1666 erat,
1799 1598 1962 1654 attri-

2076 455 2187 519 tur,
2215 453 2487 508 Calabria:
2515 472 2633 509 non
2664 454 2856 509 minus
2899 472 3075 526 quam
3107 455 3310 511 Siciliae
3357 475 3550 513 comes
3585 477 3680 514 au-

2076 540 2199 607 diit,
2238 545 2354 595 tres
2382 559 2583 597 uxores
2615 544 2884 611 diversas,
2925 543 2969 597 si
2989 545 3206 620 barum
3246 548 3443 600 tamen
3469 545 3678 617 prima,

2073 644 2187 701 qu9
2244 630 2315 683 ab
2373 630 2642 686 Orderico
2671 632 2839 685 Vitali
2894 632 3366 688 Normannorum
3420 633 3679 689 Historiae

2070 716 2170 772 lib.
2202 734 2283 779 Ill,
2314 736 2447 789 pag.
2479 721 2606 786 484,
2638 719 2854 787 Judith,
2890 737 2923 774 a
2966 720 3249 776 Gaufredo
3276 723 3473 776 autem
3517 722 3682 777 Mala-

2069 808 2225 859 terra
2255 805 2514 860 Historiae
2539 806 2739 861 Siculae
2759 807 2859 862 lib.
2899 825 2960 873 Il,
3010 824 3136 881 cap.
3158 812 3245 877 '29,
3292 808 3505 864 Delicia
3521 826 3683 865 voca-

2070 895 2183 960 tur,
2216 893 2408 947 uxoris
2428 894 2700 965 legitimte
2742 894 2980 950 nomine
3011 896 3207 951 venire
3257 901 3452 968 queat,
3484 897 3682 952 matri-

2069 981 2267 1035 monio
2300 982 2405 1036 sibi
2428 982 2657 1053 junctas
2686 983 2903 1039 habuit.
2938 984 3133 1038 Prima
3177 986 3363 1039 nullos
3412 985 3539 1057 ipsi,
3596 985 3680 1039 uti

2068 1069 2330 1123 laudatus
2377 1070 2677 1126 Ordericus
2707 1071 2902 1125 Vitalis
2943 1073 3069 1128 loco
3103 1072 3197 1128 cit.
3233 1073 3420 1140 docet,
3466 1073 3680 1128 liberos

2066 1157 2321 1227 peperit;
2346 1158 2617 1223 secunda,
2653 1160 2805 1229 apud
2850 1158 3212 1214 Malaterram
3230 1160 3328 1215 lib.
3354 1177 3426 1228 Iv,
3455 1177 3578 1231 cap.
3613 1162 3678 1215 14

2066 1245 2432 1315 Elemburga,
2464 1246 2616 1315 apud
2663 1246 2944 1317 Cangium
2997 1247 3055 1301 in
3091 1248 3410 1303 Stemmate
3458 1247 3670 1316 Siculo,

2063 1333 2549 1387 Annotationibus
2566 1334 2623 1387 in
2638 1336 2867 1389 Annam
2883 1336 3242 1390 Comnenam
3256 1336 3469 1390 inserto
3488 1337 3676 1389 Erem—

2062 1421 2262 1491 burgis
2289 1423 2593 1493 appellata,
2624 1422 2827 1477 ﬁllium
2842 1423 3213 1491 Gaufredum,
3237 1441 3356 1491 seu,
3382 1427 3444 1476 ut
3458 1424 3530 1478 ab
3549 1422 3672 1477 aliis

2065 1509 2713 1579 scribitur,Goffredum,
2743 1511 3003 1583 ﬁliasque
3027 1513 3246 1583 aliquot
3268 1511 3487 1583 genuit;
3505 1511 3675 1566 tertia

2064 1597 2304 1651 nomine
2333 1598 2582 1666 Adelais,
2612 1616 2733 1665 seu,
2766 1604 2827 1653 ut
2844 1600 3204 1671 aliisignant,
3224 1599 3507 1666 Adelasia,
3544 1615 3672 1669 quae

338 1685 509 1754 buit;
543 1686 696 1739 hunc
725 1685 885 1739 enim
915 1685 1106 1740 abillo
1150 1702 1270 1740 esse
1302 1686 1609 1753 diversum,
1639 1687 1964 1758 quicunque
1985 1680 2036 1742 B
2064 1684 2359 1752 Bonifacii,
2390 1685 2731 1741 Marchionis
2761 1687 3348 1755 Montis-ferratensis,
3382 1687 3498 1741 filia
3527 1688 3670 1753 erat,

342 1772 658 1829 Historiam
707 1773 956 1829 Siculam
990 1775 1073 1828 vel
1123 1791 1157 1829 a
1206 1774 1406 1828 limine
1464 1775 1747 1842 salutavit,
1788 1776 1966 1830 habet

340 1866 737 1935 perspectum,
769 1878 877 1916 nec
905 1862 1152 1934 ipsemet
1181 1862 1466 1934 ignoravit
1493 1862 1869 1929 Mabillonius,
1901 1865 1964 1917 ut

341 1950 593 2020 proinde
616 1950 673 2004 id
698 1949 790 2004 hic
819 1950 1087 2021 probare,
1116 1967 1602 2021 supervacaneum
1626 1951 1961 2005 foret.Atta-

338 2054 481 2093 men
505 2041 571 2093 ut
592 2042 649 2092 et
680 2037 920 2109 quisque
940 2037 1093 2092 inter
1104 2041 1415 2110 utrumque
1437 2038 1750 2111 Rogerium
1764 2038 1963 2093 distin-

340 2142 549 2197 guere,
567 2129 626 2181 et
646 2125 717 2181 de
734 2126 1066 2181 chartarum
1080 2127 1192 2181 huc
1218 2127 1786 2182 transcribendarum
1798 2143 1960 2199 ,quas

340 2216 466 2268 tam
500 2214 778 2285 Rogerius
822 2214 957 2281 dux,
1005 2232 1180 2286 quam
1211 2231 1425 2283 comes,
1477 2215 1535 2269 in
1584 2216 1641 2273 S.
1678 2214 1962 2270 Brunonis

338 2302 580 2373 ejusque
610 2302 899 2358 sociorum
930 2302 1188 2357 favorem
1221 2303 1398 2370 dedit,
1435 2303 1793 2374 ingenuitate
1808 2303 1959 2357 ferre

339 2393 516 2462 queat
548 2390 855 2460 judicium,
882 2391 1165 2445 lubethuc
1188 2393 1487 2458 nonnulla,
1512 2408 1639 2462 quas
1666 2391 1741 2446 ad
1757 2391 1960 2446 ambos

338 2477 469 2532 illos
500 2478 1121 2551 principeseorumque
1147 2479 1388 2549 stirpem
1411 2479 1862 2534 Normannicam
1894 2496 1960 2534 ac
1991 2527 1996 2532 .

338 2565 683 2639 progeniem
703 2565 1063 2636 potissimum
1080 2566 1399 2638 pectant,in
1423 2568 1677 2622 medium
1698 2567 1958 2639 proferre

337 2653 700 2709 Trancredus
726 2654 798 2707 ab
834 2654 1151 2721 Alta-villa,
1185 2659 1247 2709 ut
1276 2655 1591 2710 Gaufredus
1635 2657 1954 2723 Malaterra,

341 2745 544 2797 auctor
572 2741 949 2813 synchronus,
1001 2742 1259 2797 Historiae
1294 2742 1495 2797 Siculae
1528 2760 1561 2797 a
1590 2759 1649 2797 se
1675 2746 1958 2798 contextae

341 2829 440 2884 lib.
476 2847 495 2885 ι
526 2830 911 2901 refert,prope
947 2829 1416 2885 Constantiamin
1437 2831 1957 2897 Normannia,Gal-

340 2917 433 2972 liae
463 2917 779 2990 provincia,
826 2917 1007 2972 nobili
1040 2918 1165 2973 loco
1203 2922 1391 2985 natus,
1425 2920 1629 2973 saeculo
1648 2918 1956 2973 undecimo

341 3004 624 3071 ﬂoruerit,
644 3021 793 3076 eque
816 3004 1036 3060 duabus
1051 3006 1319 3061 uxoribus
1333 3006 1566 3061 diversis
1595 3006 1742 3062 filios
1759 3006 1958 3077 genuit

342 3092 674 3155 duodecim,
714 3109 745 3146 e
774 3092 955 3165 priori
982 3092 1240 3164 quidem,
1285 3093 1444 3164 cujus
1477 3110 1695 3148 nomen
1727 3093 1954 3161 excidit,

340 3179 1081 3251 Guilielmum,cognomine
1097 3181 1589 3248 Ferrea-brachia,
1630 3182 1953 3251 Rogonem,

339 3267 743 3335 Hunifredum,
776 3268 1129 3323 Gaufredum
1154 3272 1211 3323 et
1242 3267 1545 3324 Serlonem
1564 3287 1579 3337 ;
1597 3286 1628 3323 e
1654 3268 1956 3341 posteriori

340 3371 497 3424 vero,
529 3372 656 3428 quae
672 3356 1014 3410 Fransendis
1032 3357 1445 3427 cognominata
1460 3357 1587 3424 fuit,
1608 3358 1948 3425 Robertum,

339 3447 543 3515 postea
570 3443 943 3499 Guiscardum
976 3445 1350 3517 appellatum,
1371 3444 1730 3515 Malgerium,
1747 3445 1954 3499 Guilel-

340 3548 530 3599 mum,
544 3532 1721 3601 Alveredum,Humbertum,Trancredum
1744 3549 1808 3587 ac
1825 3536 1955 3587 tan-

342 3620 476 3675 dem
516 3619 962 3692 Rogerium,qui
986 3637 1210 3687 omnes,
1246 3621 1468 3675 duobus
1489 3620 1756 3691 exceptis,
1780 3620 1875 3691 qui
1896 3620 1953 3674 in

340 3707 529 3778 patrio
562 3710 684 3763 solo
738 3708 1089 3763 haereditatis
1121 3711 1379 3779 paternae
1438 3709 1744 3779 carpenda:
1784 3725 1955 3762 causa

340 3799 703 3864 manserunt,
738 3795 960 3851 Italiam
999 3796 1310 3867 petierunt,
1344 3796 1621 3868 factisque
1656 3796 1870 3851 bellicis
1895 3796 1955 3849 in

337 3883 546 3955 Apulia
575 3883 939 3954 potissimum
970 3887 1029 3938 et
1049 3883 1366 3956 Campania
1394 3883 1553 3951 clari,
1572 3883 1952 3954 regionesha-

337 3988 431 4027 sce
462 3971 790 4044 vicinasque
814 3972 972 4038 alias,
1008 3971 1213 4027 Graecis
1238 3970 1703 4042 Sarracenisque,
1723 3989 1952 4026 earum-

344 4060 479 4115 dem
511 4059 784 4128 dominis,
808 4059 1074 4132 expulsis,
1119 4060 1397 4132 paulatim
1426 4059 1531 4114 sibi
1562 4060 1948 4131 subjecerunt.

340 4147 632 4220 Praecipue
659 4151 857 4202 tamen
889 4165 985 4204 eos
1014 4148 1166 4202 inter
1196 4148 1455 4203 enituere
1488 4148 1790 4216 Robertus,
1819 4146 1951 4202 Gui-

338 4236 572 4291 scardus
601 4236 1066 4307 cognominatus,
1093 4240 1152 4290 et
1179 4237 1276 4308 qui
1298 4236 1563 4291 omnium
1588 4236 1788 4307 junior
1806 4238 1950 4303 erat,
1972 4221 2025 4279 D

340 4324 640 4396 Rogerius,
672 4323 731 4379 in
764 4324 822 4379 S.
856 4326 1188 4380 Brunonem
1227 4324 1546 4390 beneﬁciis,
1610 4340 1717 4379 nec
1759 4323 1952 4378 minus

338 4412 616 4484 singulari
646 4412 707 4467 in
738 4429 1014 4485 personas
1057 4412 1195 4467 alias
1252 4414 1492 4483 locaque
1523 4428 1684 4467 sacra
1708 4412 1954 4467 liberali-

337 4503 477 4567 tate,
510 4517 687 4572 quam
735 4501 911 4556 armis
942 4518 1224 4573 magnum
1257 4500 1365 4555 sibi
1412 4517 1629 4555 nomen
1662 4500 1816 4573 apud
1863 4516 1948 4555 se-

336 4604 469 4643 ram
499 4588 675 4643 etiam
701 4589 1099 4660 posteritatem
1126 4589 1387 4661 adeptus.

411 4679 537 4731 557.
569 4676 649 4731 Ac
673 4677 956 4732 Robertus
983 4677 1219 4749 quidem
1268 4675 1488 4746 Apuliae
1520 4676 1791 4731 ducatum
1834 4693 1952 4731 una

339 4780 474 4818 cum
502 4764 775 4820 Calabriae
800 4769 964 4837 parte
996 4765 1233 4836 aliisque
1250 4765 1471 4836 aliquot
1488 4764 1800 4820 ditionibus
1822 4764 1950 4819 vici-

339 4852 428 4907 nis
460 4853 945 4927 tenuit,annoque
967 4856 1100 4909 1085
1114 4854 1291 4908 vitam
1306 4870 1440 4907 cum
1457 4856 1646 4908 morte
1681 4869 1951 4908 commu-

340 4940 499 5009 tavit,
532 4946 649 4996 tres
674 4936 990 5013 quatuorve
1022 4945 1151 5013 post
1177 4959 1235 4996 se
1267 4941 1413 4996 ﬁlios
1436 4942 1789 5013 relinquens,
1812 4958 1951 5012 quo-

338 5045 469 5083 rum
502 5029 754 5084 secundo
781 5030 1011 5101 genitus
1041 5030 1319 5102 Rogerius
1341 5030 1399 5084 in
1428 5030 1701 5084 ducatum
1726 5029 1949 5100 Apuliae

341 5133 405 5171 ac
430 5117 717 5189 potiorem
747 5117 1105 5187 haereditatis
1134 5121 1390 5190 paternae
1408 5121 1635 5188 partem
1661 5116 1946 5183 successit,

340 5222 692 5278 uxoremque
722 5206 923 5260 habuit
948 5206 1210 5273 Adelam,
1253 5206 1488 5261 Roberti
1536 5205 1694 5259 Frisii
1726 5205 1951 5260 comitis

342 5293 622 5348 Flandria:
654 5293 832 5348 ﬁliam
858 5312 872 5363 ;
906 5294 1185 5366 Rogerius
1227 5311 1382 5361 vero,
1413 5292 1531 5364 qui,
1560 5293 1819 5365 quamvis
1852 5293 1952 5347 Ca-

342 5381 537 5437 labria:
567 5385 795 5455 partem
827 5382 1105 5438 duntaxat
1126 5384 1371 5451 teneret,
1399 5398 1849 5454 supremumque
1862 5384 1949 5436 to-
1974 5389 1979 5392 ’

345 5471 454 5528 tius
479 5470 737 5544 regionis
767 5472 937 5545 hujus
961 5470 1269 5529 dominum
1298 5486 1476 5542 penes
1496 5468 1869 5526 Guiscardum
1889 5486 1954 5524 ac

2063 1789 2216 1827 anno
2252 1776 2385 1828 l089
2410 1773 2785 1834 matrimonio
2819 1775 2871 1829 ei
2899 1775 3009 1829 fuit
3044 1777 3339 1841 collocata,
3388 1791 3455 1829 ex
3490 1790 3671 1845 eaque

2061 1861 2384 1931 procreavit
2404 1862 2545 1916 duos
2562 1862 2983 1934 filios,quorum
3003 1864 3167 1929 alter,
3191 1862 3427 1917 nomine
3444 1861 3668 1928 Simon,

2061 1948 2251 2003 infans
2281 1950 2444 2013 obiit,
2477 1951 2642 2016 alter,
2674 1954 2737 2004 ut
2776 1955 2959 2021 pater,
2996 1950 3272 2022 Rogerius
3320 1950 3667 2023 appellatus,

2062 2037 2264 2091 Siciliae
2297 2054 2395 2091 rex
2426 2040 2624 2108 postea
2653 2039 2835 2093 factus
2850 2041 3144 2109 est.Atque
3167 2039 3309 2104 hmc,
3345 2041 3424 2104 ut,
3459 2054 3585 2107 quae
3610 2036 3670 2091 in

2061 2124 2283 2179 diversa
2312 2125 2539 2179 comitis
2557 2126 2787 2196 Rogerii
2816 2126 3458 2197 diplomata,unumque
3481 2126 3668 2196 Roge-

2060 2212 2129 2266 rii
2152 2212 2330 2280 ducis,
2362 2213 2421 2267 in
2446 2214 2502 2267 S.
2529 2214 2812 2268 Brunonis
2843 2214 3078 2286 ejusque
3100 2215 3386 2269 sociorum
3411 2214 3669 2268 favorem

2060 2301 2692 2368 concessa,ann0tanda
2708 2305 2899 2370 erunt,
2932 2302 3349 2373 intelligantur,
3378 2300 3589 2373 partim
3604 2317 3672 2355 ex

2056 2389 2342 2444 Gaufredo
2362 2391 2682 2457 Malaterra,
2704 2390 2917 2462 partim
2937 2408 3002 2445 ex
3019 2390 3288 2446 0rderico
3309 2390 3490 2444 Vitale
3529 2404 3672 2459 pra:-

2057 2478 2347 2532 mittenda
2377 2476 2469 2532 hic
2491 2477 2643 2532 duxi.
2667 2479 2747 2532 Ac
2765 2478 2957 2550 primo
2981 2478 3216 2550 quidem
3244 2495 3310 2533 ex
3339 2477 3428 2531 his
3449 2476 3573 2547 jam
3602 2474 3668 2529 li-

2058 2566 2364 2639 quet,nihil
2390 2569 2592 2621 contra
2609 2566 2869 2638 proxime
2904 2567 3015 2621 huc
3044 2564 3392 2639 transcripti,
3421 2580 3534 2637 quo
3563 2561 3672 2618 Ro-

2057 2655 2247 2726 gerius
2276 2671 2472 2708 comes
2504 2654 2870 2709 Turritanam
2896 2672 2995 2709 seu
3025 2654 3474 2726 Squillacensem
3506 2651 3667 2707 Cala-

2057 2742 2198 2796 briae
2234 2758 2499 2796 eremum
2521 2741 2577 2796 S.
2614 2742 2871 2796 Brunoni
2900 2759 3053 2796 anno
3085 2745 3222 2797 1090
3251 2740 3550 2807 concessit,
3581 2738 3666 2793 di-

2056 2828 2327 2901 plomatis
2341 2828 2731 2883 sinceritatem
2762 2846 2924 2900 posse
2957 2828 3175 2899 opponi
3192 2846 3259 2883 ex
3289 2844 3356 2883 eo
3388 2826 3665 2899 quod,co-

2056 2916 2212 2972 mitis
2242 2933 2417 2971 uxore
2430 2917 2627 2970 Adelai
2649 2917 2881 2989 ﬁlioque
2895 2916 3165 2971 Gaufrido
3191 2914 3668 2981 concedente,da—

2056 3008 2180 3058 tum
2203 3004 2444 3058 dicatur.
2477 3005 2589 3057 Nec
2643 3006 2729 3058 est
2755 3020 2856 3057 cur
2886 3006 3336 3058 monumentum
3389 3001 3531 3056 illud
3580 3018 3668 3056 su-

2056 3095 2316 3166 spectum
2344 3092 2446 3146 ﬁat
2471 3108 2538 3146 ex
2570 3108 2637 3146 eo
2671 3091 2826 3162 quod
2857 3091 2917 3146 in
2953 3091 3217 3146 Calabria
3243 3090 3443 3144 datum
3469 3088 3664 3155 fuerit,

2056 3197 2363 3252 comesque
2396 3179 2673 3250 Rogerius
2703 3196 2856 3234 anno
2915 3182 3050 3233 l090
3099 3180 3363 3244 exeunte,
3419 3192 3531 3247 quo
3564 3174 3664 3229 da-

2054 3270 2180 3322 tum
2203 3268 2330 3336 fuit,
2354 3267 2416 3321 in
2458 3267 2719 3322 Calabria
2767 3267 3044 3322 exstitisse
3105 3284 3221 3322 non
3253 3265 3512 3333 sciatur;
3561 3263 3666 3318 etsi

2057 3357 2236 3425 enim,
2272 3356 2593 3429 principem
2634 3356 2797 3410 illum
2847 3356 2926 3410 ibi
2958 3358 3093 3409 tunc
3122 3354 3313 3422 fuisse,
3366 3353 3669 3407 Malaterra

2057 3444 2285 3515 aliique,
2320 3444 2417 3516 qui
2456 3461 2546 3498 res
2578 3446 2649 3498 ab
2682 3461 2748 3498 eo
2793 3447 2983 3516 gestas
3041 3441 3245 3498 litteris
3292 3440 3665 3507 mandarunt,

2056 3548 2316 3602 expresse
2365 3548 2483 3585 non
2516 3532 2766 3599 edicant,
2820 3532 2962 3586 nihil
3009 3534 3207 3586 tamen
3265 3529 3461 3595 etiam,
3514 3526 3666 3581 unde

2054 3619 2411 3674 contrarium
2431 3622 2587 3673 certo
2622 3623 3028 3690 consequatur,
3062 3617 3362 3672 memoria:
3389 3616 3661 3687 produnt.

2126 3706 2434 3760 558.Venio
2461 3707 2634 3760 modo
2666 3706 2739 3760 ad
2766 3707 3168 3777 chartam,qua
3194 3704 3525 3759 Theodorus
3553 3704 3664 3757 Me-

2054 3793 2336 3859 simerius,
2374 3793 2775 3864 Squillacensis
2822 3794 3138 3864 episcopus,
3164 3793 3223 3846 in
3254 3791 3413 3860 cujus
3437 3789 3665 3845 diceeesi

2051 3881 2357 3937 Turritana
2385 3898 2635 3947 eremus,
2671 3885 2733 3934 ut
2745 3881 2873 3951 jam
2903 3881 3126 3947 monui,
3148 3881 3257 3933 sita
3283 3881 3427 3945 erat,
3450 3878 3664 3931 factam

2051 3969 2220 4040 hujus
2247 3969 2302 4024 S.
2339 3968 2593 4023 Brunoni
2625 3986 2660 4022 a
2679 3969 2888 4022 comite
2904 3967 3148 4039 Rogerio
3168 3966 3545 4021 donationem
3562 3980 3662 4036 ap-

2052 4057 2710 4131 probavit.lnstrumenti
2729 4057 2825 4127 huj
2836 4056 3080 4128 us,quod
3093 4056 3283 4110 Grzece
3297 4071 3330 4108 a
3345 4053 3662 4110 Mesimerio

2052 4150 2250 4217 utpote
2282 4146 2341 4200 in
2365 4146 2645 4213 Calabria,
2667 4146 3053 4199 instrumenta
3076 4144 3305 4216 publica
3321 4143 3665 4197 Northman-

2052 4234 2194 4289 nica:
2213 4234 2387 4288 etiam
2408 4233 2822 4288 dominationis
2842 4232 3006 4288 initio
3056 4233 3245 4287 Graece
3270 4247 3503 4285 exarare
3529 4229 3662 4284 soli-

2051 4325 2131 4389 ta,
2160 4322 2419 4376 Ecclesia:
2447 4322 2639 4376 Graece
2662 4321 2952 4393 episcopo,
2995 4320 3263 4392 primitus
3293 4319 3491 4373 datum
3532 4317 3660 4385 fuit,

2053 4411 2406 4482 ecgraphum
2438 4426 2505 4464 ex
2533 4410 2654 4482 ipso
2679 4411 2871 4464 Graeco
2900 4410 3259 4480 autographo
3294 4407 3662 4477 desumptum

2051 4500 2222 4569 atque
2250 4516 2317 4553 ex
2347 4498 2508 4552 Italia
2537 4497 2641 4552 sibi
2673 4496 3039 4564 submissum,
3085 4495 3458 4562 Morkensius,
3490 4496 3553 4548 ut
3602 4494 3660 4548 in

2051 4587 2164 4642 suis
2184 4586 2258 4641 ad
2278 4587 2417 4641 illud
2438 4585 2923 4640 Annotationibus
2956 4584 3055 4651 ait,
3090 4600 3209 4655 prae
3270 4583 3535 4637 manibus
3559 4582 3658 4636 ha-

2050 4676 2194 4743 buit,
2223 4675 2393 4747 idque
2427 4674 2620 4728 Latine
2657 4691 2691 4728 a
2714 4690 2773 4727 se
2804 4672 3097 4728 redditum
3122 4672 3196 4726 ad
3228 4669 3662 4741 chronologica-

2051 4764 2459 4835 diplomaticae,
2474 4779 2649 4835 quam
2665 4762 2735 4816 de
2759 4762 2811 4817 S.
2834 4762 3102 4816 Brunone
3115 4759 3435 4827 adornavit,
3452 4756 3658 4813 Diatri-

2048 4853 2175 4908 bna}
2196 4853 2410 4907 calcem
2433 4851 2643 4923 adjecit
2672 4850 2920 4921 Operam
2947 4849 3169 4916 dedi,ut
3185 4851 3242 4902 et
3256 4848 3515 4902 Graecum
3532 4863 3658 4901 mo-

2049 4940 2313 4995 numenti
2333 4940 2480 4995 illius
2493 4940 2913 5011 apographum,
2932 4936 3233 4992 lectorihic
3245 4934 3655 5003 exhibendum,

2050 5028 2329 5084 nanscisci
2361 5045 2590 5101 possem
2621 5046 2635 5096 ;
2682 5044 2883 5082 verum
2916 5043 3047 5081 cum
3077 5026 3290 5080 frustra
3319 5023 3655 5091 laborarim,

2051 5117 2354 5187 alienaque
2400 5114 2903 5185 interpretatione,
2944 5115 3159 5169 scilicet
3212 5113 3299 5167 vel
3335 5109 3565 5166 Suriani
3594 5111 3657 5166 in

2048 5204 2534 5259 Annotationibus
2546 5202 2604 5256 in
2628 5203 2900 5274 scriptam
2917 5220 2950 5257 a
2962 5199 3657 5270 SurioSanctiVitampag.

2051 5296 2152 5348 207
2172 5295 2229 5347 et
2244 5293 2485 5363 seq.,vel
2508 5290 2732 5360 Ughelli
2754 5291 2967 5345 tom.lX
2981 5292 3155 5346 Italim
3170 5305 3344 5343 sacrae
3358 5288 3417 5341 in
3437 5287 3657 5357 episco-

2052 5382 2138 5452 pis
2184 5378 2692 5452 Squillacensibus,
2757 5379 2843 5433 vel
2889 5366 3137 5451 denique
3187 5374 3512 5440 Morkensii,
3566 5391 3662 5430 co-

2053 5485 2158 5540 gar
2189 5485 2312 5526 esse
2329 5468 2662 5537 contentus,
2684 5469 3128 5525 instrumentum
3154 5463 3312 5531 illud,
3334 5464 3503 5533 prout
3520 5478 3551 5515 a
3565 5477 3668 5531 po—
