4224 6058
254 266 358 322 315
1829 269 1866 325 Α

1965 271 2010 325 Α
3472 272 3573 330 346

250 412 284 440 η
308 408 478 465 papas
509 408 664 448 anno
694 393 785 448 ιιι.
822 413 851 442 ιι
883 395 1144 449 Alterum
1176 394 1352 449 habet
1384 394 1619 449 easdem
1677 398 1862 451 notas.

1965 395 2147 468 ἢμερὰς
2192 397 2531 468 προϐεϐηκότι,
2582 396 2642 452 id
2691 401 2797 464 est,
2836 419 2864 447 «
2912 412 3110 451 mense
3155 397 3455 453 Decembri
3502 400 3576 456 ad

321 486 447 536 562.
481 505 509 530 α
539 481 713 553 Atqui
735 482 950 538 indicto
980 500 1072 538 x1v
1101 482 1368 539 convenit
1391 499 1507 537 non
1539 501 1692 539 anno
1729 488 1865 540 1122
1966 489 2188 556 septem
2238 485 2359 540 dies
2382 486 2505 557 jam
2535 489 2827 558 provecto.
2862 504 2895 538 »
2928 483 3019 539 Sic
3042 484 3103 539 in
3139 485 3467 555 Appendice
3502 488 3577 543 ad

245 571 569 625 secundum
591 571 873 625 calculum
894 576 1177 639 nostrum,
1194 573 1293 627 sed
1317 590 1470 628 anno
1491 572 1861 644 praecedenti.
1966 574 2241 629 Bernardi
2279 575 2666 629 Montfauconi
2687 573 3171 646 Paleographium
3196 590 3327 644 pag.
3361 577 3466 629 5l2
3496 591 3580 630 se-

246 659 413 713 Unde
436 659 593 713 idem
617 659 934 714 Chifﬂetius
962 660 1021 714 in
1044 662 1319 715 lemmate
1352 661 1556 732 prioris
1586 660 1867 734 privilegii
1966 680 2148 734 quens
2190 665 2399 718 codicis
2451 665 2800 731 Octateuchi,
2844 664 2905 718 in
2952 662 3193 734 collegio
3246 663 3580 718 universatis

243 751 412 802 notat
437 748 641 803 datum
668 764 788 803 esse
821 748 1181 820 privilegium
1197 765 1290 803 an.
1316 751 1629 815 “22,adie
1643 750 1863 804 25Mar-
1967 752 2301 807 Oxoniensis
2332 753 2623 819 asservati,
2671 754 2865 807 Graeca
2916 751 3211 823 inscriptio
3255 769 3354 807 seu
3389 752 3579 823 potius

242 838 309 891 tii
328 838 602 903 deducto,
617 837 831 892 scilicet
845 841 1125 909 quatenus
1136 838 1459 893 Incarnatio
1481 856 1688 894 novem
1704 855 1866 893 men-

1965 842 2232 908 clausula,
2275 844 2427 905 Τέλος
2475 838 2666 913 εἴληφεν
2714 842 3067 911 ἡὊκτάτευχος
3111 841 3277 911 βίϐλος
3316 841 3580 913 Νοεμϐρίῳ

240 927 401 982 sibus
426 926 846 999 przeceditzsed
867 943 1020 980 anno
1050 926 1395 998 Dionysiano
1421 931 1658 993 ll2l,ut
1671 930 1860 981 osten-
1962 930 2027 991 είς
2066 929 2152 993 τὰς
2182 932 2225 983 κ’
2259 930 2454 985 Latide
2480 931 2763 997 redditur,
2799 952 2827 981 «
2860 930 3040 983 ﬁnem
3064 928 3281 1000 accepit
3312 928 3576 983 Octateu-

242 1015 581 1070 ditindictio
595 1016 844 1069 xxv.Alia
859 1017 980 1085 ejus
996 1014 1223 1085 generis
1239 1015 1533 1084 pontiﬁcia
1546 1016 1865 1087 diplomata
1962 1019 2101 1072 chus
2131 1018 2464 1073 Novembris
2489 1018 2785 1089 vigesima.
2810 1038 2838 1067 »
2866 1018 2941 1072 Ex
2966 1017 3033 1071 iis
3060 1016 3295 1089 quidem
3321 1033 3448 1088 quae
3472 1016 3577 1070 Su-

239 1103 535 1158 videntur.
562 1103 773 1158 Verum
791 1104 1057 1176 quaedam
1076 1103 1462 1175 reperiuntur,
1487 1120 1734 1175 quorum
1755 1104 1866 1158 cal—
1962 1107 2157 1162 rianus
2181 1107 2242 1160 in
2268 1107 2380 1162 suis
2407 1108 2479 1161 ad
2509 1111 2837 1163 contextam
2868 1124 2903 1161 a
2934 1106 3099 1161 Surio
3145 1105 3340 1161 Sancti
3386 1106 3575 1161 Vitam

241 1194 410 1247 culus
444 1208 561 1246 uno
605 1208 760 1247 anno
804 1192 1214 1263 Dionysianum
1245 1192 1663 1261 praecedit,non
1677 1192 1862 1246 solum
1966 1195 2435 1250 annotationibus
2457 1196 2785 1267 suppeditat
2814 1195 2874 1249 in
2896 1194 3232 1265 apographo
3262 1194 3417 1264 quod
3441 1193 3578 1248 scrio

241 1280 548 1336 mensibus
561 1280 751 1334 nivem
773 1296 900 1352 quas
914 1280 1155 1352 proinde
1182 1298 1296 1336 non
1325 1284 1563 1352 possunt
1583 1281 1656 1335 ad
1686 1280 1867 1335 calcu-
1965 1284 2115 1355 ptori
2150 1285 2280 1339 huic
2303 1284 2585 1355 praeluxit,
2614 1287 2912 1339 exaratum
2943 1282 3114 1337 fuisse
3144 1282 3366 1336 videtur
3386 1282 3461 1345 ιςίς
3488 1286 3577 1349 τῆς

241 1371 369 1425 lum
403 1370 774 1437 Pisanum,...
814 1391 842 1417 »
880 1369 977 1441 qui
1007 1370 1079 1424 ab
1111 1370 1510 1425 Incarnatione
1544 1367 1864 1435 Dominica,
1965 1391 2082 1429 non
2102 1378 2296 1428 autem
2314 1375 2378 1436 είς
2397 1375 2482 1437 τὰς
2504 1375 2656 1442 Exta;
2697 1390 2899 1427 verum
2926 1372 2984 1426 id
3008 1373 3093 1426 vel
3118 1372 3177 1426 in
3208 1369 3579 1426 describentis

240 1461 421 1530 prout
445 1458 570 1511 haec
596 1473 805 1511 novem
835 1457 1127 1512 mensibus
1158 1458 1521 1512 Nativitatem
1552 1457 1863 1527 praecessit,
1966 1478 2248 1530 errorem,
2280 1464 2367 1516 vel
2400 1461 2457 1515 in
2490 1461 2822 1528 dialectum,
2858 1477 3035 1532 quam
3064 1459 3213 1514 forte
3229 1458 3580 1513 Mesimerius

242 1546 406 1600 ducit
446 1544 699 1634 initium,
732 1545 926 1616 itaque
966 1545 1209 1600 totidem
1261 1545 1556 1599 mensibus
1584 1546 1866 1634 calculum
1966 1540 3043 1615 fueritsecutus,estrefundendum.Ut
3062 1551 3124 1602 ut
3139 1548 3230 1615 sit,
3251 1546 3581 1618 errorequi-

241 1633 625 1689 communem
643 1634 950 1705 praevertit,
968 1656 995 1683 ‹‹
1011 1634 1659 1688 accommodari.Exstat
1675 1633 1867 1704 hujus-
1892 1708 1929 1711 _
1967 1639 2122 1706 dem,
2146 1640 2291 1711 quia
2316 1639 2564 1693 librariis
2582 1638 2926 1693 commissus
2948 1637 3038 1705 sit,
3070 1636 3129 1690 in
3155 1635 3581 1691 characteribus

244 1723 407 1777 modi
421 1723 850 1794 autographum
863 1738 981 1776 non
997 1722 1234 1776 dubium
1250 1722 1307 1775 in
1325 1722 1552 1776 archiv'o
1568 1721 1864 1793 Dionysia-
1889 1708 1943 1768 Β
1965 1708 2267 1795 chronicis,
2283 1728 2489 1799 quibus
2516 1726 2817 1782 Mesimerii
2850 1727 3047 1780 charta
3070 1741 3169 1780 seu
3194 1726 3383 1796 potius
3410 1726 3580 1797 hujus

240 1829 321 1866 no
334 1811 541 1865 datum
555 1833 581 1860 ‹‹
598 1828 674 1865 xu
689 1812 812 1865 Kal.
828 1810 1005 1881 April.
1020 1810 1140 1864 ind.
1157 1829 1210 1877 x,
1231 1809 1646 1865 Incarnationis
1667 1810 1864 1864 Domi-
1965 1817 2461 1888 apographum,cx
2474 1815 2779 1870 Morkeiisii
2799 1814 3133 1869 recensione
3148 1814 3260 1868 huc
3272 1813 3399 1884 jam
3427 1817 3583 1868 tran-

246 1899 435 1954 nnicze
451 1915 605 1954 anno
625 1901 759 1953 1103
773 1899 1140 1969 pontiﬁcatus
1154 1902 1351 1953 autem
1365 1898 1565 1952 domni
1583 1898 1865 1952 Paschalis
1966 1905 2262 1975 scriptum,
2289 1904 2569 1975 signatur,
2590 1904 2799 1958 cubare
2832 1919 2949 1957 non
2983 1902 3226 1956 videtur.
3249 1902 3460 1956 Verum
3482 1900 3582 1972 qui

244 1988 532 2043 nsecundi
587 2003 751 2059 papae
798 1988 889 2040 III.
946 2008 972 2035 »
1026 1987 1163 2051 Quze
1219 1985 1865 2053 indictio,sicutiannus

1965 1993 2206 2048 tandem
2249 2006 2387 2064 ergo
2419 1991 2848 2063 chronologica,
2892 2006 3069 2062 quam
3112 1990 3471 2045 characteres
3498 1988 3579 2044 illi

242 2075 535 2131 Paschalis
580 2074 782 2129 tertius
812 2090 967 2129 anno
1005 2078 1141 2129 1102
1170 2073 1521 2129 conveniunt
1547 2073 1607 2128 in
1643 2074 1863 2142 Martio,
1966 2081 2236 2147 offerunt,
2269 2080 2573 2136 difﬁcultas
2603 2097 2634 2134 e
2668 2078 2861 2135 medio
2892 2080 3149 2133 tolletur.

242 2180 353 2219 nec
379 2162 646 2236 sequenti
673 2178 828 2217 anno
843 2162 1150 2217 convenire
1168 2165 1427 2233 possunt,
1447 2161 1671 2216 etiamsi
1686 2163 1868 2217 calcu—
2038 2171 2160 2224 564,
2192 2169 2565 2236 MorkensiuS,
2623 2168 2698 2223 ad
2746 2164 3584 2238 chronologica-diplomaticaa

242 2254 336 2308 lus
364 2252 606 2307 Pisanus
636 2250 1003 2318 admittatur;
1048 2250 1152 2304 nisi
1178 2250 1405 2321 integro
1441 2267 1596 2304 anno
1641 2250 1865 2305 dicatur
1965 2274 2081 2312 sua;
2116 2258 2331 2312 calcem
2373 2257 2653 2311 nonnulla
2690 2271 2796 2327 pro
2827 2255 3127 2322 chronicis,
3163 2255 3367 2326 quibus
3403 2253 3581 2322 varia,

238 2340 354 2396 hoc
385 2340 647 2412 diploma
671 2339 1085 2411 Dionysianum
1108 2339 1479 2409 prmcessisse.
1514 2338 1771 2393 Occurrit
1809 2342 1868 2393 et

244 2428 408 2483 aliud
439 2428 593 2499 apud
626 2427 971 2482 Puricellum
1003 2443 1136 2499 pag.
1167 2430 1271 2482 512
1293 2427 1552 2498 ejusdem
1581 2428 1867 2482 Paschalis

244 2518 423 2589 plane
454 2515 773 2571 consimile.
817 2538 845 2564 «
893 2517 1103 2570 Datum
1154 2515 1419 2569 Laterani
1468 2532 1571 2587 per
1623 2532 1865 2571 manum

246 2628 277 2655 ››
312 2604 556 2660 Joannis
605 2604 663 2659 S.
725 2605 792 2658 R.
845 2605 908 2658 Ε.
959 2604 1186 2658 diaconi
1234 2604 1560 2670 cardinalis,
1600 2620 1691 2659 XVI
1740 2606 1864 2659 Kal.

242 2717 272 2741 η
306 2693 757 2759 Martiiindictx,
775 2692 1191 2748 Incarnationis
1212 2692 1524 2747 Dominica:
1538 2709 1692 2747 anno
1710 2696 1865 2761 1103,

242 2805 272 2831 ››
303 2782 682 2855 pontiﬁcatus
705 2786 898 2837 autem
913 2782 1134 2837 domini
1158 2781 1441 2836 Paschalis
1456 2782 1688 2836 secundi
1704 2799 1868 2855 papae

244 2895 275 2923 »
307 2875 402 2927 III.
436 2894 464 2921 »
495 2872 598 2927 Hic
626 2871 778 2926 idem
808 2871 1419 2938 cancellarius,cadem
1446 2872 1868 2944 chronologica:

241 2960 802 3033 notze,quaeeruditis
814 2959 1184 3014 discutienda:
1198 2961 1868 3032 proponuntur,alizeque

237 3050 469 3105 similes
498 3048 655 3103 haud
683 3065 814 3103 raro
842 3050 1227 3103 occurrentes.
1245 3048 1373 3101 Haec
1388 3047 1509 3102 fere
1534 3048 1608 3102 ad
1628 3049 1865 3104 verbum

237 3156 311 3194 ex
332 3137 681 3203 Mabillonio,
701 3136 877 3191 fusius
906 3136 1163 3208 quidem,
1183 3137 1282 3191 sed
1310 3136 1465 3190 haud
1486 3137 1765 3192 inutiliter
1794 3140 1865 3195 ab

237 3225 678 3282 ostendendum
705 3242 821 3280 non
844 3224 1009 3279 facile
1030 3224 1372 3294 rejiciendas
1405 3241 1524 3279 esse
1546 3226 1790 3290 chartas,
1806 3227 1865 3282 in

237 3314 459 3386 quibus
486 3313 911 3384 chronologica;
934 3311 1298 3367 difﬁcultates
1319 3317 1781 3380 occurrunt,cum
1810 3318 1869 3369 et

238 3403 303 3456 in
358 3401 431 3455 iis
471 3401 1010 3456 animadvertantur
1058 3400 1488 3471 diplomatibus,
1533 3419 1660 3474 quae
1707 3404 1864 3458 nullo

235 3490 426 3545 modo
457 3492 696 3561 possunt
720 3489 780 3543 in
812 3489 1051 3543 dubium
1082 3488 1361 3543 revocari.
1397 3510 1425 3539 »

318 3580 447 3633 563.
471 3578 754 3633 Hactenus
773 3577 1011 3644 ibidem,
1040 3580 1099 3631 et
1128 3581 1281 3631 recte
1333 3577 1589 3649 quidem,
1630 3582 1693 3632 ut
1740 3579 1867 3650 jam

240 3666 472 3723 monui.
507 3666 720 3722 Verum
746 3666 843 3738 qui
871 3666 1046 3720 modo
1072 3665 1564 3737 chronologicam,
1624 3684 1752 3738 quas
1806 3668 1866 3722 in

237 3754 552 3811 Mesimerii
584 3755 783 3809 charta
823 3753 1089 3823 occurrit,
1133 3753 1529 3809 difﬁcultatem
1560 3756 1869 3811 tollemus?

242 3843 616 3910 Dicemusne,
639 3845 726 3899 vel
758 3843 817 3898 in
849 3858 1023 3911 anno,
1056 3843 1142 3897 vel
1175 3842 1235 3897 in
1267 3842 1579 3898 indictiode
1607 3858 1868 3900 errorem

242 3933 484 4002 cubare,
498 3950 532 3987 a
547 3932 917 3987 librariorum
941 3931 1244 3987 oscitantia
1267 3931 1613 4002 profectum,
1631 3933 1727 4005 qui
1742 3933 1868 4005 quis

245 4039 441 4078 annus
472 4038 671 4094 quaeve
701 4020 940 4076 indictio
972 4037 1077 4091 per
1112 4021 1331 4076 litteras
1368 4022 1608 4090 Graecas,
1637 4024 1867 4095 Rogerii

246 4112 469 4167 charta:
498 4110 863 4182 subscriptas,
896 4110 1247 4181 designetur,
1284 4111 1441 4165 haud
1483 4114 1571 4166 sat
1605 4116 1867 4168 accurate

245 4199 554 4256 notarint?
581 4200 792 4254 Verum
817 4200 1178 4254 characteres
1189 4199 1463 4266 chronici,
1479 4201 1682 4271 quibus
1700 4202 1868 4273 hujus

1965 2362 2093 2417 quae
2122 2345 2348 2417 potulit,
2395 2344 2714 2416 diplomata
2767 2360 2867 2398 seu
2921 2344 3310 2398 instrumenta
3355 2341 3586 2413 publica

1966 2435 2328 2501 muniuntur,
2344 2432 2770 2488 characteribus
2781 2431 2840 2486 in
2855 2432 3225 2487 concordiam
3246 2428 3586 2485 revocandis

1943 2535 1948 2540 '
1965 2523 2187 2591 lectori,
2221 2523 2653 2594 proponens,de
2669 2520 2990 2577 Mesimerio
3006 2520 3248 2587 ait,eum
3261 2539 3293 2571 «
3308 2534 3472 2574 more
3496 2517 3581 2573 Si-

1968 2614 2094 2667 culo
2114 2629 2220 2667 nos
2241 2610 2513 2682 consequi
2536 2626 2691 2665 anno
2706 2626 2844 2677 uno,
2861 2611 3033 2680 atque
3060 2608 3191 2663 ideo
3215 2608 3412 2662 datam
3435 2605 3583 2661 illius

1968 2700 2405 2772 producendam
2427 2715 2547 2753 esse
2578 2715 2756 2770 usque
2784 2698 2858 2752 ad
2882 2698 3330 2767 subsequentem
3361 2711 3584 2750 annum

1972 2792 2266 2856 nostrum;
2291 2808 2318 2837 η
2348 2786 2513 2850 Quod
2544 2786 2588 2840 si
2620 2802 2820 2841 verum
2869 2785 2959 2852 sit,
2995 2783 3398 2856 Squillacensis
3433 2782 3584 2838 illius

1970 2876 2241 2931 antistitis
2260 2877 2460 2930 charta
2489 2888 2664 2945 supra
2691 2874 2949 2940 recitata,
2965 2889 3093 2944 quas
3112 2888 3266 2927 anno
3286 2874 3423 2927 1090
3448 2871 3584 2927 data

1902 2991 1949 3049 α
1972 2968 2227 3031 notatur,
2257 2980 2411 3020 anno
2439 2964 2700 3035 proxime
2729 2961 2990 3033 sequenti
3021 2961 3154 3015 data
3178 2959 3372 3027 fuerit,
3388 2959 3581 3030 sicque

1966 3054 2202 3110 indictio
2216 3069 2423 3123 xv,qua
2433 3052 2849 3123 signatur,cum
2868 3065 3020 3104 anno
3034 3066 3147 3121 quo
3158 3064 3292 3103 vere
3307 3048 3442 3102 data
3451 3046 3579 3116 fuit,

1966 3142 2227 3216 apprime
2239 3158 2346 3197 con
2352 3144 2517 3212 gruet
2529 3156 2622 3193 om
2630 3139 2830 3210 nisque
2841 3138 3116 3193 chronolo
3121 3136 3248 3208 gica
3258 3135 3582 3201 difﬁcultas,

1967 3249 2080 3304 qua
2106 3232 2555 3286 instrumentum
2583 3228 2722 3283 illud
2754 3227 2998 3294 laborat,
3024 3224 3582 3290 evanescet.Verum,

1965 3337 2095 3375 cum
2108 3321 2230 3374 hzec
2245 3336 2429 3374 annos
2446 3317 2651 3374 Christi
2673 3315 3047 3387 computandi
3066 3314 3213 3369 ratio
3236 3313 3295 3368 in
3313 3330 3415 3368 usu
3429 3310 3584 3384 apud

1967 3409 2183 3464 Siculos
2211 3408 2425 3480 passim
2446 3407 2617 3462 fuisse
2640 3423 2757 3461 non
2770 3408 3059 3472 noscatur,
3079 3406 3380 3459 certumne
3405 3401 3585 3457 etiam

1966 3497 2058 3565 sit,
2096 3514 2396 3569 nunquam
2414 3496 2683 3568 cuiquam
2704 3496 3044 3567 usurpatum
3070 3493 3264 3561 fuisse,
3286 3490 3585 3565 dispicien-

1968 3585 2361 3640 dum.Rochus
2375 3584 2569 3639 Pirrus
2591 3583 2656 3638 in
2684 3583 2944 3639 Ecclesiae
2976 3580 3407 3637 Panormitanas
3428 3577 3585 3635 Noti-

1967 3672 2047 3727 tia
2076 3671 2267 3745 prima
2294 3672 2369 3726 ad
2400 3688 2619 3726 annum
2653 3671 2809 3738 1144,
2841 3686 3061 3725 annum
3092 3668 3302 3724 Christi
3324 3668 3581 3723 natalem

1968 3777 2101 3816 cum
2129 3776 2281 3815 anno
2321 3760 2393 3814 ab
2449 3759 2587 3813 orbe
2613 3758 2845 3813 condito
2869 3760 3006 3813 5508
3035 3774 3069 3811 a
3088 3755 3292 3811 Graacis
3318 3770 3580 3810 commu-

1968 3851 2122 3905 niter
2139 3848 2702 3922 componi,haucqne
2726 3843 3101 3916 computandi
3120 3843 3408 3898 rationem
3431 3838 3583 3895 abiis

1966 3938 2028 3994 in
2057 3938 2313 3994 Siciliam
2337 3952 2626 4003 manasse,
2657 3933 2950 4005 prtefatus,
2978 3932 3056 3987 sic
3086 3930 3316 3986 scribit:
3340 3951 3369 3980 «
3390 3927 3585 3983 Fride-

1967 4028 2118 4083 ricus
2142 4026 2477 4099 Sylburgius
2507 4025 2701 4079 Fastos
2732 4021 2948 4077 Siculos
2964 4020 3213 4088 exhibet,
3246 4035 3278 4074 e
3312 4016 3582 4074 chronica

1967 4119 2180 4184 erutos,
2201 4115 2356 4188 quod
2376 4114 2436 4169 in
2452 4116 2610 4169 vetus
2621 4114 2681 4167 ta
2702 4108 2904 4167 Siciliae
2918 4108 3267 4164 bibliotheca
3281 4107 3584 4162 inventum

1969 4209 2055 4261 est
2078 4205 2149 4261 ab
2174 4206 2523 4277 Hieronymo
2552 4201 2764 4269 Surita,
2794 4217 2858 4255 ac
2877 4199 3086 4255 deinde
3105 4199 3176 4253 ab
3191 4195 3442 4252 Antonio
3464 4194 3581 4250 Au-

247 4287 626 4345 instrumenti
644 4304 764 4343 non
780 4292 1004 4343 tantum
1022 4289 1465 4360 autographum,
1481 4305 1680 4345 verum
1692 4291 1868 4345 etiam
1890 4277 1944 4337 D
1969 4293 2197 4366 gustino
2214 4292 2273 4346 in
2290 4292 2675 4361 Italiam,post
2685 4289 2746 4343 in
2757 4286 3088 4360 Hispaniam
3105 4285 3451 4339 translatum
3472 4283 3581 4350 est;

248 4378 413 4451 quod
456 4376 777 4432 Morkensio
808 4377 1089 4448 praelusit,
1117 4378 1517 4449 apographum
1543 4395 1642 4432 seu
1673 4396 1868 4451 ecgra-

204 4482 217 4489 ’
245 4468 435 4539 phum
449 4467 742 4522 munitum
754 4466 881 4534 fuit,
898 4482 1018 4522 non
1032 4466 1378 4537 compendio
1392 4482 1496 4537 per
1508 4466 1756 4522 litterras
1769 4485 1871 4523 nu-

244 4572 551 4612 merorum
583 4556 773 4611 locum
803 4557 1086 4622 tenentes,
1103 4555 1473 4626 sedintegris,
1487 4555 1569 4609 uti
1592 4558 1792 4612 notula
1807 4556 1868 4612 in

244 4644 521 4717 margine
546 4644 773 4716 adjecta
797 4644 1042 4716 ipsemet
1070 4644 1161 4698 hic
1178 4643 1422 4714 scriptor
1434 4644 1620 4712 docet,
1637 4645 1867 4701 vocibus

245 4736 423 4790 erant
444 4734 692 4805 expressi
730 4734 884 4788 hunc
914 4732 971 4787 in
1003 4733 1243 4789 modum
1278 4749 1292 4788 :
1335 4735 1461 4801 Μηνι
1491 4735 1770 4808 Δεκεμϐριῳ
1799 4729 1867 4798 εἴς

241 4824 332 4887 τὰς
388 4822 815 4887 ἔπτα,ἶνδικτιόνος
861 4822 1062 4892 δεκατὴς
1124 4822 1342 4896 πεμπτὴς
1407 4827 1496 4877 τοῦ
1555 4824 1866 4879 ἐννεακοστοῦ

243 4914 511 4987 χιλιοστοΰ
540 4912 697 4978 ἔτους,
722 4913 781 4967 id
809 4916 914 4979 est,
947 4935 975 4962 «
1005 4913 1207 4968 Mensis
1238 4912 1567 4969 Decembris
1600 4914 1863 4986 septima,

244 5002 572 5056 indictione
603 5002 827 5056 decima
851 5000 1054 5073 quinta
1075 5000 1212 5055 anni
1242 5000 1535 5055 millesimi
1565 5003 1868 5074 nonagesi-

244 5090 353 5153 mi,
374 5111 403 5139 ››
437 5089 522 5144 uti
552 5092 707 5144 recte
740 5090 1154 5160 interpretatur
1181 5089 1554 5158 Morkensius,
1570 5090 1673 5145 etsi
1708 5091 1866 5147 enim

244 5177 670 5233 substantivum
698 5195 818 5233 non
845 5177 1011 5246 adsit,
1040 5193 1169 5232 cum
1201 5194 1314 5249 quo
1341 5177 1607 5233 feminini
1635 5181 1867 5252 generis

246 5267 524 5323 articulus
548 5269 635 5331 τάς
676 5266 998 5333 conveniat,
1031 5266 1477 5339 subintelligitur
1503 5271 1701 5325 tamen
1734 5272 1864 5327 sub-

245 5356 565 5412 stantin
624 5356 921 5412 accusativi
964 5354 1199 5427 pluralis
1236 5356 1463 5410 numeri
1504 5357 1688 5430 ἣμέρας
1734 5376 1866 5417 cum

245 5444 553 5519 participio
600 5447 937 5518 προϐεϐηκότι,
981 5443 1137 5518 quod
1183 5443 1258 5499 ad
1296 5444 1713 5502 substantivum
1755 5450 1869 5522 μηνὶ

245 5534 522 5605 refertum,
554 5533 638 5592 ita
665 5537 728 5592 ut
756 5552 951 5595 sensus
972 5532 1047 5591 sit
1072 5532 1187 5606 μηνὶ
1232 5532 1348 5589 Am
1378 5531 1504 5606 ϐρίῳ
1540 5533 1607 5599 si;
1634 5536 1721 5601 τὰς
1748 5538 1869 5596 ἕκτα

1969 4381 2030 4437 in
2057 4398 2124 4437 eo
2154 4398 2289 4436 vero
2322 4397 2542 4434 annum
2562 4377 2767 4434 Christi
2795 4377 3051 4431 natalem
3072 4374 3244 4430 statui
3271 4373 3451 4428 refert
3477 4370 3583 4427 sub

1968 4486 2112 4526 coss.
2154 4470 2393 4525 Lentulo
2425 4471 2483 4522 et
2513 4466 2739 4534 Pisone,
2788 4468 2847 4527 et
2884 4479 3038 4518 anno
3067 4463 3139 4518 ab
3172 4462 3311 4518 orbe
3347 4458 3581 4516 condito

1970 4562 2129 4627 5507,
2155 4560 2348 4631 Neque
2367 4555 2612 4612 varietas
2647 4555 3064 4610 haeclectorem
3095 4565 3465 4607 commovere
3482 4546 3584 4604 de-

1966 4647 2084 4715 bet,
2113 4647 2158 4702 si
2183 4647 2480 4701 nimorum
2511 4644 2771 4700 advertat
2799 4643 2990 4714 plures
3018 4640 3325 4713 scriptores
3347 4654 3464 4693 uno
3486 4639 3590 4693 aut

1968 4737 2147 4792 altero
2171 4753 2324 4792 anno
2347 4749 2725 4791 communem
2752 4730 2960 4787 Christi
2982 4748 3161 4787 azram
3185 4727 3580 4786 antevertisse.

1968 4824 2164 4881 Sentio
2184 4824 2361 4898 igitur
2381 4823 2441 4879 in
2456 4822 2647 4879 Sicilia
2658 4824 2858 4878 nostra
2861 4822 2884 4894 j
2891 4824 3026 4876 uxta
3035 4822 3185 4876 hanc
3207 4812 3586 4888 computandi

1965 4913 2311 4969 methodum
2328 4911 2388 4966 in
2406 4910 2819 4983 diplomatibus
2841 4907 3241 4979 explicandum
3257 4919 3375 4959 esse
3397 4917 3583 4957 anno-

1966 5020 2098 5058 rum
2130 5005 2201 5059 ab
2232 5004 2372 5059 orbe
2398 5002 2630 5059 condito
2678 5016 3011 5067 numerum,
3043 5000 3107 5052 ut
3131 4995 3342 5051 scilicet
3359 4991 3585 5064 rejicias

1968 5110 2152 5149 annos
2184 5094 2343 5162 5508,
2368 5094 2426 5148 et
2446 5091 2543 5166 qui
2569 5106 2847 5147 numerus
2878 5088 2988 5144 erit
3016 5082 3348 5151 residuus,is
3377 5078 3584 5137 Christi

1969 5199 2191 5237 annum
2224 5182 2283 5236 in
2312 5181 2421 5237 hac
2456 5179 2754 5237 communi
2785 5180 2843 5233 et
2866 5173 3087 5246 vulgari
3117 5188 3254 5240 tera,
3282 5186 3399 5243 qua
3428 5185 3584 5225 nunc

1969 5272 2208 5340 utimur,
2238 5270 2515 5343 signabit;
2558 5268 2779 5339 putavit
2827 5264 2986 5319 enim
3024 5260 3235 5329 Sicilia,
3292 5258 3582 5314 Christum

1971 5375 2092 5415 esse
2144 5364 2348 5416 natum
2373 5362 2504 5433 post
2531 5374 2754 5412 annum
2798 5353 2870 5408 ab
2902 5352 3041 5409 orbe
3072 5349 3305 5407 condito
3339 5349 3498 5413 5508,
3527 5346 3585 5400 et

1969 5450 2229 5523 primum
2256 5449 2462 5506 Christi
2486 5462 2712 5503 annum
2740 5441 2996 5501 incidere
3025 5440 3088 5497 in
3119 5453 3340 5496 annum
3365 5436 3526 5491 5509.
3553 5453 3583 5483 ιι

2047 5543 2174 5597 565.
2200 5541 2483 5600 Hactenus
2505 5536 2627 5595 ille.
2640 5532 2851 5605 Quidsi
2863 5549 3027 5608 ergo,
3047 5535 3113 5591 ut
3139 5527 3257 5600 alii,
3283 5527 3353 5587 de
3384 5522 3592 5600 quibus
