4066 6032
459 308 562 389 an

1310 307 1365 360 S.
1401 304 1745 361 BRUNONIS
1785 301 2415 360 CARTHUSIANOBUM
2453 300 2919 357 INSTITUTORIS

3675 302 3775 355 348

454 432 549 488 hic
578 431 835 487 Bocchus
859 429 1070 499 Pirrus,
1116 446 1491 485 communem
1522 429 1850 484 Gracorum
1901 427 2033 483 Chri
2081 430 2137 488 Α
2164 426 2361 493 tuitur,
2395 426 2495 481 sed
2526 442 2680 481 anno
2709 427 2865 491 1090,
2884 440 2998 496 quo
3027 422 3217 494 reipsa
3242 416 3525 494 signatur,
3562 421 3778 478 verosi-

456 521 528 575 sti
557 537 757 589 aram,
792 520 891 592 qui
920 522 1205 573 estannus
1222 519 1292 573 ab
1321 519 1462 573 orbe
1493 518 1724 572 condito
1751 519 1911 584 5508,
1945 531 2061 570 uno

452 610 702 663 alterove
733 626 887 663 anno
921 610 1375 675 anteverterunt,
1408 608 1488 661 ita
1520 605 1877 661 Mesimerius
1910 620 2062 659 anno

457 713 574 751 uno
621 697 953 751 subsecutus
1002 696 1090 763 sit,
1143 695 1564 767 Christumque,
1617 711 1734 748 non
1789 710 1942 747 anno
1993 693 2065 747 ab

457 785 597 839 orbe
640 784 870 840 condito
923 786 1081 852 5508,
1112 784 1211 838 sed
1255 786 1393 837 5509
1437 787 1642 837 natum
1673 779 2065 836 existimarit?

457 872 629 940 Sane,
652 890 783 927 cum
808 873 903 928 alii
923 872 1131 927 aliisab
1154 873 1293 927 orbe
1315 870 1551 926 condito
1580 869 1745 924 annis
1777 869 2065 924 Christum

455 964 659 1016 natum
690 963 963 1028 statuant,
1010 960 1417 1026 Mesimerium,
1468 958 1924 1029 Squillacensem
1968 974 2067 1012 seu

457 1048 875 1120 Scyllacensem
901 1048 1256 1120 episcopum,
1292 1048 1462 1101 fuisse
1514 1047 1573 1101 in
1638 1063 1707 1100 ea
1769 1044 2063 1117 opinione,

453 1137 597 1191 mihi
630 1136 966 1207 neutiquam
987 1153 1121 1190 vero
1150 1138 1392 1207 apparet
1423 1134 1715 1199 absimile;
1746 1133 2065 1189 secundum

454 1225 604 1280 hanc
630 1228 824 1278 autem
847 1241 1032 1278 annus
1070 1224 1142 1278 ab
1185 1225 1323 1278 orbe
1376 1222 1609 1277 condito
1645 1225 1807 1285 6599,
1840 1221 1957 1293 qui,
2005 1224 2067 1275 ut

452 1312 813 1384 computanti
838 1312 1076 1383 patebit,
1111 1311 1427 1365 secundum
1452 1312 1578 1381 jam
1614 1311 1825 1365 dictam
1853 1309 2067 1364 Siculo-

453 1417 584 1455 rum
611 1404 669 1455 et
695 1401 1025 1456 Gracorum
1052 1416 1233 1455 aram
1261 1415 1644 1453 communem
1678 1415 1832 1451 anno
1859 1397 2063 1476 Christi

456 1492 586 1544 1091
621 1492 745 1543 erat
768 1489 826 1555 in
856 1506 1042 1555 cursu,
1060 1506 1214 1543 anno
1232 1487 1435 1542 Christi
1467 1490 1603 1542 1090
1629 1487 1971 1553 cucurrerit;
2006 1487 2066 1539 ut

450 1576 698 1648 proinde
731 1576 1015 1647 posterior
1037 1577 1127 1630 hic
1159 1575 1364 1630 Christi
1391 1592 1596 1641 annus,
1634 1591 1745 1646 quo
1777 1575 1997 1639 charta,
2032 1589 2065 1626 a

450 1665 840 1722 Mesimerioin
860 1666 917 1720 8.
941 1666 1228 1720 Brunonis
1244 1666 1294 1736 ej
1305 1682 1483 1737 usque
1505 1664 1793 1719 sociorum
1808 1664 2063 1718 favorem

2165 516 2381 570 militer
2401 516 2601 569 datum
2632 513 2823 580 fuerit,
2856 530 2921 567 ac
2942 512 3110 583 proin
3148 514 3211 589 ut
3232 511 3610 566 indictionem
3646 528 3778 565 cum

2165 620 2467 675 anno,quo
2491 603 2771 674 signatur,
2797 604 3159 672 pugnantem
3190 600 3482 671 praeferat.
3517 602 3601 654 Ita
3630 616 3781 672 pra-

2166 696 2323 747 terea
2352 693 2424 747 ab
2454 692 2539 757 iis,
2575 691 2670 763 qui
2702 689 3005 745 Mesimerii
3034 690 3297 744 chartam
3324 705 3429 760 pro
3464 689 3660 760 spuria
3683 689 3787 743 ha-

2166 780 2417 835 bendam
2435 778 2933 851 voluerint,potest
2950 778 3378 849 argui.Verum,
3394 777 3499 831 etsi
3519 777 3782 848 quidem,

2165 867 2287 939 ipso
2312 885 2464 923 anno
2495 870 2651 933 1090,
2685 885 2812 939 qua
2860 867 3249 937 Rhegiensem
3292 866 3493 920 sedem
3539 865 3781 920 Sanctus

2166 960 2362 1011 noster
2400 959 2710 1020 recusarat,
2741 954 2911 1010 fuisse
2945 955 3019 1009 ad
3064 955 3216 1009 hanc
3249 954 3498 1008 electum
3547 952 3777 1024 Range-

2165 1044 2339 1111 rium,
2367 1043 2747 1099 verosimilius
2776 1061 2844 1099 ex
2871 1043 3038 1097 dictis
3068 1042 3159 1111 sit,
3203 1042 3262 1096 id
3288 1045 3487 1096 tamen
3538 1040 3782 1097 omnino

2166 1136 2389 1187 certum
2420 1149 2537 1187 non
2555 1135 2658 1186 est.
2696 1131 2844 1196 Quid
2876 1131 2935 1185 ni
2972 1130 3131 1185 enim
3170 1130 3389 1185 factum
3417 1146 3538 1184 esse
3583 1131 3780 1200 queat,

2166 1224 2249 1287 ut,
2279 1238 2411 1275 cum
2443 1221 2516 1274 ad
2544 1219 2889 1291 dignitatem
2914 1219 3073 1273 illam
3107 1217 3437 1289 promoveri
3470 1218 3659 1272 Bruno
3690 1233 3782 1270 re-

2167 1309 2402 1373 nuisset,
2436 1308 2614 1362 alium
2644 1308 2717 1362 ad
2743 1307 3011 1362 eamdem
3039 1307 3252 1378 eligere
3291 1305 3643 1376 Rhegienses
3663 1305 3781 1359 sive

2166 1400 2371 1468 sponte
2397 1414 2518 1463 sua,
2552 1396 2669 1449 sive
2701 1396 2952 1461 aliunde,
3004 1412 3116 1466 quo
3162 1394 3353 1449 minus
3401 1393 3463 1448 id
3499 1394 3780 1461 facerent,

2164 1484 2449 1555 impediti,
2486 1484 2820 1555 aliquandiu
2852 1482 3223 1538 distulerint?

2239 1575 2362 1629 567.
2387 1573 2461 1627 Ut
2488 1576 2550 1627 ut
2578 1572 2668 1639 sit,
2703 1572 3055 1643 Rangerium
3086 1571 3380 1643 equidem,
3400 1568 3446 1625 si
3470 1586 3605 1625 eum
3624 1585 3778 1624 anno

2169 1663 2296 1718 1091
2313 1702 2326 1727 ,
2357 1661 2429 1715 ad
2446 1660 2821 1714 Decembrem
2848 1660 3141 1730 provecto,
3159 1657 3423 1713 nondum
3453 1657 3623 1712 fuisse
3640 1673 3779 1711 con-

452 1771 738 1820 concessa,
772 1754 1050 1825 signatur,
1096 1754 1328 1825 proprie
1357 1770 1461 1825 pro
1503 1770 1658 1808 anno
1694 1755 1821 1807 1091
1858 1752 1930 1806 sit
1961 1751 2064 1805 ha-
2092 1750 2144 1808 B
2166 1752 2452 1804 secratum
2507 1749 2890 1820 Rhegiensem
2959 1747 3475 1819 archiepiscopum,
3530 1747 3775 1818 jamque

448 1843 698 1910 bendus;
744 1842 854 1909 cui,
909 1843 983 1897 ad
1031 1842 1320 1913 septinam
1362 1842 1698 1896 Decembris
1759 1840 1935 1907 diem,
1982 1839 2066 1893 uti

449 1931 659 1986 eadem
690 1930 889 1985 charta
919 1930 1051 1996 fert,
1076 1930 1203 1999 jam
1249 1933 1540 2001 provecto,
1593 1929 1833 1984 indictio
1864 1929 2066 2001 quinta

453 2019 696 2086 decima,
711 2019 771 2073 in
794 2020 1002 2074 eodem
1018 2019 1114 2075 illo
1136 2019 1520 2074 instrumento
1535 2018 1782 2090 signata,
1803 2017 2064 2089 apprime

450 2111 748 2175 consonat,
780 2111 843 2162 ut
880 2108 1242 2179 computanti
1267 2110 1536 2178 patescet.
1570 2109 1756 2179 Atque
1787 2108 1920 2162 hinc
1938 2107 2065 2178 jam

449 2196 535 2261 ﬁt,
568 2198 632 2249 ut
650 2196 790 2249 illud
817 2211 946 2266 ego,
983 2195 1140 2266 quod
1164 2212 1296 2249 vere
1327 2212 1394 2249 ex
1405 2195 1533 2264 jam
1562 2194 1747 2261 dictis,
1776 2211 1891 2249 non
1911 2210 2064 2249 anno

457 2284 612 2350 1090,
646 2298 758 2354 quo
778 2285 1033 2349 notatur,
1063 2282 1163 2336 sed
1185 2299 1338 2337 anno
1358 2284 1485 2337 1091
1510 2283 1713 2336 datum
1740 2282 1934 2349 fuerit,
1960 2299 2065 2353 pro

450 2369 642 2441 spurio
669 2372 1001 2441 suspectove
1028 2370 1243 2425 habere
1274 2386 1392 2425 non
1422 2370 1629 2436 ausim,
1654 2370 1904 2424 maxime
1934 2387 2067 2424 cum

449 2456 509 2512 id
537 2461 819 2529 tanquam
851 2457 1167 2529 genuinum
1200 2458 1528 2512 Ruinartius
1545 2458 1603 2512 in
1618 2458 1938 2529 conscripta
1958 2475 1991 2512 a
2008 2475 2067 2512 se

449 2545 664 2600 Urbani
694 2546 741 2599 II
768 2561 932 2618 papa
959 2546 1085 2601 Vita
1116 2562 1248 2618 pag.
1283 2548 1371 2612 86,
1402 2546 1610 2617 aliique
1631 2545 1733 2600 viri
1767 2545 1976 2601 eruditi
2007 2547 2065 2600 in

448 2633 775 2704 variis,qua
791 2634 1468 2705 concinavere,operibus
1485 2634 2067 2705 laudent,integrum-

443 2737 566 2793 'que
592 2722 769 2776 etiam
801 2738 919 2777 non
952 2725 1181 2777 tantum
1214 2722 1329 2776 suis
1363 2722 1420 2776 in
1469 2724 1801 2777 contextam
1834 2737 1868 2774 a
1899 2720 2063 2775 Surio

448 2807 506 2862 S.
542 2809 823 2863 Brunonis
846 2809 1036 2864 Vitam
1061 2808 1545 2864 Annotationibus
1566 2808 2063 2875 Surianus,verum

452 2895 631 2951 etiam
663 2897 933 2968 Ughellus
949 2901 1073 2952 tom
1105 2897 1170 2951 IX
1185 2897 1360 2951 Italia
1392 2915 1565 2952 sacra
1598 2896 1923 2964 inseruerit,
1958 2912 2063 2951 nec

447 2984 789 3056 scriptorem
824 2986 1003 3039 ullum
1028 2986 1304 3040 hactenus
1333 2985 1678 3052 invenerim,
1711 3001 1745 3039 a
1773 3001 1885 3056 quo
1927 3000 2061 3039 cen-

447 3089 581 3128 sura
620 3072 810 3127 minus
836 3072 1051 3127 faventi
1081 3076 1331 3128 notetur.

519 3162 643 3216 566.
676 3161 788 3215 Nec
819 3163 904 3215 est
929 3176 1125 3232 porro,
1152 3179 1253 3215 cur
1280 3161 1457 3215 etiam
1487 3164 1816 3232 suspectum
1846 3161 2060 3216 habea-

447 3251 563 3317 tur,
615 3249 770 3320 quod
813 3249 996 3303 eremi
1039 3248 1440 3319 Squillacensis
1484 3266 1583 3303 seu
1630 3249 1971 3316 Turritana,
2029 3244 2101 3303 al

448 3336 696 3408 Rogerio
717 3336 928 3391 comite
944 3336 999 3390 S.
1020 3336 1272 3391 Brunoni
1287 3337 2063 3408 concessa,magnitudinem

451 3425 675 3479 duobus
688 3423 1028 3478 milliaribus
1048 3424 1306 3491 definiat,
1339 3440 1516 3495 quam
1536 3425 1709 3479 unius
1729 3426 1904 3479 leuca
1927 3424 2065 3479 facit

450 3511 779 3567 danationis
819 3528 924 3583 per
969 3511 1284 3582 Rogerium
1327 3512 1603 3567 comitem
1646 3513 1812 3568 facta
1864 3514 2064 3568 charta

446 3616 621 3672 supra
657 3600 768 3655 huc
796 3600 918 3670 jam
952 3600 1340 3671 transcripta;
1369 3600 1505 3655 licet
1545 3601 1702 3655 enim
1745 3603 1908 3656 leuca
1956 3618 2061 3673 pro

448 3688 632 3743 tribus
659 3705 930 3760 passuum
960 3688 1212 3743 millibus
1239 3689 1341 3743 sub
1371 3688 1505 3743 inde
1532 3690 1604 3744 ab
1621 3689 1870 3762 antiquis
1891 3690 2065 3745 fuerit

448 3780 701 3848 accepta,
732 3776 792 3832 id
814 3780 1014 3832 tamen
1040 3794 1273 3849 semper
1291 3777 1444 3849 apud
1460 3777 1669 3832 horum
1687 3795 2063 3851 quoscunque

449 3866 644 3921 locum
664 3882 784 3920 non
812 3865 1082 3932 obtinuit,
1109 3882 1234 3933 nec,
1255 3865 1360 3920 etsi
1390 3882 1551 3920 secus
1566 3866 1738 3933 foret,
1757 3870 2066 3937 propterea

447 3953 723 4009 dicendus
754 3957 905 4009 esset
933 3953 1214 4009 Mesimeri
1225 3971 1287 4007 us
1308 3970 1438 4008 cum
1453 3953 1700 4024 Rogerio
1729 3954 1940 4008 comite
1958 3971 2063 4025 pu-

449 4059 630 4114 gnare
660 4042 720 4095 in
753 4041 1177 4112 magnitudine,
1195 4057 1371 4112 quam
1401 4056 1620 4108 eremo,
1646 4040 1703 4095 8.
1730 4042 1984 4096 Brunoni
2005 4043 2063 4095 in

450 4127 874 4200 possessionem
907 4128 1078 4194 data,
1125 4127 1404 4182 attribuit.
1441 4128 1625 4182 Leuca
1668 4127 1823 4182 enim
1854 4128 1912 4182 in
1942 4130 2064 4183 lau-

449 4217 586 4272 data
604 4215 835 4288 Rogerii
854 4216 1054 4270 charta
1071 4231 1175 4286 pro
1190 4231 1461 4269 mensura
1479 4218 1674 4284 terra,
1703 4217 1786 4270 uti
1803 4221 2062 4289 apparet,

2165 1840 2364 1892 tamen
2391 1838 2463 1891 ab
2494 1853 2647 1891 anno
2683 1839 2817 1891 1090
2848 1836 3017 1890 fuisse
3065 1837 3334 1903 electum,
3367 1835 3593 1890 admitti
3621 1834 3777 1889 haud

2166 1926 2436 1997 queat,ad
2452 1926 2794 1997 dignitatem
2817 1926 2985 1990 hanc,
3010 1941 3124 1979 non
3141 1941 3294 1979 anno
3312 1927 3467 1991 1090,
3492 1923 3591 1979 sed
3622 1940 3777 1978 anno

2170 2016 2299 2068 1091
2339 2013 2511 2068 fuisse
2562 2016 2923 2085 promotum,
2982 2012 3195 2067 idcirco
3257 2011 3626 2067 statuendum
3670 2014 3777 2077 est,

2168 2101 2322 2171 quod
2348 2102 2905 2167 memoratacharta,
2925 2117 3101 2171 quam
3131 2103 3413 2171 tanquam
3444 2097 3781 2169 Rhegiensis

2167 2190 2379 2243 electus
2406 2188 2769 2243 conﬁrmavit
2797 2205 2861 2243 ac
2905 2187 3179 2254 laudavit,
3212 2190 3349 2241 ante
3387 2203 3606 2241 annum
3645 2187 3774 2240 1091

2170 2276 2304 2330 data
2328 2293 2451 2330 esse
2496 2293 2658 2348 posse
2681 2275 2835 2330 haud
2861 2276 3156 2341 videatur;
3207 2274 3363 2346 quod
3393 2274 3472 2327 sic
3503 2273 3778 2328 ostendo:

2169 2364 2356 2417 Brudo
2389 2364 2624 2435 ejusque
2663 2363 2799 2418 socii
2829 2363 3253 2434 gloriosissima
3285 2361 3539 2417 domina
3570 2363 3781 2416 nostra

2167 2451 2267 2505 Dei
2296 2451 2596 2506 Genitricis
2627 2469 2690 2506 ac
2718 2452 2774 2507 S.
2803 2451 3039 2507 Joannis
3078 2450 3345 2522 Baptista
3371 2448 3691 2516 ecclesiam,
3720 2448 3778 2502 in

2166 2556 2364 2594 eremo
2396 2539 2775 2612 Squillacensi
2808 2556 2910 2595 seu
2931 2540 3239 2594 Turritana
3254 2539 3445 2606 sitam,
3477 2537 3779 2592 incoluisse

2165 2626 2225 2681 in
2252 2629 2450 2683 charta
2468 2629 2565 2683 illa
2582 2629 2884 2696 dicuntur;
2910 2629 3033 2684 hac
3053 2631 3248 2684 autem
3272 2624 3782 2693 ecclesia,utiinfra

2167 2716 2407 2784 docebo,
2441 2718 2723 2773 aedificata
2766 2718 3021 2788 primum
3052 2717 3181 2784 fuit,
3241 2733 3373 2771 cum
3403 2731 3633 2771 eremus
3679 2713 3779 2767 illa

2165 2823 2199 2861 a
2227 2808 2441 2863 comite
2473 2807 2793 2879 RogerioS.
2813 2807 3066 2862 Brunoni
3098 2806 3297 2861 fuisset
3326 2806 3578 2872 donata;
3600 2819 3778 2875 quare

2165 2912 2296 2951 cum
2328 2897 2386 2950 id
2413 2914 2479 2951 ex
2511 2914 2682 2969 supra
2711 2897 2873 2952 dictis
2890 2913 3006 2951 non
3025 2896 3200 2967 prius,
3234 2912 3409 2968 quam
3431 2911 3562 2949 cum
3593 2909 3779 2947 annus

2169 2987 2303 3040 1090
2321 2985 2393 3039 ad
2408 2984 2586 3039 finem
2600 2985 2727 3055 jam
2742 2987 3021 3055 vergeret,
3045 2984 3263 3038 factum
3287 2982 3481 3048 fuerit,
3487 2982 3613 3052 jam
3642 2979 3778 3033 inde

2163 3074 2235 3128 ab
2264 3074 2374 3129 hoc
2396 3090 2548 3128 anno
2581 3073 2903 3140 ecclesiam,
2936 3072 3360 3144 gloriosissima
3377 3070 3477 3126 Dei
3510 3065 3777 3123 Genitrici

2163 3164 2221 3216 et
2251 3161 2307 3216 S.
2332 3161 2539 3217 Joanni
2568 3162 2834 3232 Baptista
2877 3177 3123 3227 sacram,
3157 3176 3330 3232 quam
3360 3159 3601 3213 Sanctus
3626 3156 3776 3227 ejus-

2163 3267 2275 3323 que
2303 3249 2441 3304 socii
2470 3249 2579 3304 hoc
2605 3250 2727 3321 ipso
2760 3248 2937 3304 etiam
2963 3265 3115 3304 anno
3142 3246 3541 3313 inhabitarint,
3571 3244 3634 3298 in
3658 3259 3780 3299 ere-

2163 3355 2259 3393 mo
2289 3338 2594 3392 Turritana
2622 3338 2919 3405 exstitisse,
2957 3337 3296 3408 neutiquam
3326 3332 3648 3390 verosimile
3669 3335 3775 3399 est,

2162 3443 2228 3482 ac
2258 3426 2427 3498 proin
2458 3426 2766 3498 prafatum
2789 3426 3089 3481 Mesimerii
3120 3426 3402 3490 chartam,
3437 3423 3495 3476 in
3528 3438 3643 3493 qua
3668 3421 3779 3475 hoc

2161 3516 2439 3583 innuitur,
2490 3532 2608 3570 non
2652 3532 2805 3571 anno
2841 3518 2998 3583 1090,
3046 3514 3146 3569 sed
3197 3529 3350 3567 anno
3400 3514 3527 3567 1091
3582 3510 3779 3564 datam

2161 3604 2353 3671 fuisse,
2388 3620 2617 3658 necesse
2643 3606 2747 3657 est.
2766 3605 2951 3674 Atque
2979 3602 3058 3657 ita
3081 3601 3199 3656 ruit
3224 3600 3421 3666 etiam,
3454 3598 3609 3671 quod
3638 3613 3777 3652 con-

2161 3694 2252 3745 tra
2302 3692 2516 3745 charta
2572 3708 2608 3745 a
2669 3691 2988 3746 Mesimerio
3049 3690 3198 3745 data
3249 3688 3641 3743 sinceritatem
3698 3684 3779 3739 af-

2159 3779 2298 3835 ferri
2328 3779 2513 3833 adhuc
2535 3782 2781 3849 poterat,
2798 3782 3230 3850 argumentum,
3249 3779 3485 3849 hacque
3505 3775 3647 3830 adeo
3670 3789 3776 3844 pro

2160 3867 2354 3939 spuria
2382 3867 2651 3920 habenda
2680 3884 2797 3921 non
2858 3870 2965 3921 est.
3023 3865 3357 3922 Proximum
3387 3880 3539 3919 nunc
3569 3865 3655 3917 est
3690 3864 3775 3927 ut,

2162 3972 2275 4027 quo
2306 3972 2395 4023 ea,
2428 3972 2556 4026 qua
2589 3958 2616 4023 §
2652 3955 2920 4027 prasenti
2952 3955 3142 4010 facere
3172 3953 3368 4019 statui,
3406 3968 3583 4024 opere
3616 3966 3776 4005 exse-

2164 4060 2327 4115 quar,
2356 4044 2530 4099 modo
2563 4044 2737 4098 etiam
2787 4044 3029 4111 Bullam,
3084 4061 3199 4115 qua
3247 4043 3511 4097 Urbanus
3552 4042 3598 4094 lI
3626 4054 3777 4110 papa

2164 4148 2336 4203 supra
2372 4133 2643 4187 recitatas
2681 4133 2913 4204 Rogerii
2939 4132 3166 4188 comitis
3199 4135 3255 4185 et
3283 4129 3607 4196 Mesimerii,
3654 4127 3775 4198 epi-

2164 4220 2319 4291 scopi
2350 4220 2773 4292 Squillacensis,
2807 4222 3034 4275 chartas
3065 4217 3448 4284 conﬁrmavit,
3507 4231 3774 4286 novoque

448 4305 727 4377 accipitur
753 4323 766 4373 ;
802 4306 965 4359 leuca
993 4306 1209 4371 autem,
1241 4303 1352 4358 hoc
1381 4320 1550 4358 sensu
1603 4309 1857 4377 accepta,
1912 4308 2066 4378 apud
2086 4297 2137 4355 D
2164 4308 2359 4364 favore
2386 4310 2717 4364 Brunonem
2750 4310 2986 4381 ejusque
3016 4309 3197 4363 socios
3227 4307 3435 4374 affecit,
3483 4306 3593 4360 huc
3613 4307 3774 4358 tran-

449 4393 699 4448 Francos
729 4410 828 4447 seu
857 4393 917 4447 in
951 4392 1209 4459 Francia,
1244 4392 1450 4463 ecujus
1470 4393 1764 4464 provincia
1779 4395 2063 4450 Norman-

445 4481 545 4537 nia
575 4480 852 4551 Rogerius
897 4484 1041 4548 erat,
1097 4480 1318 4536 duobus
1349 4497 1626 4552 passuum
1669 4483 1921 4539 millibus
1965 4502 2064 4540 seu

448 4568 732 4623 milliariis
759 4568 1081 4634 constabat,
1113 4567 1193 4622 uti
1221 4567 1281 4622 in
1312 4569 1593 4625 Glossario
1624 4571 1696 4626 ad
1721 4572 2064 4627 vocabulum

442 4657 629 4713 Leuca
652 4657 820 4712 docet
850 4656 1116 4728 Cangius.
1151 4659 1223 4711 At
1256 4674 1410 4726 vero,
1437 4658 1663 4730 inquiet
1695 4678 1813 4716 non
1860 4678 2063 4731 nemo,

444 4744 507 4801 in
528 4746 747 4812 charta,
767 4762 801 4800 a
830 4745 1149 4801 Mesimerio
1179 4762 1468 4815 concessa,
1502 4748 1821 4821 Rangerius
1833 4752 2067 4804 vocatur

451 4857 481 4886 ‹‹
498 4833 962 4906 archiepiscopus
984 4834 1320 4906 Rhegiensis
1340 4836 1574 4904 electus,
1599 4858 1629 4887 »
1667 4841 1899 4905 uttunc,
1932 4855 2066 4893 cum

443 4922 568 4979 hac
600 4924 735 4979 data
759 4923 887 4991 fuit,
930 4926 1298 4979 consecratus
1329 4941 1430 4979 seu
1475 4924 1775 4980 ordinatus
1800 4927 2063 4981 nondum

441 5010 616 5066 fuisse
647 5010 943 5080 videatur;
977 5028 1110 5067 cum
1170 5013 1365 5066 autem
1399 5027 1466 5065 ex
1496 5028 1669 5083 supra
1700 5013 1863 5069 dictis
1910 5031 2064 5069 anno

449 5101 588 5155 1090
618 5099 692 5154 ad
718 5100 920 5155 sedem
961 5099 1350 5171 Rhegiensem
1402 5098 1577 5154 fuerit
1608 5102 1842 5170 electus,
1892 5101 2066 5156 fuisse

444 5202 580 5242 cum
611 5203 766 5242 anno
798 5190 955 5254 1091,
985 5186 1060 5241 ad
1082 5193 1112 5243 7
1138 5186 1473 5241 Decembris
1483 5187 1609 5257 jam
1639 5193 1929 5259 provecto,
1952 5207 2064 5262 quo

442 5279 711 5345 tempore
742 5274 895 5330 dicta
925 5276 1123 5330 charta
1146 5275 1280 5329 data
1306 5278 1561 5342 notatur,
1582 5277 1843 5332 nondum
1865 5295 2065 5333 conse-

441 5368 669 5417 cratum
700 5380 801 5418 seu
823 5363 1161 5418 ordinatum
1180 5364 1538 5434 episcopum,
1557 5365 1881 5421 verosimile
1910 5366 2061 5421 haud

442 5453 706 5519 apparet,
743 5467 1216 5524 consequensque
1245 5451 1491 5525 proinde
1519 5451 1605 5521 ﬁt,
1629 5456 1693 5507 ut
1720 5452 2069 5510 instrumen-

444 5538 583 5590 tum
612 5537 775 5611 illud,
803 5557 923 5597 non
958 5554 1117 5596 anno
1149 5542 1309 5613 1091,
1329 5557 1443 5624 quo
1464 5557 1499 5597 α
1517 5542 1737 5612 datum,
1756 5543 1921 5600 nobis
1951 5546 2064 5601 sta-

2164 4397 2433 4452 scribam.
2468 4397 2563 4451 His
2614 4398 2808 4469 itaque
2841 4397 3026 4452 verbis
3055 4395 3405 4467 concipitur:
3459 4414 3492 4446 ‹‹
3514 4393 3777 4448 Urbanus

2165 4484 2481 4556 episcopus,
2516 4503 2711 4541 servus
2740 4502 3037 4541 servorum
3080 4484 3203 4551 Dei,
3232 4482 3454 4539 dilectis
3484 4482 3542 4537 in
3578 4479 3770 4535 Chisto

2165 4573 2295 4627 ﬁliis
2326 4574 2581 4628 Brunoni
2611 4577 2670 4628 et
2702 4574 2953 4629 Lanvino
3001 4574 3245 4627 salutem
3292 4576 3349 4626 et
3400 4568 3776 4642 apostolicam

2164 4661 2651 4716 benedictionem.
2675 4662 2789 4716 Pia
2819 4660 3126 4715 voluntatis
3141 4660 3376 4715 allectus
3388 4656 3574 4713 studio
3606 4655 3779 4710 debet

2165 4753 2547 4822 prosequente
2579 4749 2878 4821 compleri.
2914 4748 3057 4813 Quia
3079 4747 3256 4818 igitur
3286 4747 3465 4801 nostri
3486 4744 3656 4801 ofﬁcii
3687 4745 3777 4799 in-

2164 4840 2360 4904 terest,
2393 4855 2688 4893 servorum
2718 4838 2820 4893 Dei
2850 4837 3047 4909 quieti,
3084 4838 3256 4910 prout
3287 4835 3567 4891 Dominus
3608 4851 3775 4906 posse

2166 4925 2408 4993 dederit,
2472 4926 2795 4998 providere,
2852 4925 3225 4996 petitionibus
3284 4924 3505 4992 vestris,
3563 4922 3664 4977 filii
3714 4922 3777 4977 in

2168 5011 2389 5067 Christo
2448 5013 2767 5069 charissimi
2825 5018 2884 5070 et
2931 5012 3402 5080 reverentissimi,
3457 5013 3778 5068 clementer

2167 5101 2496 5157 annuimus.

2237 5192 2360 5244 568.
2380 5191 2490 5244 Per
2504 5191 2673 5263 hujus
2692 5208 2830 5263 ergo
2845 5191 3140 5263 apostolici
3190 5190 3475 5264 privilegii
3498 5188 3775 5261 paginam

2167 5278 2478 5348 apostolica
2504 5281 2841 5335 auctoritate
2854 5280 3177 5347 statuimus,
3195 5284 3258 5335 ut
3284 5282 3440 5336 locus
3455 5279 3570 5345 ille,
3599 5294 3777 5349 quem

2166 5365 2612 5422 inhabilitationi
2626 5372 2844 5437 vestra,
2864 5368 3203 5439 disponente
3226 5366 3776 5438 Domino,elegistis,

2167 5471 2202 5509 a
2221 5454 2389 5527 jugo,
2422 5458 2727 5529 potestate,
2761 5457 2995 5529 injuria,
3014 5458 3280 5514 molestia
3299 5456 3564 5513 omnium
3585 5454 3777 5510 homi-

2166 5563 2311 5601 num
2329 5546 2569 5603 omnino
2592 5548 2739 5603 liber
2762 5565 2896 5605 cum
2919 5552 3041 5607 tota
3051 5549 3191 5616 silva
3207 5552 3264 5605 et
3288 5551 3511 5616 monte,
3532 5549 3690 5603 terra
3719 5548 3781 5602 et
