4066 6032
323 216 429 279 349

1883 220 2063 278 ACTA

3551 230 3655 286 350

323 347 556 422 aquain
587 346 837 420 spatium
865 345 1033 401 unius
1079 346 1397 418 leugse[al.,
1450 347 1650 414 leucae]
1680 344 1739 401 in
1769 326 2017 406 omni'A
2040 362 2218 414 cessa,
2250 345 2515 418 infraque
2555 346 2666 401 huc
2696 345 3129 416 trancribenda,
3161 366 3289 421 quas
3316 351 3451 407 data
3479 356 3645 408 nota-

321 439 489 509 parte
502 437 594 507 adj
604 435 789 490 acenti
803 436 864 489 in
887 438 1075 489 vestra
1092 434 1252 489 omni
1272 434 1461 489 modis
1475 439 1532 489 et
1548 451 1936 489 successorum

323 530 649 582 vestrorum
666 524 1041 596 dispositione
1072 526 1434 596 permaneat,
1461 524 1605 579 sicut
1635 541 1668 577 a
1715 523 1874 577 vobis
1905 541 1939 578 a

321 615 532 670 dilecto
561 616 757 670 nostro
785 614 902 668 ﬁlio
920 612 1166 683 Rogerio
1201 612 1415 668 comite
1436 612 1798 667 condonatus
1828 613 1933 679 est,

320 708 380 758 et
393 721 427 758 a
438 704 732 759 confratre
748 701 1630 772 nostroTheodoro,Squillacino
1644 700 1910 771 episcopo
1920 741 1933 766 ,

318 792 717 848 conﬁrmatus.
734 791 963 845 Nemini
978 789 1130 844 intra
1146 790 1486 861 praedictum
1502 789 1753 860 spatium
1772 788 1937 843 liccat

319 897 567 953 pascuae,
587 880 952 952 agriculturae
982 896 1082 934 seu
1113 879 1442 951 piscationis
1493 882 1592 933 aut
1644 878 1936 947 lignorum

319 969 624 1025 occasione
644 973 742 1024 aut
757 985 1098 1041 quacunque
1111 986 1177 1022 ex
1218 985 1388 1023 causa
1429 967 1587 1022 vobis
1610 971 1709 1021 aut
1734 965 1935 1020 vestris

311 1058 733 1113 successoribus
756 1058 1031 1127 injuriam
1064 1061 1164 1112 aut
1196 1056 1524 1112 molestiam
1540 1054 1934 1126 irrogare,sed

316 1149 508 1201 totum
542 1146 879 1201 secumdum
906 1147 1263 1201 voluntatem
1294 1148 1546 1200 vestram
1575 1142 1931 1215 possideatis,

314 1235 653 1306 disponatis,
684 1234 964 1289 ordinetis
986 1237 1044 1288 et
1069 1234 1337 1304 erogetis.
1363 1233 1420 1288 Si
1477 1233 1616 1304 quid
1648 1235 1934 1303 prieterea

317 1322 655 1394 episcopalis
668 1322 1240 1394 ofﬁciiindigueritis,
1272 1322 1346 1376 ad
1374 1338 1549 1393 quem
1569 1320 1933 1392 potissimum

313 1409 636 1465 vicinorum
649 1411 971 1466 antistitum
987 1409 1645 1477 volueritis,recurrendi
1663 1407 1930 1481 psmsenti

318 1499 552 1554 decreto
572 1499 820 1554 liberam
856 1499 1149 1555 licentiam
1166 1498 1929 1569 indulgemus.Decimarum

320 1603 551 1659 quoque
580 1605 748 1643 usum
779 1605 845 1643 ex
868 1587 1505 1659 vestris,velpuerorum
1524 1590 1841 1641 vestrorum
1856 1587 1933 1640 la-

2040 439 2134 490 tur
2159 424 2423 490 (lSalenti
2454 451 2653 489 mense
2691 434 3040 506 Septembri,
3076 437 3272 492 indict.
3307 442 3405 505 6,»
3440 442 3647 496 altera-

2039 541 2170 596 que,
2205 541 2331 594 quze
2361 524 2431 578 ab
2462 524 2581 591 illo,
2602 541 2733 578 cum
2769 524 2916 580 Barii
2952 526 3134 580 Eliam
3155 528 3649 600 archiepiscopum

2037 616 2444 679 consecrasset,
2475 612 2585 666 fuit
2631 630 2926 681 concessa,
2969 632 3211 686 qumque
3243 617 3377 670 data
3418 620 3652 672 notatur

2037 720 2069 752 «
2097 701 2249 771 apud
2278 702 2487 755 Barum
2522 718 2676 757 anno
2716 702 3033 757 Dominicae
3059 704 3473 759 Incarnationis
3492 708 3647 773 1089,

2034 788 2405 861 pontiﬁcatus
2436 807 2495 856 ιι,
2549 789 2748 844 indict.
2782 808 2902 859 xm,
2927 809 2981 845 1x
3014 791 3244 847 Octobr.
3280 814 3308 843 »
3333 794 3460 849 Jam
3490 811 3647 862 vero,

2035 894 2166 933 cum
2202 878 2259 932 1d
2298 877 2379 932 ita
2420 878 2516 945 sit,
2552 881 2725 949 atque
2749 896 2783 933 a
2808 878 3164 951 Septembris
3190 880 3426 953 quidem
3482 882 3647 938 initio

2037 966 2674 1038 Constantinopolitana
2716 985 2815 1022 seu
2872 967 3222 1036 Graecorum,
3274 987 3307 1024 a
3355 987 3482 1024 XXIV
3510 987 3645 1026 vero

2036 1055 2513 1125 Septembris,die
2532 1056 2808 1124 Czesarea,
2842 1056 3084 1111 indictio
3111 1058 3480 1128 prima,anno
3510 1062 3646 1115 1092

2036 1160 2266 1199 currere
2296 1144 2615 1215 incmperit,
2650 1161 2834 1199 annus
2865 1148 2924 1199 et
2976 1144 3231 1213 iudictio,
3284 1147 3490 1218 quibus
3535 1148 3646 1203 huc

2034 1233 2395 1304 transcripta:
2427 1233 2642 1287 Urbani
2675 1251 2839 1305 papae
2890 1236 2956 1301 11,
2998 1252 3171 1305 quem
3220 1236 3330 1290 hoc
3378 1252 3532 1290 anno
3588 1240 3647 1291 et

2036 1336 2238 1374 mense
2265 1320 2323 1375 in
2358 1320 2623 1375 Calabria
2654 1321 2846 1388 fuisse,
2901 1322 3229 1377 Ruinartius
3258 1323 3317 1377 in
3366 1323 3492 1377 Vita
3523 1324 3645 1394 ejus

2041 1426 2204 1463 num.
2232 1412 2330 1463 116
2354 1414 2410 1463 et
2441 1427 2559 1481 seq.
2597 1410 2786 1478 docet,
2818 1410 3023 1465 litterm
3053 1414 3347 1479 notantur,
3381 1411 3644 1482 apprime

2030 1496 2183 1551 inter
2212 1515 2271 1551 se
2304 1498 2672 1565 conveniunt,
2696 1498 2999 1569 omnisque
3043 1498 3306 1571 proinde,
3361 1500 3434 1554 ob
3466 1515 3643 1570 quam

2032 1602 2148 1640 non
2183 1602 2355 1640 nemo
2386 1586 2583 1640 forsan
2608 1587 2777 1640 hasce
2803 1587 3022 1659 spurias
3044 1590 3323 1655 autumet,
3340 1587 3643 1645 difﬁcultas

317 1675 552 1730 boribus
569 1676 737 1730 vestri
745 1676 1035 1746 jurisossse
1062 1675 1554 1741 censemus,Quod
1580 1674 1625 1728 si
1645 1691 1771 1745 quae
1792 1690 1930 1744 pue-
1952 1655 2003 1713 Β
2030 1673 2437 1745 chronologica
2463 1674 2765 1728 evanescit.

318 1780 520 1818 rorum
530 1769 853 1819 vestrorum
870 1764 1089 1820 offensa
1099 1763 1492 1835 contigerit,id
1505 1767 1693 1817 vestra
1704 1765 1931 1816 tantum

318 1868 498 1906 manu
511 1853 704 1908 omnis
721 1869 921 1908 eorum
936 1854 1215 1908 correctio
1231 1853 1605 1907 maneat.Nec
1619 1853 1764 1906 ullus
1785 1868 1843 1905 se
1862 1850 1932 1904 de

317 1939 561 2012 his,quze
583 1942 757 1997 advos
780 1942 1094 2013 pertinent,
1118 1943 1239 1996 sine
1254 1945 1439 1996 vestra
1459 1942 1753 1996 voluntate
1771 1956 1933 1995 occa-

316 2027 477 2082 sione
493 2030 687 2101 aliqua
710 2030 1083 2096 intromittat,
1103 2033 1386 2101 quatenus
1398 2027 1818 2099 omnipotentis
1832 2025 1934 2081 Dei

316 2118 695 2186 speculationi
730 2118 927 2174 liberis
950 2118 1245 2173 mentibus
1274 2117 1570 2184 insistatis,
1620 2119 1679 2171 et
1706 2117 1781 2170 ad
1812 2116 1933 2186 ejus

314 2202 482 2259 faciei
495 2205 1012 2277 dulcedinem,ipso
1026 2208 1359 2277 praestante,
1369 2204 1667 2277 pervenire
1679 2204 1929 2258 valeatis.

316 2291 470 2347 Sane
484 2293 531 2347 si
553 2294 680 2365 quis
700 2294 760 2348 in
782 2294 1096 2349 crastinum
1120 2294 1583 2364 archiepiscopus
1597 2297 1698 2347 aut
1712 2292 1929 2363 episco-

317 2398 446 2453 pus,
464 2381 787 2453 imperator
814 2385 915 2436 aut
932 2399 1053 2450 rex,
1072 2382 1339 2454 princeps
1353 2385 1450 2437 aut
1464 2382 1596 2448 dux,
1626 2397 1820 2436 comes
1833 2382 1933 2433 aut

317 2470 684 2533 vicecomes,
738 2471 916 2542 judex
960 2474 1059 2525 aut
1107 2487 1356 2541 persona
1399 2470 1670 2541 quaelibet
1726 2471 1953 2540 potens.

316 2558 919 2629 autimpotens,hujus
944 2557 1419 2630 nostriprivilegii
1439 2557 1710 2629 paginam
1725 2556 1927 2623 sciens,

315 2648 521 2700 contra
547 2662 678 2701 eam
706 2650 926 2701 temere
950 2647 1146 2701 venire
1176 2646 1502 2713 tentaverit,
1535 2644 1785 2699 secundo
1812 2647 1927 2698 ter-

315 2732 470 2789 tiove
503 2735 917 2801 commonitus,
968 2733 1015 2789 si
1063 2750 1181 2789 non
1235 2733 1620 2788 satisfactione
1674 2748 1931 2803 congrua

317 2821 735 2889 emendaverit,
752 2838 887 2877 eum
911 2821 1149 2877 honoris
1159 2822 1243 2875 sui
1270 2825 1328 2875 et
1346 2821 1517 2876 ofﬁcii
1532 2820 1785 2891 periculo
1802 2820 1932 2874 sub-

308 2909 507 2980 jacere
524 2909 912 2977 decernimus,
932 2912 990 2965 et
1018 2927 1052 2964 a
1080 2909 1285 2964 Christi
1316 2913 1488 2981 atque
1520 2907 1779 2962 Ecclesiae
1802 2924 1927 2962 cor-

2033 1794 2447 1865 §XXX1V.Quz’d
2480 1802 2604 1864 post
2630 1790 2841 1863 factum
2891 1814 2924 1848 a
2965 1795 3193 1865 Rogen‘o
3246 1801 3433 1853 comite
3481 1802 3646 1853 eremi

2103 1863 2412 1941 Camurium
2454 1863 2791 1941 donationem
2838 1863 3072 1941 Sqnctus
3127 1871 3308 1938 egerit.
3365 1872 3461 1941 qui
3502 1871 3641 1925 hanc

2105 1936 2292 2012 deinde
2324 1936 2583 2012 Rogemus
2620 1937 2731 1990 dux
2776 1938 3128 2012 conﬁrmarit,
3157 1936 3509 2012 terminisque
3533 1941 3642 1995 Ro-

2101 2008 2278 2078 gerius
2308 2025 2475 2061 comes
2499 2009 2987 2079 circumscripserit.

2099 2115 2221 2168 570.
2253 2113 2566 2185 Rogerium
2584 2114 2880 2181 comitem,
2895 2131 3012 2170 non
3033 2117 3260 2171 tantum
3274 2116 3639 2173 Turritanam

2032 2216 2316 2268 eremum,
2349 2217 2549 2256 verum
2579 2202 2754 2256 etiam
2782 2203 3104 2271 ecclesiam,
3141 2205 3515 2260 sanctissimae
3535 2206 3639 2261 Dei

2031 2288 2298 2360 genitrici
2344 2289 2530 2344 Mariae
2586 2292 2900 2362 sanctoque
2957 2291 3252 2363 Stephano
3295 2310 3538 2362 sacram,
3575 2294 3633 2349 S.

2030 2377 2283 2431 Brunoni
2314 2378 2551 2449 ejusque
2581 2378 2748 2433 sociis
2777 2379 2971 2433 statim
3021 2383 3191 2451 atque
3228 2382 3332 2436 hos
3377 2382 3436 2436 in
3467 2399 3639 2454 specu

2029 2469 2260 2519 orantes
2300 2466 2621 2533 invenerat,
2685 2466 2927 2534 dedisse,
2986 2468 3413 2524 Blomcnvenna
3452 2470 3637 2525 verbis

2028 2569 2192 2607 num.
2227 2555 2329 2608 540
2359 2554 2469 2608 huc
2500 2554 2856 2626 transcriptis
2875 2554 3129 2611 indicare
3160 2556 3516 2625 videtur,nec
3565 2560 3637 2615 ab

2029 2658 2096 2695 eo
2125 2641 2233 2695 hac
2259 2641 2319 2695 in
2350 2658 2414 2695 re
2445 2644 2735 2697 Puteanus
2761 2646 2819 2697 et
2845 2642 3040 2698 Surius
3057 2644 3421 2700 dissentiunt.
3447 2648 3548 2701 Ast
3577 2646 3639 2701 id

2027 2744 2061 2783 a
2081 2744 2217 2783 vero
2248 2729 2504 2783 alienum
2538 2734 2796 2803 apparet.
2822 2732 2900 2785 Ea
2921 2731 3077 2785 enim
3112 2748 3360 2801 eremus,
3385 2750 3525 2801 non,
3575 2737 3639 2789 ut

2027 2815 2133 2886 ipsi
2159 2820 2400 2885 statunt,
2422 2834 2576 2873 anno
2612 2821 2767 2885 1095,
2802 2819 2901 2873 sed
2933 2836 3087 2874 anno
3124 2822 3259 2875 1090
3285 2820 3342 2875 S.
3382 2822 3637 2878 Brunoni

2027 2903 2262 2975 ejusque
2290 2904 2456 2959 sociis
2492 2905 2627 2960 data
2654 2906 2782 2973 fuit,
2813 2909 3065 2978 tuncque
3096 2909 3381 2976 nondum,
3405 2912 3467 2963 ut
3484 2910 3636 2966 vide-

316 3014 458 3068 pore
488 2997 830 3052 auctoritate
857 2996 1158 3067 potestatis
1182 2996 1510 3067 apostolicae
1530 3012 1923 3067 segregamus.
1948 2970 1995 3029 Ο
2026 2994 2141 3060 tur,
2175 2993 2495 3062 ecclesiam,
2533 3011 2659 3066 qum
2685 2995 2798 3048 sive
2817 2995 3190 3050 sanctissimas
3235 2997 3335 3050 Dei
3365 2998 3636 3055 Genitrici

320 3084 802 3140 Conservantibus
837 3087 1032 3139 autem
1064 3100 1172 3155 pax
1194 3101 1229 3138 a
1258 3087 1397 3151 Deo,
1430 3087 1488 3138 et
1533 3083 1929 3138 misericordia

318 3170 699 3242 praesentibus
729 3187 794 3225 ac
816 3170 1023 3226 futuris
1052 3172 1271 3226 saeculis
1300 3173 1687 3226 conservetur.
1716 3172 1924 3226 Amen.

317 3262 529 3314 Amen.
562 3260 769 3316 Amen.
804 3261 1014 3314 Datum
1045 3276 1149 3331 per
1174 3261 1661 3315 manumJoannis
1682 3259 1739 3314 S.
1774 3261 1838 3313 R.
1862 3262 1924 3314 Ε.

320 3346 551 3402 diaconi
577 3346 902 3414 cardinalis,
935 3348 1122 3418 pridie
1142 3348 1272 3403 Idus
1298 3348 1577 3416 Octobris,
1610 3348 1928 3403 indictione

314 3434 529 3507 prima,
573 3452 725 3489 anno
786 3436 1101 3491 Dominicaa
1148 3436 1566 3491 Incarnationis
1619 3435 1926 3490 millesimo

314 3523 697 3594 nonagesimo
733 3524 1006 3591 secundo,
1057 3524 1424 3596 pontiﬁcatus
1466 3527 1663 3578 autem
1704 3522 1927 3578 domini

318 3610 536 3667 Urbani
565 3612 799 3667 secundi
822 3629 975 3667 anno
1003 3612 1226 3684 quinto.
1261 3635 1289 3661 »

391 3701 514 3753 569.
549 3700 920 3767 Morkensius,
952 3717 983 3755 e
1012 3700 1170 3771 cujus
1201 3700 1610 3772 chronologico
1643 3700 1927 3771 diploma-

311 3787 430 3842 tica
440 3787 513 3842 de
530 3787 587 3843 S.
622 3790 890 3844 Brunone
911 3788 1171 3845 Diatriba
1195 3789 1505 3860 pontiﬁciae
1537 3790 1627 3844 ha
1646 3789 1862 3844 Urbani
1882 3790 1929 3843 ΙΙ

312 3876 522 3931 littera:
553 3876 916 3948 depromptae
963 3880 1117 3944 sunt,
1149 3880 1494 3948 sequentem
1544 3878 1694 3932 hanc
1735 3878 1928 3933 eidem

315 3965 761 4021 annotationem
785 3965 1100 4037 subjungit.
1130 3988 1158 4016 «
1185 3966 1342 4020 Bulla
1354 3966 1498 4033 haec,
1524 3966 1732 4038 inquit,
1747 3966 1927 4021 Urba-

314 4051 378 4107 ni
406 4054 453 4106 II
476 4054 750 4124 papm,uti
775 4054 847 4109 ab
878 4053 1037 4109 Italia
1063 4054 1454 4129 perscribitur,
1477 4057 1563 4109 est
1589 4054 1923 4125 deperdita;

316 4141 613 4212 exemplar
633 4144 833 4196 tamen
863 4142 984 4213 ejus
1006 4144 1188 4196 exstat
1208 4141 1267 4195 in
1279 4142 1622 4214 perantiquo
1644 4159 1751 4196 ms.
1775 4140 1929 4196 codi-

2026 3079 2139 3134 sive
2166 3079 2459 3153 Stephano
2490 3099 2652 3136 sacra
2672 3085 2836 3150 esset,
2868 3084 3380 3155 complectebatur.
3414 3087 3499 3141 Ita
3531 3104 3632 3142 au-

2027 3170 2211 3235 tumo,
2258 3170 2414 3240 quod
2474 3170 2655 3224 eremi
2707 3170 2855 3225 illius
2911 3166 3168 3237 ecclesia,
3222 3170 3279 3225 S.
3340 3172 3633 3245 Stephano

2027 3273 2208 3324 sacra,
2232 3257 2328 3310 diu
2352 3258 2629 3313 duntaxat
2659 3262 2807 3330 post,
2837 3258 2919 3313 uti
2949 3276 3015 3313 ex
3047 3258 3199 3314 infra
3251 3260 3507 3317 dicendis
3532 3278 3634 3333 pa-

2027 3347 2225 3412 tescet,
2258 3345 2430 3400 fuerit
2459 3350 2763 3415 exstructa;
2783 3347 3020 3403 ecclesia
3049 3364 3205 3417 vero,
3238 3366 3366 3421 quae
3396 3351 3634 3407 sanctis-

2027 3432 2188 3487 simae
2210 3433 2310 3487 Dei
2337 3434 2600 3505 genitrici
2633 3436 2820 3490 Mariae
2846 3453 3006 3490 sacra
3035 3439 3202 3504 esset,
3230 3441 3364 3492 ante
3390 3455 3640 3511 annum,

2027 3520 2109 3574 uti
2140 3521 2360 3592 pariter
2390 3538 2457 3576 ex
2496 3522 2649 3577 infra
2674 3524 2931 3578 dicendis
2969 3528 3243 3596 patescet,
3272 3528 3407 3581 1094
3443 3543 3640 3582 conse-

2027 3612 2184 3663 crata
2212 3626 2329 3664 non
2346 3609 2550 3678 fuerit;
2576 3611 2726 3664 unde
2748 3629 2900 3678 eam,
2932 3612 3179 3683 ipsomet
3204 3611 3413 3668 Sancto
3438 3619 3634 3670 nostro

2028 3700 2263 3751 curante
2281 3697 2575 3752 conditam
2589 3698 2780 3766 fuisse,
2802 3699 3322 3766 verosimillimum,
3350 3717 3422 3755 ne
3445 3702 3635 3758 dicam

2028 3784 2441 3853 indubitatum,
2474 3790 2735 3857 apparet.
2755 3788 2942 3840 Bruno
2967 3786 3200 3855 scilicet,
3233 3788 3337 3855 uti,
3365 3804 3497 3843 cum
3521 3790 3638 3861 pri-

2028 3890 2190 3927 mum
2223 3873 2584 3928 Carthusiam
2614 3873 2804 3928 fuerat
2856 3874 3166 3945 ingressus,
3225 3875 3525 3930 ecclesiam
3558 3876 3633 3932 ad

2026 3962 2311 4017 honorem
2368 3962 2492 4030 Dei,
2542 3962 2915 4024 sanctissimae
2967 3962 3069 4017 Dei
3118 3962 3415 4034 genitricis
3466 3966 3525 4018 et
3573 3964 3632 4020 S.

2024 4050 2261 4105 Joannis
2291 4051 2555 4122 Baptista:
2576 4050 2787 4105 exstrui
2814 4068 2881 4105 ex
2903 4067 3076 4122 supra
3104 4051 3268 4105 dictis
3297 4052 3531 4121 caravit,
3554 4052 3638 4109 ita

2026 4138 2202 4194 etiam
2228 4138 2289 4193 in
2308 4138 2582 4194 Calabriae
2596 4156 2814 4207 eremo,
2843 4156 2973 4194 cum
2992 4140 3142 4193 hanc
3170 4156 3205 4193 a
3219 4140 3466 4212 Rogerio
3484 4142 3637 4197 obti-

315 4228 519 4300 ce,qui
552 4228 902 4284 Breviarium
928 4229 1363 4302 privilegiorum
1391 4230 1596 4285 domus
1609 4229 1925 4286 Calabriae:
1951 4228 2003 4286 D
2026 4227 2261 4295 nuisset,
2294 4227 2419 4282 ﬁeri
2443 4227 2870 4283 verosimillime
2913 4227 3148 4286 curavit.
3192 4230 3379 4300 Atque
3421 4229 3480 4283 in
3527 4231 3636 4286 hac

312 4316 666 4372 inscribitur.
701 4320 764 4373 In
792 4335 860 4373 eo
891 4319 1263 4374 continentur
1305 4319 1505 4374 omnia
1536 4319 1834 4392 privilegia
1865 4319 1924 4373 in

313 4406 640 4485 menbrana
662 4408 1011 4479 conscripta,
1037 4426 1167 4481 qua:
1186 4409 1257 4463 ab
1289 4425 1442 4464 anno
1474 4411 1611 4464 1090
1642 4426 1819 4481 usque
1851 4409 1926 4464 ad

311 4513 536 4551 annum
565 4498 701 4551 l200
728 4496 861 4551 huic
886 4513 1084 4552 eremo
1113 4498 1329 4553 donata
1347 4498 1529 4552 fuere.
1563 4519 1591 4547 ››
1622 4498 1750 4552 Haec
1781 4498 1876 4553 ille
1905 4515 1919 4553 :

310 4600 388 4639 ne
418 4587 634 4651 autem,
666 4584 875 4655 quibus
912 4584 1167 4641 recitatae
1199 4585 1413 4641 Urbani
1438 4586 1646 4641 litterae
1686 4586 1921 4657 signan-

307 4673 431 4740 tur,
464 4675 630 4727 notas
644 4672 945 4728 chronicas
975 4690 1074 4728 seu
1106 4690 1327 4730 annum
1375 4676 1512 4731 1092
1566 4678 1624 4729 et
1652 4674 1919 4730 indictio-

308 4775 452 4816 nem
478 4760 744 4833 quintam
797 4761 1085 4817 decimam
1118 4780 1239 4818 sese
1275 4762 1428 4818 inter
1458 4780 1576 4818 non
1614 4763 1921 4819 convenire

307 4847 441 4919 quis
467 4851 652 4919 putet,
706 4866 928 4905 annum
959 4867 995 4905 a
1031 4851 1327 4919 Januario,
1368 4851 1750 4906 indictionem
1785 4868 1920 4907 vero

307 4935 383 4991 ab
416 4936 556 4991 anni
590 4937 973 5009 praacedentis
999 4941 1097 4993 aut
1142 4938 1500 5010 Septembris
1540 4939 1704 4994 initio
1757 4957 1921 4996 more

304 5023 659 5095 Graecorum,
679 5028 778 5081 aut
797 5030 951 5082 certe
967 5043 1061 5082 vni
1084 5028 1207 5082 Kal.
1240 5027 1500 5083 Octobris
1513 5044 1613 5083 seu
1628 5045 1753 5082 xxiv
1780 5028 1921 5100 Sep-

305 5113 549 5168 tembris
566 5115 657 5170 die
670 5118 1009 5186 computare
1032 5117 1293 5171 Urbanus
1307 5117 1543 5189 incepit,
1559 5134 1589 5173 e
1607 5117 1790 5173 tribus
1806 5119 1924 5173 vul-

306 5200 456 5272 gatis
475 5201 857 5257 indictionum
871 5204 1179 5275 generibus
1194 5204 1669 5261 Constantianam
1692 5224 1790 5262 seu
1808 5207 1925 5263 Cas-

304 5305 533 5345 saream
564 5295 808 5346 secutus.
832 5292 1034 5365 Liquet
1065 5292 1125 5348 id
1154 5310 1184 5348 e
1215 5293 1497 5349 diversisa
1523 5295 1793 5365 pontifice
1809 5298 1920 5352 hoc

305 5376 456 5433 datis
483 5378 673 5447 bullis,
702 5396 768 5435 ac
790 5381 1163 5451 nominatim,
1191 5385 1254 5437 ut
1291 5383 1543 5455 reliquas
1567 5384 1859 5453 omittam,
1888 5400 1922 5439 e

303 5466 465 5525 bulla
492 5466 626 5538 alia,
655 5467 718 5525 in
740 5466 798 5526 S.
824 5470 1112 5529 Brunoni:
1134 5469 1395 5527 favorem
1421 5486 1576 5528 anno
1610 5473 1746 5531 1098
1777 5491 1919 5532 con-

2026 4317 2261 4390 quidem
2292 4316 2566 4389 opinione
2595 4318 2845 4372 maxime
2905 4318 3220 4373 conﬁrmor
3248 4335 3316 4373 ex
3359 4336 3426 4374 eo
3478 4321 3637 4392 quod

2024 4406 2303 4477 Rogerius
2333 4423 2526 4461 comes
2561 4405 2621 4460 in
2662 4407 2863 4461 charta
2904 4424 3079 4478 supra
3128 4408 3240 4462 huc
3264 4408 3633 4481 transcripta,

2023 4511 2137 4566 qua
2155 4494 2445 4566 prafatam
2463 4494 2830 4549 Calabrinam
2844 4511 3108 4551 eremum
3127 4496 3184 4551 S.
3205 4497 3460 4552 Brunoni
3483 4498 3634 4569 ejus-

2022 4599 2134 4654 que
2165 4581 2329 4637 sociis
2350 4583 2529 4650 dedit,
2561 4582 2845 4651 Ecclesize,
2874 4600 3001 4655 qua:
3028 4583 3089 4638 in
3129 4584 3237 4639 hac
3257 4584 3633 4643 sanctissima:

2021 4670 2123 4727 Dei
2154 4670 2419 4743 genitrici
2445 4687 2607 4727 sacra
2632 4674 2799 4740 esset,
2833 4688 2952 4727 non
3004 4672 3361 4741 meminerit,
3395 4674 3632 4747 ejusque

2021 4759 2418 4828 nihilominus,
2449 4762 2645 4830 utpote
2658 4760 2841 4815 eremi
2873 4777 3023 4833 pene
3042 4759 3271 4816 incultae
3285 4778 3350 4816 ac
3366 4761 3629 4832 desertae,

2022 4864 2197 4919 quam
2228 4847 2615 4903 instrumento
2651 4848 2750 4904 illo
2786 4849 3041 4903 Brunoni
3071 4849 3373 4922 impertiit,
3396 4853 3628 4920 partem

2018 4936 2373 5009 praecipuam
2399 4937 2821 5005 constituentis,
2855 4937 3218 4992 mentionem
3265 4938 3626 4995 verosimilli-

2021 5043 2137 5094 me,
2166 5026 2212 5081 si
2234 5026 2362 5097 jam
2384 5029 2511 5081 tum
2538 5025 2860 5094 exstitisset,
2886 5026 3140 5081 facturus
3163 5024 3335 5080 fuisse
3347 5025 3629 5087 videatur.

2094 5119 2217 5171 571.
2253 5117 2430 5170 Porro
2462 5116 2522 5169 in
2551 5116 2734 5169 altera
2760 5114 2978 5180 charta,
3010 5113 3161 5168 infra
3212 5113 3325 5169 huc
3360 5116 3630 5171 transcri-

2019 5204 2213 5259 benda
2266 5220 2537 5277 annoque
2589 5205 2724 5258 1099
2755 5220 2823 5258 ex
2872 5202 3130 5257 dicendis
3170 5202 3323 5271 data,
3384 5203 3630 5262 indicari

2020 5291 2273 5360 invenio,
2307 5293 2464 5365 quod
2494 5294 2651 5359 tunc,
2684 5294 2815 5345 eum
2850 5306 3076 5344 eremus
3103 5290 3407 5346 Calabrina
3420 5290 3631 5347 Sancto

2020 5379 2280 5453 primum
2296 5382 2432 5438 data
2440 5378 2893 5452 fuisset,gestum
2907 5379 3358 5454 videtur,hicque
3382 5380 3630 5453 proinde

2018 5469 2441 5531 recensendum
2476 5468 2579 5523 est.
2615 5467 2682 5525 In
2727 5469 2834 5526 hac
2880 5467 3076 5542 itaque
3106 5469 3303 5528 charta
3353 5468 3630 5542 Rogerius
