4066 6032
354 290 485 360 '353

1956 307 2136 363 ACTA

3598 330 3702 387 354

379 445 502 485 non
523 428 697 521 facile
711 432 774 521 ut
795 429 991 521 spuria
1010 429 1327 521 rejicienda
1344 430 1481 521 sint,
1513 429 1752 521 fierique
1791 429 1990 521 possit,
2014 435 2070 496 Α
2167 434 2289 521 575.
2326 432 2537 488 Verum
2563 449 2693 490 cum
2719 436 2811 491 hic
2841 437 3084 511 scriptor
3113 442 3282 513 dicat,
3302 444 3361 501 in
3390 447 3510 521 ipso
3533 456 3696 513 ante-

299 534 316 550 ί
380 522 445 574 ut
467 521 556 574 vel
583 519 643 574 in
671 519 855 575 dictos
894 520 1255 576 characteres
1285 520 1586 576 chronicos
1624 520 1994 576 librariorum

378 609 520 665 vitio
552 625 718 664 error
747 608 1062 680 irrepserit,
1096 610 1186 665 vel
1244 613 1309 665 ut
1338 610 1595 677 tabellio,
1632 610 1729 682 qui
1762 608 1993 681 Rogerii

380 697 540 753 ducis
546 699 709 769 jussu
736 698 1192 754 instrumentum
1206 698 1295 753 hic
1313 702 1702 753 memoratum
1720 698 1991 765 exaravit,

380 804 571 842 annos
594 786 822 855 Christi,
839 804 957 842 non
977 787 1347 853 aNativitate,
1372 789 1433 841 ut
1454 787 1841 842 communiter
1870 786 1997 841 ﬁeri

378 877 615 941 assolet,
638 876 740 931 sed
766 876 1107 931 Pisanorum
1123 892 1285 931 more
1299 876 1371 931 ab
1396 876 1998 947 Incarnatione,prout

376 965 506 1020 hac
536 963 905 1019 Nativitatem
926 980 1135 1019 novem
1162 964 1454 1019 mensibus
1470 964 1776 1035 praecessit,
1791 980 1995 1018 nume-

377 1053 554 1123 rarit;
591 1070 704 1125 qua
723 1054 1100 1124 computandi
1134 1053 1411 1108 methodo
1441 1054 1512 1107 ab
1536 1052 1671 1107 anni
1693 1056 1827 1108 1093
1840 1052 1996 1123 vige-

380 1142 533 1197 sima
559 1141 762 1214 quinta
781 1141 966 1196 Martii
998 1140 1091 1196 die
1112 1158 1212 1196 seu
1241 1140 1613 1196 sanctissima
1646 1139 1999 1196 DeiGenitri—

384 1230 465 1285 cis
496 1230 969 1285 Annuntiationis
1029 1230 1175 1286 festo
1227 1247 1413 1284 annus
1472 1230 1543 1284 ab
1594 1229 1997 1284 Incarnatione

384 1318 618 1376 Domini
654 1321 789 1375 1094-
823 1318 953 1391 jam
997 1323 1120 1375 erat
1174 1319 1233 1374 in
1267 1336 1455 1386 cursu,
1489 1318 1850 1391 cucurritque
1893 1336 1998 1390 per

382 1408 671 1481 reliquam
698 1409 957 1480 ejusdem
989 1408 1125 1463 anni
1152 1411 1284 1464 1093
1315 1411 1564 1479 partem,
1591 1407 1999 1481 sequentisque

384 1497 545 1553 idem
580 1496 958 1552 sanctissima
984 1496 1086 1551 Dei
1118 1496 1417 1551 Genitricis
1444 1496 1676 1551 festum.

460 1586 822 1658 574.0pponi
847 1585 1084 1658 quidem
1101 1585 1193 1639 hic
1215 1587 1423 1657 potest,
1447 1586 1598 1641 hanc
1626 1584 2000 1656 computandi

388 1692 577 1732 annos
628 1673 834 1730 Christi
878 1674 1223 1730 methodum
1264 1675 1512 1746 Rogerio
1562 1674 1691 1730 duci
1730 1674 2001 1728 usitatam

2095 520 2451 613 graphotuti
2467 538 2511 613 ge
2537 522 2762 613 litteris,
2786 542 2854 581 ex
2877 528 3056 597 Italia,
3074 528 3133 585 id
3160 534 3263 601 est,
3283 520 3564 608 quantum
3580 543 3699 613 opi-

2096 607 2247 676 nior,
2267 626 2297 662 e
2330 608 2630 666 Carthusia
2664 612 2975 671 Calabrina
3010 621 3273 690 acceptis,
3314 623 3530 695 didicit,
3563 607 3700 688 cum

2096 713 2249 789 anno
2265 699 2403 789 1094
2415 697 2791 789 indictionem
2813 706 2833 757 1
2869 707 3397 780 componi,ipsimet
3409 730 3700 789 anonymo

2093 785 2897 845 AnnaliumCarthusiensium
2910 794 3129 848 auctori
3143 801 3541 871 apographum
3554 785 3709 861 erro-

2096 889 2271 965 neum
2298 875 2677 965 verosimilius
2700 880 3053 950 praluxerit.
3081 884 3152 938 Ut
3178 887 3240 938 ut
3265 887 3356 955 sit,
3388 905 3521 945 cum
3540 888 3700 965 equi-

2097 960 2232 1015 dem
2262 963 2346 1016 vel
2363 963 2515 1017 hunc
2532 965 2870 1037 scriptorem
2896 973 3213 1041 sequendo,
3231 976 3316 1029 vel
3347 993 3533 1034 annos
3554 960 3710 1037 Chri-

2097 1049 2166 1102 sti
2181 1051 2554 1122 computandi
2569 1055 2910 1111 methodum
2929 1058 3196 1115 Pisanam
3216 1062 3274 1117 in
3293 1064 3710 1138 diplomate,de

2098 1154 2210 1227 quo
2226 1138 2946 1213 hic,admittendo,omnis,
2971 1163 3084 1218 qua
3098 1148 3155 1203 id
3173 1130 3436 1208 laborare
3455 1130 3703 1227 videtur,

2098 1225 2401 1281 difﬁcultas
2430 1228 2840 1301 chronologica
2871 1240 3188 1307 evanescat,
3221 1239 3600 1311 rejiciendum
3629 1225 3704 1303 ob

2096 1314 2244 1368 hanc
2258 1332 2376 1369 non
2390 1317 2617 1388 est.Ego
2632 1318 2862 1374 interim
2875 1322 3135 1379 chartam
3148 1326 3532 1395 illam,contra
3542 1350 3713 1405 quam

2098 1418 2328 1474 quoque
2356 1420 2423 1458 ex
2449 1405 2665 1474 Adela,
2697 1407 2854 1462 ducis
2887 1410 3118 1482 Rogerii
3145 1415 3356 1485 uxoris,
3391 1420 3631 1475 nomine
3659 1422 3713 1478 ei

2100 1489 2316 1581 incluso
2350 1490 2491 1546 nihil
2520 1510 2685 1564 posse
2710 1496 2897 1567 objici,
2927 1516 2957 1553 e
2984 1500 3148 1556 dictis
3176 1521 3340 1558 num.
3375 1508 3476 1562 557
3508 1508 3710 1581 liquet.

2100 1578 2209 1633 hoc
2240 1580 2362 1634 loco
2390 1583 2807 1638 recensendam
2838 1585 2990 1656 duxi,
3019 1591 3174 1660 quod
3200 1578 3597 1666 verosimilius,
3629 1583 3714 1654 uti

2105 1682 2173 1720 ex
2193 1666 2322 1737 jam
2353 1668 2515 1723 dictis
2536 1685 2790 1740 pronum
2833 1678 2920 1728 est
2951 1693 3175 1745 eruere,
3205 1696 3361 1735 anno
3402 1686 3534 1738 1093
3578 1686 3714 1744 data

384 1765 585 1832 fuisse,
604 1763 774 1820 nullis
798 1764 1061 1831 omnino,
1086 1780 1213 1836 qua
1226 1763 1349 1834 ejus
1372 1764 1609 1819 nomine
1641 1765 1727 1817 vel
1776 1763 1834 1816 in
1863 1762 2003 1816 Sici-
2023 1761 2075 1819 B
2105 1754 2197 1822 Sit,
2229 1755 2493 1828 forteque
2519 1759 2662 1814 adeo
2697 1761 2871 1815 etiam
2895 1768 3252 1833 praecesserit
3276 1770 3539 1827 chartam
3569 1775 3712 1830 alte-
3796 1790 3799 1791 ν

386 1854 468 1911 lia
496 1856 583 1909 vel
604 1854 667 1908 in
699 1852 961 1909 Calabria
981 1853 1115 1908 data
1134 1851 1369 1921 fuerint,
1403 1852 1812 1924 diplomatibus
1839 1866 2005 1923 posse

386 1942 1267 2015 probari;verum,praterquam
1292 1942 1444 2013 quod
1458 1941 1811 1995 contrarium
1827 1939 2005 1994 etiam

388 2032 625 2106 probari
655 2030 1064 2104 diplomatibus
1098 2029 1429 2102 hujusmodi
1465 2046 1582 2084 non
1629 2028 1823 2101 possit,
1881 2026 2006 2083 ﬁeri

389 2124 602 2193 potest,
638 2124 702 2199 ut
714 2119 978 2191 quamvis
993 2118 1169 2174 etiam
1185 2118 1243 2173 in
1259 2117 1518 2173 Calabria
1530 2120 1587 2172 et
1618 2116 1810 2172 Sicilia
1823 2131 2007 2171 annos

392 2210 602 2267 Christi
639 2226 673 2264 a
701 2207 1008 2264 Nativitate
1038 2208 1087 2279 ej
1100 2226 1179 2273 us,
1212 2207 1392 2275 aut,si
1426 2205 1625 2273 mavis,
1679 2223 1713 2260 a
1736 2204 2007 2259 Kalendis

387 2297 645 2355 Januarii
670 2301 728 2353 et
752 2297 1031 2369 Rogerius
1057 2298 1170 2353 dux
1200 2298 1258 2351 et
1281 2295 1541 2367 plerique
1572 2294 1667 2349 alii
1695 2309 2005 2348 numerare

389 2387 739 2459 inciperent,
773 2386 1004 2442 tabellio
1026 2388 1245 2452 tamen,
1268 2383 1366 2457 qui
1389 2383 1647 2455 diploma
1671 2399 1771 2437 seu
1798 2381 2007 2436 instru-

390 2478 681 2542 mentum,
717 2475 786 2529 de
819 2491 932 2546 quo
966 2474 1081 2541 hic,
1116 2472 1387 2539 exaravit,
1421 2470 1796 2544 computandi
1823 2485 2006 2536 annos

391 2564 601 2620 Christi
631 2564 873 2619 modum
890 2562 1082 2618 minus
1096 2561 1273 2616 etiam
1295 2560 1509 2617 ibidem
1539 2559 1811 2614 usitatum
1831 2557 2006 2612 fuerit

389 2656 637 2710 secutus.
672 2652 843 2719 Sane,
867 2651 970 2707 etsi
1003 2650 1061 2705 in
1093 2648 1469 2704 numerandis
1501 2647 1708 2703 Christi
1728 2645 1895 2701 annis
1917 2644 2001 2699 Si-

392 2742 523 2798 cilia
554 2742 715 2808 olim,
758 2742 961 2795 contra
992 2755 1056 2794 ac
1103 2736 1397 2793 Zanottius
1452 2736 1513 2790 in
1565 2737 1831 2790 contexta
1861 2750 1894 2787 a
1944 2749 2004 2786 se

395 2830 456 2885 S.
486 2828 771 2885 Brunonis
799 2828 929 2882 Vita
976 2844 1101 2899 cap.
1167 2828 1230 2881 16
1276 2826 1416 2891 vult,
1465 2840 1498 2877 a
1536 2820 1833 2878 communi
1864 2820 2003 2875 alio-

394 2936 527 2973 rum
557 2934 722 2972 more
768 2933 888 2971 non
948 2915 1285 2980 discederet,
1330 2912 1376 2967 is
1403 2915 1620 2978 tamen,
1652 2912 1713 2966 ut
1741 2909 2003 2963 laudatus

392 3007 651 3063 Bocchus
675 3006 867 3062 Pirrus
898 3004 959 3059 in
993 3003 1252 3058 Ecclesia
1287 3001 1712 3057 Panormitana
1741 2996 1954 3052 Notitia
1983 3013 1999 3050 1

394 3097 470 3151 ad
486 3102 707 3150 annum
731 3095 866 3149 1144
898 3093 1086 3159 docet,
1104 3091 1162 3146 in
1193 3091 1573 3145 tabellionum
1604 3084 2001 3142 instrumentis

394 3202 575 3257 usque
612 3184 681 3239 ad
707 3181 998 3255 scriptoris
1028 3181 1197 3252 hujus
1225 3183 1458 3235 atatem
1492 3194 1617 3232 mos
1646 3175 1844 3247 viguit,
1882 3196 1910 3224 «
1942 3174 2006 3227 ut

394 3274 535 3331 anni
564 3272 793 3328 initium
816 3273 1138 3326 statuerent
1167 3268 1274 3341 ipsi
1305 3268 1397 3323 die
1426 3284 1530 3322 xxv
1562 3265 1766 3330 Martii,
1794 3263 1926 3319 liciet
1974 3278 2009 3315 a

396 3362 668 3418 Kalendis
691 3360 944 3416 Januarii
971 3361 1353 3414 numerarent
1382 3356 1626 3429 populus
1652 3354 1769 3408 imo
1794 3354 1851 3407 et
1882 3367 2006 3405 ma-

401 3454 678 3527 gistratus
712 3469 725 3520 ;
753 3450 848 3506 ubi
866 3465 1003 3521 ergo
1017 3445 1499 3513 nosdicimus,die
1514 3461 1648 3499 xvm
1672 3443 1835 3497 Febr.
1871 3438 2008 3494 anni

402 3546 558 3610 1630,
592 3540 866 3597 dixissent
924 3537 1031 3611 ipsi
1087 3537 1179 3592 die
1218 3553 1347 3591 xvui
1405 3535 1571 3589 Febr.
1614 3531 1747 3587 anni
1786 3532 1940 3584 1629.
1976 3549 2004 3577 »

399 3629 907 3698 Quemadmodum
933 3644 1074 3698 ergo
1102 3623 1540 3689 tabelliones,dc
1559 3621 1763 3694 quibus
1778 3618 2011 3673 hicRoc—

397 3722 557 3788 chus,
602 3734 785 3774 annos
824 3715 1052 3782 Christi,
1110 3731 1228 3769 non
1256 3731 1290 3767 a
1320 3711 1646 3776 Nativitate,
1678 3708 1778 3762 sed
1808 3707 2010 3761 contra

397 3811 699 3882 receptum
728 3821 957 3861 morem
986 3804 1057 3858 ab
1085 3799 1488 3858 Incarnatione
1520 3795 1797 3852 trimestri
1827 3791 2009 3866 spatio

400 3898 764 3954 Nativitatem
791 3891 1201 3964 subsequendo
1230 3889 1638 3953 numerarunt,
1687 3886 1765 3940 ita
1788 3898 2014 3938 eorum-

402 3989 537 4043 dem
563 3987 901 4055 computum
932 3996 1142 4036 novem
1174 3977 1489 4045 mensibus,
1516 3975 1596 4031 uti
1626 3990 1756 4030 vere
1784 3973 2008 4041 accidit,

401 4077 551 4131 hanc
576 4070 974 4147 pravertendo
1007 4069 1403 4139 calculumque
1419 4065 1690 4122 Pisanum
1716 4062 2011 4136 sequendo

404 4165 476 4220 ab
496 4160 899 4218 Incarnatione
915 4176 1015 4215 seu
1035 4157 1312 4229 vigesima
1333 4154 1535 4227 quinta
1558 4152 1740 4209 Martii
1757 4152 1849 4208 die
1868 4151 2015 4207 inire

403 4252 611 4326 potuit,
640 4250 740 4323 qui
757 4265 935 4320 supra
956 4246 1280 4311 recitatam,
1304 4244 1375 4300 de
1396 4260 1510 4315 qua
1525 4242 1637 4309 hic,
1660 4240 1889 4313 Rogerii
1911 4241 2014 4295 du-

2105 1844 2387 1911 ram,hoc
2416 1844 2539 1916 ipso
2588 1864 2742 1902 anno
2784 1849 2960 1905 etiam
3010 1852 3227 1922 datam,
3272 1873 3386 1929 qua
3435 1860 3713 1932 Rogerius

2106 1947 2300 1986 comes
2327 1932 2555 1987 donata
2586 1952 2620 1990 a
2649 1952 2707 1990 se
2750 1939 2921 1993 antea
2968 1939 3025 1994 S.
3085 1942 3340 1999 Brunoni
3391 1946 3713 2008 Calabrina

2107 2035 2305 2113 eremo
2321 2020 2603 2113 terminos
2633 2023 2960 2095 assignavit,
2996 2028 3488 2106 donationamque
3530 2039 3716 2113 magis

2108 2108 2362 2162 ﬁrmavit
2389 2126 2452 2163 ac
2483 2112 2799 2182 ampliavit,
2825 2114 3007 2172 Lubet
3038 2120 3095 2171 et
3125 2117 3286 2175 illam
3315 2124 3441 2177 tum
3468 2125 3608 2181 alias
3634 2108 3712 2184 ob
3746 2136 3752 2141 ’

2106 2213 2323 2264 causas,
2347 2199 2472 2253 tum
2522 2199 2774 2256 maxime
2822 2220 2896 2257 ne
2942 2203 3214 2277 deinceps
3262 2210 3352 2263 vel
3404 2210 3712 2270 Mabillonii

2106 2285 2368 2356 exemplo
2396 2301 2526 2339 cum
2548 2287 2885 2362 charta,qua
2911 2309 3172 2348 eremum
3190 2294 3349 2351 illam
3373 2297 3583 2356 Sancto
3600 2303 3713 2359 Ro-

2106 2372 2300 2444 gerius
2324 2390 2516 2428 comes
2535 2375 2790 2446 primum
2820 2378 3061 2451 largitus
3091 2385 3197 2446 est,
3229 2400 3260 2439 a
3291 2387 3564 2458 quopiam
3577 2406 3716 2445 con-

2102 2460 2400 2529 fundatur,
2439 2463 2524 2517 vel
2554 2464 2870 2534 pretiosum
2893 2468 3248 2541 antiquitatis
3269 2481 3717 2537 monumentum

2104 2549 2355 2605 studioso
2402 2551 2603 2606 lectori
2635 2553 3081 2613 desiderandum
3111 2558 3494 2633 relinquatur,
3557 2565 3707 2622 inte-

2103 2653 2271 2708 gram
2288 2638 2399 2692 huc
2410 2640 3201 2715 transcribere.Sequentibus
3215 2648 3368 2705 hisce
3390 2653 3574 2709 verbis
3586 2672 3720 2711 con-

2104 2725 2340 2797 cipitur:
2390 2729 2503 2781 «In
2551 2728 2789 2783 nomine
2837 2735 3048 2787 sancta
3076 2733 3384 2793 individua
3426 2740 3716 2800 Trinitatis

2104 2813 2602 2885 Rogerius,divina
2614 2816 2922 2872 clementia
2937 2834 3129 2874 comes
3146 2820 3419 2880 Calabria
3432 2827 3715 2888 etSicilia:

2106 2905 2312 2957 notum
2345 2902 2416 2956 sit
2445 2902 2714 2958 omnibus
2729 2905 2936 2960 Christi
2960 2908 3283 2981 nostrisque
3322 2911 3585 2972 ﬁdelibus
3598 2922 3719 2977 tam

2109 2989 2336 3057 futuris,
2371 3007 2545 3062 quam
2576 2992 2973 3062 prasentibus,
3006 2997 3281 3067 quoniam
3304 3000 3599 3061 miseratio
3630 3008 3717 3062 di-

2110 3080 2242 3134 vina
2263 3083 2473 3134 sancta
2493 3079 2789 3152 religionis
2818 3082 2982 3137 viros.
3020 3084 3347 3142 Brunonem
3380 3091 3640 3150 videlicet
3664 3101 3724 3153 et

2106 3168 2427 3223 Lanvinum
2453 3184 2583 3222 cum
2617 3169 2780 3224 sociis
2808 3170 2940 3238 suis,
2956 3171 3029 3226 ad
3048 3190 3153 3228 nos
3172 3192 3352 3247 usque
3378 3181 3719 3253 transmisit,

2106 3259 2302 3313 sancto
2364 3272 2465 3310 suo
2529 3257 2822 3329 proposito
2879 3263 3078 3331 aptum
3153 3263 3475 3321 solitudinis
3527 3270 3721 3328 locum

2109 3347 2453 3419 quaerentes;
2490 3361 2738 3417 quorum
2770 3362 2874 3399 nos
2934 3346 3219 3404 desiderio
3265 3354 3717 3429 congaudentes,

2108 3434 2444 3506 meritisque
2464 3434 2668 3488 talium
2699 3450 2764 3489 ac
2796 3434 3059 3506 precibus
3074 3437 3228 3508 apud
3258 3440 3441 3496 Deum
3462 3443 3720 3516 adjuvari

2109 3523 2484 3588 conﬁdentes,
2515 3523 2710 3577 multis
2769 3539 2867 3577 eos
2897 3524 3181 3581 exhortati
3212 3544 3407 3584 sumus
3430 3533 3718 3603 precibus,

2110 3613 2172 3665 ut
2198 3611 2255 3664 in
2288 3614 2443 3665 terra
2465 3613 2661 3664 nostra
2690 3611 2879 3665 locum
2910 3611 3017 3668 sibi
3049 3613 3302 3670 habilem
3334 3616 3637 3691 eligerent,
3660 3622 3722 3680 in

2110 3716 2222 3773 quo
2249 3699 2323 3753 ad
2353 3698 2719 3753 serviendum
2750 3700 2890 3768 Deo,
2924 3701 3117 3772 qualia
3141 3705 3371 3772 vellent,
3398 3706 3726 3766 habitacula

2111 3790 2529 3861 prapararent.

2181 3880 2305 3944 576,
2338 3898 2366 3927 ‹‹
2396 3876 2707 3947 Elegerunt
2737 3874 2930 3947 itaque
2952 3876 3268 3948 quemdam
3296 3879 3618 3940 solitudinis
3636 3886 3721 3943 lo-

2111 3983 2264 4034 cum,
2293 3964 2466 4020 situm
2494 3963 2648 4018 inter
2678 3963 2889 4032 locum,
2922 3963 3020 4036 qui
3057 3963 3263 4023 dicitur
3292 3968 3502 4040 Arena,
3536 3975 3595 4027 et
3619 3990 3724 4048 op-

2111 4054 2334 4127 pidum,
2368 4052 2524 4124 quod
2547 4052 2872 4122 appellatur
2911 4051 3139 4107 Stilum.
3175 4055 3335 4111 Hunc
3364 4074 3504 4130 ergo
3532 4062 3725 4122 locum

2116 4146 2174 4198 et
2204 4142 2403 4199 omnia
2433 4141 2492 4197 in
2539 4140 2777 4196 circuitu
2801 4140 3125 4212 adiacentia
3171 4144 3230 4198 in
3276 4146 3523 4217 spatium
3561 4151 3728 4209 unius

2114 4234 2299 4306 leuga
2338 4231 2461 4299 [al.,
2493 4231 2669 4285 leuca
2700 4230 2785 4284 hic
2814 4236 2864 4284 et
2894 4231 3068 4300 infra]
3097 4233 3214 4287 Deo
3247 4236 3305 4287 et
3328 4233 3512 4291 beata
3537 4238 3727 4297 Maria

403 4311 483 4398 eis
509 4311 770 4396 chartam
829 4334 1158 4408 concripsit.
1220 4333 1386 4398 Quod
1442 4332 1488 4386 si
1542 4332 1737 4385 autem
1759 4311 1883 4384 iille
1938 4328 2018 4387 ita
2040 4311 2092 4370 Ῑ)
2116 4338 2182 4376 ac
2212 4321 2347 4393 ipsis
2378 4335 2696 4392 eorumque
2730 4318 3151 4374 successoribus
3195 4319 3255 4375 in
3286 4323 3727 4398 pr0prietatem,

403 4430 595 4503 reipsa
620 4444 804 4485 annos
826 4424 1032 4482 Christi
1062 4421 1409 4488 numeravit,
1453 4418 1628 4474 fuerit
1654 4418 1777 4472 hac
1815 4434 2016 4473 secun-

407 4519 549 4574 dum
602 4516 884 4572 calculum
940 4527 1315 4569 communem
1337 4525 1515 4575 anno,
1557 4509 1623 4561 ut
1652 4505 2020 4561 considerant

408 4606 650 4681 patebit,
705 4606 841 4660 1093
870 4604 1005 4657 ante
1036 4599 1444 4672 Septembrem
1504 4610 1793 4662 concessa,
1826 4593 2019 4666 sicque

408 4694 789 4751 indictionem
821 4707 952 4748 cum
974 4706 1150 4756 anno,
1182 4704 1295 4761 quo
1317 4702 1450 4741 vere
1471 4684 1606 4740 data
1618 4682 1745 4751 fuit,
1760 4698 2022 4754 pugnan-

408 4788 532 4840 tem
554 4780 1207 4854 baudpraferet.Porro
1227 4776 1428 4831 charta
1440 4773 1540 4829 illa
1554 4771 1865 4827 Annalium
1884 4771 2020 4826 Car-

410 4871 798 4929 thusiensium
827 4868 928 4924 lib.
972 4885 1023 4923 1v
1067 4867 1346 4922 hactenus
1392 4879 1512 4918 non
1542 4861 1772 4933 vulgato
1794 4858 2023 4931 integra

409 4960 845 5032 exstat,ibique,
887 4956 970 5013 uti
1000 4973 1068 5012 ex
1100 4953 1339 5020 notitiis,
1387 4969 1421 5007 a
1451 4949 1828 5006 Carthasiano
1859 4948 2019 5004 Pari-

407 5050 582 5107 siensi
599 5047 914 5123 saepissime
935 5044 1168 5102 laudato
1189 5042 1332 5098 mihi
1344 5038 1640 5096 submissis
1665 5038 1840 5107 disco,
1864 5054 2018 5093 anno

413 5141 573 5208 1094,
608 5135 979 5194 indictione2
1032 5133 1168 5189 data
1204 5132 1467 5186 notatur:
1525 5126 1681 5200 quod
1725 5124 1771 5180 si
1824 5128 2019 5181 autem

410 5229 565 5285 notis
582 5227 738 5283 hisce
771 5223 1056 5280 chronicis
1085 5222 1298 5277 charta
1330 5217 1757 5289 autographum
1786 5230 1918 5269 vere
1947 5214 2020 5269 sit

409 5317 724 5382 munitum,
757 5315 915 5371 nulla
945 5312 1115 5386 plane
1134 5310 1212 5375 id,
1237 5325 1368 5363 cum
1398 5305 1635 5362 indictio
1663 5308 1860 5359 2anno
1886 5304 2021 5359 1094

409 5407 714 5480 congruat,
742 5403 1075 5459 difﬁcultate
1107 5395 1518 5467 chronologica
1545 5392 1789 5460 laborat,
1821 5406 2022 5480 conse-

412 5479 709 5570 quensque
733 5497 835 5560 est,
868 5496 932 5550 ut
961 5490 1023 5547 in
1044 5487 1195 5544 illius
1211 5481 1548 5557 exemplari,
1582 5481 1739 5552 quod
1763 5479 2028 5540 Morken-

413 5585 496 5643 sio
529 5582 806 5658 praluxit,
836 5596 1004 5641 error
1028 5573 1308 5633 cubuerit.

2115 4411 2260 4466 sicut
2286 4411 2483 4464 nostra
2510 4408 2764 4474 fuerunt,
2815 4407 2920 4462 sub
2951 4407 3113 4463 omni
3158 4407 3531 4468 immunitate
3558 4419 3732 4491 atque

2116 4500 2382 4556 libertate
2415 4495 2757 4551 donavimus
2782 4511 2913 4549 cum
2927 4496 3194 4552 omnibus
3222 4499 3396 4555 rebus
3416 4500 3569 4559 infra
3589 4506 3729 4576 sitis,

2118 4587 2308 4655 terris,
2342 4584 2510 4653 silvis,
2537 4584 2720 4656 aquis,
2750 4583 2975 4654 pascuis
2994 4600 3057 4639 ac
3073 4585 3293 4641 caeteris
3315 4590 3585 4647 omnibus
3613 4596 3733 4650 cul-

2120 4679 2190 4734 tis
2218 4678 2305 4732 vel
2334 4674 2583 4742 incultis,
2606 4673 2914 4730 mobilibus
2934 4675 3020 4729 vel
3048 4674 3460 4735 immobilibus.
3496 4681 3734 4754 Rogavi-

2119 4784 2246 4824 mus
2265 4766 2503 4843 insuper
2531 4762 2921 4819 venerabilem
2950 4763 3157 4833 virum,
3206 4765 3560 4822 Melitensem
3588 4772 3732 4843 epis~

2121 4872 2332 4929 ecpum
2363 4852 2700 4923 Gofredum,
2727 4870 2899 4926 super
2913 4852 3022 4908 hac
3049 4853 3364 4910 donatione
3381 4857 3576 4910 nostra
3600 4873 3735 4915 con-

2120 4941 2466 4999 ﬁrmationis
2490 4942 2752 4996 chartam
2783 4940 3163 5008 conscribere,
3189 4956 3364 5012 quam
3392 4939 3567 4995 etiam
3583 4944 3740 5016 sigil.

2118 5032 2379 5089 lavimus.
2414 5030 2528 5086 Sed
2557 5046 2690 5085 cum
2724 5030 2923 5100 postea.
2937 5027 3125 5099 gratia
3144 5027 3598 5082 commendandi
3630 5048 3745 5089 nos

2118 5121 2373 5194 ipsorum
2406 5117 2762 5174 orationibus
2790 5131 2963 5182 supra
2996 5114 3174 5169 dictos
3203 5114 3592 5169 visitassemus
3621 5115 3758 5172 fra-

2117 5222 2253 5278 tres,
2284 5222 2601 5278 eorumque
2634 5204 2970 5259 societatem
3019 5202 3156 5274 (Deo
3185 5202 3416 5276 gratias)
3454 5201 3769 5274 suscepis-

2120 5316 2330 5365 semus,
2362 5294 2652 5369 pradicta
2679 5291 2929 5363 spatium
2953 5291 3136 5362 leuga
3165 5291 3253 5346 his
3282 5291 3341 5345 in
3372 5288 3638 5344 circuitu
3651 5289 3827 5340 ter—

2122 5387 2292 5442 minis
2317 5385 2579 5441 distincte
2600 5397 2707 5451 per
2733 5396 2838 5436 nos
2867 5377 3021 5449 ipsos
3052 5379 3529 5452 designavimus,
3570 5392 3639 5431 ac
3662 5377 3849 5427 tet-

2125 5475 2422 5530 minorum
2444 5466 2693 5527 nomina
2720 5469 2779 5526 in
2795 5467 3143 5524 memoriam
3157 5468 3361 5524 futuris
3378 5454 3973 5580 οοιιεαῑὼθτξι

2131 5564 2142 5574 ο
2246 5561 2256 5580 2
2415 5579 2420 5580 ,
2464 5561 2518 5580 λ-
2551 5562 2718 5580 ---ι-
2757 5556 2997 5580 [λέμμα-
3033 5558 3316 5580 -__i-n--...
3366 5550 3502 5580 -..ιζ
3529 5550 3716 5580 ὶι-ιη..-
3753 5549 3803 5580 Β

3753 5549 3803 5591 θ

2124 5561 2426 5635 jussimus:
2453 5561 2524 5617 de
2551 5562 2725 5629 parte
2757 5556 3001 5617 Orientis
3029 5550 3514 5626 castellum,qni
3529 5550 3725 5610 locus
