4066 6032
411 306 515 363 355

1268 294 1324 351 S.
1354 290 1701 350 BRUNONIS
1741 283 2376 345 CABTHUSIANORUM
2412 280 2880 340 INSTITUTORIS

3632 279 3733 335 356

414 432 476 489 in
502 424 800 485 accumine
820 421 1035 480 montis
1056 420 1126 476 de
1148 418 1311 485 Stilo,
1344 417 1478 472 inde
1499 415 1653 470 vadit
1664 429 1768 485 per
1792 425 2013 485 serram
2048 412 2104 470 Α
2202 426 2233 459 »
2263 406 2336 479 ὦ
2365 407 2681 464 Guilelmus
2718 408 2790 463 de
2818 404 3140 463 Auamma,

415 520 674 593 ejusdem
707 513 922 571 montis
952 528 1129 584 usque
1161 509 1233 564 ad
1279 507 1675 577 Malareposta,
1709 501 1921 556 scilicet
1947 496 2020 552 ad

413 608 770 683 superiorem
798 605 1003 659 collem
1026 598 1259 662 montis,
1295 601 1351 651 et
1367 595 1501 649 inde
1518 610 1622 664 per
1636 606 1914 683 magnam
1926 604 2018 641 ca-

413 677 567 765 vam,
596 712 723 769 quas
750 708 910 747 versa
926 693 1009 745 est
1025 689 1097 742 ad
1112 686 1504 749 Occidentem,
1520 697 1698 769 usque
1717 679 1788 733 ad
1808 677 2018 769 pedem

413 765 634 843 montis
661 779 971 845 descendit,
1033 777 1092 831 in
1132 792 1247 847 qua
1294 789 1443 845 aqua
1473 768 1740 835 decurrit,
1799 770 1856 820 et
1885 765 2019 818 inde

413 874 621 931 transit
650 872 791 926 duos
814 868 1090 923 ruseletos
1119 867 1177 918 et
1204 863 1491 917 vallonem
1524 858 1583 911 in
1606 857 1820 911 directo
1843 869 2021 924 usque

414 963 703 1034 adjugum
726 955 960 1021 montis,
993 952 1243 1026 quodest
1275 949 1427 1021 apud
1458 945 1849 1034 Occidentem,
1881 943 2024 1034 sicut
2070 934 2077 953 ¹

411 1031 690 1125 prédicta
711 1062 848 1101 cava
871 1041 1119 1113 respicit,
1150 1042 1208 1093 et
1236 1038 1371 1093 inde
1401 1052 1505 1125 per
1524 1036 1733 1125 jugum
1761 1031 2020 1125 ejusdem

413 1121 628 1196 montis
652 1150 830 1206 usque
866 1130 1330 1193 Brontismenon,
1365 1127 1422 1179 et
1452 1124 1584 1177 inde
1616 1122 1819 1176 transit
1845 1121 2020 1174 vallo-

411 1246 547 1285 nem
577 1228 731 1281 recte
774 1222 847 1277 ad
873 1222 1044 1286 viam,
1080 1234 1207 1289 quae
1223 1215 1378 1270 venit
1393 1214 1462 1268 de
1474 1213 1749 1277 Arena,et
1771 1209 1923 1263 vadit
1947 1207 2021 1262 ad

410 1319 626 1381 locum,
650 1313 747 1386 qui
771 1313 1006 1366 vocatur
1031 1306 1424 1367 Sancta-crux,
1458 1305 1515 1355 et
1544 1300 1678 1353 inde
1711 1299 1767 1352 in
1800 1297 2018 1386 directo

413 1406 536 1474 [al.,
568 1404 627 1458 in
660 1384 897 1459 directe]
918 1411 1094 1467 usque
1125 1409 1296 1463 super
1324 1405 1597 1445 cacumen
1638 1384 1849 1440 montis
1884 1385 2015 1438 Em-

419 1492 649 1557 bacaht,
683 1491 740 1544 et
767 1486 902 1542 inde
932 1481 1227 1539 descendit
1264 1495 1368 1549 per
1408 1493 1629 1541 cavam,
1678 1475 1822 1528 sicut
1870 1489 2019 1544 aqua

414 1579 798 1649 decurrit.per
829 1574 1111 1647 spatulam
1130 1585 1306 1640 usque
1324 1567 1395 1621 ad
1408 1566 1627 1619 ﬂumen
1650 1561 2019 1626 Enchinar,et

416 1669 551 1726 inde
568 1664 823 1722 ascendit
845 1662 984 1717 illud
1028 1660 1248 1714 ﬂumen
1289 1671 1464 1726 usque
1484 1653 1558 1706 ad
1598 1651 1751 1705 aliud
1771 1650 2013 1715 ﬂumen,

2198 517 2227 546 »
2253 496 2326 568 ὦ
2355 497 2665 552 Guilelmus
2697 496 3053 551 Culchebret.

2194 606 2222 634 ››
2251 586 2323 658 ᾧ
2352 587 2656 641 Gosbertus
2684 586 2754 640 de
2788 586 3044 640 Luciaco.

2191 695 2219 724 »
2251 676 2321 747 ᾧ
2350 675 2628 745 Rogerius
2660 675 2958 747 presbyter
2981 674 3052 728 de
3084 672 3246 727 Stilo.

2196 782 2227 814 »
2257 764 2328 835 ᾧ
2356 763 2679 818 Bastardus.
2716 784 2743 811 ››

2190 852 2562 920 Morkensius,
2596 869 2627 905 e
2649 852 2806 921 cujus
2828 850 3137 924 smpissime
3155 850 3283 922 jam
3315 850 3547 905 laudata
3576 849 3647 904 de
3671 849 3727 904 S.

2125 941 2391 995 Brunone
2414 941 2667 996 Diatriba
2689 941 3142 1017 instrumentum
3166 941 3274 994 hoc
3304 939 3480 993 etiam
3513 940 3729 1010 accepi,

2122 1029 2204 1083 ita
2233 1028 2292 1082 in
2318 1029 2457 1083 illud
2512 1030 2587 1083 ad
2614 1030 2831 1084 calcem
2866 1030 3128 1084 observat
3165 1046 3178 1084 :
3217 1051 3243 1078 «
3277 1028 3549 1083 Chartam
3582 1028 3731 1082 hanc

2121 1118 2310 1187 reperi
2341 1117 2492 1171 inter
2509 1120 2783 1172 Analecta
2803 1117 2982 1172 nostri
3012 1117 3241 1187 Georgii
3262 1116 3612 1183 Garnefeltii;
3632 1117 3727 1172 sed

2123 1206 2399 1277 quoniam
2424 1206 2557 1261 hinc
2583 1207 2717 1261 inde
2748 1206 3097 1278 interpolata
3114 1210 3279 1274 esset,
3313 1205 3731 1274 subveritus,ne

2120 1294 2269 1349 forte
2301 1298 2357 1349 et
2382 1295 2595 1364 vitiata;
2613 1313 2790 1367 quare
2811 1296 2997 1351 visum
3019 1299 3106 1351 est
3136 1296 3278 1350 mihi
3308 1313 3439 1350 eam
3465 1296 3539 1351 ad
3562 1299 3731 1350 auto-

2120 1383 2407 1453 grapbum
2436 1403 2463 1432 »
2490 1384 2547 1437 id
2579 1386 2683 1450 est,
2720 1384 2778 1437 ni
2803 1384 2992 1451 fallar,
3036 1384 3109 1438 ad
3140 1384 3484 1455 autographi
3517 1386 3729 1456 (neque

2119 1471 2277 1525 enim
2312 1472 2421 1526 hoc
2456 1472 2778 1527 Morkensio
2804 1473 2878 1527 ad
2900 1489 3140 1526 manum
3165 1471 3506 1544 fuissetreor)
3530 1490 3726 1544 ecgra-

2119 1560 2323 1630 phum,
2377 1560 2719 1627 «conferre;
2747 1560 2858 1614 feci
2889 1562 2946 1614 et
2994 1560 3131 1614 istas
3164 1560 3638 1632 interpolationes
3667 1561 3727 1616 in

2119 1648 2352 1719 magiae
2385 1648 2597 1703 notavi.
2625 1649 3083 1720 Abautographo
3112 1648 3401 1720 dependet
3441 1649 3499 1703 in
3548 1650 3730 1705 serica

412 1758 562 1830 quod
587 1756 820 1809 vocatur
847 1751 1010 1815 Alba,
1036 1746 1249 1802 'etinde
1269 1741 1523 1798 ascendit
1544 1740 1701 1794 idem
1744 1739 1840 1830 lat.
1875 1736 2015 1830 illud
2042 1728 2096 1786 Β
2281 1737 2491 1830 coloris
2532 1737 2707 1830 corda
2738 1737 2893 1830 bulla
2922 1738 3216 1830 plumbea,
3261 1741 3318 1791 et
3349 1738 3409 1791 in
3435 1737 3727 1830 tea—imago

410 1825 629 1899 flumen
662 1856 841 1912 usque
872 1838 945 1892 ad
970 1849 1249 1907 magnam
1276 1846 1497 1895 cavam,
1525 1844 1701 1900 quam
1732 1825 2016 1880 Greecivo-

409 1935 543 1988 cant
572 1927 961 1991 Bachiriache,
992 1927 1052 1978 et
1081 1920 1337 1977 ascendit
1375 1935 1476 1989 per
1506 1915 1777 1970 eamdam
1815 1930 2015 1968 cavam

407 2037 587 2093 usque
615 2019 688 2073 ad
711 2016 1030 2079 castellum,
1064 2010 1218 2065 unde
1245 2007 1583 2077 incepimus.

479 2090 604 2162 577.
626 2106 812 2159 «Hanc
841 2106 1034 2156 autem
1051 2096 1426 2153 donationem
1459 2096 1716 2147 nostram
1750 2092 1868 2143 tam
1902 2090 2019 2143 Do:

408 2194 602 2252 minus
619 2190 961 2264 apostolicus
975 2189 1469 2254 Urbranus,quam
1483 2178 1862 2251 Squillacinus
1874 2176 2016 2248 epis-

407 2300 582 2355 copus
609 2280 975 2343 Theodorus,
992 2276 1049 2329 in
1080 2274 1234 2345 cujes
1263 2271 1593 2343 episcopatu
1620 2268 1739 2337 ipse
1770 2267 1924 2319 locus
1941 2265 2013 2318 si-

370 2362 373 2365 .
404 2375 497 2428 tus
527 2373 632 2438 est,
665 2367 1062 2430 laudaverunt,
1084 2359 1391 2435 privilegiis
1405 2355 2013 2420 conﬁrmanerunt,at-

407 2478 518 2534 que
575 2456 815 2513 terribili
867 2453 1237 2509 anathemate
1263 2447 1618 2501 munierunt.
1653 2443 2016 2534 Quapropter

404 2531 795 2623 praecipiendo
827 2557 1120 2613 rogamus,
1154 2541 1211 2592 et
1254 2535 1514 2606 rogando
1547 2531 1910 2623 praacipimus
1947 2546 2016 2584 ex

406 2618 569 2710 parte
587 2634 687 2690 Dei
719 2628 1350 2702 omnipotentis,beatze
1373 2622 1581 2687 Mariae,
1607 2620 1811 2710 quibus
1826 2618 2014 2710 ipsum

403 2706 788 2782 concessimus
816 2719 1101 2785 locum,et
1122 2718 1338 2780 nostra,
1373 2716 1433 2765 ut
1463 2711 1650 2764 nullus
1680 2706 2010 2778 aliquando,

403 2814 791 2884 cujuscunque
823 2805 1117 2880 dignitatis
1142 2804 1213 2857 sit
1235 2803 1319 2856 vel
1351 2800 1667 2871 potestatis,
1703 2798 1898 2850 noster
1914 2796 2013 2849 aut

405 2905 730 2965 extraneus,
780 2897 838 2951 in
867 2899 987 2951 toto
1016 2891 1291 2966 prazdicto
1321 2889 1503 2961 spatio
1537 2885 1852 2958 quidquam
1885 2900 2008 2937 ma-

404 3005 586 3062 gnum
610 2988 696 3041 vel
718 3000 959 3058 parvum
989 2982 1093 3036 sibi
1140 2978 1405 3044 vindicet,
1435 2992 1541 3030 nec
1584 2991 1690 3028 nos
1718 2972 1843 3043 ipsi.
1884 2972 2013 3026 Nul-

2117 1827 2216 1882 Dei
2233 1826 2525 1898 genitricis
2535 1827 2722 1881 Marite
2738 1826 2972 1881 brachio
2990 1826 3219 1881 sinistro
3235 1827 3484 1881 tenentis
3497 1827 3727 1895 Fillum,

2115 1915 2173 1970 in
2190 1916 2390 1971 dextra
2408 1933 2509 1970 sua
2520 1917 2836 1970 habentem
2858 1915 3731 1988 avem.nlnterpolationes,quas

2115 2004 2207 2058 hic
2224 2005 3478 2077 memoratMorkensius,quasqueinmargine
3497 2023 3616 2061 sese
3630 2023 3731 2062 no-

2117 2097 2267 2147 tasse
2284 2092 2382 2159 ait,
2416 2093 2661 2147 lectione
2684 2093 2803 2147 fere
2822 2093 3100 2148 duntaxat
3120 2093 3405 2148 variantes
3420 2098 3572 2161 sunt,
3603 2111 3727 2150 eas-

2119 2198 2228 2253 que
2256 2182 2501 2253 proinde
2530 2185 2592 2236 ut
2633 2184 2778 2235 tales
2827 2182 2884 2235 in
2917 2183 3183 2254 margine
3210 2183 3427 2255 pariter
3472 2183 3724 2254 ascripsi.

2190 2273 2313 2348 5’79.
2341 2271 2517 2324 Porro
2549 2270 2904 2324 Morkensius
2959 2270 3018 2324 in
3065 2288 3165 2326 sua
3206 2288 3339 2326 mox
3370 2271 3579 2326 iterum
3610 2272 3731 2325 lau-

2119 2358 2253 2412 data
2278 2357 2335 2412 S.
2357 2359 2624 2413 Brunone
2666 2359 2941 2426 Diatriba,
2978 2376 3045 2414 eo
3096 2361 3243 2427 loco,
3277 2378 3391 2432 quo
3430 2379 3625 2417 rerum
3658 2364 3733 2419 ad

2118 2446 2270 2500 hunc
2291 2447 2674 2518 spectantium
2720 2447 3169 2519 Chronologiam
3203 2450 3363 2517 texit,
3404 2451 3479 2505 ad
3507 2467 3732 2506 annum

2121 2535 2256 2589 1093
2288 2534 2369 2589 ita
2423 2536 2494 2589 de
2527 2536 2772 2607 Rogerio
2809 2536 3019 2591 comite
3070 2537 3264 2593 scribit
3295 2554 3307 2591 :
3335 2540 3544 2595 «Anno
3594 2543 3728 2595 1093

2115 2623 2322 2677 fratres
2367 2622 2445 2692 (S.
2505 2624 2832 2679 Brunonem
2886 2624 3097 2680 scilicet
3133 2625 3367 2697 ejusque
3426 2627 3627 2700 socios)
3670 2628 3727 2683 in

2116 2728 2312 2766 eremo
2340 2711 2588 2766 invisens
2613 2712 2778 2767 enixe
2799 2730 2858 2767 se
2882 2714 3256 2769 commendat
3288 2715 3517 2770 illorum
3542 2719 3724 2789 preci-

2113 2803 2237 2867 bus,
2294 2801 2751 2874 participemque
2810 2803 3151 2857 meritorum
3181 2807 3244 2858 ut
3292 2822 3351 2858 se
3381 2805 3612 2872 faciant,
3641 2807 3727 2861 ef-

2113 2889 2359 2960 ﬂagitat,
2392 2894 2449 2944 et
2483 2891 2597 2945 voti
2626 2907 2862 2962 compos
2912 2891 3165 2959 effectus,
3197 2894 3520 2964 conscripta
3546 2899 3577 2949 7
3598 2893 3723 2949 Maii

2114 2979 2315 3033 charta
2341 2979 2553 3033 limites
2586 2978 2765 3033 eremi
2813 2979 2947 3034 satis
2974 2982 3167 3051 ample
3199 2981 3463 3053 designat
3507 3000 3570 3037 ac
3612 2983 3725 3038 cir-

400 3078 487 3132 lus
517 3091 775 3148 unquam
819 3071 1117 3128 occasione
1166 3068 1357 3139 aliqua
1401 3066 1485 3119 vel
1521 3080 1690 3117 causa
1736 3062 2010 3116 fratribus
2040 3073 2088 3136 α
2114 3069 2445 3123 cumscribit
2505 3072 2788 3135 accurate,
2831 3068 3142 3140 efficitque,
3198 3073 3260 3123 ut
3290 3070 3569 3141 Rogerius
3610 3072 3721 3148 dux

401 3165 618 3221 ibidem
636 3165 751 3218 Deo
777 3155 1351 3227 serviturisinjuriam
1383 3156 1482 3207 aut
1504 3150 1829 3206 molestiam
1864 3150 2007 3203 irro-

398 3255 517 3326 get,
545 3253 635 3306 vel
664 3251 844 3305 ullam
878 3245 1337 3318 inquietudinem
1362 3241 1552 3307 faciat,
1581 3243 1638 3294 et
1668 3239 1744 3292 illi
1778 3237 2010 3304 [al.,nec

396 3341 501 3408 illi]
530 3355 716 3409 neque
744 3335 1009 3391 homines
1032 3348 1234 3386 eorum
1266 3330 1519 3401 aliquam
1547 3329 1870 3399 angariam,
1907 3330 2006 3381 aut

399 3427 692 3486 servitium
726 3423 964 3480 omnino
1013 3421 1244 3474 faciant.
1290 3416 1458 3483 Nulli,
1502 3433 1606 3470 nec
1656 3416 1819 3470 nobis
1849 3414 2003 3486 ipsis,

396 3517 648 3589 aliquam
666 3514 743 3567 ibi
766 3512 1048 3565 culturam
1067 3510 1277 3568 facere,
1297 3507 1474 3559 ullum
1499 3505 1713 3558 animal
1749 3520 2003 3575 pascere,

393 3607 554 3678 ligna
575 3599 1049 3666 incidere,venari
1064 3598 1148 3650 vel
1171 3593 1502 3668 piscari,aut
1529 3592 1846 3665 quidquam
1879 3609 2004 3647 om-

394 3693 533 3748 nino
566 3690 687 3745 sine
710 3690 955 3744 fratrum
976 3685 1206 3740 licentia
1234 3685 1421 3745 liceat,
1455 3680 1554 3735 sed
1580 3682 1637 3735 in
1671 3697 1873 3735 eorum
1907 3696 2006 3752 po-

391 3783 598 3836 testate
612 3780 1065 3851 sit,quaecunque
1080 3773 1231 3828 intra
1254 3770 1597 3842 praedictum
1629 3769 2004 3823 continentur

392 3869 662 3941 spatium,
686 3867 850 3938 juxta
872 3865 1227 3919 voluntatem
1257 3877 1419 3913 suam
1446 3858 1757 3930 possidere,
1812 3856 2004 3948 dispo-

394 3974 553 4022 nere,
583 3955 850 4010 ordinare
884 3955 941 4005 et
966 3965 1227 4019 erogare,
1258 3951 1537 4017 tanquam
1570 3944 1671 3998 Dei
1704 3944 2007 4016 possessio-

393 4060 530 4099 nem
546 4045 604 4095 et
620 4057 784 4095 suam
815 4039 1137 4091 immunem
1154 4039 1325 4105 atque
1340 4032 1776 4095 liberam.Quod
1800 4032 1843 4086 si
1881 4032 2006 4103 quis

390 4128 700 4203 aliquando
722 4127 872 4181 hanc
916 4126 1171 4179 nostram
1205 4121 1675 4176 constitutionem
1721 4121 1779 4174 in
1812 4120 2003 4191 aliquo

2111 3159 2350 3230 Apullee,
2375 3159 2495 3229 ejus
2526 3175 2592 3211 ex
2641 3157 2821 3211 fratre
2861 3174 3061 3228 nepos,
3120 3158 3253 3213 dato
3288 3160 3494 3214 eodem
3534 3147 3723 3215 adhuc

2112 3263 2265 3301 anno
2302 3246 2380 3317 (et
2396 3246 2629 3317 quidem
2650 3246 2819 3309 forte,
2851 3246 3058 3316 utjam
3080 3246 3263 3313 innui,
3300 3248 3659 3303 antedictam
3689 3255 3721 3303 7

2110 3335 2236 3390 Maii
2268 3335 2442 3405 diem)
2478 3334 2793 3405 diplomate
2822 3334 2902 3399 (id
2922 3352 3085 3388 num.
3108 3339 3273 3390 572ct
3298 3338 3543 3408 seq.jam
3573 3339 3720 3393 reci-

2115 3424 2243 3493 tavi)
2270 3424 2613 3478 donationes
2627 3424 2804 3476 factas
2821 3424 3420 3480 corroboret.»ltaille
3449 3444 3479 3479 e
3503 3428 3722 3482 duabus

2110 3512 2321 3566 scilicet
2358 3513 2467 3566 huc
2488 3512 2613 3582 jam
2639 3512 2993 3582 transcriptis
3009 3512 3240 3577 chartis,
3269 3530 3514 3585 quarum
3541 3517 3721 3571 altera

2108 3599 2339 3669 Rogerii
2367 3599 2542 3665 ducis,
2575 3600 2756 3653 altera
2783 3599 3011 3670 Bogerii
3037 3600 3263 3655 comitis
3290 3605 3395 3669 est,
3431 3603 3719 3658 deducens

2108 3705 2235 3759 quae
2266 3689 2353 3741 hic
2402 3691 2722 3756 memorat;
2756 3691 2813 3741 et
2857 3705 3016 3755 sane,
3048 3691 3327 3759 quantum
3368 3691 3436 3745 ad
3468 3708 3555 3758 ea,
3590 3709 3716 3764 quae

2108 3793 2172 3829 ex
2204 3777 2309 3829 hac
2344 3775 2645 3846 posteriori
2693 3775 2923 3830 deducit
2973 3778 3307 3845 rectissime,
3363 3783 3425 3833 ut
3463 3781 3720 3836 conside-

2106 3865 2255 3918 ranti
2280 3864 2516 3935 patebit.
2548 3865 2774 3918 Etenim
2804 3865 3080 3937 Rogerius
3111 3883 3324 3935 comes,
3360 3868 3443 3922 uti
3476 3870 3717 3941 ipsemet

2107 3952 2165 4006 in
2194 3952 2451 4023 proxime
2482 3953 2719 4007 recitata
2745 3954 2941 4008 charta
2964 3971 3066 4008 sua
3097 3954 3356 4021 docet,S.
3391 3957 3715 4013 Brunonem

2109 4040 2343 4111 ejusque
2384 4040 2565 4095 socios
2613 4041 2848 4111 «gratia
2869 4042 3325 4097 commendandi
3372 4061 3431 4098 se
3458 4045 3715 4117 ipsorum

2108 4127 2465 4183 orationibus
2476 4145 2628 4182 anno
2661 4131 2795 4182 1093
2817 4128 3024 4195 invisit,
3044 4146 3361 4202 eorumque
3382 4134 3717 4188 societatem

388 4218 602 4274 violare
631 4212 1081 4288 praesumpserit,
1117 4210 1391 4264 fratribus
1425 4209 1638 4262 ibidem
1663 4208 2004 4280 degentibus
2108 4214 2237 4285 (pro
2265 4233 2377 4286 qua
2407 4232 2467 4269 re
2492 4217 2666 4269 etiam
2701 4218 2818 4270 Deo
2848 4217 3062 4285 gratias
3089 4218 3228 4289 agit)
3259 4221 3524 4293 susvepit;
3544 4222 3712 4294 "qui-

391 4307 567 4378 digne
596 4302 921 4359 satisfaeiat-
952 4299 1117 4364 000d
1164 4298 1207 4351 Si
1269 4297 1699 4369 contempserit,
1755 4295 1996 4368 prinCiPi
2024 4298 2078 4358 D
2104 4304 2209 4359 bus
2252 4321 2282 4357 e
2312 4304 2498 4357 verbis
2527 4321 2686 4369 sane,
2749 4304 3059 4375 Rogerium
3106 4307 3381 4362 comitem
3430 4327 3463 4363 a
3504 4310 3714 4366 Sancto

386 4400 580 4460 terrm,
612 4392 709 4464 qui
739 4389 931 4456 fuerit,
966 4391 1197 4443 centum
1230 4386 1404 4440 libras
1435 4385 1557 4439 auri
1602 4385 1903 4455 persolvat.
1930 4384 2002 4437 Ut

386 4482 563 4557 igitur
582 4478 917 4535 constitutio
945 4477 1065 4529 haec
1099 4472 1443 4528 inviolabilis
1472 4476 1529 4526 et
1562 4472 1802 4527 omnino
1830 4471 2001 4525 ﬁrma

386 4566 1104 4644 permaneat,concedente
1122 4578 1294 4616 uxore
1314 4577 1445 4615 mea
1460 4560 1659 4615 Adelai
1684 4560 1995 4624 comitissa,

388 4662 445 4715 et
482 4658 600 4712 filio
633 4658 829 4710 nostro
863 4651 1117 4717 Gofrido,
1155 4649 1213 4703 in
1247 4649 1553 4719 praesentia
1578 4649 1867 4702 bonorum
1892 4647 1996 4701 ho-

383 4746 610 4804 minum
637 4741 1015 4799 donationem
1029 4739 1196 4793 istam
1215 4736 1455 4791 fecimus
1482 4739 1540 4789 et
1553 4735 1739 4807 sigillo
1766 4734 1997 4807 proprio

390 4833 763 4908 signavimus.
1037 4874 1042 4879 .
1794 4870 1803 4873 λ

454 4926 578 4981 578.
614 4922 908 4989 «Insuper
937 4915 1143 4971 donavi
1187 4914 1330 4969 Mule
1389 4929 1519 4967 cum
1586 4911 1714 4966 ﬁliis
1764 4913 1878 4967 suis
1925 4917 1999 4972 ad

384 5009 822 5070 custodiendam
856 5005 1084 5060 silvam.
1110 5004 1255 5057 Data
1285 5002 1342 5055 in
1376 5001 1556 5074 pratis
1589 4999 1898 5072 Squillacii,
1921 5004 1997 5058 ub

383 5105 520 5156 tunc
558 5098 797 5151 collecto
829 5093 1079 5147 exercitu
1110 5091 1503 5144 morabamur.
1526 5090 1688 5143 Anno
1711 5089 1781 5143 ab
1813 5091 1999 5145 Incar-

381 5187 617 5243 natione
649 5180 879 5239 Domini
906 5179 1215 5235 millesimo
1243 5176 1621 5248 nonagesimo
1646 5176 1997 5245 tertio,indi-

328 5274 349 5279 ”’
381 5276 569 5332 ctione
598 5272 809 5345 prima,
834 5268 1003 5323 Nonis
1029 5265 1177 5322 Maii.

332 5357 351 5367 ’
449 5380 482 5413 ι
519 5362 590 5430 6
628 5356 905 5429 Rogerius
937 5370 1152 5410 comes.

454 5469 482 5495 »
521 5447 593 5518 θ
629 5444 855 5499 Adelais
885 5441 1199 5498 comitissa.

451 5556 479 5585 ››
517 5533 590 5605 θ
627 5530 921 5587 Goffredus
942 5531 1096 5588 ﬁlius
1127 5528 1353 5585 comitis
1377 5528 1627 5600 Rogerii.

2102 4392 2336 4462 ejusque
2348 4391 2602 4455 sociis,ut
2618 4391 2957 4446 meritorum
2974 4410 3207 4449 suorum
3222 4396 3565 4468 participem
3579 4415 3712 4453 eum

2102 4479 2418 4543 efﬁcerent,
2440 4480 2728 4549 ﬂagitasse
2750 4480 2978 4551 votique
2993 4482 3167 4537 etiam
3182 4483 3398 4538 factum
3425 4503 3544 4541 esse
3562 4503 3717 4543 com-

2100 4571 2319 4639 potem,
2354 4571 2506 4621 rectc
2537 4568 2799 4623 concludi
2822 4569 3063 4624 videtur.
3097 4571 3189 4624 Ait
3242 4573 3476 4644 quidem
3516 4575 3573 4629 in
3600 4577 3712 4632 suis

2097 4656 2159 4711 in
2191 4656 2595 4711 concinnatam
2622 4674 2655 4711 a
2678 4656 2915 4712 SurioS.
2952 4659 3235 4714 Brunonis
3256 4662 3440 4716 Vitam
3455 4666 3713 4719 Auuota-

2100 4747 2355 4802 tionibus
2377 4762 2509 4817 pag.
2561 4749 2655 4801 221
2718 4746 3011 4815 Surianus,
3044 4748 3246 4804 iisdem
3273 4750 3399 4820 jam
3458 4753 3711 4807 recitatis

2102 4835 2451 4906 diplomatis,
2476 4851 2509 4889 a
2539 4834 2784 4905 Rogerio
2816 4836 3025 4890 comite
3041 4838 3311 4904 concessi,
3344 4840 3528 4894 verbis
3561 4841 3713 4895 inni-

2100 4941 2223 4986 xus,
2264 4923 2583 4995 principem
2612 4924 2764 4977 hunc
2786 4940 2939 4978 anno
2976 4928 3159 4979 1093a
3188 4927 3453 4983 Brunone
3475 4929 3713 5001 ejusque

2101 5011 2286 5077 sociis,
2323 5015 2438 5064 «ut
2483 5027 2617 5065 eum
2671 5010 2729 5064 in
2771 5010 3109 5066 societatem
3151 5030 3313 5069 suam
3345 5016 3620 5087 recipere,
3654 5019 3715 5071 et

2101 5116 2318 5155 nomen
2332 5098 2380 5168 ej
2391 5115 2452 5151 us
2469 5098 2622 5152 inter
2636 5098 2877 5152 nomina
2890 5115 2991 5153 sua
3006 5099 3256 5155 scribere
3271 5102 3708 5175 dignarentur,»

2097 5188 2433 5258 postulasse,
2503 5185 2675 5257 idque
2725 5203 2787 5240 re
2823 5186 2999 5241 etiam
3056 5203 3186 5242 vera
3216 5188 3585 5262 impetrasse;
3617 5209 3709 5247 ve-

2097 5290 2227 5328 rum
2260 5275 2370 5327 hoc
2412 5289 2541 5327 cum
2582 5273 3082 5344 interpretatione,
3135 5293 3311 5348 quam
3353 5280 3712 5350 transcriptis

2097 5362 2449 5435 diplomatis,
2484 5378 2517 5415 a
2547 5361 2798 5432 Rogerio
2833 5363 3105 5431 concessi,
3136 5365 3322 5419 verbis
3350 5367 3707 5423 Morkensius

2094 5449 2362 5522 applicat,
2397 5447 2734 5520 neutiquam
2762 5454 3004 5522 pugnat,
3036 5452 3343 5526 locumque
3370 5455 3545 5510 etiam
3576 5456 3706 5512 licet

2091 5537 2327 5595 interim
2358 5554 2484 5593 rem
2541 5538 2690 5595 hanc
2723 5539 2978 5596 revocari
3031 5540 3323 5598 inveniam
3352 5542 3409 5599 in
3442 5544 3700 5617 dubium,
