4014 6052
270 368 373 426 357

1849 374 2028 430 ACTA

3493 392 3596 448 358

266 488 679 581 verosimiliter
702 491 980 581 robtinuit,
1008 493 1091 549 uti
1113 511 1180 549 ex
1204 493 1360 549 infra
1371 493 1557 549 adhuc
1570 494 1882 563 laudando,
1906 500 1961 559 Α
1985 496 2121 551 dam
2147 501 2393 566 curaret,
2421 499 2849 556 verosimillime
2875 502 3013 575 egit.
3036 505 3334 581 Utcunque
3362 525 3455 567 res
3484 513 3588 569 ha-

178 622 185 627 .
266 580 421 653 quod
436 580 591 652 apud
609 580 912 651 Ughellum
929 584 1146 637 tom.IX
1160 583 1335 638 Italiie
1357 585 1776 651 sacraa,col.426
1795 602 1886 639 ex-

264 668 591 735 stat,Latini
607 669 665 723 in
683 669 1289 742 civitateSquillacensi
1302 672 1661 743 episcopatus
1676 672 1882 727 funda-

1982 584 2136 652 beat,
2171 587 2268 641 illa
2293 589 2561 659 equidem
2590 591 2825 647 ecclesia
2854 610 3085 651 summo
3118 602 3399 669 apparatu
3419 603 3595 659 abAi-

1983 674 2199 741 cherio,
2226 678 2641 734 Panormitano
2690 680 3136 755 archiepiscopo,
3170 686 3423 760 quinque
3450 692 3588 747 assi-

260 754 792 828 tionisdiplomate,
835 759 990 831 quod
1036 759 1095 813 in
1119 761 1227 815 hoc
1262 761 1878 816 Lanvinumufratrem
1981 754 3229 845 stentibusepisCOpis,consecratafuit,idqu.e
3248 754 3587 834 fierilauda-

261 862 467 901 suum»
495 847 943 918 vocetRogerius
971 864 1186 914 comes,
1209 849 1599 920 colligendum
1631 849 1872 905 videtur.

1976 853 2067 905 tus
2084 868 2269 920 come,
2286 854 2562 925 Rogerius
2575 872 2690 910 non
2708 859 2931 912 tantum
2950 862 3397 928 curavit,verum
3417 866 3593 923 etiam

334 937 457 990 580.
495 934 659 998 Quod
692 935 868 990 modo
902 936 1154 1007 pertinet
1173 938 1246 992 ad
1285 938 1562 1009 diploma,
1592 954 1704 1009 quo
1725 940 1877 994 aRo-
1976 956 2197 995 sacram
2216 942 2372 995 illam
2389 943 2576 998 eadem
2597 945 2763 999 donis
2783 962 2900 1000 non
2915 948 3461 1017 paucis,S.Brunoni
3481 956 3594 1010 col-

257 1024 422 1095 gerio
444 1024 588 1078 duce
617 1024 783 1079 factae
809 1028 983 1079 antea
1009 1025 1065 1079 8.
1094 1026 1348 1080 Brunoni
1379 1027 1738 1093 donationes,
1776 1045 1870 1082 co-

258 1113 402 1167 mite
426 1113 697 1184 Rogerio,
726 1116 788 1167 ut
810 1114 1161 1169 Morkensius
1190 1115 1290 1182 ait,
1310 1118 1541 1185 agente,
1569 1117 1874 1172 conﬁrma-

252 1202 330 1255 ta
352 1201 589 1268 fuerint,
618 1204 902 1272 spontene
932 1219 1053 1269 sua,
1088 1220 1160 1257 an
1194 1204 1421 1275 Rogerii
1436 1204 1622 1275 patrui
1655 1204 1867 1277 impul-

254 1306 319 1343 su
351 1291 613 1344 chartam
646 1290 803 1344 illam
836 1290 1045 1345 Sancto
1073 1291 1418 1363 impertierit
1446 1293 1558 1347 dux
1590 1294 1867 1364 Rogerius

253 1378 501 1435 dubium
532 1379 676 1433 mihi
721 1380 1037 1434 admodum
1082 1380 1293 1436 idcirco
1325 1384 1583 1452 apparet,
1616 1383 1772 1453 quod
1818 1381 1863 1436 is

253 1468 478 1540 optime
507 1468 704 1533 etiam,
735 1469 817 1523 uti
843 1486 910 1523 ex
937 1486 1109 1541 supra
1136 1469 1299 1524 dictis
1329 1470 1464 1524 satis
1485 1470 1685 1541 liquet,
1716 1470 1773 1525 in
1802 1470 1859 1525 8.

251 1561 587 1614 Brunonem
610 1557 785 1612 fuerit
816 1558 1069 1625 affectus,
1096 1575 1162 1613 ac
1186 1559 1355 1630 proin
1382 1559 1635 1627 stimulo,
1657 1563 1718 1614 ut
1733 1559 1864 1614 huic

251 1646 642 1712 benefaceret,
675 1646 832 1700 haud
862 1645 1194 1717 indiguerit,
1232 1649 1407 1702 Porro
1450 1664 1523 1701 ne
1555 1648 1681 1719 quis
1714 1648 1863 1702 forte

248 1736 526 1808 cuiquam
553 1737 754 1790 contra
782 1735 1043 1807 proxime
1060 1736 1170 1790 huc
1197 1736 1602 1807 transcriptam
1632 1736 1864 1808 Rogerii

1974 1027 2122 1095 latis,
2154 1030 2260 1084 hac
2276 1031 2573 1086 occasione
2593 1032 2813 1100 ditavit,
2851 1035 2931 1089 uti
2957 1036 3136 1108 liquet
3150 1054 3216 1092 ex
3231 1040 3502 1097 chartain
3521 1043 3589 1098 il-

1970 1116 2077 1170 lius
2113 1118 2365 1174 ecclesiae
2383 1121 2679 1193 sanctique
2697 1124 2982 1178 Brunonis
3011 1139 3269 1182 Iavorem
3284 1130 3356 1184 ab
3381 1130 3589 1187 eodem

1967 1206 2180 1260 comite
2198 1209 2333 1261 tunc
2347 1224 2634 1263 concessa.
2668 1210 2892 1265 Chartae
2912 1212 3101 1283 hujus,
3135 1231 3235 1270 seu
3256 1216 3589 1289 diplomatis

1964 1296 2193 1365 partem
2216 1295 2494 1351 duntaxat
2517 1298 2791 1368 Ughellus
2815 1303 2958 1355 tom.
2981 1302 3043 1355 1X
3060 1303 3235 1358 Italia:
3248 1322 3446 1372 sacras,
3468 1308 3587 1379 col.

1962 1383 2088 1450 425,
2124 1381 2346 1451 recitat,
2378 1385 2651 1457 idemque
2678 1386 2855 1441 etiam
2882 1389 2942 1442 in
2963 1390 3222 1446 Ecclesiae
3246 1392 3584 1449 Catanensis

1962 1471 2325 1528 Notitiafacit
2344 1474 2597 1527 Bocchus
2614 1475 2825 1530 Pirrus.
2844 1477 3055 1533 Verum
3071 1495 3180 1550 ego
3198 1480 3460 1548 illam,ne
3489 1500 3583 1538 ve-

1963 1561 2236 1616 nerande:
2257 1562 2617 1634 antiquitatis
2635 1568 3267 1639 monumentum,quod
3289 1568 3584 1641 integrum

1963 1649 2115 1720 typis
2128 1666 2396 1704 excusum
2412 1651 2755 1723 publicaque
2770 1654 2894 1707 luce
2924 1654 3205 1710 donatum
3236 1657 3429 1713 videre
3443 1676 3586 1715 non-

1966 1736 2104 1791 dum
2122 1738 2264 1793 mihi
2282 1738 2508 1810 obtigit,
2545 1740 2752 1794 curiosi
2766 1742 2996 1797 lectoris
3010 1744 3185 1799 oculis
3215 1746 3575 1817 subtraham,

253 1823 482 1879 comitis
511 1824 773 1878 chartam
804 1825 1103 1894 scrupulus
1134 1824 1431 1879 oboriatur
1461 1842 1526 1879 ex
1557 1841 1623 1879 eo
1655 1825 1810 1897 quod
1831 1842 1866 1881 a
1893 1813 1944 1871 Β
1965 1824 2257 1896 integram
2304 1827 2413 1880 huc
2447 1843 2476 1880 e
2509 1828 2842 1883 recensione
2890 1831 3193 1887 Morkensii
3234 1813 3578 1891 transcribo.

252 1912 489 1979 comite,
520 1911 578 1966 in
610 1912 790 1982 pratis
802 1912 1095 1984 Squillacii
1123 1929 1255 1967 cum
1278 1914 1529 1968 exercitu
1544 1918 1679 1967 tunc
1704 1929 1863 1968 com-

250 2002 545 2067 morante,
574 2000 709 2055 data
735 2004 987 2068 notetur,
1018 2001 1408 2067 Boamundus,
1432 2001 1661 2073 Rogerii
1707 2001 1865 2057 ducis

250 2090 452 2156 frater,
487 2106 642 2144 anno
667 2092 801 2144 1093
831 2089 888 2143 in
920 2089 1183 2144 Calabria
1213 2091 1565 2157 versabatur,
1616 2106 1862 2162 cumque

251 2179 407 2233 hunc
435 2177 551 2232 vita
576 2178 839 2233 functum
893 2195 1013 2232 esse
1068 2178 1210 2233 falso
1240 2195 1477 2233 rumore
1507 2178 1860 2247 inaudiisset,

248 2271 437 2322 castra
465 2268 765 2334 nonnulla,
799 2269 872 2322 ad
899 2267 1173 2321 eumdem
1202 2267 1262 2321 in
1304 2267 1567 2322 Calabria
1596 2272 1860 2340 spectan-

246 2356 347 2422 tia,
364 2356 695 2427 occupavit;
715 2373 829 2428 qua
856 2373 918 2410 re
945 2355 1018 2410 ad
1039 2356 1183 2410 iram
1204 2359 1530 2410 commotus
1546 2373 1739 2411 comes
1758 2357 1863 2410 Ro-

247 2444 441 2515 gerius
466 2444 743 2499 militibus
774 2444 908 2511 suis,
960 2448 1023 2498 ut
1053 2444 1454 2498 Boamundum
1486 2445 1662 2499 armis
1683 2446 1860 2499 laces-

245 2534 463 2597 serent,
487 2532 728 2603 accepit,
749 2549 997 2604 eumque
1028 2548 1059 2586 e
1090 2536 1213 2586 tota
1244 2532 1506 2586 Calabria
1536 2532 1861 2603 expulit.lta

246 2624 532 2692 quantum
560 2620 631 2675 ad
658 2621 1035 2675 substantiam
1076 2620 1280 2692 smpius
1328 2619 1419 2674 hic
1442 2621 1566 2692 jam
1598 2620 1861 2675 laudatus

247 2724 312 2763 ac
337 2724 514 2781 porro
543 2708 866 2763 laudandus
896 2712 1095 2763 auctor
1118 2709 1476 2780 synchronus
1522 2708 1857 2776 Gaufredus,

247 2796 469 2851 ordinis
522 2797 877 2852 Benedictini
906 2798 1243 2864 monachus,
1268 2801 1657 2868 cognomento
1682 2796 1861 2851 Mala-

248 2891 412 2953 τεν-να,
441 2885 540 2939 lib.
576 2902 647 2953 iv,
673 2902 798 2959 cap.
827 2889 916 2952 ‘20,
948 2885 1204 2941 Historia:
1236 2884 1459 2952 Siculae,
1488 2902 1665 2958 quam
1692 2884 1862 2957 ipsiu-

246 2977 399 3027 smet
428 2973 658 3045 Rogerii
691 2974 917 3029 comitis
929 2974 1090 3045 jussu
1114 2972 1498 3038 concinnavit,
1514 2973 1595 3026 uti
1620 2973 1862 3028 Murato-

251 3060 391 3129 rius,
419 3061 517 3133 qui
548 3062 697 3116 hanc
727 3066 889 3117 tomo
916 3061 1118 3134 quinto
1147 3062 1360 3115 Rerum
1383 3060 1709 3114 Italicarum
1721 3059 1856 3114 scri-
1881 3102 1928 3161 α

246 3154 484 3222 ptorum
516 3150 776 3217 inseruit,
805 3150 864 3205 in
892 3167 992 3206 sua
1013 3150 1085 3205 ad
1101 3150 1373 3204 eamdem
1400 3149 1740 3220 praefatione
1755 3148 1855 3203 do-

248 3241 360 3293 cet.
396 3238 545 3293 Nihil
572 3239 766 3311 itaque
802 3239 1009 3306 obstat,
1044 3255 1156 3310 quo
1188 3238 1381 3291 minus
1434 3237 1711 3309 Rogerius
1761 3252 1858 3291 co-

246 3344 393 3393 mes,
437 3328 674 3382 collecto
728 3328 997 3395 exercitu,
1031 3344 1185 3382 anno
1224 3329 1382 3389 l093,
1412 3325 1492 3381 uti
1524 3327 1581 3380 in
1609 3326 1751 3396 ejus,
1786 3325 1857 3379 de

246 3432 362 3488 qua
386 3415 499 3482 hic,
531 3415 730 3470 charto
761 3416 1053 3483 asseritur,
1082 3416 1140 3469 in
1178 3415 1355 3487 pratis
1402 3414 1658 3486 Scyllacii
1704 3430 1860 3467 com-

246 3504 507 3557 moratus
533 3502 704 3557 fuisse
726 3503 1010 3558 credatur.
1046 3504 1169 3557 lmo
1197 3518 1354 3569 vero,
1379 3519 1510 3556 cum
1536 3501 1857 3572 hinc,prin-

244 3590 439 3663 cipem
461 3591 624 3646 illum
654 3591 871 3646 ibidem
900 3609 963 3646 re
989 3591 1115 3663 ipsa
1137 3591 1433 3657 exstitisse,
1464 3590 1848 3644 dubitandum

245 3696 365 3735 non
388 3679 480 3746 sit,
516 3678 940 3753 Syllaciumque
958 3681 1114 3735 haud
1140 3681 1338 3751 procul
1365 3698 1398 3734 a
1426 3679 1729 3734 Turritana
1759 3677 1860 3733 Ca-

245 3768 445 3823 labria:
473 3785 670 3834 eremo
696 3768 870 3823 situm
892 3768 1160 3836 sit,facile
1175 3768 1351 3823 etiam
1374 3768 1591 3823 factum
1612 3783 1732 3821 esse
1754 3781 1856 3836 po-

245 3861 377 3924 test,
404 3861 468 3911 ut
500 3857 776 3929 Rogerius
803 3873 1018 3924 comes,
1059 3856 1214 3928 quod
1244 3856 1302 3910 in
1336 3857 1541 3911 eadem
1569 3856 1766 3909 charta
1798 3871 1859 3909 se

242 3945 468 4011 fecisse,
495 3945 589 3999 hic
618 3948 901 4016 praeterea
945 3961 1014 3999 ex
1058 3945 1222 3999 dictis
1278 3943 1376 4010 ait,
1435 3943 1492 3998 S.
1528 3944 1858 3998 Brunonem

246 4034 485 4105 ejusque
515 4034 698 4087 socios
726 4032 1004 4100 inviserit,
1040 4032 1304 4104 precibus
1334 4048 1538 4086 eorum
1592 4047 1651 4085 se
1698 4047 1858 4085 com-

246 4121 634 4188 mandaverit,
658 4122 1054 4192 chartamque,
1089 4121 1159 4175 de
1192 4137 1305 4192 qua
1338 4120 1450 4187 hic,
1483 4119 1689 4174 iisdem
1720 4135 1858 4174 con-

246 4209 501 4266 cesserit.
533 4209 669 4273 Quze
700 4226 833 4264 cum
864 4209 1091 4272 itasint,
1114 4212 1381 4280 notasque
1396 4208 1702 4275 chronicaa,
1734 4206 1859 4279 qui-

246 4299 355 4354 bus
384 4300 507 4353 haec
539 4300 794 4364 notatur,
842 4314 942 4352 seu
988 4314 1174 4352 annus
1216 4300 1274 4351 et
1330 4296 1569 4351 indictio
1600 4296 1751 4350 inter
1800 4311 1860 4349 se

2037 1916 2160 1967 582.
2194 1913 2285 1968 Sic
2315 1914 2488 1969 habet
2521 1931 2535 1969 :
2571 1937 2598 1965 «
2635 1917 2695 1970 ln
2721 1917 2960 1972 nomine
2991 1919 3093 1973 Dei
3123 1922 3328 1977 aeterni
3374 1926 3433 1977 et
3461 1925 3583 1979 Sal-

1963 2001 2176 2055 vatoris
2206 2002 2385 2057 nostri
2409 2003 2539 2056 Jesu
2571 2003 2797 2072 Christi,
2841 2022 2997 2061 anno
3055 2008 3128 2062 ab
3177 2010 3581 2068 Incarnatione

1963 2089 2197 2144 Domini
2244 2090 2552 2146 millesimo
2586 2094 2964 2164 nonagesimo
2997 2100 3225 2167 quarto,
3259 2098 3578 2157 indictione

1962 2178 2234 2246 secunda,
2256 2195 2389 2233 cum
2419 2195 2526 2251 ego
2578 2180 2855 2252 Bogerius
2882 2198 3077 2238 comes
3110 2184 3387 2241 Calabria).
3412 2190 3471 2242 et
3491 2189 3579 2245 Si-

1962 2265 2104 2320 ciliae
2134 2282 2240 2337 pro
2272 2266 2373 2321 Dei
2402 2283 2601 2322 amore
2649 2272 2707 2323 et
2735 2270 2947 2324 anima:
3006 2288 3153 2327 mea:
3206 2276 3490 2343 remedio,
3522 2280 3583 2333 et

1960 2370 2066 2425 pro
2092 2355 2271 2409 salute
2300 2355 2511 2410 animae
2564 2357 2801 2411 Roberti
2857 2358 3149 2416 Guiscardi
3200 2362 3395 2418 fratris
3439 2365 3577 2433 mei,

1961 2443 2358 2514 gloriosissimi
2414 2444 2573 2498 ducis
2602 2447 2822 2516 Apuliae
2849 2450 2906 2500 et
2938 2447 3235 2517 Calabriae,
3267 2454 3326 2505 et
3356 2468 3460 2524 pro
3494 2470 3583 2509 re-

1961 2530 2154 2585 medio
2182 2532 2509 2587 animarum
2540 2532 2786 2588 fratrum
2813 2551 3079 2591 meorum
3109 2540 3282 2610 atque
3314 2540 3579 2597 omnium

1959 2621 2268 2689 parentum
2295 2622 2353 2673 et
2379 2636 2620 2675 uxorum
2654 2638 2918 2677 mearum
2944 2625 3151 2679 vellem
3190 2626 3441 2683 dedicari
3493 2630 3579 2685 fa-

1958 2722 2088 2762 cere
2121 2708 2194 2761 ad
2213 2708 2498 2762 honorem
2517 2708 2615 2763 Dei
2648 2713 2706 2764 et
2737 2710 3119 2768 beatieMariae
3160 2717 3217 2768 et
3246 2715 3398 2770 beati
3412 2717 3581 2773 Joan-

1960 2794 2049 2848 nis
2078 2796 2238 2867 Bapt.
2274 2796 2574 2851 ecclesiam
2616 2797 2688 2853 de
2712 2814 2931 2865 eremo,
2961 2817 3089 2872 quae
3142 2802 3250 2857 sita
3306 2807 3393 2858 est
3425 2805 3579 2862 inter

1956 2884 2232 2950 Arenam,
2267 2887 2325 2937 et
2364 2884 2643 2955 oppidum
2700 2886 2857 2957 quod
2886 2887 3096 2943 dicitur
3140 2888 3369 2959 Stilum,
3401 2909 3574 2965 super

1956 2971 2249 3026 territorio
2282 2972 2416 3026 dicti
2448 2972 2642 3044 oppidi
2673 2973 2820 3040 Stili,
2854 2991 2959 3046 per
2984 2978 3341 3035 venerabiles
3371 2984 3428 3036 et
3448 2999 3578 3039 san-

1958 3059 2236 3114 ctissimos
2280 3062 2476 3115 Patres
2524 3061 3005 3117 Panormitanum
3055 3066 3571 3140 archiepiscopum,

1955 3148 2290 3204 Militensem
2315 3148 2437 3211 [al.,
2468 3148 2861 3216 Miletensem],
2900 3152 3296 3225 TrOpiensem,
3350 3158 3566 3214 Neoca-

1956 3238 2260 3302 strensem,
2301 3235 2707 3290 Cataniensem
2724 3239 2782 3291 et
2795 3237 3247 3309 Squillacensem
3270 3242 3572 3316 episcopos

1957 3324 2411 3379 collaudantibus
2456 3324 2673 3379 eisdem
2704 3326 3076 3382 sanctissimis
3108 3330 3392 3400 Patribus,
3440 3334 3575 3390 dedi

1957 3412 2127 3468 beato
2151 3413 2300 3485 patri
2324 3413 2601 3480 Brunoni,
2634 3415 2913 3486 magistro
2945 3417 3202 3487 ejusdem
3234 3420 3437 3489 eremi,
3469 3422 3575 3479 sibi

1957 3504 2017 3556 et
2033 3501 2449 3556 successoribus
2481 3502 2595 3556 suis
2636 3504 3055 3560 monasterium
3111 3506 3335 3562 Sancte:
3384 3510 3574 3567 Mariae

1958 3590 2030 3644 de
2059 3590 2285 3644 Arsasia
2311 3607 2444 3644 cum
2471 3590 2743 3645 omnibus
2773 3593 3141 3663 pertinentiis
3170 3595 3304 3664 suis,
3338 3598 3577 3655 ubicun-

1959 3694 2069 3749 que
2095 3676 2229 3744 sint,
2265 3677 2571 3732 eximendo
2605 3678 2877 3733 eamdem
2903 3681 3203 3737 ecclesiam
3233 3700 3333 3739 seu
3366 3702 3576 3743 mona-

1957 3764 2195 3819 sterium
2228 3764 2299 3818 de
2323 3764 2549 3819 Arsasia
2593 3765 2666 3819 ab
2719 3765 3003 3822 hodierno
3043 3768 3135 3823 die
3184 3769 3245 3823 in
3298 3776 3470 3828 antea
3512 3774 3574 3831 in

1957 3855 2303 3927 perpetuum
2336 3852 2407 3907 de
2441 3852 2603 3908 omni
2635 3854 2945 3924 temporali
2996 3856 3248 3920 servitio,
3309 3863 3368 3913 et
3410 3861 3576 3919 Turri

1959 3941 2032 3995 ad
2063 3957 2191 4012 quas
2224 3941 2551 4008 tenebatur,
2591 3940 2809 4014 oppido
2842 3958 2975 3997 meo
3014 3943 3085 3997 de
3117 3943 3297 4016 Stylo,
3317 3950 3379 4001 ut
3398 3950 3576 4004 eccle-

1957 4028 2041 4084 sia
2072 4029 2143 4083 de
2174 4045 2370 4084 eremo
2404 4032 2462 4083 et
2487 4028 2691 4083 fratres
2720 4028 2781 4084 in
2812 4033 3158 4101 perpetuum
3192 4032 3351 4089 illam
3382 4035 3573 4107 quiete

1958 4117 2214 4172 habeant
2232 4117 2353 4173 sine
2381 4117 2542 4172 omni
2570 4117 2859 4173 calumnia
2890 4120 2948 4173 et
2980 4119 3103 4175 sine
3132 4122 3572 4194 temporaliser-

1958 4205 2116 4273 vitio,
2146 4206 2306 4261 omni
2332 4209 2560 4261 remoto
2591 4206 2831 4261 tremari
2867 4209 2926 4261 et
2946 4208 3219 4280 placario,
3261 4214 3320 4265 et
3360 4212 3572 4269 horum

1960 4294 2225 4349 omnium
2256 4293 2496 4349 remotis
2521 4293 3003 4349 infestationibus.

248 4386 617 4453 conveniant,
647 4402 754 4441 nec
787 4386 1103 4458 quidquam
1133 4388 1439 4457 praeterea,
1473 4384 1629 4457 quod
1657 4385 1860 4439 contra
1881 4388 1934 4447 D
2030 4385 2154 4437 583.
2180 4404 2208 4432 «
2236 4382 2364 4436 Haec
2385 4383 2580 4435 autem
2611 4381 2853 4436 donaria
2878 4383 3130 4439 ecclesiae
3176 4386 3466 4458 praedictae
3499 4389 3573 4445 de

246 4475 620 4529 instrumenti
652 4474 802 4530 illius
848 4474 1237 4529 sinceritatem
1286 4473 1477 4541 faciat,
1506 4472 1735 4527 aliunde
1763 4488 1856 4527 oc-

246 4568 463 4630 currat,
497 4580 614 4619 non
642 4567 726 4619 est
746 4563 905 4619 enim
930 4579 1065 4617 vero
1089 4578 1189 4616 cur
1216 4561 1272 4616 id
1312 4578 1417 4632 pro
1449 4564 1731 4633 suspecto,
1764 4577 1860 4616 ne-

246 4653 390 4708 dum
422 4669 527 4725 pro
560 4653 751 4724 spurio
784 4652 1087 4718 habeatur,
1118 4654 1176 4705 et
1196 4651 1307 4705 alia
1341 4650 1607 4724 proinde,
1641 4666 1768 4721 quae
1785 4649 1859 4704 ad

246 4740 529 4797 Sanctum
585 4745 847 4796 nostrum
881 4742 1161 4813 spectant,
1196 4755 1533 4794 sermonem
1565 4743 1854 4793 converte.

244 4866 499 4937 §XXXV.
530 4865 763 4920 Sanctus
815 4871 1173 4920 constructam
1227 4865 1289 4919 in
1341 4880 1512 4918 eremo
1562 4861 1856 4917 Calabrina

314 4938 588 4993 ecclesiam
620 4954 815 5007 magno
845 4943 1109 5007 apparatu
1131 4937 1432 4989 consecrari
1457 4941 1633 5007 curat.
1661 4940 1711 4987 et
1738 4952 1859 4988 ma—

312 5011 398 5078 gis
423 5026 487 5062 ac
514 5010 687 5078 magis
716 5006 959 5062 Comitem
1000 5007 1292 5078 Rogerium
1325 5006 1627 5061 benevolum
1652 5022 1780 5076 erga
1805 5023 1857 5060 se

312 5081 603 5151 experitur.

314 5188 410 5240 581
428 5226 440 5240 .
463 5185 606 5240 Cum
640 5187 828 5241 Bruno
848 5184 1352 5257 ecclesiam,quam
1379 5199 1444 5238 ex
1471 5182 1853 5251 dictis,statim

243 5277 418 5347 atque
441 5291 476 5328 a
500 5274 712 5328 comite
745 5274 991 5345 Rogerio
1019 5273 1384 5327 Turritanam
1416 5272 1692 5326 Calabriae
1736 5288 1857 5325 ere-

240 5380 405 5417 mum
429 5363 762 5418 obtinuerat
787 5362 847 5415 in
878 5364 1163 5417 honorem
1206 5361 1327 5428 Dei,
1361 5360 1732 5415 sanctissima:
1755 5359 1855 5414 Dei

241 5451 548 5505 Genitricis
582 5454 641 5505 et
670 5450 726 5505 S.
753 5450 990 5505 Joannis
1037 5449 1302 5520 Baptistae
1330 5448 1601 5503 aedificari
1636 5448 1853 5502 ibidem

240 5538 485 5606 curavit,
517 5538 591 5592 ad
620 5537 956 5592 umbilicum
981 5537 1212 5592 videbat
1238 5537 1566 5604 adductam,
1593 5536 1746 5607 apud
1759 5552 1853 5590 co-

240 5628 450 5685 mitem
482 5627 817 5702 Rogerium,
848 5630 911 5681 ut
930 5644 1059 5683 eam
1090 5625 1335 5683 solemni
1373 5626 1485 5682 ritu
1510 5642 1851 5683 consecran-

1958 4472 2156 4538 Bosco,
2172 4473 2229 4525 et
2248 4469 2522 4524 fratribus
2542 4468 2621 4524 ibi
2655 4470 2770 4525 Deo
2786 4470 3181 4541 servientibus,
3201 4474 3399 4530 dotem
3439 4476 3572 4533 dedi

1956 4557 2246 4629 Adelayde
2302 4558 2548 4629 conjuge
2597 4574 2729 4611 mea
2757 4558 3097 4614 consiliante
3126 4564 3183 4615 et
3211 4563 3485 4619 laudante
3515 4569 3575 4620 et

1959 4646 2310 4702 concedente
2340 4644 2591 4700 Goﬂ'rido
2616 4645 2735 4700 ﬁlio
2763 4662 2916 4713 meo,
2959 4648 3230 4721 Malgerio
3262 4651 3381 4707 filio
3414 4669 3569 4711 meo.

1960 4735 2124 4801 Quod
2146 4733 2565 4789 monasterium
2584 4734 2825 4788 Arsasiae
2847 4737 3067 4806 capella
3088 4754 3221 4793 mea
3235 4742 3362 4795 erat
3375 4758 3569 4797 exem-

1956 4829 2057 4897 pta
2075 4825 2148 4879 ab
2170 4822 2475 4895 episcopali
2500 4822 2901 4892 jurisdictione
2932 4841 3038 4896 per
3092 4843 3253 4882 sacro
3304 4832 3565 4885 sanctam

1957 4914 2282 4969 Romanam
2308 4911 2640 4979 Ecclesiam,
2670 4911 2824 4982 quod
2853 4915 3116 4967 constare
3143 4914 3249 4968 feci
3282 4917 3569 4985 praedictis

1956 5000 2385 5073 archiepiscopo
2413 5004 2470 5053 et
2488 4998 2787 5071 episcopis,
2811 5001 2907 5072 qui
2926 5004 3100 5055 testes
3113 5006 3245 5055 sunt
3263 5002 3431 5072 hujus
3463 5004 3566 5059 do-

1957 5089 2227 5155 nationis,
2243 5092 2301 5142 et
2325 5091 2496 5142 testes
2515 5091 2649 5142 sunt
2678 5088 2985 5143 Gosbertus
3002 5088 3072 5142 de
3086 5089 3347 5157 Luciaco,
3378 5092 3563 5163 Paga-

1956 5196 2063 5234 nus
2093 5178 2163 5232 de
2217 5176 2436 5248 Gorgis,
2470 5175 2746 5247 Rogerius
2783 5176 3049 5229 Bonellus
3104 5175 3221 5247 [al.,
3251 5174 3564 5252 Tonellus],

1956 5268 2124 5322 Fulco
2142 5266 2481 5337 Capellanus
2503 5263 2787 5335 meus,qui
2802 5264 2923 5317 haec
2943 5263 3188 5334 scripsit.
3221 5265 3349 5321 Haec
3366 5271 3565 5323 autem

1956 5357 2087 5412 dedi
2100 5354 2433 5410 testimonio
2451 5353 2967 5429 suprascriptorum
3004 5352 3239 5409 testium
3269 5358 3328 5410 et
3354 5355 3414 5411 hi
3446 5359 3563 5412 ter-

1954 5446 2099 5502 mini
2131 5448 2188 5499 et
2217 5443 2428 5499 limites
2454 5442 2675 5497 Sancta:
2701 5440 2889 5495 Maria-3
2916 5441 2986 5495 de
3013 5443 3261 5512 Arsasia,
3293 5444 3563 5502 videlicet

1956 5536 2028 5591 ab
2054 5534 2261 5589 arbore
2317 5547 2559 5605 quercus
2603 5533 2709 5584 etc.
2768 5551 2793 5578 α
2823 5529 3112 5604 Sequitur,
3145 5551 3176 5585 ››
3228 5533 3417 5606 inquit
3471 5534 3564 5590 hic

1952 5620 2327 5688 Morkensius,
2361 5642 2389 5670 «
2422 5617 2754 5675 terminatio
2784 5618 3059 5690 limitum,
3104 5639 3280 5695 quam
3334 5622 3561 5694 omitto,
