4066 6032
485 343 589 400 359

1337 339 1395 396 s.
1422 338 1764 395 nauxoms
1806 295 2439 395 marnusmnoaum
2476 334 2945 393 INSTITUTORIS

3698 338 3801 397 360

488 490 517 520 κ
552 464 686 541 quia
705 463 779 522 ad
797 481 923 522 rem
953 466 1213 522 nostram
1240 482 1447 539 parum
1472 468 1570 521 aut
1583 464 1726 520 nihil
1755 464 1893 519 facit
1922 466 1980 519 et
2003 479 2088 519 so-
2105 464 2161 526 Α
2266 485 2294 515 ‹‹
2321 461 2392 536 θ
2415 463 2532 536 Ego
2560 463 2752 531 Fulco,
2786 460 3007 519 domini
3037 458 3263 518 comitis
3293 460 3526 535 Rogerii
3559 464 3805 537 capella-

488 580 517 609 ‹‹
551 558 674 612 lum
704 555 959 612 exscribo
990 556 1135 623 loca,
1161 556 1271 611 hac
1325 552 1857 625 circumscriptione
1914 553 2091 608 inclu-

485 667 519 701 α
547 664 628 702 sa.
665 668 692 695 »
727 647 869 702 Cum
902 646 1121 700 duobus
1165 646 1445 701 casalibus
1477 643 1817 710 interclusis,
1878 643 2092 698 scilicet

489 737 561 793 de
587 736 793 791 Sancto
819 735 1049 789 Andrea
1074 738 1131 789 et
1157 735 1366 802 Roseti,
1398 734 1591 789 liberis
1620 736 1677 787 et
1702 733 1982 804 exemptis
2016 732 2090 788 ob

488 826 648 883 omni
677 825 1092 880 communitate
1149 825 1421 879 casalium
1461 840 1728 879 meorum
1770 824 1840 878 de
1878 823 2090 896 oppido

490 916 648 982 Stili;
677 916 817 969 item
840 915 1053 980 locum,
1088 914 1183 986 qui
1233 914 1437 968 dicitur
1467 930 1596 967 cum
1640 914 1862 970 duobus
1892 913 2090 968 casali-

489 1004 770 1075 busVingi
792 1007 849 1058 et
876 1004 1135 1073 Buaungi
1166 1002 1429 1057 similiter
1462 1003 1655 1058 liberis
1708 1007 1767 1058 et
1814 1003 2092 1076 exemptis

489 1095 562 1149 ab
594 1094 757 1149 omni
784 1092 1200 1147 communitate
1235 1091 1505 1146 casalium
1535 1108 1801 1147 meorum
1835 1093 1905 1147 de
1938 1092 2089 1147 dicto

488 1182 700 1254 oppido
727 1180 887 1248 Stili;
920 1180 1059 1234 item
1093 1179 1391 1234 ecclesiam
1424 1178 1615 1234 Sancti
1650 1182 1875 1236 Fantini
1907 1198 2096 1235 exem-

466 1273 649 1342 .ptam
681 1270 752 1324 ab
783 1267 1037 1340 episcopi
1071 1267 1472 1338 jurisdictione
1528 1268 1745 1323 Giracei
1797 1270 1916 1336 [al.,
1944 1269 2098 1324 Gira-

489 1358 602 1425 cii],
634 1374 761 1430 qua
794 1357 866 1412 ad
893 1357 1162 1411 eamdem
1194 1356 1492 1411 ecclesiam
1531 1357 1770 1412 Arsasia
1825 1358 2095 1430 pertinet,

490 1464 619 1519 qua
646 1445 831 1517 posita
859 1449 945 1500 est
998 1445 1057 1499 in
1088 1445 1455 1516 pertinentiis
1484 1446 1829 1517 Agrotteria
1872 1446 1931 1500 in
1961 1446 2097 1500 tini-

489 1537 692 1590 mento
723 1533 905 1589 Giraci
938 1534 1055 1597 [al.,
1086 1533 1316 1594 Giracii]
1342 1550 1472 1587 cum
1496 1534 1764 1588 omnibus
1780 1534 2100 1589 rationibus

492 1626 550 1678 et
576 1622 939 1694 pertinentiis
959 1622 1100 1687 suis;
1138 1621 1279 1676 item
1317 1623 1499 1676 casale
1528 1622 1781 1676 Arunchi
1832 1623 1892 1676 in
1924 1622 2122 1693 pertir

2493 569 2618 619 nus,
2657 552 2728 607 de
2768 551 3049 607 mandato
3104 551 3227 623 ejus
3280 550 3390 607 hoc
3435 553 3799 627 privilegium

2501 641 2697 712 scripsi
2727 644 2784 695 et
2814 657 2909 695 me
2940 639 3264 711 subscripsi.
3298 660 3331 692 ››

2262 731 2415 785 Habe
2450 730 2626 785 modo
2643 729 2841 795 etiam,
2888 746 3060 800 quam
3094 729 3307 783 charta
3332 728 3464 784 huic
3491 747 3525 784 a
3550 747 3609 785 se
3636 734 3801 786 tran-

2192 819 2416 891 scripta
2438 818 2879 873 annotationem
2907 818 3800 889 subnectitMorkensius.«Hanc,

2192 908 2398 979 inquit,
2424 907 2684 961 Ecclesia
2729 906 2910 960 eremi
2941 906 3413 961 constitutionem
3440 908 3617 962 etiam
3647 908 3803 963 inter

2191 999 2464 1051 Analecta
2484 995 2811 1050 Garnefeltii
2829 996 3010 1049 nostri
3023 995 3212 1066 reperi
3240 995 3649 1068 interpolatam
3664 1000 3721 1052 et
3732 997 3807 1051 ad

2193 1086 2617 1157 autographum
2654 1083 3014 1153 recognitam
3052 1083 3334 1155 rescripsi,
3367 1084 3713 1155 ascripsique
3744 1084 3805 1140 in

2190 1173 2454 1244 margine
2472 1171 2965 1242 interpolationes,
2990 1171 3230 1225 asterico
3250 1173 3498 1227 notatas.
3535 1172 3802 1243 Sigilium

2196 1266 2281 1317 est
2296 1261 2656 1333 plumbeum,
2692 1259 2771 1313 uti
2786 1259 3063 1331 superius,
3085 1262 3143 1314 et
3166 1260 3380 1331 pendet
3394 1277 3461 1315 ex
3481 1261 3656 1317 corda
3677 1278 3803 1317 cro-

2198 1350 2281 1404 cei
2299 1347 3433 1420 coloris.»Interpolationes,quasiterum
3451 1348 3543 1403 hic
3558 1350 3809 1421 scriptor

2200 1442 2511 1506 memorat,
2555 1437 2831 1491 duntaxat
2881 1437 3002 1491 fere
3053 1438 3186 1490 sunt
3236 1436 3512 1492 lectiones
3542 1438 3809 1493 nonnihil

2200 1527 2520 1594 variantes;
2569 1542 2666 1580 eas
2695 1524 2933 1580 interim
2963 1524 3037 1579 ad
3066 1525 3394 1597 marginem
3450 1527 3667 1596 pariter
3712 1527 3809 1582 hic

2202 1616 2289 1687 adj
2300 1616 2620 1670 eci.Verum
2636 1618 2769 1669 sunt
2788 1617 2845 1668 et
2862 1613 2974 1668 alia
2987 1613 3046 1667 in
3066 1613 3222 1668 idem
3240 1614 3691 1670 instrumentum
3709 1634 3811 1671 no-

493 1711 704 1766 nentiis
732 1710 974 1765 civitatis
999 1709 1288 1781 Squillacii
1322 1726 1453 1764 cum
1481 1710 1753 1765 omnibus
1782 1709 2102 1765 rationibus
2127 1778 2163 1781 _
2203 1706 2398 1760 tauda.
2423 1707 2503 1759 Ac
2534 1704 2723 1776 primo
2742 1703 2977 1774 quidem
3000 1706 3152 1758 nota
3166 1703 3441 1771 chonica,
3472 1705 3690 1776 quasin
3721 1722 3813 1760 ca-

492 1801 551 1853 et
578 1797 944 1870 pertinentiis
984 1778 1102 1851 suis
1130 1796 1274 1851 Sicut
1298 1799 1497 1852 tenere
1530 1801 1588 1853 et
1635 1799 1850 1853 habere
1894 1799 2100 1853 eadem
2126 1778 2175 1836 Β
2201 1794 2318 1866 pite
2332 1793 2689 1865 prafert,seu
2711 1808 2896 1846 annus
2926 1792 3061 1846 1094
3090 1793 3148 1846 et
3176 1791 3413 1847 indictio
3445 1796 3478 1847 2
3508 1809 3629 1847 sese
3659 1792 3815 1848 inter

491 1887 729 1942 ecclesia
754 1886 993 1941 Arsasia
1014 1886 1328 1941 consuevit.

561 1977 686 2031 584.
741 1998 769 2027 ‹‹
796 1976 927 2030 Hac
982 1978 1178 2030 autem
1228 1977 1536 2046 pernotata
1591 1976 1712 2044 [al.,
1757 1979 2098 2048 pranotata]

489 2066 618 2120 loca
644 2064 797 2119 dono
853 2066 911 2117 et
958 2063 1214 2118 concedo
1264 2080 1371 2134 pro
1402 2064 1611 2119 eadem
1644 2064 1882 2119 ecclesia
1910 2064 1970 2118 in
1998 2065 2099 2119 do-

488 2152 611 2206 tem
638 2150 877 2206 domino
900 2150 1053 2205 Patri
1085 2151 1363 2217 Brunoni,
1425 2155 1483 2206 et
1535 2154 1952 2208 successoribus
1982 2152 2104 2222 ejus

491 2255 625 2295 cum
647 2239 916 2293 omnibus
944 2238 1585 2311 rationibus,aquarum
1604 2241 1953 2307 decursibus,
1982 2257 2105 2295 mo-

492 2326 760 2393 lendinis,
793 2326 1130 2381 nemoribus
1161 2330 1219 2382 et
1240 2328 1560 2395 arboribus,
1609 2329 1773 2383 cultis
1799 2328 2102 2383 etincultis

494 2415 756 2472 mineriis
779 2414 908 2470 aris
938 2418 995 2469 et
1025 2415 1161 2469 ferri
1195 2418 1251 2469 et
1276 2416 1540 2471 omnium
1577 2419 1970 2484 metallorum,
2000 2434 2100 2488 pa-

494 2503 639 2561 scuis
670 2507 729 2559 et
758 2502 1027 2559 omnibus
1048 2502 1297 2573 juribus,
1333 2521 1460 2575 qua
1492 2522 1600 2576 ego
1646 2508 1704 2559 et
1763 2505 1921 2560 curia
1972 2522 2104 2559 mea

492 2593 709 2647 habere
745 2592 1021 2646 hactenus
1045 2591 1356 2658 consuevit,
1390 2592 1469 2646 ita
1487 2596 1551 2647 ut
1584 2610 1755 2648 nemo
1771 2593 1989 2665 aliquid
2008 2610 2105 2648 ne-

493 2697 591 2736 mo
623 2679 840 2751 aliquid
887 2678 988 2746 ibi,
1051 2678 1158 2733 nisi
1201 2679 1353 2734 dicta
1382 2681 1620 2735 ecclesia
1654 2681 1836 2736 eremi
1870 2683 2099 2749 habeat,

494 2769 639 2824 sicut
662 2784 729 2822 ex
754 2770 890 2821 tunc
919 2783 1093 2821 nemo
1123 2767 1339 2839 aliquid
1367 2768 1512 2839 juris
1540 2769 1755 2837 habuit,
1812 2769 1921 2823 nisi
1972 2787 2101 2841 ego.

499 2860 643 2913 Item
660 2856 912 2912 concedo
939 2855 1130 2910 eidem
1160 2857 1419 2911 Ecclesia
1447 2858 1627 2912 eremi
1659 2858 1717 2912 in
1736 2858 1963 2929 reliqua
1994 2862 2105 2912 ter-

494 2964 560 3003 ra
589 2963 722 3001 mea
752 2962 916 3000 usum
941 2945 1188 3001 liberum
1217 2946 1597 3001 mineriarum
1621 2947 1749 3002 aris
1784 2951 1841 3002 et
1864 2948 2023 3014 ferri,
2048 2952 2106 3004 et

494 3053 705 3112 pascua
722 3036 904 3091 libera
934 3035 993 3090 in
1021 3036 1225 3090 eadem
1252 3039 1406 3090 terra
1450 3052 1581 3090 mea
1613 3053 1717 3107 pro
1763 3035 2106 3091 animalibus

493 3123 751 3198 ejusdem
772 3120 1053 3188 Ecclesia,
1083 3125 1254 3193 atque
1287 3122 1613 3189 custodum,
1649 3140 1753 3178 nec
1780 3140 1897 3178 non
1924 3129 1981 3178 et
2007 3143 2103 3180 eo-

496 3228 647 3279 rum,
696 3208 793 3281 qui
852 3208 912 3263 in
965 3208 1127 3263 dictis
1186 3209 1464 3263 casalibus
1502 3210 1783 3265 habitant.
1838 3212 2104 3268 Concedo

494 3300 691 3366 etiam,
720 3301 784 3353 ut
806 3297 958 3352 dicta
988 3296 1234 3351 Ecclesia
1265 3298 1446 3352 eremi
1478 3300 1918 3355 commendatos
1934 3302 2108 3357 liabe-

494 3404 560 3442 re
583 3385 762 3459 possit
788 3383 849 3438 in
871 3399 1045 3453 supra
1087 3384 1250 3439 dictis
1285 3386 1567 3441 casatibus
1593 3390 1651 3441 et
1676 3387 1835 3455 locis,
1869 3406 1995 3460 qua
2026 3389 2104 3444 ei-

498 3474 633 3531 dem
660 3472 921 3529 Ecclesia
952 3470 983 3527 ὃ
992 3472 1105 3526 edi.
1136 3473 1315 3528 Nemo
1350 3474 1408 3528 in
1440 3492 1612 3546 supra
1642 3475 1805 3531 dictis
1836 3477 1974 3532 locis
2004 3496 2105 3534 suo

493 3564 581 3619 vel
608 3577 739 3616 meo
767 3559 1003 3615 nomine
1035 3560 1441 3615 autharedum
1460 3567 1517 3617 et
1543 3580 1933 3619 successorum
1951 3583 2108 3621 meo-

494 3670 625 3710 rum
658 3649 1071 3723 prasumatjus
1093 3649 1327 3722 aliquod
1358 3653 1626 3724 prosequi
1649 3655 1731 3707 vel
1750 3655 2107 3722 habere,nec

495 3758 627 3814 ego,
673 3740 773 3795 sed
804 3739 1001 3795 omnia
1027 3744 1438 3796 conserventur
1462 3742 1651 3796 eidem
1682 3744 1945 3798 Ecclesia
1973 3744 2106 3799 soli-

495 3830 570 3887 da
602 3833 661 3885 et
688 3829 922 3896 intacta,
957 3828 1093 3900 quia
1128 3845 1335 3900 parum
1369 3832 1454 3884 est
1484 3846 1588 3900 pro
1622 3831 1721 3886 Dei
1748 3848 1949 3888 amore
1992 3834 2106 3888 suis

491 3918 747 3973 tribuere
775 3916 1027 3982 famulis,
1065 3916 1161 3987 qui
1216 3917 1359 3971 mihi
1409 3919 1592 3972 multa
1648 3919 1915 3989 prastitit
1942 3922 2105 3991 larga

495 4004 759 4061 manu.Si
775 4020 909 4058 vero
931 4019 1178 4074 persona
1202 4003 1412 4075 aliqua,
1439 4005 1587 4059 filius
1606 4022 1767 4060 meus
1783 4010 1882 4061 aut
1902 4007 2104 4080 aliquis

493 4093 679 4147 hares
708 4093 807 4145 aut
835 4106 1121 4144 successor
1148 4091 1257 4144 hoc
1288 4109 1485 4146 meum
1515 4094 1866 4164 quassaverit
1883 4096 2102 4152 donum

495 4196 596 4234 seu
626 4176 1011 4250 privilegium,
1029 4176 1171 4243 mihi
1196 4178 1281 4231 vel
1303 4180 1547 4250 posteris
1560 4181 1702 4234 meis
1725 4185 1822 4236 aut
1841 4184 2100 4239 Ecclesia

494 4268 772 4321 Romana
796 4265 1031 4319 centum
1060 4263 1234 4319 libras
1263 4266 1386 4320 auri
1418 4268 1719 4339 persolvat,
1745 4269 1851 4324 nisi
1871 4271 1943 4325 ad
1964 4288 2100 4327 con-

2201 1882 2463 1953 appriine
2477 1879 2960 1935 conveniunt.Nec
2977 1883 3061 1934 est
3082 1895 3182 1934 cur
3194 1881 3525 1952 scrupulum
3541 1881 3813 1953 cuiquam

2202 1970 2259 2026 in
2260 1968 2761 2041 jiciat,quod,cum
2776 1968 3054 2039 Rogerius
3068 1983 3262 2023 comes
3277 1969 3349 2023 ab
3375 1968 3740 2041 expeditione
3753 1970 3814 2025 in

2201 2059 2566 2113 Gullie-lmum
2600 2060 2880 2130 suscepta,
2914 2060 3085 2129 atque
3116 2074 3150 2111 a
3176 2056 3543 2112 Castri-Villa
3561 2057 3813 2114 obsidio-

2204 2165 2275 2203 ne
2303 2164 2562 2202 reversus
2594 2149 2761 2209 esset,
2795 2146 2995 2201 datum
3011 2146 3070 2200 in
3096 2146 3212 2200 fine
3240 2145 3482 2201 dicatur.

2274 2238 2397 2290 586.
2423 2236 2674 2302 Etenim,
2716 2237 2858 2289 teste
2892 2234 3152 2289 Historia
3193 2232 3397 2289 Sicula
3444 2233 3544 2288 lib.
3578 2252 3651 2289 1v.
3685 2252 3813 2308 cap.

2204 2328 2262 2379 2i
2298 2328 2355 2378 et
2371 2341 2490 2395 seq.
2523 2322 2808 2378 Gaufredo
2832 2323 3152 2387 Malaterra,
3185 2322 3519 2376 Gullielmus
3548 2322 3617 2377 de
3634 2323 3814 2378 Grau-

2204 2415 2355 2467 tavul
2377 2430 2496 2478 seu,
2533 2414 2595 2466 ut
2615 2412 2685 2465 ab
2718 2411 2842 2465 aliis
2864 2410 3151 2477 scribitur,
3176 2410 3246 2464 de
3277 2410 3693 2478 Grantemanil,
3719 2413 3817 2484 qui

2202 2500 2464 2566 Mabilia,
2487 2499 2718 2570 Rogerii
2749 2498 2906 2553 ducis
2946 2498 3151 2564 sorori,
3181 2499 3555 2554 matrimonio
3581 2499 3819 2569 junctus

2206 2592 2348 2665 erat,
2373 2605 2526 2643 anno
2547 2591 2702 2656 1093,
2730 2604 2859 2642 cum
2883 2590 2941 2642 et
2970 2587 3091 2659 ipse
3115 2603 3233 2641 non
3265 2604 3425 2642 secus
3451 2603 3516 2642 ac
3536 2589 3821 2643 Boamun-

2207 2678 2330 2743 dus,
2367 2678 2437 2732 de
2470 2693 2582 2748 quo
2606 2676 2731 2747 jam
2760 2692 2951 2746 supra,
2983 2676 3294 2748 Rogerium
3350 2676 3557 2732 ducem
3597 2694 3629 2731 e
3685 2677 3820 2732 vivis

2206 2766 2429 2831 abiisse,
2457 2766 2598 2820 falso
2631 2764 2703 2819 ad
2738 2781 2798 2818 se
2846 2765 3034 2818 delato
3068 2780 3303 2819 rumore
3334 2764 3687 2832 credidisset,
3720 2783 3815 2820 va-

2205 2855 2291 2909 ria
2340 2854 2412 2908 ad
2456 2852 2780 2923 principem
2811 2851 2997 2919 illum,
3027 2852 3215 2907 uxoris
3256 2868 3371 2906 sua
3403 2852 3668 2920 fratrem,
3690 2869 3820 2924 per-

2205 2942 2451 2998 tinentia
2474 2945 2600 2996 tum
2631 2945 2837 3007 castra,
2869 2945 2992 2995 tum
3025 2941 3257 3013 oppida,
3289 2941 3525 3013 hacque
3552 2942 3819 2996 interCa—

2207 3031 2564 3097 stri-Villam,
2598 3030 2910 3101 occupavit,
2947 3046 3193 3101 cumque
3250 3030 3396 3098 hac,
3442 3030 3636 3084 audita
3684 3030 3818 3085 licet

2208 3119 2515 3174 memorati
2553 3118 2801 3172 rumoris
2826 3117 3090 3184 falsitate,
3135 3117 3372 3172 domino
3403 3136 3503 3172 suo
3529 3118 3813 3189 legitimo,

2207 3208 2442 3263 Mabilia
2479 3207 2665 3262 uxoris
2696 3207 2769 3261 ad
2792 3207 2888 3261 illa
2909 3207 3006 3277 jus
3047 3211 3384 3276 pratexens,
3419 3207 3663 3263 reddere
3696 3225 3814 3263 non

2208 3298 2395 3362 vellet,
2436 3296 2587 3351 bello
2621 3312 2757 3350 eum
2790 3295 2901 3349 dux
2956 3294 3236 3365 Rogerius
3288 3295 3549 3367 appetiit,
3587 3313 3817 3369 unaque

2207 3402 2339 3440 cum
2362 3384 2606 3455 Rogerio
2634 3385 2864 3452 comite,
2896 3387 3100 3454 patruo
3128 3385 3364 3455 suo,qui
3392 3384 3442 3438 ei
3470 3401 3593 3440 sese
3616 3386 3819 3456 adjun-

2207 3477 2387 3539 xcrat,
2446 3472 2863 3528 Castri-Villam
2913 3472 3155 3539 obsedit,
3209 3489 3274 3527 ac
3332 3475 3698 3543 expugnavit.
3745 3477 3819 3529 At

2207 3578 2341 3617 vero
2368 3561 2426 3615 in
2457 3561 2552 3616 illo
2586 3559 2815 3632 Rogerii
2836 3559 3063 3615 comitis
3093 3560 3408 3631 diplomate
3448 3561 3579 3627 alia,
3614 3562 3821 3634 quaid

2206 3651 2355 3705 forte
2388 3667 2504 3705 non
2534 3649 2754 3705 nemini
2775 3652 3105 3723 suspectum
3128 3650 3354 3717 reddat,
3385 3650 3691 3705 difﬁcultas
3729 3668 3819 3706 oc-

2207 3742 2400 3794 currit.
2431 3741 2573 3795 Cum
2595 3739 2770 3805 enim,
2802 3742 2865 3792 ut
2893 3754 3065 3809 supra
3093 3738 3280 3806 docui,
3320 3740 3597 3811 Rogerius
3623 3757 3818 3796 comes

2206 3844 2236 3882 e
2266 3827 2443 3900 priori
2475 3844 2649 3882 uxore
2680 3844 2781 3881 sua
2808 3826 3025 3894 Iudith,
3057 3844 3176 3891 seu,
3211 3830 3274 3881 ut
3315 3827 3483 3882 aliter
3510 3828 3689 3883 etiam
3716 3845 3813 3883 vo-

2205 3919 2386 3984 catur,
2420 3915 2631 3970 Delicia
2659 3916 2843 3970 nullos
2874 3931 3108 3986 prorsus
3133 3915 3345 3970 liberos
3370 3916 3816 3988 babuerit,pra-

2203 4007 2405 4075 terque
2430 4005 2621 4073 plures
2647 4004 2794 4057 fidas
2832 4002 3068 4057 unicum
3123 4003 3402 4058 duntaxat
3445 4004 3629 4059 filium
3660 4022 3691 4060 e
3723 4022 3811 4060 se-

2203 4092 2762 4163 cunda,Elemburga
2774 4108 2873 4146 seu
2887 4093 3241 4163 Eremburga
3255 4093 3668 4164 cognominata
3683 4112 3813 4166 qua

2203 4198 2356 4235 anno
2384 4181 2645 4250 1089jam
2672 4179 3423 4251 obierat,procrearit,unde
3438 4184 3536 4236 aut
3555 4183 3806 4254 quisille,

2202 4269 2299 4342 qui
2329 4270 2568 4326 recitato
2596 4268 2894 4340 diplomati
2915 4270 3303 4337 subscribitur,
3334 4271 3563 4342 Rogerii
3585 4272 3810 4326 comitis

462 4347 734 4425 'dignam
763 4352 986 4407 venerit
1040 4351 1508 4416 satisfactionem,
1555 4356 1803 4412 fratrum
1864 4358 1941 4413 ibi
1985 4361 2101 4416 Deo
2126 4361 2178 4419 D
2200 4359 2348 4412 ﬁlius
2367 4356 2666 4428 Malgerius
2685 4356 2712 4411 ?
2731 4358 2889 4411 Hunc
2913 4374 3048 4411 sane
3068 4374 3098 4411 e
3116 4358 3272 4412 nulla
3301 4375 3542 4413 uxorum
3573 4376 3809 4414 suarum

495 4440 869 4497 servientium
895 4443 953 4494 et
977 4443 1271 4511 perpetua
1297 4441 1591 4513 subjaceat
1621 4444 2000 4501 damnationi.

567 4531 690 4585 585.
725 4548 757 4582 «
787 4529 916 4583 Hac
942 4531 1135 4583 autem
1163 4533 1289 4584 acta
1304 4534 1436 4584 sunt
1460 4548 1659 4587 mense
1680 4535 1941 4605 Augusti,
1969 4552 2102 4591 cum

493 4634 784 4690 regressus
815 4634 998 4671 essem
1013 4616 1083 4671 de
1105 4618 1486 4689 expeditione,
1521 4638 1695 4691 quam
1724 4622 1975 4678 feceram
2016 4642 2102 4679 su-

494 4723 599 4780 per
623 4705 987 4761 Guillelmum
1014 4708 1071 4759 et
1083 4706 1153 4759 ab
1184 4706 1479 4761 obsidione
1509 4709 1897 4777 Castri-Villa,
1918 4715 1975 4765 et
1994 4713 2101 4767 hoc

492 4810 723 4850 mecum
754 4792 1114 4866 privilegium
1143 4794 1216 4848 ad
1247 4799 1585 4866 perpetuam
1628 4798 1960 4854 firmitatem
1987 4801 2103 4871 juss

490 4883 538 4938 si
550 4884 609 4938 et
621 4881 889 4937 mandavi
908 4884 966 4937 et
976 4882 1083 4935 feci
1102 4898 1233 4936 mea
1247 4884 1540 4954 pendente
1556 4885 1711 4940 bulla
1728 4889 2097 4944 communiri.

560 4989 594 5024 «
619 4969 694 5043 ὦ
722 4969 998 5042 Rogerius
1026 4986 1240 5026 comes.

562 5081 591 5111 «
623 5059 697 5131 θ
726 5059 952 5115 Adelais
977 5059 1284 5114 comitissa.

560 5166 595 5202 α
622 5147 696 5220 ᾧ
723 5146 1023 5215 Gofl‘ridus,
1054 5147 1205 5202 Illius
1235 5146 1457 5202 domini
1478 5149 1726 5205 comitis.

566 5258 597 5287 ιι
623 5235 697 5307 ᾧ
723 5236 1020 5306 Malgerius
1072 5236 1218 5290 filius
1233 5236 1458 5290 comitis
1490 5237 1747 5310 Rogerii.

562 5346 592 5376 α
621 5323 695 5397 θ
724 5326 987 5395 Paganus
1016 5325 1085 5380 dc
1112 5324 1333 5395 Gorgis.

559 5432 596 5467 α
612 5412 685 5486 ὦ
709 5412 999 5469 Josbertus
1020 5412 1091 5467 de
1118 5412 1379 5468 Luciaco.

563 5519 598 5553 «
631 5500 706 5573 θ
726 5500 1003 5573 Rogerius
1026 5501 1292 5556 Bonellus
1311 5503 1432 5566 [al.,
1458 5503 1769 5572 Tonellus].

2201 4448 2594 4519 legitimarum
2628 4446 2887 4517 genuisse
2912 4447 3185 4517 Rogerius
3209 4446 3451 4502 videtur.
3474 4448 3622 4512 Quid
3639 4449 3810 4520 ergo?

2200 4539 2286 4591 An
2319 4537 2562 4591 nothum
2598 4536 2853 4590 dicemus
2872 4536 2900 4590 ?
2928 4537 3139 4590 Verum
3171 4536 3684 4592 obstatGaufredus
3702 4538 3814 4592 Ma-

2202 4627 2433 4693 laterra,
2467 4625 2725 4680 Historia
2760 4625 2963 4680 Sicula
2992 4625 3087 4679 lib.
3114 4642 3184 4689 ιν,
3212 4628 3457 4695 cap.,18
3493 4626 3562 4677 de
3604 4626 3808 4681 Jorda-

2204 4730 2278 4768 no
2324 4714 2420 4786 qui
2447 4714 2672 4769 comitis
2698 4714 2952 4785 Rogerii,
2987 4714 3067 4767 uti
3114 4714 3271 4768 idem
3328 4718 3528 4769 auctor
3562 4716 3659 4769 lib.
3725 4732 3806 4781 Ill,

2202 4818 2327 4873 cap.
2362 4805 2428 4857 36
2447 4797 2632 4869 docet,
2666 4803 2814 4857 ﬁlius
2842 4802 3049 4857 nothus
3107 4804 3251 4869 erat,
3301 4807 3640 4875 sequentem
3680 4802 3813 4858 scri-

2202 4891 2344 4945 bens
2373 4890 2430 4945 in
2450 4891 2689 4946 modum
2722 4908 2734 4945 :
2767 4914 2793 4941 ‹‹
2824 4891 3173 4945 Jordanus...
3220 4890 3370 4945 ﬁlius
3400 4891 3648 4959 comitis,
3684 4908 3814 4965 pro-

2200 4981 2328 5049 pter
2352 4978 2753 5034 strenuitatem
2786 4996 2947 5033 suam
2995 4979 3266 5034 omnibus
3316 4980 3599 5047 amabilis,
3633 4998 3810 5052 quem

2198 5068 2410 5137 plures,
2436 5068 2570 5140 quia
2586 5068 2708 5138 jam
2742 5067 3110 5135 Gaufredum,
3167 5069 3322 5139 quod
3378 5069 3639 5123 dolorem
3690 5086 3811 5124 non

2200 5156 2426 5223 minuit,
2472 5157 2707 5211 morbus
2748 5156 3150 5226 elephantinus
3188 5159 3536 5228 pervaserat,
3580 5156 3810 5211 comitis

2197 5244 2487 5299 haredem
2574 5244 2833 5298 futurum
2896 5244 3333 5316 suspicabantur
3408 5244 3567 5316 (nam
3622 5260 3811 5316 neque

2197 5332 2375 5387 alium
2408 5334 2727 5387 masculum
2764 5332 3033 5405 habebat)
3089 5333 3242 5404 apud
3297 5333 3660 5404 Syracusani,
3721 5332 3808 5387 sui

2189 5421 2335 5492 juris
2359 5419 2562 5475 urbem
2591 5420 2765 5476 febris
2792 5423 2927 5492 typo
2955 5437 3252 5494 percussus
3283 5424 3386 5475 est.
3419 5442 3447 5470 ››

2268 5511 2389 5565 587.
2426 5510 2567 5565 Cum
2598 5526 2760 5581 ergo,
2784 5509 2866 5565 uti
2898 5527 2963 5566 ex
2988 5509 3075 5565 his
3098 5509 3365 5566 Gaufredi
3386 5509 3572 5566 verbis
3592 5510 3802 5567 intelli-
