4066 6032
265 247 366 306 361

1835 248 2018 311 ACTA

3483 264 3594 333 362

263 375 443 468 gitur,
458 373 737 468 Rogerius
753 390 946 468 comes
965 372 1104 434 dum
1118 374 1437 468 iJordanus,
1453 373 1621 433 ﬂliius
1639 375 1761 450 ejus
1774 392 1875 434 no-
1894 378 1952 442 Α
1973 379 2032 435 et
2059 376 2120 447 Β,
2146 376 2334 437 Maria
2376 375 2645 455 Virginis,
2693 383 2751 440 et
2797 383 2858 441 B.
2910 385 3146 447 Joannis
3189 389 3457 468 Baptista
3511 395 3574 455 in

264 467 398 521 thus
426 484 527 522 seu
555 467 780 538 spurius
806 467 954 522 febri
985 467 1137 539 apud
1168 466 1493 539 Syracusos,
1541 468 1696 542 quod
1720 484 1873 522 anno

265 558 406 611 1092
463 556 795 626 contigisse,
858 557 1123 611 laudatus
1151 557 1454 612 Malaterra
1483 557 1583 613 lib.
1638 575 1710 624 1v,
1747 572 1871 629 cap.

259 644 526 717 proxime
557 644 654 698 cit.
674 645 862 711 docet,
877 648 1175 717 correptus
1197 646 1677 717 jaceret,prolem
1701 645 1875 700 aliam

260 734 603 799 masculam,
637 750 814 805 quam
854 734 1070 788 dictum
1099 735 1415 789 Jordanum
1446 737 1505 789 et
1544 734 1875 789 Goffredum

262 837 384 877 non
411 821 698 889 habuerit,
742 838 1101 894 consequens
1147 825 1251 890 est,
1301 826 1364 876 ut
1404 839 1510 877 nec
1532 824 1751 878 nothus
1777 838 1877 875 seu

259 910 490 982 spurius
517 911 745 966 comitis
792 911 1023 982 Rogerii
1069 912 1219 966 ﬁlius
1249 912 1525 966 exstiterit
1553 911 1873 983 Malgerius,

258 1000 361 1073 qui
393 999 609 1055 charta
635 1000 897 1071 proxime
909 1000 1020 1054 huc
1034 1000 1413 1072 transcripta,
1445 1016 1715 1072 annoque
1741 1000 1876 1055 1094

258 1108 297 1146 a
326 1088 574 1162 Rogerio
601 1088 811 1143 comite
833 1089 982 1143 data
1002 1087 1595 1143 subscribitur.Restat
1625 1105 1789 1159 ergo,
1815 1091 1878 1143 ut

260 1180 353 1234 vel
380 1177 633 1232 secunda
662 1175 894 1247 Bogerii
938 1175 1164 1230 comitis
1211 1193 1353 1230 uxor
1380 1177 1747 1248 Elemburga,
1780 1180 1879 1231 aut

262 1266 441 1321 tertia
465 1264 745 1329 Adelasia,
806 1264 944 1318 dum
979 1280 1109 1317 cum
1142 1279 1210 1317 eo
1255 1264 1695 1318 matrimonium
1726 1263 1875 1331 iniit,

259 1354 437 1409 vidua
462 1351 659 1419 fuerit,
702 1350 1001 1423 ﬁliumque
1038 1367 1068 1405 e
1098 1350 1384 1423 prioribus
1426 1352 1641 1422 nuptiis
1669 1353 1876 1424 Malge-

260 1443 419 1498 rium
448 1440 734 1505 habuerit,
763 1440 850 1493 vel
883 1444 946 1494 ut
970 1439 1270 1509 Malgerius
1299 1440 1414 1506 ille,
1448 1440 1544 1511 qui
1578 1443 1877 1511 tamquam

264 1529 496 1586 comitis
528 1527 759 1599 Rogerii
806 1526 958 1581 ﬁlius
998 1542 1215 1581 nomen
1262 1544 1426 1581 suum
1459 1528 1776 1599 adscripsit,
1806 1528 1876 1582 de

261 1635 429 1674 sacro
458 1617 622 1672 fonte
655 1616 727 1670 ab
747 1631 815 1669 eo
839 1615 1055 1668 levatus
1092 1617 1191 1668 aut
1220 1616 1396 1669 etiam
1437 1616 1496 1670 in
1528 1616 1711 1670 filium
1737 1617 1876 1671 ado-

1975 469 2284 538 prasentia
2309 470 2636 537 Melitensis,
2672 474 3015 547 Tropiensis,
3053 480 3498 553 Neocastrensis,
3526 487 3585 540 et

1975 554 2377 627 Squillacensis
2393 552 2796 633 episcoporum
2809 581 2925 620 una
2938 582 3069 622 cum
3084 568 3320 625 domino
3339 572 3584 643 Rogerio

1975 644 2186 699 comite
2210 645 2507 715 Calabria,
2524 649 2796 706 Adelaide
2810 654 3118 723 comitissa,
3139 657 3420 730 magistro
3448 660 3584 713 Bru-

1976 748 2129 787 none
2160 737 2218 787 et
2247 734 2521 804 Lanvino,
2544 740 2602 791 et
2646 739 2847 795 ceteris
2874 742 3136 799 Patribus
3166 745 3579 816 assistentibus,

1976 823 2035 875 et
2062 820 2120 875 in
2154 823 2459 892 prasentia
2498 825 2787 881 bonorum
2808 828 3137 887 hominum.

2047 909 2165 980 Ego
2192 911 2485 967 Alcherius
2517 914 2975 988 archiepiscopus
3003 920 3465 978 Panormitanus.

2048 997 2165 1069 Ego
2194 998 2510 1068 Tristerius,
2537 1001 2861 1073 Tropiensis
2894 1006 3191 1080 episcopus
3222 1008 3476 1067 interfui.

2044 1084 2164 1155 Ego
2192 1087 2496 1157 Angerius,
2533 1088 2865 1145 Catanensis
2892 1094 3209 1167 episcopus.

2048 1172 2166 1243 Ego
2195 1173 2526 1230 Theodorus
2543 1177 2843 1249 episcopus
2873 1178 3295 1253 Squillacensis.

2049 1260 2165 1331 Ego
2194 1262 2258 1315 N.
2288 1262 2711 1320 Neocastrensis
2740 1267 3037 1340 episcopus
3062 1270 3363 1327 interfui.»

2048 1350 2225 1404 Porro
2254 1366 2386 1404 cum
2416 1353 2679 1422 proxime
2708 1354 2819 1408 huc
2851 1358 3193 1432 transcripta
3220 1360 3449 1433 Rogerii
3481 1378 3577 1417 co-

1978 1436 2133 1491 mitis
2162 1437 2380 1505 charta,
2409 1439 2467 1493 in
2499 1457 2613 1511 qua
2643 1441 2714 1495 de
2756 1443 3073 1500 Turritana
3103 1448 3355 1504 ecclesia
3381 1466 3584 1505 conse-

1977 1524 2254 1592 cratione,
2274 1526 2446 1579 veluti
2471 1526 2540 1581 de
2554 1544 2615 1582 re
2639 1546 2815 1601 quam
2842 1532 3097 1602 primum
3118 1534 3332 1603 futura,
3362 1537 3582 1593 mentio

1976 1611 2062 1679 ﬁt,
2096 1629 2296 1666 mense
2326 1615 2580 1684 Augusto
2610 1615 2736 1685 (Adi
2768 1635 2928 1672 num.
2978 1622 3097 1689 585)
3142 1622 3277 1677 data
3324 1628 3580 1693 notetur,

262 1710 459 1779 ptatus
478 1704 672 1771 fuerit,
696 1705 781 1757 vel
797 1702 1064 1774 denique,
1089 1706 1151 1757 ut
1172 1704 1447 1774 Rogerius
1463 1720 1657 1759 comes
1668 1708 1879 1776 prater
1902 1705 1953 1764 B
1970 1700 2209 1771 jamque
2240 1702 2540 1757 recitatum
2587 1705 2855 1773 Alcherii,
2884 1708 3279 1765 Panormitani
3308 1712 3587 1783 archiepi-

260 1795 432 1861 ﬁlias,
448 1811 590 1866 quas
602 1792 673 1859 ei,
697 1791 935 1864 singulis
949 1807 1048 1846 suo
1064 1791 1350 1862 assignato
1364 1792 1594 1858 marito,
1615 1792 1878 1848 Stemma

264 1883 548 1948 Siculum,
583 1880 1063 1936 Adnotationibus
1094 1879 1169 1934 ad
1191 1882 1420 1934 Annam
1455 1880 1813 1935 Comnenam
1843 1899 1878 1936 a

265 1970 487 2042 Cangio
520 1970 821 2034 insertum,
862 1970 921 2021 et
966 1966 1292 2039 principum
1322 1968 1750 2022 Normanorum
1778 1970 1878 2023 Ar-

263 2059 376 2114 bor
402 2056 777 2130 genealogica
833 2056 1148 2110 Malaterra
1187 2054 1447 2110 Historia
1479 2056 1679 2111 Sicula
1724 2057 1877 2128 apud

270 2146 651 2202 Muratorium
668 2149 811 2199 tom.
848 2144 892 2193 V
920 2143 1135 2197 Rerum
1163 2143 1489 2198 Italicarum
1518 2144 1877 2214 Scriptorum

263 2236 522 2307 praﬁva,
553 2233 896 2299 attribuunt,
922 2232 1095 2286 aliam
1124 2233 1328 2286 saltem
1360 2232 1546 2286 adhuc
1588 2233 1873 2302 habuerit,

262 2324 511 2394 huicque
540 2321 842 2393 Malgerius
872 2320 965 2375 ille
998 2319 1372 2375 matrimonio
1411 2320 1642 2390 junctus
1679 2321 1873 2376 fuerit.

265 2412 338 2468 Ut
373 2416 434 2466 ut
459 2410 550 2478 sit,
583 2426 716 2465 cum
782 2409 973 2481 aliquo
1034 2407 1267 2479 quidem
1315 2424 1381 2462 ex
1412 2407 1565 2463 hisce
1619 2410 1876 2480 captibus

262 2499 484 2555 factum
518 2514 641 2553 esse
672 2500 866 2569 queat,
886 2500 948 2550 ut
961 2495 1264 2566 Malgerius
1279 2494 1373 2550 ille
1395 2495 1625 2567 Rogerii
1650 2496 1877 2551 comitis

267 2586 788 2657 ﬁlius,appellatus,
815 2583 1132 2650 fuerit,non
1156 2586 1260 2649 est,
1283 2599 1383 2638 cur
1404 2584 1513 2637 huc
1532 2584 1878 2655 transcripta

264 2674 545 2749 principis
561 2673 730 2744 hujus
743 2673 942 2727 charta
972 2686 1076 2742 pro
1103 2671 1298 2742 spuria
1321 2674 1650 2743 suspectave
1679 2672 1752 2726 ob
1784 2689 1875 2727 so-

262 2767 411 2830 lum,
443 2763 597 2835 quod
627 2762 681 2817 ei
708 2760 1066 2825 adscribitur,
1099 2759 1353 2831 Malgerii
1376 2759 1475 2813 ﬁlii
1522 2759 1747 2814 comitis
1772 2776 1877 2814 no-

264 2870 406 2908 men
438 2851 745 2906 habeatur.
777 2849 909 2903 Plus
935 2847 1151 2919 aliquid
1169 2851 1372 2902 centra
1392 2847 1551 2902 illam
1580 2848 1769 2902 facere
1797 2848 1877 2901 vi-

266 2940 391 2997 deri
421 2941 613 3010 potest
660 2937 817 2992 Beati
849 2937 1065 3003 titulus,
1117 2953 1291 3007 quem
1322 2935 1530 2989 Sancto
1564 2934 1681 3006 (adi
1713 2952 1874 2990 num.

1977 1788 2152 1859 scopi,
2187 1789 2587 1844 testimonium
2619 1794 3037 1848 consecrationi
3064 1796 3157 1850 isti
3186 1799 3449 1869 quintam
3480 1799 3581 1855 de-

1976 1877 2190 1932 cimam
2218 1878 2453 1950 Augusti
2486 1879 2755 1951 assignet,
2803 1882 3085 1954 apprime,
3128 1886 3334 1957 quibus
3364 1891 3584 1942 utrum-

1976 1982 2088 2037 que
2113 1966 2222 2020 hoc
2250 1965 2702 2022 instrumentum
2755 1969 3036 2041 signatur,
3089 1977 3245 2028 nota
3296 1975 3581 2033 chronica

1976 2070 2098 2108 sese
2120 2053 2273 2108 inter
2289 2055 2656 2109 conveniunt.

2048 2144 2171 2197 580.
2197 2144 2272 2197 At
2295 2144 2451 2214 vero)
2485 2160 2617 2198 cum
2642 2142 2831 2216 ipsum
2862 2162 2896 2200 a
2923 2146 3244 2205 Morkensio
3265 2150 3376 2207 huc
3400 2152 3586 2208 trans-

1976 2230 2223 2301 criptum
2246 2231 2490 2285 Alcherii
2520 2232 2939 2301 testimonium,
2972 2251 3091 2290 non
3117 2254 3275 2293 secus
3296 2242 3467 2312 atque
3491 2257 3582 2296 re-

1977 2318 2150 2372 citata
2180 2319 2411 2390 Rogerii
2440 2319 2665 2375 comitis
2696 2321 2915 2390 charta,
2958 2326 3585 2383 consecrationitradat

1976 2408 2231 2479 quinque
2261 2407 2541 2463 adstitisse
2597 2409 2912 2481 episcopos,
2962 2411 3318 2469 Melitensem
3348 2415 3582 2484 scilicet,

1973 2494 2868 2565 Tropiensem,Neocastrensem,
2898 2498 3280 2556 Catanensem
3313 2505 3371 2557 et
3400 2501 3586 2574 Squil-

1976 2584 2398 2650 lacensem,nec
2417 2587 2617 2638 tamen
2649 2585 2923 2657 quinque,
2944 2588 3045 2642 sed
3062 2592 3309 2660 quatuor
3330 2594 3583 2661 tantum,

1976 2671 2351 2742 Tropiensem
2382 2671 3105 2742 nimirum,Catanensem,
3133 2676 3584 2749 Squillacensem

1979 2762 2038 2813 et
2069 2760 2564 2827 Neocastrensem,
2598 2761 2695 2832 qui
2754 2763 3106 2818 solemnitati
3150 2764 3241 2819 isti
3269 2766 3581 2836 adfuerint,

1982 2848 2306 2918 episcopos,
2329 2849 2605 2903 Melitensi
2637 2850 2871 2918 omisso,
2905 2852 3250 2923 subscriptos
3294 2854 3580 2923 exhibeat,

1980 2938 2232 3008 oportet,
2248 2939 2311 2990 ut
2327 2937 2408 2990 vel
2424 2936 2761 2991 Testimonii
2784 2937 2931 2991 illius
2957 2940 3444 3010 apographum,in
3462 2943 3583 3013 epi-

265 3029 393 3099 582)
419 3026 709 3098 adjungit:
744 3028 1023 3091 attamen,
1046 3040 1176 3079 cum
1208 3024 1275 3090 is,
1305 3023 1406 3077 etsi
1438 3040 1472 3078 a
1502 3024 1698 3078 charte
1724 3028 1883 3079 auto-
1907 3019 1954 3079 C
1978 3040 2284 3094 scoporum
2308 3024 2723 3095 subscriptione
2745 3028 3425 3098 corruptum,Morkensio
3444 3046 3588 3101 pra-

263 3117 488 3189 grapho
519 3115 759 3180 abesset,
787 3113 1074 3185 ecgrapho
1103 3113 1297 3168 forsan
1321 3128 1355 3166 a
1390 3110 1623 3171 librario
1650 3112 1880 3167 dumta-

263 3208 362 3260 xat
388 3201 695 3259 recentiori
719 3218 751 3255 e
779 3199 1151 3255 veneratione
1181 3199 1241 3253 in
1275 3197 1551 3254 Sanctum
1578 3198 1877 3254 fueritim-

262 3294 585 3366 prudenter
609 3290 884 3360 adjectus,
915 3288 1163 3360 huicque
1183 3288 1369 3342 adhuc
1392 3287 1603 3343 viventi
1629 3289 1699 3342 ab
1725 3287 1876 3361 ipso-

262 3382 389 3435 met
407 3378 619 3433 comite
640 3375 1011 3448 Rogerio,qui
1028 3376 1380 3443 Brunonem,
1412 3374 1495 3429 uti
1530 3393 1596 3430 ex
1619 3375 1878 3431 dicendis

260 3467 512 3539 amplius
540 3466 812 3537 patescet,
827 3479 931 3535 pro
946 3462 1156 3517 Sancto
1188 3463 1623 3530 habebat,Beati
1644 3464 1875 3518 titulum

258 3555 435 3610 fuisse
458 3551 820 3618 attributum,
856 3567 1089 3622 prorsus
1125 3550 1461 3605 incredibile
1495 3566 1612 3605 non
1643 3551 1734 3616 sit,
1764 3567 1873 3621 ego

262 3659 372 3699 nec
401 3642 614 3697 idcirco
641 3640 1095 3694 instrumentum
1126 3638 1286 3707 illud;
1322 3638 1475 3709 quod
1510 3638 1650 3693 alias
1672 3638 1878 3710 suppo-

260 3730 487 3786 sitionis
534 3730 700 3783 notas
724 3742 842 3782 non
872 3727 1069 3793 habet,
1122 3726 1359 3797 rejicere
1388 3725 1592 3793 ausim,
1626 3729 1689 3780 ut
1717 3728 1874 3781 certo

259 3819 547 3891 spurium,
582 3816 831 3871 maxime
856 3830 988 3869 cum
1014 3814 1239 3869 veritati
1262 3816 1876 3885 consonent,qnacun-

259 3924 375 3981 que
400 3907 461 3961 in
475 3921 543 3960 eo
573 3903 977 3975 deTurritana
1000 3903 1253 3958 ecclesia
1279 3902 1709 3957 consecratione
1726 3905 1873 3956 tem-

257 4010 542 4069 poreque,
586 4008 699 4065 quo
731 3992 855 4046 hac
882 3992 1035 4046 facta
1064 3994 1149 4045 est
1186 3990 1514 4045 traduntur.

334 4085 462 4137 588.
490 4082 585 4148 Ut,
617 4096 793 4153 quam
819 4079 962 4134 nihil
984 4079 1076 4134 hic
1106 4096 1141 4134 a
1170 4094 1304 4133 vero
1326 4078 1581 4132 alienum
1614 4093 1871 4150 pronun-

260 4172 427 4239 tiem,
450 4169 736 4225 studiosus
762 4170 942 4224 lector
969 4165 1752 4239 perspiciat,instrumentum
1764 4181 1869 4236 pu-

1980 3111 2208 3179 luxerit,
2240 3112 2327 3165 vel
2362 3115 2422 3166 ut
2452 3112 2695 3183 ipsemet
2714 3112 2774 3167 in
2807 3129 2875 3167 eo
2922 3114 3297 3169 describendo
3354 3117 3580 3186 errarit,

1980 3200 2231 3255 maxime
2244 3217 2376 3255 cum
2406 3200 2803 3255 testimonium
2815 3201 2955 3256 illud
2976 3205 3096 3257 tam
3114 3203 3267 3274 apud
3291 3204 3582 3260 Bocchum

1977 3289 2207 3343 Pirrum
2256 3288 2316 3343 in
2368 3288 2618 3344 ecclesiae
2646 3288 2978 3345 Catanensis
3004 3290 3219 3345 Notitia
3250 3291 3321 3346 ad
3354 3308 3579 3348 annum

1981 3380 2136 3432 1094.
2171 3394 2334 3444 num,
2374 3378 2804 3449 lO,quamapud
2819 3377 3124 3449 Ughellum
3149 3382 3294 3434 tom.
3314 3379 3379 3433 IX
3410 3381 3588 3437 Italia

1975 3480 2170 3532 sacra,
2204 3466 2310 3520 col.
2337 3468 2441 3521 425
2467 3464 2763 3536 episcopos
2788 3483 2904 3521 non
2935 3470 3164 3521 tantum
3189 3468 3437 3539 quatuor
3455 3468 3586 3539 jam

1975 3545 2258 3613 laudatos,
2287 3547 2387 3600 sed
2418 3545 2596 3600 etiam
2640 3546 3018 3615 Melitensem,
3073 3547 3421 3617 subscriptos
3477 3548 3585 3605 sibi

1974 3634 2187 3689 habeat
2214 3635 2321 3689 hoc
2351 3634 2529 3688 modo
2559 3650 2573 3701 ;

2048 3723 2292 3794 »ῶΕεο
2318 3720 2624 3776 Archerius
2658 3721 2849 3788 Nic.,..
2882 3723 3341 3799 archiepiscopus
3363 3726 3579 3780 Panor-

1974 3809 2246 3864 mitanus.

2046 3899 2112 3967 ᾖ
2134 3899 2251 3969 Ego
2276 3897 2568 3951 Tristanus
2589 3896 2951 3969 Tropejensis
2976 3899 3147 3970 episc.
3179 3899 3434 3956 interfui.

2041 3986 2113 4056 ὦ
2145 3986 2262 4057 Ego
2294 3987 2403 4039 An.
2440 3984 2772 4041 Catanensis
2797 3986 2967 4058 episc.
2997 3987 3254 4043 interfui.

2041 4075 2114 4146 ᾧ
2141 4075 2257 4147 Ego
2309 4073 2640 4129 Theodorus
2711 4075 2882 4146 episc.
2946 4074 3350 4147 Squillacensis
3427 4094 3577 4151 pra-

1970 4179 2100 4217 sens
2124 4162 2165 4217 f.

260 4260 502 4324 blicum,
537 4257 688 4330 apud
741 4257 1035 4312 Bocchum
1064 4255 1292 4309 Pirrum
1333 4253 1391 4308 in
1451 4252 1643 4307 Sicilia
1688 4269 1869 4320 sacra,
1894 4247 1946 4304 D
2040 4251 2112 4322 ὡ
2140 4251 2257 4322 Ego
2285 4249 2566 4305 Gotfridus
2612 4250 2914 4307 Melitensis
2939 4252 3110 4324 episc.
3139 4252 3334 4311 interf.

262 4348 573 4419 Ughellum
598 4350 744 4400 tom.
777 4346 841 4399 1X
870 4344 1044 4399 Italia
1078 4360 1252 4397 sacra
1293 4343 1400 4397 col.
1434 4342 1560 4407 425,
1615 4340 1871 4412 aliosque

259 4435 571 4507 scriptores
593 4437 838 4500 exstans,
880 4433 989 4486 huc
1006 4448 1073 4485 ex
1094 4429 1397 4485 Morkensii
1420 4428 1754 4483 recensione
1784 4429 1869 4482 lu-

257 4523 359 4579 bet
387 4522 721 4590 transferre;
741 4521 851 4575 hoc
880 4520 1059 4587 enim,
1088 4519 1384 4573 ecclesiam
1412 4517 1591 4583 illam,
1619 4516 1873 4588 quinque

256 4610 652 4667 assistentibus
667 4607 1244 4682 episcopis,Melitensi
1261 4606 1539 4673 videlicet,
1550 4605 1867 4677 Tropiensi,

255 4697 674 4766 Neocastrensi,
703 4696 1010 4753 Catanensi
1033 4699 1091 4750 et
1120 4693 1514 4767 Squillacensi,
1545 4692 1718 4747 fuisse
1738 4709 1871 4747 con-

254 4791 564 4852 secratam,
595 4783 1168 4857 ipsemetAlcherius,
1196 4782 1642 4837 Panormitanus
1683 4779 1867 4833 archi-

253 4874 683 4946 episcopus,qui
702 4873 1131 4928 solemnitatem
1163 4872 1317 4926 illam
1344 4885 1559 4940 magno
1589 4871 1870 4940 apparatu

256 4980 324 5019 ac
359 4978 579 5034 pompa
604 4960 853 5033 peregit,
895 4963 1157 5026 testatur,
1183 4959 1550 5028 recitataque
1580 4956 1723 5010 adeo
1757 4957 1869 5010 Ro-

254 5050 657 5122 geriicomitis
684 5051 919 5115 charta,
963 5047 1020 5101 in
1075 5063 1187 5119 qua
1236 5046 1391 5100 idem
1438 5045 1701 5110 traditur,
1749 5060 1872 5098 mo-

257 5140 612 5192 numentum
666 5137 806 5191 illud
866 5136 1229 5206 suffragatur.
1290 5133 1672 5205 Sequentibus
1718 5132 1871 5186 hisce

254 5225 447 5280 verbis
476 5225 825 5295 concipitur:
868 5245 895 5274 ‹‹
926 5225 1091 5277 Anno
1122 5222 1351 5277 Domini
1372 5220 1546 5276 nostri
1567 5221 1696 5275 Jesu
1710 5219 1868 5273 Chri-

256 5313 329 5369 sti
382 5315 519 5369 1094
546 5329 745 5368 mense
765 5312 1026 5383 Augusti,
1052 5312 1197 5365 festo
1229 5312 1415 5385 beata
1432 5309 1619 5364 Maria
1650 5324 1868 5361 assum-

260 5407 375 5475 pta
403 5418 513 5475 ego
544 5400 838 5457 Alcherius
864 5401 1055 5465 Hic...,
1088 5398 1546 5468 archiepiscopus
1572 5397 1870 5451 Panormi-

258 5498 455 5561 tanus,
478 5490 805 5548 consecravi
834 5488 1134 5545 ecclesiam
1168 5486 1336 5541 istam
1372 5485 1428 5540 in
1455 5485 1742 5540 honorem
1769 5486 1871 5543 Dei

696 5589 928 5646 PATROL.
963 5586 1117 5643 CLII.

2040 4339 2112 4411 +3
2142 4340 2259 4410 Ego
2283 4338 2557 4392 Henricus
2597 4338 2963 4393 Neocastren.
2997 4340 3169 4411 episc.
3198 4341 3431 4396 interfui
3454 4363 3502 4396 .››

1969 4426 2259 4493 Morotius,
2278 4426 2374 4498 qui
2400 4426 2459 4479 in
2485 4426 2904 4497 Chronologico
2932 4428 3075 4482 sacri
3092 4428 3322 4484 Ordinis
3340 4429 3579 4485 Carthu-

1971 4515 2169 4571 siensis
2194 4515 2460 4579 Theatro,
2495 4517 2657 4586 parte
2686 4530 2760 4579 v1,
2781 4514 2853 4569 ad
2884 4531 3103 4570 annum
3121 4519 3257 4571 1090
3274 4518 3429 4573 idem
3447 4534 3575 4574 mo-

1972 4604 2317 4657 numentum
2349 4601 2573 4669 recitat,
2608 4601 2760 4655 inter
2798 4603 3144 4675 subscriptos
3175 4605 3225 4659 ei
3277 4606 3575 4678 episcopos

1968 4693 2319 4747 Melitensem
2347 4689 2523 4743 etiam
2556 4706 2674 4743 non
2718 4695 2999 4758 recenset,
3042 4695 3246 4747 contra
3270 4710 3335 4748 ac
3363 4694 3572 4747 nihilo-

1969 4779 2181 4844 minus,
2224 4794 2254 4831 e
2285 4792 2399 4848 quo
2427 4777 2568 4831 illud
2596 4794 2654 4831 se
2684 4777 3063 4851 desumpsisse
3089 4780 3306 4835 ibidem
3332 4781 3431 4845 ait,
3465 4780 3571 4835 Ca-

1970 4867 2160 4921 millus
2181 4865 2418 4919 Tutinus
2474 4864 2532 4918 in
2566 4865 2825 4920 Historia
2879 4867 3107 4922 Ordinis
3159 4866 3575 4922 Carthusiensis

1970 4957 2277 5026 Prospectu
2306 4952 2460 5007 facit.

2040 5045 2163 5097 590.
2207 5042 2347 5096 llinc
2388 5041 2775 5096 Morkensium
2801 5058 2830 5097 e
2877 5041 3136 5108 Morotio,
3184 5040 3274 5095 cui
3304 5042 3572 5114 proinde.

1970 5131 2124 5203 quod
2146 5130 2247 5184 abs
2278 5145 2345 5182 eo
2379 5129 2690 5184 omissione
2738 5146 2804 5183 ex
2858 5128 3019 5182 dictis
3058 5132 3378 5199 peccatum,
3411 5133 3577 5185 attri-

1968 5220 2265 5274 bueudum
2295 5220 2398 5285 est,
2431 5216 2674 5272 Alchcrii
2706 5217 2817 5270 huc
2833 5217 2959 5286 jam
2986 5218 3393 5289 transcriptum
3422 5220 3585 5274 testi-

1971 5306 2233 5361 monium
2255 5304 2675 5378 deprompsisse
2701 5303 2998 5370 existimo;
3018 5303 3076 5356 in
3107 5306 3211 5358 hac
3236 5310 3429 5359 autem
3458 5307 3582 5375 opi-

1972 5393 2146 5448 nione
2178 5394 2429 5448 maxime
2462 5393 2637 5446 etiam
2662 5392 2969 5457 conﬁmor,
2985 5408 3051 5445 ex
3065 5394 3317 5464 eo,quod
3332 5409 3580 5463 sequen-

1974 5481 2056 5539 tia
2074 5482 2195 5537 hac
2216 5482 2414 5550 verba,
2448 5502 2476 5533 «
2506 5476 2611 5543 Qui
2644 5480 2915 5537 omnibus
2934 5495 3064 5536 vere
3092 5480 3501 5555 paenitentibus
3530 5482 3592 5537 et

3171 5580 3239 5636 i2.
