4014 6052
401 377 504 437 363

1251 373 1308 433 S.
1331 373 1674 431 BRUNONIS
1721 369 2353 428 CARTHUSIANORUM
2393 365 2862 424 INSTITUTORIS

3613 359 3716 416 364

403 500 740 563 confessis...
761 499 1146 574 quadraginta
1171 501 1290 558 dies
1318 503 1388 559 de
1421 509 1556 556 vera
1571 497 2002 570 indulgentia...
2026 500 2082 558 A
2106 495 2370 551 similiter
2401 495 2490 562 sit,
2525 495 2802 548 lectorem
2823 491 3118 557 edoceam,
3147 486 3404 544 Bocchus
3428 485 3558 542 loco
3587 502 3717 559 pro-

403 592 758 668 panitentia
786 590 1060 646 relaxavit
1074 591 1593 664 archiepiSCOpatus
1614 587 1696 642 sui
1719 604 2000 642 annm...»

401 701 529 756 qua
560 683 618 736 in
650 681 1034 736 monumento
1079 679 1186 734 isto
1231 679 1370 734 locis
1403 678 1666 751 proxime
1699 677 1816 730 citt.
1851 674 2004 745 apud

400 770 704 844 Ughellum
731 771 788 823 et
829 768 1121 822 Bocchum
1168 767 1393 821 Pirrum
1439 765 1668 821 vocibus
1707 764 1859 818 hisce
1884 765 2004 817 «In

398 857 705 932 prasentia
729 857 1016 911 bonorum
1029 855 1336 910 hominum
1355 876 1382 904 ››
1403 854 1744 920 subduntur,
1778 856 1948 922 atque
1971 869 2006 905 a

395 946 656 1012 Morotio,
689 947 751 999 ut
777 947 840 998 ut
868 944 1020 1016 apud
1053 943 1357 998 Camillum
1381 942 1654 997 Tutinum
1703 939 2000 1006 exstantia,

400 1035 612 1091 omissa
637 1033 786 1100 sunt,
807 1031 1024 1103 pariter
1054 1031 1264 1086 omissa
1291 1031 1402 1084 sint
1418 1031 1570 1102 apud
1595 1029 2003 1095 Morkensium,

397 1123 517 1196 qui,
547 1121 722 1189 unde,
746 1120 816 1175 de
843 1137 955 1193 quo
977 1119 1067 1174 hic
1081 1119 1428 1187 disserimus,
1445 1117 1866 1192 deprompserit
1888 1132 2010 1170 mo-

395 1213 764 1277 numentum,
783 1227 902 1264 non
916 1209 1106 1264 edicit.
1125 1211 1302 1264 Porro
1321 1208 1380 1262 in
1395 1209 1631 1262 diversis
1661 1205 1998 1271 testimonii,

401 1301 474 1357 ab
505 1299 768 1354 Alcherio
797 1297 936 1364 dati,
967 1297 1388 1368 exemplaribus
1399 1296 1527 1368 jam
1560 1295 1898 1350 memoratis
1921 1295 2002 1348 le-

397 1387 616 1444 ctiones
635 1387 921 1442 variantes
951 1389 1389 1440 occurruntnon
1411 1387 1639 1438 tantum
1669 1384 1796 1438 dua
1828 1383 2002 1438 modo

398 1475 690 1548 exposita,
719 1475 924 1547 quibus
950 1491 984 1528 a
1025 1473 1274 1540 Boccho,
1308 1473 1547 1544 Ubgello
1577 1475 1633 1526 et
1655 1471 1860 1524 Tutino
1888 1471 2002 1524 Mo-

397 1563 578 1619 rotius
603 1565 660 1616 et
697 1559 1049 1617 Morkensius
1077 1559 1394 1625 dissonant,
1426 1575 1625 1612 verum
1652 1557 1825 1611 etiam
1855 1557 2000 1623 alia,

395 1651 601 1724 quibus
631 1667 665 1705 a
688 1649 949 1715 Morotio,
975 1647 1179 1702 Tutino
1209 1651 1266 1701 et
1298 1647 1618 1702 Morkesnio
1651 1647 1920 1717 Ughellus
1947 1647 2006 1700 et

393 1740 651 1795 Bocchus
693 1738 868 1809 hique
915 1736 1092 1791 etiam
1137 1735 1249 1790 duo
1293 1735 1541 1790 invicem
1584 1736 1909 1806 discrepant
1944 1733 2004 1788 in

2107 585 2258 639 xime
2284 585 2404 650 cit.,
2439 583 2537 638 ubi
2572 581 2902 636 Alcherium
2935 580 3006 634 ab
3032 595 3186 634 anno
3223 579 3360 632 1083
3391 576 3460 630 ad
3491 591 3714 630 annum

2104 677 2168 727 ut
2199 672 2508 727 minimum
2546 675 2682 726 I099
2725 669 3270 741 archiepiscopalem
3317 664 3567 720 ecclesia
3611 665 3716 718 Pa-

2105 761 2450 816 normitana
2478 761 2674 814 sedem
2708 774 3030 830 occupasse,
3067 755 3262 821 edixit,
3292 753 3552 808 Alcherio
3591 753 3712 806 for-

2102 850 2265 904 tassis
2297 872 2323 899 ‹‹
2346 849 2639 904 Nicodemi
2671 847 3117 919 appellationem
3137 843 3251 898 sive
3282 843 3363 897 uti
3392 840 3712 896 secundum

2107 955 2343 1006 nomen,
2377 938 2490 993 sive
2516 937 2596 991 uti
2630 951 2956 1008 cognomen
2987 934 3374 988 attributam»
3404 931 3598 997 fuisse,
3633 929 3715 983 di-

2107 1027 2156 1080 ci
2182 1043 2344 1100 posse
2379 1026 2712 1090 arbitratur,
2748 1024 2940 1094 idque,
2977 1037 3104 1094 qua
3138 1021 3355 1076 ibidem
3407 1017 3592 1086 affert,
3623 1019 3712 1072 sat

2106 1131 2270 1170 veros
2300 1116 2436 1170 mile
2464 1115 2740 1169 efficiunt.

2179 1207 2302 1260 592.
2360 1205 2516 1258 Inter
2565 1203 2882 1274 episcopos,
2916 1199 3246 1255 testimonio
3293 1199 3363 1252 de
3391 1195 3710 1252 Turritana

2107 1292 2356 1346 ecclesia
2399 1291 2828 1347 consecratione
2875 1289 3240 1360 subscriptos,
3275 1286 3534 1359 proxime
3583 1287 3712 1357 post

2103 1381 2712 1449 Alcherium,ecclesia
2742 1379 3174 1434 Panormitana
3191 1375 3707 1447 archiepiscopum,

2105 1473 2404 1540 comparet
2449 1468 2796 1540 Tropiensis,
2857 1485 2974 1534 seu,
3046 1470 3109 1520 ut
3152 1466 3222 1519 ab
3274 1463 3398 1518 aliis
3423 1463 3708 1530 scribitur,

2103 1559 2463 1630 Tr0peiensis
2482 1558 2539 1612 in
2573 1557 2840 1613 Ulteriori
2870 1555 3132 1611 Calabria
3153 1552 3404 1610 ecclesia
3421 1551 3660 1606 antistes
3693 1567 3708 1618 ;

2105 1646 2202 1718 qui
2246 1647 2398 1718 apud
2449 1647 2754 1718 Ughellum
2799 1648 2856 1699 et
2890 1645 3180 1698 Bocchum
3210 1641 3346 1696 locis
3379 1655 3551 1710 supra
3583 1639 3706 1694 citt.

2103 1734 2428 1802 Tristanus;
2469 1752 2503 1788 a
2529 1734 2764 1789 Morotio
2814 1749 2948 1788 vero
2981 1735 3038 1786 et
3066 1729 3383 1785 Morkensio
3411 1727 3713 1782 Tristerius

396 1825 764 1883 monumenti
791 1824 936 1880 illius
953 1827 1078 1879 tum
1111 1825 1402 1889 contextu,
1430 1827 1555 1877 tum
1580 1824 2002 1894 episcoporum,
2032 1825 2083 1884 B
2108 1825 2494 1895 nuncupatur,
2522 1824 2654 1878 licet
2683 1821 2916 1876 interim
2952 1839 2984 1876 a
3011 1820 3216 1876 Tutino
3242 1819 3530 1873 Tristenus
3559 1817 3711 1872 voci-

395 1916 491 1989 qui
506 1915 696 1971 eidem
716 1913 1463 1984 subscripserunt,nominib
1473 1930 1553 1964 us.
1574 1911 1646 1966 Ut
1666 1911 2002 1983 praecipuas,

394 2004 628 2076 reliquis
658 2001 1449 2074 pratermissis,rccenseam,
1468 2017 1570 2072 pro
1594 2000 1858 2065 lectione,
1894 2015 2007 2072 qua

394 2093 666 2148 Morotius
678 2089 1088 2145 etMorhensius
1101 2089 1158 2142 in
1173 2088 1486 2144 testimonii
1505 2092 1771 2143 contextu
1787 2090 2002 2158 legunt,

396 2181 662 2252 Magistro
709 2179 977 2233 Brunone
1023 2180 1082 2231 et
1129 2177 1384 2232 Lanvino
1427 2181 1484 2230 et
1513 2177 1716 2232 ceteris
1746 2177 2006 2231 Patribus

401 2267 658 2340 (Tutinus
695 2265 872 2320 habet
930 2264 1236 2336 Fratribus)
1284 2265 1694 2333 assistentibus,
1738 2265 2007 2336 Ughellus

399 2355 657 2428 quidem,
683 2352 893 2408 omissa
915 2355 1047 2424 post
1071 2341 1271 2406 vocem
1301 2353 1569 2408 Brunone
1601 2353 2006 2424 conjunctione

399 2449 470 2511 et,
491 2443 900 2513 commateque
928 2440 979 2496 ei
1002 2439 1472 2512 substituto,legit
1487 2441 1781 2512 «Magistro
1796 2442 2008 2495 Bruno-

399 2530 752 2598 ne,Lanvino
783 2530 842 2583 B.
875 2531 934 2582 et
961 2528 1178 2583 caeteris
1226 2529 1498 2583 fratribus
1537 2529 1794 2584 cremitis
1841 2529 2002 2584 assis-

399 2617 709 2686 tentibus;n
724 2617 980 2680 Bocchus
993 2617 1366 2680 vero,omisso
1390 2617 1564 2672 etiam
1582 2623 1892 2686 commate,
1909 2620 2004 2674 ha-

402 2707 520 2762 bet.
549 2727 577 2757 ‹‹
608 2705 874 2777 Magistro
896 2707 1164 2760 Brunone
1195 2705 1444 2760 Lanvino
1469 2710 1526 2760 et
1566 2707 1786 2760 catcris
1810 2709 2001 2762 fratri-

402 2797 508 2851 bus
521 2793 819 2850 heremitis
834 2793 1224 2849 assistentibus
1245 2811 1259 2862 ;
1284 2814 1312 2842 »
1347 2810 1546 2848 verum
1581 2795 1866 2867 posterior
1881 2797 2002 2852 hac

397 2883 589 2951 lectio,
624 2885 686 2938 ut
714 2898 818 2956 per
873 2899 930 2936 se
961 2883 1147 2954 pater,
1177 2881 1337 2938 omni
1395 2882 1568 2938 dubio
1605 2883 1803 2954 procul
1844 2898 2004 2936 men-

399 2970 539 3026 dosa
561 2972 664 3024 est.

471 3061 596 3114 591.
626 3058 704 3112 Ex
722 3074 790 3112 ea
817 3056 1056 3112 interim
1087 3056 1375 3130 pracipue
1397 3061 1482 3114 est
1510 3057 1747 3125 factum,
1779 3062 1840 3113 ut
1867 3059 2006 3114 Roc-

397 3147 534 3203 chus
563 3164 594 3202 e
619 3147 886 3202 Brunone
917 3149 974 3200 et
1001 3147 1253 3201 Lanvino
1279 3164 1452 3201 unam
1476 3147 1860 3218 eamdemque
1879 3163 2005 3218 per-

395 3252 598 3291 sonam
627 3250 941 3308 perporam
971 3234 1194 3301 fecerit,
1227 3235 1353 3289 loco
1379 3252 1551 3306 supra
1580 3235 1674 3288 cit.
1705 3235 1765 3290 in
1797 3234 2002 3290 recita-

388 3326 514 3378 tum
545 3341 580 3378 a
607 3339 665 3377 se
686 3321 932 3377 Alcherii
964 3321 1364 3376 testimonium
1395 3322 1476 3376 ita
1507 3323 1849 3378 observans:
1884 3324 2002 3378 «Ex

392 3411 463 3466 iis
491 3410 678 3465 verbis
697 3427 728 3464 e
748 3409 1015 3481 Magistro
1049 3410 1315 3464 Brunone
1334 3411 1586 3466 Lanvino
1607 3433 1633 3458 ››
1650 3412 1813 3466 facile
1834 3411 1999 3467 intel-

392 3500 556 3571 liges,
590 3498 848 3569 diploma
877 3497 1038 3564 illud,
1076 3498 1226 3570 quod
1262 3499 1321 3552 in
1353 3499 1526 3553 Not—it.
1547 3500 1781 3554 Messan.
1807 3501 1877 3554 ad
1897 3517 1999 3554 an-

393 3605 537 3644 num
573 3588 731 3655 1094,
765 3603 927 3642 num.
951 3587 1068 3641 VIII
1090 3587 1414 3655 retulimus,
1449 3605 1482 3642 a
1502 3589 1756 3643 Paschali
1785 3591 1828 3642 II
1851 3591 1998 3644 Pon-

391 3677 545 3732 tiﬁce
575 3675 978 3730 transmissum
1005 3675 1176 3730 fuisse
1205 3676 1336 3730 huic
1365 3677 1653 3745 Brunoni;
1686 3677 1744 3732 in
1759 3696 1826 3732 eo
1841 3678 1999 3732 enim

389 3766 568 3822 habes
595 3782 607 3821 :
637 3765 962 3820 «Paschalis
983 3765 1300 3837 episcopus,
1335 3782 1524 3820 servus
1553 3783 1848 3822 servorum
1875 3767 1997 3822 Dei.

391 3855 606 3911 Dilecto
637 3853 754 3909 ﬁlio
782 3853 1033 3910 Lanvino
1060 3855 1305 3908 salutem
1364 3857 1422 3909 et
1479 3860 1661 3928 apost.
1712 3857 1997 3910 benedict.

391 3942 462 3998 de
489 3941 862 3998 Messenensis
904 3941 1156 4015 episc0pi
1211 3959 1382 3997 causa
1396 3963 1422 3991 ››
1455 3946 1562 3998 etc.
1595 3945 1670 3997 Ex
1697 3944 1998 4015 episcopis,

389 4030 488 4103 qui
517 4029 850 4085 testimonio
885 4029 1788 4097 subscribuntur,Panormitanus
1822 4033 2002 4087 archi-

394 4116 716 4188 episcopus,
743 4117 840 4188 qui
861 4116 920 4170 id
953 4117 1130 4183 dedit,
1165 4133 1199 4170 a
1220 4117 1450 4185 Tituno,
1484 4119 1722 4174 Morotio
1771 4124 1828 4174 et
1855 4122 1998 4176 Mor-

397 4203 600 4259 kensio
629 4193 943 4269 Alcherius,
971 4205 1044 4258 ab
1065 4205 1305 4274 Ughello
1339 4209 1397 4260 et
1427 4207 1650 4261 Boccho
1672 4209 1998 4277 Archcrius,

393 4291 548 4350 facta
570 4291 629 4346 in
647 4291 886 4347 nomine
901 4291 1107 4346 littera
1128 4292 1295 4347 unius
1319 4295 1997 4369 mutatione,additoque,

2105 1914 2280 1965 tetur.
2315 1912 2587 1984 Ughellus
2622 1915 2768 1966 tom.
2802 1912 2842 1964 X
2882 1911 3056 1964 Italia
3096 1925 3271 1963 sacra
3323 1907 3384 1961 in
3433 1905 3714 1978 episcopis

2105 1999 2511 2070 Tropiensibus
2543 2001 2651 2054 col.
2685 1999 2790 2053 450
2823 1999 2892 2054 de
2919 1999 3185 2070 episcopo
3211 1996 3306 2050 illo
3341 1995 3424 2048 ita
3465 1993 3661 2048 scribit
3694 2009 3708 2046 :

2108 2107 2140 2138 «
2161 2089 2422 2158 Justegus
2453 2091 2540 2142 vel
2558 2090 2866 2160 Justeyrus,
2893 2090 2950 2142 et
2975 2087 3250 2153 Tusteius,
3285 2084 3382 2157 qui
3419 2087 3476 2137 et
3503 2082 3712 2136 Trista-

2108 2193 2214 2230 nus
2236 2179 2339 2241 est,
2361 2176 2579 2248 primus
2595 2177 2929 2230 Latinorum
2943 2174 3302 2248 TrOpeiensis
3319 2172 3568 2227 ecclesiae
3583 2187 3711 2224 mu-

2111 2282 2216 2318 nus
2249 2265 2571 2336 episcopale
2602 2265 2848 2336 suscepit
2880 2264 3029 2318 circa
3054 2279 3272 2317 annum
3299 2263 3466 2318 Dom.
3493 2261 3650 2328 1094,
3678 2278 3710 2310 ›>

2110 2353 2442 2424 subditque,
2475 2353 2770 2408 nonnullis
2804 2350 3172 2424 interpositis,
3203 2365 3536 2406 concessum
3559 2363 3713 2402 anno

2109 2443 2298 2496 1094a
2327 2441 2596 2513 Rogerio,
2629 2441 2868 2514 Apulia,
2902 2440 3177 2495 Calabria
3226 2441 3284 2492 et
3339 2437 3542 2492 Sicilia
3569 2437 3712 2491 duce

2109 2529 2362 2584 ecclesia
2423 2529 2754 2600 Tropeiensi
2786 2530 3064 2601 diploma,
3093 2529 3151 2582 in
3212 2543 3342 2599 qua.
3389 2525 3486 2598 qui
3542 2524 3711 2595 hujus

2103 2621 2230 2672 tum
2261 2619 2498 2672 antistes
2520 2620 2664 2686 erat,
2691 2619 2952 2688 Justcgus
2982 2617 3336 2671 nominatur.
3371 2614 3477 2679 Qui
3509 2630 3574 2668 ex
3596 2611 3712 2684 epi-

2105 2707 2312 2779 scopis,
2345 2706 2677 2762 testimonio
2705 2705 3049 2777 subscriptit,
3075 2708 3202 2778 post
3221 2703 3594 2776 Tr0piensem
3627 2718 3710 2756 se-

2105 2796 2318 2868 quitur,
2345 2795 2676 2850 Catanensis
2699 2793 2983 2866 prioribus
3023 2793 3301 2847 duntaxat
3353 2792 3573 2846 duabus
3603 2807 3706 2844 no-

2106 2885 2278 2939 minis
2303 2885 2386 2939 sui
2413 2884 2614 2938 litteris
2637 2885 2708 2938 ab
2741 2884 2978 2954 Ughello
3001 2885 3058 2936 et
3079 2882 3302 2936 Boccho
3337 2881 3704 2953 designatur;

2104 2991 2138 3029 a
2165 2973 2372 3028 Tutino
2405 2990 2537 3028 vero
2564 2973 2829 3044 huncque
2853 2976 3046 3026 secuto
3071 2970 3308 3026 Morotio
3340 2969 3620 3042 Augerius
3650 2971 3710 3024 et

2105 3063 2478 3119 aMorkensio
2538 3062 2818 3133 Angerius
2875 3064 3128 3116 vocatur.
3185 3059 3516 3114 Antistitem
3554 3059 3708 3113 hunc

2105 3152 2338 3223 proprie
2371 3153 2766 3222 nuncupatum
2799 3149 2969 3204 fuisse
2989 3149 3354 3220 Ansgerium,
3384 3147 3706 3219 sedisseque

2105 3243 2176 3296 ab
2209 3257 2384 3295 anno.
2420 3243 2546 3296 1091
2601 3239 2675 3294 ad
2704 3255 2922 3293 annum
2963 3255 3140 3310 usque
3194 3239 3350 3306 1124,
3409 3237 3589 3308 liquet
3639 3253 3707 3291 ex

2103 3329 2186 3383 iis.
2219 3346 2345 3400 qua
2380 3329 2452 3384 de
2483 3329 2578 3383 illo
2605 3329 2663 3382 in
2697 3329 2946 3382 ecclesia
2993 3325 3327 3382 Catanensis
3375 3324 3586 3380 Notitia
3633 3325 3704 3380 ab

2103 3434 2256 3472 anno
2293 3421 2420 3472 1091
2460 3418 2715 3472 Bocchus
2773 3417 2965 3472 Pirrus
3021 3415 3080 3470 in
3139 3414 3398 3470 medium
3454 3413 3703 3468 adducit.

2103 3507 2269 3572 Quod
2293 3507 2364 3562 ad
2396 3507 2845 3578 Squillacensem
2886 3509 2944 3560 et
2981 3504 3333 3560 Melitensem
3389 3502 3704 3575 episcopos,

2101 3613 2348 3669 quorum
2365 3595 2701 3668 subscriptio
2725 3593 3057 3649 Catanensis
3077 3592 3324 3666 episcopi
3339 3591 3705 3662 subscriptio-

2100 3685 2158 3738 ni
2171 3685 2432 3758 proxime
2449 3683 2853 3755 subditur.jam
2874 3684 3114 3755 spectat,
3146 3681 3353 3754 prioris
3371 3697 3437 3734 ex
3448 3679 3555 3746 his,
3584 3675 3702 3750 qui,

2103 3773 2599 3846 quemadmodum
2617 3772 2766 3826 infra
2781 3770 3288 3841 contraUghellum
3307 3769 3704 3836 docebo,anno

2107 3865 2241 3918 1095
2273 3865 2371 3916 aut
2399 3860 2660 3932 sequenti
2710 3858 3129 3914 mortalitatem
3178 3857 3440 3930 explevit,
3496 3856 3707 3910 eodem

2103 3951 2313 4020 ubique
2339 3951 2746 4005 modonomen
2761 3948 3016 4014 effertur,
3055 3963 3159 4001 nec
3191 3947 3369 4001 ullam
3397 3943 3570 4000 etiam
3603 3961 3706 4016 po-

2102 4038 2374 4105 sterioris,
2410 4039 2563 4110 quod
2594 4055 2661 4092 ex
2691 4037 2853 4093 dictis
2883 4055 2916 4091 a
2945 4035 3183 4091 Morotio
3211 4036 3478 4106 huncque
3513 4036 3706 4088 secuto

2099 4127 2418 4182 Morkensio
2442 4127 2701 4194 omittur,
2733 4125 3111 4180 variationem
3143 4124 3360 4195 patitur
3389 4123 3541 4196 aqud
3573 4124 3714 4178 Roc-

2103 4217 2296 4282 chum,
2317 4218 2624 4288 Ughellum
2649 4220 2706 4272 et
2727 4217 3020 4280 Tutinum,
3055 4231 3087 4268 a
3119 4213 3323 4286 quibus
3352 4218 3703 4268 recensetur.

2174 4307 2296 4360 593.
2330 4305 2660 4360 Notandum
2691 4321 2864 4378 porro
2898 4306 3002 4358 est.
3035 4302 3206 4358 hunc.
3239 4318 3356 4356 non
3410 4301 3710 4356 celeberri-

396 4381 552 4452 quod
581 4379 809 4450 perHa'c
849 4379 1119 4435 Morotius
1145 4384 1203 4434 et
1227 4386 1356 4454 post
1384 4383 1536 4438 hunc
1564 4385 1916 4440 Morkensius
1941 4387 1998 4442 in
2023 4385 2076 4444 D
2103 4409 2212 4446 ma
2245 4393 2547 4449 Melitensis
2577 4394 2799 4459 insula,
2821 4393 2919 4447 sed
2947 4389 3252 4446 Melitensis
3283 4406 3382 4444 seu
3410 4390 3599 4461 potius
3617 4389 3710 4446 Mi-

395 4468 610 4522 chartae
625 4469 783 4523 textu
799 4468 1070 4538 supplent
1087 4469 1344 4524 nominis
1366 4471 1695 4544 fragmento
1715 4475 1868 4546 apud
1889 4475 1999 4547 Ug-

394 4557 614 4612 hellum
629 4555 864 4627 quidem
886 4556 1061 4642 Nz'c',
1077 4558 1230 4628 apud
1247 4559 1537 4615 Bocchum
1555 4565 1749 4616 autem
1769 4563 1950 4618 Na’co..
1963 4605 1972 4618 .
1985 4605 1998 4632 ,

395 4647 649 4700 vocatur.
675 4645 796 4714 Ast,
820 4661 953 4700 cum
983 4647 1442 4720 archiepiscopus
1469 4650 1561 4705 ille
1593 4653 1746 4721 apud
1785 4653 2000 4724 ipsum-

395 4737 520 4788 met
547 4733 838 4788 Bocchum
887 4735 1139 4790 ecclesia:
1183 4737 1611 4794 Panormitana
1655 4741 1892 4808 Notitia,
1929 4741 2004 4796 ad

399 4838 622 4877 annum
657 4823 812 4890 1094,
845 4839 1008 4878 num.
1037 4823 1140 4878 6in
1174 4823 1488 4897 diplomate
1519 4829 1674 4899 quod
1704 4830 1999 4900 Rogerius,

403 4909 607 4965 Sicilia
637 4914 695 4964 et
727 4909 1002 4966 Calabria
1041 4928 1254 4980 comes,
1295 4915 1544 4969 ecclesia
1577 4918 2002 4974 Panormitana

399 5014 554 5055 anno
585 5002 716 5054 1095
743 4999 1228 5069 dedit,Alcberius
1249 5005 1587 5074 appelletur,
1611 5023 1827 5062 nomen
1860 5011 2000 5080 ejus,

400 5087 484 5142 uti
516 5103 550 5141 a
573 5087 806 5156 Mutino,
838 5088 1106 5162 huncque
1153 5091 1359 5146 secutis
1393 5093 1630 5148 Morotio
1655 5100 1713 5148 et
1738 5098 2000 5152 Morken-

401 5174 485 5230 sio
509 5174 593 5243 fit,
619 5176 913 5232 Alcherius
924 5178 1314 5250 potius,quam
1331 5181 1633 5236 Archerius
1647 5184 2004 5240 ell‘erendum

398 5266 562 5337 puto.
590 5262 755 5328 Quod
767 5269 962 5321 autem
974 5267 1226 5338 pertinet
1243 5268 1314 5322 ad
1333 5270 1586 5324 nominis
1611 5272 2002 5342 fragmentum

395 5351 526 5406 Nic.
559 5354 656 5406 aut
702 5351 864 5419 Nico,
897 5355 1054 5426 quod
1093 5355 1246 5428 apud
1278 5355 1568 5411 Bocchum
1604 5357 2004 5432 et'Ughellum

401 5437 678 5496 duntaxat
705 5439 765 5494 in
796 5441 1009 5496 charta
1039 5442 1456 5514 subscriptione
1483 5445 1715 5516 legitur,
1744 5450 1800 5503 id
1830 5451 1999 5523 forte,

402 5527 556 5602 quod
582 5527 809 5600 integra
833 5546 937 5584 vox
967 5547 1086 5584 non
1127 5535 1295 5598 esset,
1325 5532 1718 5589 omittendum
1757 5537 1996 5610 duxerit,

399 5613 673 5684 Tutinus;
703 5634 923 5688 verum,
951 5623 1012 5674 ut
1052 5619 1210 5691 cujus
1240 5621 1490 5676 nominis
1518 5623 1655 5679 illud
1676 5643 1808 5696 pars
1837 5644 2000 5686 vero-

2102 4481 2338 4548 litensis,
2367 4483 2644 4538 Calabria
2678 4479 2972 4536 Ulterioris
3001 4477 3263 4545 civitatis,
3299 4478 3577 4532 exstitisse
3603 4495 3706 4533 an-

2103 4569 2452 4637 tistitem,uti
2470 4575 2628 4642 patet
2645 4588 2710 4625 ex
2733 4570 2820 4635 iis,
2845 4586 2970 4640 quae
2987 4567 3243 4622 Bocchus
3272 4566 3465 4620 Pirrus
3487 4566 3540 4621 id
3563 4566 3712 4622 Meli-

2104 4659 2280 4713 tensis
2297 4661 2548 4714 ecclesia
2566 4658 2777 4714 Notitia
2799 4657 3060 4728 proxime
3092 4658 3225 4710 ante
3250 4672 3469 4710 annum
3491 4656 3712 4719 1089,et

2105 4747 2374 4817 Ughellus
2389 4749 2556 4802 tom.I
2575 4747 2749 4802 Italia
2770 4763 2944 4800 sacra
2962 4746 3020 4799 in
3038 4743 3317 4816 episcopis
3327 4743 3711 4798 Melitensibus

2105 4836 2324 4890 col.9.’a2
2343 4839 2400 4890 et
2414 4853 2532 4908 seq.
2557 4836 2616 4890 in
2639 4836 2832 4890 literas
2851 4833 3108 4888 mittant.
3129 4833 3216 4888 Ad
3236 4833 3278 4886 Ν
3287 4836 3709 4887 eocastrensem

2105 4940 2257 4978 nunc
2275 4925 2514 4979 tandem
2524 4924 2638 4996 ,qui
2663 4923 2925 4978 omnium
2940 4921 3176 4975 ultimus
3188 4919 3434 4974 Alcherii
3446 4920 3516 4974 de
3526 4919 3714 4974 Turri-

2104 5015 2254 5066 tana
2278 5013 2528 5067 ecclesia
2553 5011 2984 5068 consecratione
3008 5007 3339 5063 testimonio
3358 5007 3706 5080 subscripsit,

2105 5101 2438 5174 episc0pum
2453 5101 2638 5156 venio.
2667 5101 2785 5167 Hic,
2819 5115 2992 5170 quem
3015 5099 3086 5152 ab
3102 5114 3256 5152 anno
3275 5098 3410 5151 1094
3431 5113 3605 5168 usque
3637 5095 3710 5150 ad

2105 5205 2325 5244 annum
2338 5191 2542 5244 saltem
2573 5194 2590 5244 1
2610 5188 2929 5243 H‘Zsedisse
2951 5186 3197 5240 adducta
3210 5186 3282 5239 ab
3305 5185 3545 5256 Ughello
3561 5187 3705 5239 tom.

2105 5277 2168 5330 IX
2225 5277 2399 5332 Italia
2447 5278 2770 5332 sacra'col.
2802 5279 2907 5330 402
2947 5278 3003 5329 et
3049 5274 3200 5329 binis
3244 5291 3344 5346 seq
3364 5291 3405 5345 Ι.
3437 5271 3703 5340 suadent,

2106 5365 2378 5421 Henricus
2425 5383 2458 5420 a
2513 5367 2735 5420 Boccho
2781 5369 2836 5419 et
2865 5363 3104 5435 Ughello
3132 5364 3533 5434 nuncupatur;
3572 5359 3708 5414 licet

2103 5458 2298 5510 autem
2353 5471 2386 5508 a
2412 5455 2638 5516 Tutino,
2673 5455 2938 5524 huncquc
2972 5452 3178 5508 secutis
3206 5451 3442 5506 Morotio
3485 5453 3541 5503 et
3569 5448 3710 5503 Mor-

2101 5543 2300 5598 kensio
2323 5542 2474 5597 inter
2499 5543 2794 5613 episcopos
2815 5540 3146 5596 testimonio
3179 5557 3312 5595 mox
3345 5539 3552 5594 iterum
3584 5537 3704 5592 lau-

2102 5633 2238 5688 dato
2277 5632 2647 5704 subscriptos,
2693 5633 3078 5698 reccnseatau‘,
3121 5629 3362 5686 nomine
3393 5631 3588 5684 tamen
3617 5627 3704 5682 vel
