4014 6052
458 396 559 456 367

1275 387 1332 451 Β.
1386 392 1730 450 BRUNONIS
1777 388 2411 448 CARTHUSIANORUM
2455 391 2919 450 INSTlTUTORlS

3669 393 3774 451 368

459 525 650 583 sitam.
684 520 876 580 Potuit
904 520 1080 595 igitur
1104 519 1291 576 adhuc
1305 520 1455 575 circa
1471 518 1786 574 Placentini
1805 520 2069 588 tempora
2090 519 2146 577 Α
2167 515 2301 570 hinc
2335 519 2752 573 consectarium
2779 518 2970 586 fuerit,
3002 535 3036 571 a
3066 515 3123 572 S.
3168 515 3435 572 Brunone
3480 515 3772 574 Praefatia-

459 613 684 670 concilii
705 610 1012 667 adhaesisse
1031 609 1314 681 pontiﬁci,
1336 613 1389 663 et
1419 625 1518 663 suo
1535 605 1908 661 nihilominus
1925 621 2069 676 pras-

457 699 898 757 fuisseTurrensi
930 697 1453 764 monasterio;nam
1471 697 1528 750 id
1569 697 1896 748 solemneet
1934 691 2065 747 soli-

456 794 582 846 tum
601 793 734 844 tunc
749 787 1202 857 fuisse,probant
1220 789 1346 840 acta
1361 782 2066 854 varia,przrscrtimS.Ber-

457 878 624 934 nardi
658 874 1235 942 Clarm-Vallensis;in
1269 872 1694 944 quibuslegitur
1716 888 1847 925 eum
1869 887 2068 924 sexen-

455 967 552 1022 nio
584 970 642 1021 ct
684 964 928 1036 amplius
967 981 1001 1017 a
1051 979 1154 1017 sua
1195 961 1441 1016 abfuisse
1489 960 1862 1025 Clara-Valle,
1903 957 2071 1012 variis

455 1071 560 1127 pro
592 1055 725 1108 sede
747 1051 1060 1124 apostolica
1085 1050 1376 1104 laboribus
1394 1047 2070 1119 peregrinationibusque

457 1141 750 1213 susceptis,
785 1143 846 1195 ut
877 1140 948 1194 de
989 1139 1114 1193 aliis
1147 1141 1460 1204 taceamus,
1510 1137 1608 1207 qui
1656 1136 1728 1190 ad
1759 1151 2070 1190 commune

455 1229 932 1300 restinguendum
966 1227 1290 1281 schismatis
1315 1225 1648 1279 incendium
1667 1241 1733 1279 ex
1754 1223 2067 1278 remotissi-

456 1317 566 1373 mis
611 1316 768 1371 orbis
798 1315 1054 1386 partibus
1087 1315 1248 1368 acciti
1288 1314 1469 1380 fuere;
1503 1335 1530 1362 »
1573 1311 1876 1384 posteriori
1906 1328 2066 1364 vero-

455 1404 576 1460 istis
605 1421 618 1458 :
656 1426 684 1454 ‹‹
699 1403 984 1458 Antonius
1006 1401 1301 1456 Beuterius
1319 1400 1797 1471 chronographus
1818 1398 2066 1452 Valenti-

455 1509 583 1559 nus,
610 1491 1019 1563 antiquitatum
1044 1491 1223 1544 mirus
1237 1488 1655 1554 observator,in
1673 1487 2068 1558 libello,quem

456 1579 638 1634 edidit
668 1580 737 1633 de
769 1578 1027 1650 partibus
1075 1582 1132 1632 et
1186 1577 1549 1632 caeremoniis
1613 1576 1808 1641 Missae,
1869 1575 2066 1642 refert,

456 1667 866 1722 Praefationem
899 1666 970 1720 de
1000 1667 1058 1720 Β.
1091 1666 1265 1720 Maria
1299 1665 1531 1735 Virgine
1564 1664 1622 1717 in
1665 1664 1772 1717 hoc
1803 1662 2066 1730 concilio,

459 1755 614 1826 quod
628 1755 888 1808 Urbanus
907 1753 1208 1808 Placentiae
1223 1753 1444 1819 habuit,
1459 1769 1492 1806 a
1505 1751 1880 1806 Carthusiano
1899 1751 2072 1804 fuisse

2168 621 2303 658 nem
2333 605 2640 672 decimam,
2658 624 2785 678 quae
2809 607 2879 662 de
2906 608 2966 660 B.
2991 605 3164 660 Maria
3192 605 3425 678 Virgine
3457 610 3562 674 est,
3603 607 3774 662 fuisse

2167 693 2593 765 concinnatam.
2631 695 2783 749 Hane
2815 696 2969 750 enim
3004 694 3120 762 ille,
3154 710 3272 749 non
3317 711 3352 748 a
3391 693 3450 748 S.
3479 695 3772 764 Brunone,

2169 782 2264 835 sed
2297 799 2332 836 a
2384 782 2779 851 Carthusiano,
2815 801 2934 838 non
2958 783 3308 850 deﬁniendo,
3340 785 3644 838 sanctusne
3687 785 3754 850 is,

2168 885 2242 922 an
2265 870 2406 924 alius
2433 871 2626 938 fuerit,
2650 873 3033 944 compositam
3059 871 3251 936 fuisse,
3294 887 3323 924 e
3351 873 3770 940 monumentis,

2169 975 2296 1030 qua:
2317 958 2533 1025 laudat,
2549 960 2828 1014 duntaxat
2840 959 3036 1014 tradit.
3063 958 3283 1031 Reponi
3305 958 3544 1030 quidem
3564 963 3773 1030 potest,

2171 1064 2288 1101 non
2311 1046 2486 1100 alium
2503 1047 2965 1114 Carthusianum,
3000 1063 3176 1118 quam
3201 1047 3554 1114 Brunonem,
3583 1048 3774 1103 conci-

2169 1135 2246 1189 lio
2297 1135 2630 1190 Placentino
2675 1135 3022 1204 interfuisse;
3069 1151 3267 1190 verum
3311 1135 3356 1190 si
3405 1138 3654 1204 sanctus,
3692 1135 3776 1192 uti

2169 1223 2474 1278 verisimile
2489 1241 2556 1278 ex
2574 1223 2740 1280 dictis
2764 1227 2867 1292 est,
2909 1225 3148 1280 concilio
3167 1223 3258 1278 isti
3275 1223 3464 1295 reipsa
3493 1223 3772 1291 interfuit,

2167 1312 2383 1366 socium
2401 1311 2506 1366 sibi
2521 1311 2781 1368 habuisse
2803 1313 2894 1384 adj
2904 1316 3160 1379 unctum,
3178 1311 3776 1382 verosimillimum,ne

2169 1398 2783 1468 dicamindubitatum,
2813 1404 3071 1472 apparet.
3092 1401 3204 1454 Nec
3225 1403 3310 1454 est
3327 1415 3446 1465 cur,
3475 1400 3586 1454 hoc
3616 1401 3772 1468 dato,

2169 1486 2421 1541 Brunoni
2439 1487 2708 1558 equidem
2737 1488 3128 1559 potius,quam
3147 1487 3310 1542 alteri
3332 1487 3506 1542 cuivis
3533 1487 3773 1543 Carthu-

2168 1574 2350 1640 siano,
2407 1575 2503 1646 qui
2549 1575 2622 1628 ad
2681 1575 2987 1629 concilium
3033 1575 3428 1630 Placentinum
3471 1576 3777 1632 comitatus

2169 1681 2303 1718 eum
2331 1663 2522 1730 fuerit,
2557 1681 2698 1734 opus
2729 1663 2868 1718 illud
2915 1663 3369 1718 atttribuendum
3396 1666 3580 1736 putes,
3619 1663 3777 1736 quod

2169 1753 2300 1806 huic
2331 1752 2424 1806 ille
2451 1752 2812 1819 adornando,
2840 1754 3036 1822 utpote
3053 1765 3281 1806 summa
3315 1753 3639 1807 eruditione
3669 1752 3774 1816 vir,

457 1841 864 1914 compositam.
891 1841 1026 1905 Quis
1058 1841 1173 1907 ille,
1206 1840 1314 1895 nisi
1343 1839 1400 1894 S.
1425 1841 1641 1906 Bruno,
1675 1855 1833 1909 cujus
1851 1838 2076 1909 sapien-
2098 1831 2148 1889 Β
2171 1840 2344 1896 fuerit
2390 1839 2717 1912 aptissimus
2743 1858 2756 1907 ;
2790 1844 3180 1912 praeterquam
3211 1840 3394 1908 enim,
3425 1840 3582 1912 quod
3619 1840 3690 1895 ad
3720 1840 3782 1895 id

455 1930 599 1986 tiam
632 1930 688 1986 in
721 1930 978 2002 quodam
1009 1929 1326 2000 diplomate
1343 1927 1562 1982 extollit
1595 1927 1878 1981 Paschalis
1900 1942 2070 1997 papa,

458 2018 709 2089 dicitque
731 2019 981 2072 multum
1017 2015 1374 2071 auctoritatis
1412 2015 1563 2087 apud
1593 2015 1790 2069 sedem
1843 2016 2072 2086 aposto-

453 2104 626 2161 licam
658 2105 987 2159 obtinuisse.
1023 2127 1048 2152 υ

530 2197 653 2248 597.
690 2193 970 2247 Hactenus
992 2191 1110 2258 illo,
1145 2207 1248 2263 pro
1293 2191 1587 2263 opinione,
1619 2208 1746 2262 quae
1776 2181 2073 2245 Praefatio-

461 2297 599 2336 nem
626 2281 698 2335 de
721 2281 780 2334 Β.
810 2279 983 2335 Maria
1003 2279 1236 2351 Virgine
1257 2296 1291 2332 a
1309 2279 1365 2333 S.
1403 2280 1671 2333 Brunone
1685 2279 1914 2332 concilii
1945 2279 2070 2332 Pla-

456 2368 672 2425 centini
715 2371 979 2438 tempore
1021 2367 1406 2437 compositam
1427 2367 1599 2421 fuisse
1644 2367 1860 2434 statuit,
1893 2368 2072 2421 Anto-

461 2459 623 2513 nium
645 2458 953 2511 Beuterum
989 2456 1266 2510 duntaxat
1287 2457 1542 2527 allegans
1565 2473 1578 2522 ;
1611 2471 1969 2521 verum,cum
1984 2455 2076 2509 hic

458 2545 724 2618 scriptor,
777 2546 976 2614 utpote
1023 2543 1360 2614 longissimo
1391 2543 1672 2614 temporis
1711 2543 2010 2598 intervallo
2042 2561 2077 2598 a

459 2633 638 2689 sancti
670 2632 852 2686 nostri
883 2631 1221 2703 conciliiquc
1261 2632 1574 2687 Placentini
1601 2635 1769 2686 urtate
1795 2635 2074 2700 remotus,

456 2723 579 2777 sola
599 2739 700 2775 sua
715 2720 1054 2775 auctoritate
1076 2721 1250 2774 ﬁdem
1269 2720 1652 2774 indubitatam
1669 2720 1751 2774 rei
1766 2720 1868 2774 iste
1887 2721 2076 2775 facere

459 2810 618 2866 haud
635 2810 830 2880 possit,
852 2808 1214 2879 potissimum
1239 2809 1437 2874 modo,
1471 2809 1624 2863 unde
1649 2810 1795 2865 hanc
1823 2809 2079 2864 ishause—

459 2897 1154 2970 rit,dispiciendum.Cum
1169 2899 1467 2952 laudatum
1481 2915 1514 2952 a
1527 2897 1912 2970 Suriano,quo
1926 2915 2079 2953 com-

459 2987 690 3044 modius
717 2987 1042 3058 certiusque
1071 2986 1261 3040 facere
1293 2986 1352 3040 id
1378 3002 1630 3058 possem,
1666 2987 1892 3041 Beuteri
1926 2987 2078 3058 Opus

460 3073 847 3131 necessarium
865 3074 1036 3140 foret,
1060 3090 1163 3128 nec
1194 3073 1251 3128 id
1281 3074 1352 3127 ad
1375 3091 1616 3128 manum
1634 3075 1722 3142 sit,
1754 3079 2077 3146 opportune

463 3165 558 3220 hic
582 3163 857 3218 succurrit
877 3162 1232 3217 Morkensius
1264 3163 1322 3216 in
1349 3163 1768 3234 Chronologico
1793 3165 2077 3235 diploma-

462 3253 579 3306 tica
609 3269 710 3306 sua
727 3251 798 3306 de
824 3250 1158 3305 S.Brunone
1177 3251 1432 3304 Diatriba
1455 3268 1563 3304 ms.
1599 3251 1676 3305 ita
1711 3269 2076 3308 memorans:

470 3361 499 3391 ι(
532 3339 807 3410 Sequenti
825 3355 980 3392 anno
1013 3339 1169 3404 109i,
1203 3355 1332 3391 cum
1347 3338 1686 3406 Guibertini,
1715 3343 1858 3394 teste
1873 3341 2080 3396 eodem

466 3427 802 3493 Bertlioldo,
832 3425 1062 3480 Turrim
1094 3425 1408 3480 Crescentii
1432 3427 1617 3480 adhuc
1650 3428 2001 3496 obtinerent,
2025 3433 2083 3484 et

469 3517 734 3573 Urbanus
765 3514 1008 3569 minime
1036 3517 1194 3569 tutus
1217 3514 1370 3570 foret
1428 3517 1500 3571 ab
1529 3517 1807 3584 hostibus,
1851 3519 2085 3573 excessit

471 3605 622 3659 Urbe
650 3603 708 3657 in
738 3602 1226 3674 Longobardiam,
1249 3619 1312 3657 ac
1332 3603 1630 3658 Guastallse
1643 3605 1715 3659 ad
1737 3606 1958 3660 Padum
1979 3607 2084 3661 flu-

471 3692 898 3759 men,adunato
931 3707 1224 3746 sacrorum
1263 3691 1584 3746 antistitum
1617 3697 1784 3760 coetu,
1830 3695 2087 3750 Ecclesiae

474 3778 908 3836 necessitatibus
937 3780 1248 3847 consuluit,
1281 3780 1340 3834 in
1371 3797 1482 3852 quo
1509 3782 1914 3837 Prrefationem
1941 3785 1998 3836 Β.
2023 3784 2086 3837 ν.

476 3869 664 3925 Maria:
704 3867 972 3939 vulgavit.
1020 3869 1325 3940 Catalogus
1366 3887 1473 3923 ms.
1531 3870 1696 3924 Rom.
1747 3872 2088 3924 Pontiﬁcum

479 3957 632 4028 apud
659 3956 1114 4027 Papebrochium
1133 3957 1190 4009 in
1213 3957 1463 4022 Urbano;
1483 3957 1749 4026 Sigonius
1766 3962 1821 4011 et
1837 3960 2092 4014 Leander

479 4045 746 4099 Albertus
763 4043 819 4095 in
838 4042 1599 4112 Descriptionelombardize
1619 4045 1728 4098 deG
1739 4047 2089 4102 uardistallo.

483 4129 1085 4195 Przefationemillam,
1117 4147 1242 4202 qua:
1271 4131 1495 4185 decima
1517 4135 1620 4198 est,
1655 4151 1688 4186 a
1718 4134 2090 4190 Carthusiano

482 4217 889 4291 compositam,
920 4219 1136 4290 reperit
1165 4218 1318 4273 inter
1330 4219 1568 4292 antiqua
1583 4229 1964 4278 monumenta
1976 4227 2092 4278 An-

482 4307 674 4362 tonius
724 4307 994 4360 Beuterus
1025 4306 1082 4360 in
1124 4324 1226 4361 suo
1273 4307 1421 4362 libro
1457 4309 1526 4362 de
1573 4311 1830 4381 partibus
1869 4313 2040 4366 Misso:
2077 4329 2091 4380 ;

2173 1945 2390 2000 magna
2442 1927 2766 1982 eruditione
2799 1945 2940 2000 opus
2981 1929 3136 1984 haud
3179 1929 3374 1998 fuerit,
3419 1932 3668 1996 sanctus,
3698 1929 3783 1984 uti

2172 2017 2416 2087 ipsemet
2446 2016 2502 2070 in
2529 2033 2629 2070 sua
2659 2015 2810 2071 infra
2857 2017 2968 2071 huc
2991 2017 3430 2072 transcribenda
3474 2017 3547 2071 ad
3577 2017 3786 2071 Radul-

2171 2107 2354 2176 phum
2375 2103 2623 2158 Viridem
2651 2105 2903 2160 ecclesia:
2935 2105 3233 2160 Remensis
3260 2105 3635 2178 praepositum
3666 2104 3785 2176 epi-

2173 2194 2318 2248 stola
2342 2193 2527 2259 docet,
2556 2193 2738 2248 socios
2759 2195 3086 2260 nonnullos,
3125 2197 3242 2261 aut,
3298 2193 3343 2248 si
3386 2194 3583 2262 mavis,
3615 2193 3783 2248 disci-

2173 2283 2336 2355 pulos
2375 2281 2554 2350 probe
2593 2280 2847 2335 eruditos
2868 2279 2924 2334 in
2945 2281 3248 2334 Turritana
3269 2280 3544 2336 Calabria:
3583 2296 3781 2336 eremo

2174 2369 2278 2422 sibi
2310 2367 2510 2422 habuit
2539 2367 2628 2436 adj
2641 2370 2860 2435 unctos;
2895 2371 2958 2422 ut
2986 2367 3232 2438 proinde
3262 2367 3362 2422 abs
3389 2368 3599 2422 horum
3643 2381 3782 2432 uno,

2175 2473 2347 2527 quem
2373 2455 2675 2510 addictum
2699 2455 3007 2510 concilium
3039 2473 3233 2510 secum
3265 2459 3493 2510 sanctus
3514 2454 3782 2521 duxisset,

2176 2543 2444 2599 Prtefatio
2469 2543 2564 2596 illa
2579 2544 2899 2615 composita
2929 2561 3048 2597 esse
3064 2543 3336 2615 potuerit.
3383 2545 3456 2598 At
3491 2559 3621 2598 vero
3652 2545 3787 2597 sunt

2177 2641 2274 2714 qui
2307 2643 2457 2696 hanc
2481 2658 2585 2695 nec
2627 2641 2932 2706 Brunonis,
2977 2658 3080 2696 nec
3129 2641 3360 2696 alterius
3392 2641 3784 2712 cujuscunque

2178 2730 2559 2795 Cartliusiani,
2607 2729 2706 2783 sed
2757 2729 3052 2801 ipsiusmet
3083 2729 3297 2784 Urbani
3342 2731 3386 2783 ll
3434 2746 3596 2802 papae
3641 2745 3787 2801 opus

2176 2835 2298 2874 esse
2331 2818 2720 2884 contendunt;
2767 2834 2831 2872 ac
2862 2818 2920 2872 in
2968 2819 3173 2889 primis
3202 2818 3435 2890 quidem
3479 2817 3784 2872 cardinalis

2175 2907 2334 2960 Bona
2355 2907 2453 2961 lib.
2489 2923 2526 2960 ιι
2567 2907 2778 2960 Rerum
2809 2906 3227 2978 Liturgicarum
3257 2922 3382 2977 cap.
3413 2909 3497 2973 lO,
3537 2921 3700 2960 num.
3728 2908 3782 2972 3,

2176 2998 2234 3050 et
2258 2995 2584 3050 Ruinartius
2603 2995 2660 3050 in
2689 2998 2954 3050 contexta
2984 3012 3018 3048 a
3038 3011 3096 3049 se
3130 2994 3418 3050 Pontiﬁcis
3445 2995 3613 3066 hujus
3660 2993 3790 3050 Vita

2106 3114 2152 3172 Ο
2177 3102 2340 3138 num.
2363 3084 2697 3140 176.0mnia
2719 3084 3050 3156 posterioris
3079 3084 3248 3154 hujus
3275 3083 3566 3156 scriptoris
3588 3083 3785 3149 verba,

2178 3174 2266 3227 vel
2298 3173 2510 3227 idcirco
2539 3173 2690 3244 quod
2733 3171 2992 3244 antiqua,
3019 3189 3050 3225 e
3079 3173 3286 3244 quibus
3337 3188 3464 3244 quae
3515 3171 3628 3226 huc
3656 3186 3786 3242 spe-

2180 3261 2393 3316 ctantia
2423 3261 2637 3314 ibidem
2674 3261 2877 3314 litteris
2904 3261 3166 3328 mandat,
3200 3258 3640 3334 deprompserit,
3688 3275 3790 3314 seu

2181 3348 2514 3404 testimonia
2545 3365 2644 3403 seu
2692 3353 3078 3404 monumenta
3125 3348 3648 3420 comprehendant,
3675 3347 3792 3403 huc

2181 3438 2496 3492 transcribo
2506 3479 2518 3490 .

2258 3529 2380 3580 599.
2411 3526 2502 3581 Sic
2518 3526 2752 3580 habent:
2783 3549 2811 3577 «
2839 3527 3089 3597 Recepta
3111 3529 3195 3581 est
3208 3525 3362 3599 apud
3381 3529 3642 3580 auctores
3669 3525 3793 3580 vul-

2187 3617 2351 3686 gatos
2383 3613 2638 3682 traditio,
2675 3615 2965 3668 Urbanum
2997 3631 3207 3685 papam
3255 3615 3313 3668 in
3351 3615 3459 3669 hoc
3489 3612 3729 3668 concilio
3765 3633 3794 3661 ››

2191 3703 2545 3772 (Placentino
2563 3702 2796 3774 nempe)
2823 3721 2854 3754 <‹
2885 3702 3172 3756 decimam
3205 3701 3636 3769 Praefationem,
3667 3716 3798 3772 quae

2190 3794 2275 3843 cst
2305 3791 2374 3844 de
2407 3790 2576 3844 beata
2622 3789 2814 3856 Maria,
2857 3806 3064 3844 novem
3110 3789 3360 3860 antiquis
3399 3788 3701 3844 addidisse.
3736 3787 3801 3842 ld

2192 3878 2401 3932 diserte
2427 3877 2671 3932 habetur
2704 3878 2760 3930 in
2793 3878 2968 3932 veteri
3000 3877 3194 3932 codice
3219 3894 3328 3931 ms.
3348 3877 3800 3931 archimanaste-

2191 3965 2261 4020 rii
2292 3965 2616 4036 Remigiani
2646 3965 2797 4036 apud
2823 3966 3051 4030 Remos,
3084 3966 3156 4020 ab
3179 3965 3345 4020 annis
3373 3963 3596 4018 circiter
3638 3961 3806 4035 quin-

2194 4053 2383 4124 gentis
2408 4053 2639 4124 scripto,
2686 4053 2781 4106 ubi
2828 4057 2956 4124 post
2986 4055 3234 4108 relatum
3266 4053 3369 4107 sub
3396 4051 3610 4124 Pelagii
3635 4067 3804 4122 papa:

2195 4141 2432 4195 nomine
2453 4141 2522 4195 de
2551 4157 2756 4195 novem
2786 4141 3222 4196 Przefationibus
3253 4141 3569 4206 decretum,
3591 4138 3804 4194 eadem

2195 4247 2372 4284 manu
2401 4230 2822 4284 addunturharc
2855 4231 3058 4284 verba:
3084 4252 3110 4280 «
3135 4228 3368 4284 Decima
3395 4227 3590 4282 addita
3609 4227 3716 4282 fuit
3740 4225 3806 4281 in

2197 4342 2222 4368 ‹‹
2248 4319 2488 4373 concilio
2518 4318 2848 4373 Placentino
2877 4318 2978 4372 sub
2995 4318 3222 4372 Urbano
3250 4333 3400 4390 papa
3425 4316 3736 4370 celebrato.
3774 4335 3804 4363 ››

482 4394 603 4448 vult
627 4395 825 4446 tamen
877 4391 938 4445 in
965 4393 1207 4448 concilio
1263 4395 1593 4450 Placentino
1641 4400 2340 4470 promulgatam,DRem
2399 4423 2531 4460 vero
2592 4405 2668 4459 sic
2715 4406 3018 4476 contigisse
3071 4406 3282 4459 ferunt.
3347 4405 3488 4459 Cum
3544 4401 3808 4474 pontifex

483 4481 632 4535 forte
668 4479 728 4533 in
759 4479 868 4534 hoc
898 4481 1225 4550 posteriori,
1261 4487 1458 4554 utpote
1492 4485 1813 4554 celebriori,
1857 4490 2096 4543 reitera-

484 4573 627 4623 tam.
663 4567 935 4622 Beuterus
966 4585 1125 4641 ergo,
1161 4572 1317 4642 quod
1349 4571 1418 4626 de
1455 4576 1773 4644 composita
1799 4594 1830 4630 a
1857 4577 2094 4632 Carthu-

484 4656 668 4722 siano,
717 4673 844 4728 quae
876 4657 946 4711 de
996 4657 1056 4710 Β.
1110 4658 1283 4714 Maria
1324 4661 1555 4732 Virgine
1598 4668 1702 4730 est,
1753 4665 2095 4721 Praefatione

484 4746 790 4811 asseverat,
828 4760 896 4798 ex
927 4745 1178 4816 antiquis
1223 4751 1618 4804 monumentis
1645 4751 1853 4807 hausit.
1887 4755 2094 4809 Verum

482 4850 616 4889 cum
633 4833 820 4901 simul,
862 4836 1092 4904 quantae
1132 4834 1256 4889 haec
1303 4838 1660 4909 antiquitatis
1690 4840 1924 4908 fuerint,
1957 4843 2098 4897 Mor-

483 4920 737 4988 kensius,
767 4921 1039 4994 quodida
1073 4923 1316 4980 Beutero
1362 4931 1626 4982 notatum
1666 4931 2095 4986 verosimillime

484 5029 604 5069 non
627 5011 933 5077 invenerit,
955 5012 1094 5066 haut
1123 5014 1329 5082 edicat,
1372 5033 1580 5072 verene
1611 5036 1645 5073 a
1693 5019 2091 5090 Carthusiano,

483 5100 566 5156 uti
591 5116 621 5153 e
653 5099 1050 5154 monumentis
1077 5100 1186 5154 illis
1221 5102 1495 5158 Beuterus
1526 5105 1744 5173 didicit,
1777 5108 2094 5178 composita

481 5188 658 5245 fuerit
670 5187 822 5243 dicta
843 5189 1133 5256 Praefatio,
1149 5189 1389 5246 dubium
1412 5192 1730 5248 admodum
1749 5196 1890 5250 mihi
1907 5197 2092 5252 adhuc

484 5278 885 5350 apparet,cum
929 5282 1313 5334 monumenta
1343 5280 1458 5348 illa,
1493 5298 1620 5352 qua:
1657 5284 1897 5339 Beutero
1941 5302 2089 5356 pra:-

483 5369 697 5434 luxere,
730 5363 992 5420 sublesta:
1011 5366 1288 5422 duntaxat
1308 5368 1441 5423 ﬁdei
1472 5369 1668 5425 forsan
1688 5371 1921 5427 fuerint.

553 5456 676 5510 598.
714 5453 803 5509 Ad
831 5453 974 5530 haac,
999 5455 1101 5510 etsi
1125 5456 1303 5512 etiam
1345 5457 1623 5531 tantisper
1648 5459 1936 5530 daremus,
1967 5479 2090 5519 mo-

480 5545 761 5598 numenta
803 5541 1058 5614 antiqua,
1111 5561 1141 5598 e
1173 5545 1380 5616 quibus
1429 5547 1488 5602 id
1543 5549 1817 5604 Beuterus
1867 5552 2086 5620 didicit,

470 5630 728 5710 probatae
744 5630 982 5686 omnino
997 5635 1148 5688 notae
1165 5651 1229 5689 ac
1243 5635 1378 5692 ﬁdei
1392 5636 1851 5703 fuisse,nondum
1869 5642 2086 5698 tamem

2194 4494 2359 4566 Apud
2384 4497 2642 4548 sanctam
2659 4495 2892 4548 Mariam
2950 4494 3020 4548 de
3045 4492 3378 4564 Campania,
3408 4491 3808 4547 vetustissimae

2195 4582 2427 4654 pictatis
2459 4583 2764 4652 templum,
2823 4582 2996 4636 sacris
3041 4585 3398 4652 operaretur,
3431 4584 3492 4634 ut
3522 4582 3669 4636 Deus
3711 4579 3806 4633 in-

2195 4673 2360 4740 cepta
2391 4669 2617 4724 concilii
2642 4669 2787 4723 bene
2818 4672 3086 4734 verteret,
3111 4669 3352 4740 jamque
3396 4667 3808 4722 Praefationem

2197 4757 2449 4825 offerret;
2474 4761 2712 4827 repente
2737 4773 2806 4810 ex
2835 4757 3108 4812 instinctu
3145 4756 3337 4812 divino
3364 4757 3424 4810 in
3468 4756 3567 4810 illa
3596 4755 3808 4810 dulcis-

2195 4844 2341 4899 sima
2371 4846 2563 4911 verba,
2585 4845 2798 4917 populo
2821 4845 3143 4900 demirante
3173 4844 3473 4916 prorupit:
3507 4866 3536 4894 ‹‹
3567 4843 3632 4898 Et
3661 4845 3718 4897 te
3745 4842 3810 4898 in

2197 4953 2225 4980 ››
2238 4934 2608 4989 veneratione
2629 4933 2810 4987 beatae
2823 4934 3008 4989 Maria:
3027 4933 3261 5005 virginis
3280 4931 3814 4996 collaudare,bene—

2197 5040 2225 5068 »
2259 5019 2448 5075 dicere
2475 5025 2532 5076 et
2557 5021 2903 5092 praedicare;
2948 5038 3075 5093 quas
3107 5025 3164 5075 et
3205 5019 3578 5091 Unigenitum
3636 5021 3808 5074 tuum

2196 5129 2224 5155 ››
2247 5110 2428 5164 sancti
2463 5110 2704 5180 Spiritus
2725 5109 3169 5164 obumbratione
3195 5107 3460 5180 concepit
3489 5111 3546 5162 et
3573 5106 3814 5177 virgini-

2195 5218 2222 5244 »
2251 5197 2384 5252 tatis
2397 5198 2583 5269 gloria
2607 5201 3009 5269 permanente,
3036 5197 3168 5252 huic
3189 5196 3808 5252 mundolumenaeter—

2193 5306 2221 5333 »
2255 5303 2396 5340 num
2414 5285 2615 5341 effudit
2634 5287 2826 5340 Jesum
2855 5285 3143 5341 Christum
3172 5283 3486 5341 Dominum
3513 5285 3806 5354 nostrum,

2189 5394 2218 5423 ››
2253 5390 2358 5445 per
2387 5391 2632 5446 quem,»
2669 5377 2778 5429 etc.
2809 5373 2995 5438 Quam
3025 5373 3435 5428 Praefationem
3467 5370 3808 5428 universalis

2189 5463 2562 5534 postmodum
2591 5462 2837 5518 Ecclesia
2857 5462 3186 5534 adoptando
3217 5459 3500 5534 probavit,
3532 5462 3590 5514 et
3619 5459 3804 5517 etiam

2189 5570 2341 5607 nunc
2352 5552 2743 5620 retinet,Hanc
2761 5551 3068 5606 nonnullia
3099 5552 3266 5606 beato
3289 5551 3556 5605 Brunone
3577 5548 3804 5606 editam

2187 5641 2360 5698 fuisse
2375 5643 2573 5698 volunt
2599 5659 2613 5711 ;
2641 5645 2699 5697 at
2718 5658 2846 5697 eam
2868 5641 2940 5696 ab
2966 5639 3091 5712 ipso
3106 5639 3337 5696 Urbano
3358 5637 3571 5694 factam
3600 5635 3802 5708 fuisse,
