4066 6032
276 256 383 309 369

1848 254 2028 311 ACTA

3494 260 3597 316 3’70

273 376 491 431 diserte
512 375 687 430 tradit
716 374 1158 446 Pandulphusin
1192 377 1469 447 ejusVita,
1494 395 1609 433 non
1647 379 1881 450 quidem
1902 386 1958 443 Α
1992 381 2251 449 apparet.
2291 376 2665 448 Dispiciamus
2691 375 2866 430 modo
2898 392 2971 429 an
3005 376 3434 447 Praefationem,
3467 398 3597 453 quae

267 464 329 518 in
349 464 816 531 Placentina,sed
837 464 896 517 in
924 464 1434 532 Evvardestallensi,
1470 470 1529 521 ut
1540 468 1666 538 jam
1696 469 1876 539 (num.

266 552 534 606 videlicet
578 553 696 622 168)
739 552 1091 619 monuimus,
1125 554 1364 624 synodo.
1420 556 1587 609 Plura
1643 557 1711 609 de
1773 557 1881 609 hac

269 640 618 713 Praefatione
648 639 825 693 habet
854 642 1054 694 Petrus
1085 642 1256 695 Maria
1283 643 1530 713 Campus
1556 644 1614 697 in
1640 643 1883 698 Historia

266 712 626 793 Placentina,
646 729 746 782 lib.
781 745 855 782 xu
886 728 958 782 ad
979 745 1074 782 an.
1104 732 1260 793 1095,
1294 712 1583 802 quaecum
1614 748 1732 786 non
1747 731 1882 785 satis

266 816 375 871 sibi
406 818 819 883 constent,huc
848 817 1064 871 referre
1098 817 1280 871 visum
1313 836 1431 873 non
1463 823 1567 873 est.
1605 840 1631 868 ››

338 907 463 959 600.
506 906 792 959 Hactenus
822 905 1171 959 Ruinartius.
1201 908 1385 977 Atque
1419 925 1485 961 ex
1524 908 1612 963 his
1643 908 1883 979 quidem

264 993 394 1063 ejus
414 994 600 1047 verbis
622 993 983 1064 intelligitur,
1006 994 1435 1061 Prmfationem,
1456 1013 1583 1067 quae
1612 998 1682 1050 de
1704 997 1881 1051 B.Ma-

265 1081 355 1135 ria
384 1081 616 1152 Virgine
643 1084 746 1149 est,
780 1098 901 1136 non
933 1085 1089 1136 certo
1138 1082 1195 1135 in
1236 1082 1480 1137 concilio
1524 1084 1880 1151 Placentino,

267 1169 371 1224 sed
390 1171 479 1223 vel
511 1170 569 1223 in
592 1170 720 1236 hoc,
772 1170 818 1223 si
847 1170 1028 1225 codici
1064 1171 1424 1243 Remigiano,
1459 1190 1631 1244 quem
1664 1175 1882 1237 laudat,

268 1257 524 1323 ﬁdessit,
567 1259 656 1311 vel
704 1258 762 1311 in
796 1259 1289 1313 Ewardestallensi
1337 1278 1435 1314 seu
1488 1262 1881 1329 Guastellensi,

266 1346 315 1399 si
341 1346 681 1417 Pandulpho
697 1346 1053 1400 credendum
1080 1347 1172 1411 sit,
1190 1348 1401 1402 factam
1431 1350 1621 1404 fuisse.
1648 1351 1881 1417 Verum,

267 1432 383 1487 sive
413 1433 472 1487 in
520 1434 650 1500 hoc,
677 1434 831 1504 quod
858 1434 1237 1489 verosimilius
1268 1453 1418 1503 reor,
1466 1438 1578 1491 sive
1610 1439 1668 1491 in
1720 1438 1816 1493 illo
1852 1455 1882 1493 e

266 1520 420 1575 binis
446 1521 600 1576 hisee
658 1521 912 1576 conciliis
944 1522 1094 1577 facta
1135 1524 1330 1592 fuerit,
1378 1542 1511 1579 vera
1537 1543 1659 1580 esse
1694 1530 1883 1597 potest

266 1626 472 1664 eorum
506 1608 726 1679 opinio,
757 1609 853 1681 qui
888 1614 1150 1665 sanctum
1174 1616 1434 1668 nostrum
1487 1614 1637 1667 illius
1664 1614 1884 1668 faciunt

1984 464 2053 517 de
2087 466 2143 518 Β.
2168 464 2339 520 Maria
2362 464 2591 534 Virgine
2615 467 2718 530 est,
2744 480 2778 517 a
2806 462 3076 533 pontifice
3098 462 3195 518 illo
3215 469 3595 538 compositam
3664 498 3665 501 η

1979 550 2171 622 fuisse,
2206 556 2323 606 tam
2355 552 2563 605 diserte
2592 555 2828 622 tamque
2865 566 3130 621 expresse
3172 554 3358 608 edicat
3386 596 3399 621 ,
3446 560 3510 609 ut
3538 557 3599 611 id

1982 621 2140 693 illum
2162 640 2395 712 proprio
2427 644 2612 693 marte
2634 640 2854 705 fecisse,
2882 639 3105 693 innuat.
3133 640 3317 695 Verba
3338 643 3459 712 ejus
3488 645 3600 698 huc

1981 730 2297 799 spectantia
2324 728 2479 799 apud
2502 726 2957 799 Papebrochium
2988 727 3047 781 in
3086 730 3383 801 Propylzeo
3401 732 3598 787 Maiiin

1985 817 2222 871 Conatu-
2254 816 2818 871 Chronico-historico
2844 816 2915 870 ad
2953 817 3348 872 Romanorum
3368 819 3603 874 Pontiﬁ-

1985 922 2119 959 cum
2143 906 2480 976 Catalogum
2512 906 2571 959 in
2600 906 2831 960 Urbano
2863 906 2929 972 Il,
2965 908 3023 959 et
3048 906 3202 975 apud
3229 907 3599 962 Muratorium

1983 996 2129 1047 tom.
2186 997 2255 1047 Ill
2300 996 2516 1047 Rerum
2567 994 2891 1047 Italicarum
2951 993 3307 1066 Scriptorum
3327 1011 3461 1067 pag.
3496 999 3601 1053 352

1984 1080 2108 1133 haec
2143 1085 2312 1135 sunt:
2340 1105 2367 1130 «
2401 1081 2507 1135 Sex
2537 1081 2781 1135 concilia
2812 1082 3095 1151 (Urbanus
3115 1083 3180 1149 ll,
3222 1084 3390 1154 papa)
3450 1085 3596 1138 cele-

1984 1169 2187 1235 bravit,
2212 1187 2391 1223 unum
2444 1169 2597 1240 apud
2652 1169 3104 1236 Clarimontem;
3156 1171 3401 1225 alterum
3446 1173 3600 1242 apud

1984 1256 2439 1310 Guarlestallum
2465 1257 2977 1327 Longobardias,in
3010 1273 3123 1328 quo
3149 1257 3284 1311 fecit
3310 1259 3601 1314 Praefatio-

1984 1361 2119 1397 nem
2148 1346 2216 1399 de
2244 1345 2645 1399 festivitatibus
2663 1348 2721 1399 Β.
2756 1346 2943 1400 Maria;
2973 1346 3254 1417 Virginis;
3286 1346 3438 1401 aliud
3460 1364 3594 1402 vero

1986 1434 2141 1503 apud
2169 1434 2435 1501 Melﬁam,
2461 1438 2518 1488 et
2543 1436 2790 1488 alterum
2806 1436 3003 1489 Romze
3020 1435 3077 1489 in
3106 1434 3341 1489 ecclesia
3356 1436 3595 1489 B.Petri.

1983 1522 2151 1574 Aliud
2185 1524 2336 1592 apud
2356 1524 2586 1594 Trojam
2612 1525 2668 1577 in
2698 1524 2923 1594 Apulia,
2951 1526 3267 1578 etalterum
3304 1524 3456 1595 apud
3474 1526 3599 1579 Pla-

1984 1611 2257 1678 centiam,
2294 1634 2320 1660 ››
2342 1614 2624 1666 Hactenus
2656 1614 3044 1683 Pandulphus.
3077 1613 3263 1683 Atque
3299 1613 3451 1666 hisce
3475 1613 3600 1684 qui-

265 1700 737 1764 auctorem,cum
754 1698 896 1752 nihil
912 1699 1153 1754 omnino
1183 1701 1389 1767 'obstet,
1425 1718 1537 1773 quo
1572 1702 1767 1755 minus
1793 1703 1882 1757 hic
1909 1698 1961 1757 B
1984 1698 2117 1753 dem
2150 1700 2355 1768 verbis,
2375 1700 2546 1755 fuisse
2566 1701 2635 1755 ab
2675 1701 2904 1755 Urbano
2927 1703 2973 1754 ll
3000 1716 3149 1773 papa
3169 1700 3598 1770 Prasfationem,

266 1789 389 1839 tam
403 1786 972 1857 Guastellensi,quod
1004 1804 1071 1841 ex
1088 1787 1251 1842 dictis
1284 1807 1438 1844 anno
1472 1793 1609 1843 1094
1642 1794 1882 1845 exeunte

264 1874 623 1929 celebratum
666 1875 795 1941 fuit,
826 1892 1001 1946 quam
1036 1877 1389 1943 Placentino,
1426 1878 1582 1948 quod
1628 1880 1880 1933 Guastel-

265 1962 433 2029 lensi,
463 1963 619 2017 haud
674 1964 857 2018 multo
887 1963 995 2017 fuit
1023 1965 1324 2036 posterius,
1358 1954 1682 2020 interfuisse
1728 1966 1882 2021 credi

266 2051 549 2121 queat.At
576 2067 734 2118 vero,
759 2067 892 2105 cum
918 2052 1113 2119 verba,
1146 2069 1177 2106 e
1221 2053 1417 2107 codice
1477 2053 1814 2125 Remigiano
1849 2073 1883 2109 a

266 2138 565 2193 Ruinartio
593 2138 860 2205 adducta,
898 2140 1041 2194 nihil
1072 2141 1311 2195 omnino
1355 2146 1690 2212 suggerant,
1725 2142 1880 2213 quod

268 2225 894 2282 dictamPrazfationem
912 2229 984 2282 ab
1000 2228 1483 2300 ipsometUrhano
1499 2231 1880 2301 compositam

264 2314 441 2369 fuisse
464 2315 1091 2386 suadeat,potissimum
1138 2317 1229 2371 hic
1256 2319 1377 2388 jam
1438 2318 1875 2389 dispiciendum,

262 2402 456 2475 primo
488 2403 743 2475 quidem,
779 2421 851 2459 an
874 2405 1222 2478 Pandulpus,
1252 2408 1349 2478 qui
1383 2424 1511 2461 eam
1545 2407 1616 2461 ab
1647 2409 1877 2461 Urbano

262 2493 478 2547 factam
525 2498 830 2560 asseverat,
882 2494 1059 2549 ﬁdem
1104 2496 1489 2551 indubitatam
1553 2501 1873 2566 mereatur;

264 2582 476 2636 deinde
506 2598 664 2649 vero,
694 2600 768 2637 an
787 2583 885 2637 illa
908 2584 1029 2654 ejus
1052 2585 1288 2640 assertio
1319 2589 1439 2640 tam
1462 2587 1616 2641 clara
1643 2590 1876 2657 tamque

258 2669 533 2725 distincta
557 2670 650 2738 sit,
683 2675 746 2725 ut
775 2673 998 2725 nullum
1033 2674 1277 2744 supersit
1304 2675 1562 2741 dubium,
1618 2675 1757 2747 quin
1786 2691 1873 2741 ea,

260 2759 670 2814 Prmfationem
696 2759 856 2814 illam
872 2761 1196 2832 abipsomet
1226 2763 1456 2817 Urbano
1472 2765 1876 2818 concinnatam

259 2846 455 2915 fuisse,
497 2847 885 2919 significatum
926 2850 1272 2905 voluerit.Ac
1300 2853 1706 2923 Pandulphum
1748 2851 1873 2923 qui-

261 2935 399 2990 dem
417 2935 663 3007 dignum
694 2952 837 3002 esse,
871 2937 959 2990 cui
980 2929 1136 2992 'ﬁdes
1166 2938 1489 2993 indubitata
1510 2940 1872 3006 adhibeatur,

260 3022 649 3077 dubitandum
676 3041 795 3079 non
816 3024 1060 3080 videtur.
1092 3027 1204 3080 Etsi
1235 3027 1391 3080 enim
1422 3044 1576 3093 eum,
1597 3031 1798 3103 contra
1811 3045 1876 3082 ac

263 3112 532 3167 nonnulli
561 3116 820 3180 censent,
868 3130 901 3167 a
946 3114 1284 3186 Pandulpho
1315 3116 1514 3182 Masca,
1549 3110 1724 3187 quem
1776 3117 1877 3171 Lu-

260 3198 382 3254 cius
411 3201 476 3267 II,
501 3200 575 3255 ad
599 3202 998 3273 pontificatum
1012 3219 1166 3257 anno
1200 3205 1325 3257 1181
1348 3208 1573 3259 evectus
1595 3223 1875 3278 purpura-

256 3290 453 3342 torum
485 3291 723 3344 Patrum
769 3291 992 3344 senatui
1038 3290 1355 3363 adscripsit,
1414 3293 1699 3347 diversum
1731 3311 1873 3362 esse,

255 3368 596 3424 Muratorius
618 3373 761 3425 tom.
790 3371 860 3423 III
908 3372 1124 3425 Rerum
1153 3372 1478 3426 Italicarum
1532 3373 1876 3445 scriptorum

254 3460 505 3527 pag.274
531 3474 693 3513 verso
710 3474 841 3512 cum
865 3460 1040 3530 Pagio
1089 3463 1242 3514 recte
1277 3461 1501 3528 doceat,
1536 3463 1766 3517 Urbano
1798 3466 1879 3517 ta-

256 3559 398 3599 men
420 3546 672 3600 secundo
689 3547 945 3618 pontifici
963 3547 1072 3601 fuit
1093 3549 1326 3619 tequalis
1356 3554 1453 3604 aut
1473 3554 1626 3605 certe
1642 3567 1875 3623 suppar,

256 3634 341 3689 uti
362 3633 543 3706 liquet
563 3651 629 3688 ex
661 3635 728 3689 iis
739 3652 865 3707 qua:
885 3635 954 3689 de
969 3636 1175 3690 eodem
1188 3637 1462 3709 scriptore
1481 3639 1606 3693 loco
1619 3639 1875 3693 cit.idem

253 3722 598 3778 Muratorius
617 3722 964 3790 docet,bunc
994 3725 1251 3780 scribens
1282 3725 1339 3780 in
1363 3727 1603 3781 modum
1620 3744 1669 3782 :«
1690 3728 1877 3792 Quan-

257 3810 575 3883 doquidem
624 3812 1021 3867 Ambrosianus
1091 3813 1453 3870 bibliotheca:
1530 3816 1874 3871 ditissimum

254 3899 721 3971 promptuarium
743 3902 1132 3971 quorumdam
1145 3920 1505 3959 summorum
1531 3905 1872 3977 pontiﬁcum

255 3987 409 4043 Vitas
433 4004 468 4042 a
491 3988 829 4059 Pandulpho
870 3991 1076 4046 Pisano
1109 3993 1459 4063 conscriptas
1487 3995 1736 4063 exhibet,
1770 3995 1874 4048 has

256 4073 437 4127 etiam
468 4074 791 4129 collectioni
841 4077 1110 4146 praesenti
1142 4077 1396 4135 inserere
1448 4080 1582 4136 socii
1634 4080 1872 4152 palatini

257 4165 432 4234 atque
459 4178 568 4233 ego
599 4162 966 4219 utilissimum
997 4167 1339 4236 putavimus.

1984 1786 2056 1839 de
2088 1804 2199 1857 qua
2224 1787 2335 1854 hic,
2364 1790 2599 1858 proprio
2630 1791 2816 1840 marte
2839 1787 3241 1856 compositam,
3271 1788 3480 1843 diserte
3511 1807 3600 1842 as-

1984 1890 2180 1928 serere
2194 1875 2338 1929 visus
2369 1880 2454 1929 est
2484 1876 2804 1941 Huinartio,
2838 1875 3126 1946 fuisseque
3148 1893 3286 1930 sane
3308 1893 3439 1931 eam
3464 1894 3598 1948 pro-

1980 1962 2107 2029 prio
2138 1966 2322 2017 marte
2354 1964 2426 2017 ab
2446 1964 2676 2018 Urbano
2710 1964 3237 2034 compositam,erit
3267 1964 3598 2031 dicendum,

1982 2049 2028 2102 si
2059 2066 2149 2104 res
2181 2067 2249 2105 eo
2273 2052 2471 2118 modo,
2490 2070 2603 2123 quo
2634 2069 2763 2106 eam
2788 2052 2900 2122 (adi
2927 2053 3205 2107 Ruinartii
3233 2054 3408 2108 verba
3433 2071 3595 2108 num.

1983 2140 2085 2191 599
2129 2139 2388 2210 recitata)
2421 2140 2728 2211 contigisse
2781 2140 2998 2206 ferunt,
3032 2140 3222 2211 reipsa
3267 2141 3577 2212 contigerit

1980 2227 2213 2294 Verum,
2243 2231 2305 2282 ut
2335 2230 2407 2282 ad
2434 2230 2513 2295 id,
2547 2230 2703 2301 quod
2728 2229 3030 2300 posteriori
3062 2231 3187 2284 loco
3220 2228 3311 2283 hic
3342 2230 3596 2301 ponitur,

1980 2315 2170 2386 primo
2195 2318 2606 2388 respondeam,
2633 2322 3023 2389 praeterquam
3054 2318 3210 2389 quod
3241 2318 3374 2385 ii,ac
3389 2318 3447 2372 in
3478 2319 3597 2390 pri-

1979 2402 2293 2458 misPetrus
2310 2406 2483 2460 Maria
2496 2406 2763 2476 Campus,
2782 2422 2815 2458 a
2828 2405 3126 2460 Ruinartio
3140 2406 3460 2472 laudatus,a
3472 2407 3597 2477 qui-

1955 2490 2089 2553 .bus
2118 2508 2209 2545 res
2240 2493 2319 2547 ita
2344 2497 2506 2563 gesta
2533 2497 2823 2560 narratur,
2860 2493 3212 2547 recentiores
3235 2510 3439 2548 omnes
3458 2495 3592 2561 sint,

1979 2578 2269 2650 fidemque
2327 2581 2575 2652 proinde
2612 2581 2998 2635 indubitatam
3031 2581 3221 2636 facere
3251 2582 3407 2635 haud
3450 2582 3593 2650 nati,

1979 2667 2282 2721 Placentiae
2308 2668 2465 2722 illam
2508 2668 2622 2740 (adi
2654 2669 2863 2722 iterum
2893 2669 3171 2723 Ruinartii
3201 2670 3375 2723 verba
3430 2686 3593 2724 num.

1978 2757 2100 2819 599,
2155 2756 2394 2827 locoque
2450 2757 2603 2810 hisce
2657 2757 2827 2811 citato
2872 2757 3108 2810 Mariam
3151 2756 3456 2828 Campum)
3516 2757 3599 2812 ita

1976 2846 2200 2911 gestam
2226 2847 2504 2911 statuunt,
2534 2848 2597 2898 ut
2626 2861 2699 2898 ne
2732 2844 2966 2914 quidem
2994 2844 3128 2898 alibi
3170 2843 3401 2899 initium
3434 2861 3594 2898 acce-

1975 2929 2123 2999 pisse
2156 2932 2430 3002 potuerit,
2458 2933 2649 3003 sicque
2693 2948 2823 2986 cum
2855 2932 3216 3001 Pandulpho,
3268 2935 3465 3003 utpote
3498 2932 3597 3003 qui

1977 3034 2104 3073 eam
2113 3020 2245 3075 dem
2267 3023 2564 3076 Guastallaa
2581 3038 2679 3075 seu
2693 3021 3067 3075 Guardestalli
3085 3019 3591 3089 accidisse,tradat,

1978 3110 2280 3178 tantopere
2310 3114 2593 3182 pugnant,
2629 3114 2691 3163 ut
2717 3126 2791 3164 ne
2830 3109 3065 3181 quidem
3087 3110 3285 3175 modo,
3314 3126 3420 3180 per
3447 3110 3592 3165 Mor-

1978 3196 2243 3251 kensium
2273 3215 2446 3269 supra
2495 3198 2806 3270 assignato,
2857 3198 2916 3252 in
2959 3198 3325 3253 concordiam
3374 3197 3594 3268 possint

1978 3286 2206 3341 adducL

2048 3377 2175 3434 602.
2208 3377 2373 3440 Quod
2401 3394 2552 3431 nunc
2572 3377 2825 3449 pertinet
2854 3376 2926 3430 ad
2956 3392 3088 3431 mox
3109 3377 3220 3431 huc
3247 3375 3593 3447 transcripta

1977 3469 2172 3535 verba,
2205 3466 2430 3538 quibus,
2464 3466 2871 3520 Praefationem
2904 3465 2975 3519 de
3024 3466 3195 3519 beata
3220 3464 3292 3519 ab
3346 3464 3594 3535 ipsemet

1983 3557 2210 3611 Urbano
2241 3554 2624 3626 compositam
2652 3554 2843 3619 fuisse,
2864 3553 3074 3607 diserte
3088 3554 3317 3608 tradere
3341 3552 3589 3607 Pandul-

1976 3645 2123 3715 phus
2154 3642 2452 3696 Ruinartio
2477 3645 2563 3696 est
2586 3642 2755 3708 visus,
2780 3657 2912 3695 cum
2950 3657 3070 3695 non
3099 3658 3231 3696 raro
3260 3642 3381 3707 ﬁat,
3414 3644 3477 3694 ut
3506 3657 3593 3695 re-

1976 3750 2097 3804 ges,
2127 3733 2528 3802 imperatores,
2572 3730 2876 3800 pontiﬁces
2918 3730 3160 3800 aliaeque
3209 3729 3268 3783 in
3305 3730 3589 3799 potestate

1975 3820 2299 3874 constitutae
2326 3834 2589 3889 personae
2620 3816 2820 3870 fecisse
2852 3816 3304 3870 dicanturetiam
3339 3833 3427 3883 ea,
3460 3832 3587 3887 qua:

1975 3925 2093 3963 non
2118 3907 2354 3979 proprio
2382 3905 2637 3977 ipsarum
2691 3908 2904 3971 marte,
2965 3904 3064 3958 sed
3113 3905 3272 3974 jussu
3313 3904 3591 3958 duntaxat

1974 3998 2125 4053 facta
2144 3994 2297 4063 sunt,
2326 3993 2518 4048 nescio
2553 4011 2627 4047 an
2657 3994 2916 4047 futurum
2958 3992 3049 4059 sit,
3102 3996 3165 4045 ut
3219 3992 3459 4064 quisque
3512 3992 3586 4046 ob

1975 4087 2126 4141 dicta
2158 4082 2478 4154 Pandulphi
2507 4083 2680 4136 verba
2714 4082 2945 4136 Urbano
2990 4097 3154 4153 papa:
3180 4080 3587 4135 Praefationem

1973 4175 2133 4229 illam
2164 4177 2447 4244 tanquam
2490 4172 2723 4242 proprio
2755 4173 2939 4224 marte
2966 4170 3068 4224 abs
3089 4186 3157 4224 eo
3185 4169 3585 4241 compositam,

332 4252 456 4305 601.
481 4251 819 4323 «Incipiunt
842 4256 1036 4308 autem
1060 4271 1093 4308 a
1109 4255 1382 4326 Gregorio
1402 4256 1493 4310 VII
1520 4260 1577 4310 et
1606 4256 1874 4311 desinunt
1895 4267 1949 4327 1)
1972 4263 2368 4318 indubitanter
2394 4260 2700 4315 adscribat.
2737 4259 2901 4323 Quod
2938 4259 3011 4313 ad
3043 4276 3136 4313 me
3160 4258 3431 4330 pertinet,
3455 4273 3586 4312 cum

256 4337 322 4392 in
340 4338 728 4393 Alexandrum
758 4340 827 4393 III
855 4344 1026 4412 atque
1057 4358 1091 4396 a
1132 4344 1406 4415 scriptore
1436 4343 1873 4415 proﬁciscuntur

258 4427 358 4498 qui
378 4426 583 4482 iisdem
614 4429 975 4499 temporibus
987 4430 1045 4484 in
1069 4431 1207 4485 vivis
1222 4435 1347 4485 erat
1373 4434 1544 4503 atque
1561 4449 1630 4487 ea
1650 4434 1871 4504 scriptis

256 4516 600 4571 mandabat.
630 4517 896 4589 Jamque,
919 4519 1154 4574 testibus
1171 4520 1389 4589 Felino,
1407 4521 1702 4593 Onuphrio
1722 4524 1868 4577 Pan-

254 4603 415 4658 vino.
450 4604 731 4660 Ludovico
780 4622 815 4661 a
844 4609 1042 4662 sancto
1081 4607 1284 4664 Carolo
1318 4608 1578 4681 aliisque,
1634 4627 1871 4666 novera-

256 4692 619 4747 musPandul
623 4693 805 4763 phum
827 4694 1082 4765 ejumodi
1100 4696 1253 4750 Vitas
1265 4698 1659 4752 elucubratum
1676 4698 1867 4768 fuisse;

256 4783 317 4835 et
345 4796 413 4835 ex
471 4780 540 4834 iis
567 4782 745 4836 etiam
799 4784 983 4838 multa
1012 4783 1071 4838 in
1117 4802 1248 4839 suos
1295 4787 1545 4841 Annales
1588 4787 1874 4843 derivaret

256 4886 523 4925 summus
550 4869 944 4926 ecclesiasticae
960 4872 1211 4927 historiae
1235 4874 1551 4930 illustrator
1574 4875 1868 4931 Baronius.

257 4959 384 5013 Imo
419 4958 828 5013 Constantinus
869 4960 1171 5014 Caietanus
1199 4978 1353 5016 anno
1396 4965 1531 5018 1638
1568 4963 1718 5036 typis
1762 4965 1873 5019 Ro-

259 5046 452 5101 manis
470 5047 729 5115 tradidit,
772 5064 838 5102 ac
892 5050 1046 5104 notis
1097 5050 1399 5105 illustravit
1437 5052 1638 5106 Gelasii
1687 5054 1732 5105 ΙΙ
1790 5053 1877 5107 Vi-

261 5140 406 5203 tam,
439 5136 513 5190 ab
543 5136 749 5191 eodem
780 5137 1120 5210 Pandulpho
1145 5140 1633 5213 conscriptam,ex
1649 5158 1764 5212 qua
1788 5140 1877 5196 in-

258 5225 583 5297 telligimus
594 5226 936 5299 scriptorem
953 5227 1106 5283 hunc
1131 5245 1285 5284 anno
1304 5233 1323 5284 1
1342 5232 1461 5297 118,
1488 5230 1878 5285 ecclesiastica

262 5314 487 5371 militiae
520 5316 956 5389 adscriptum,in
975 5319 1237 5374 Romana
1264 5320 1423 5374 curia
1440 5320 1696 5375 vixisse.»
1730 5320 1879 5384 Quin

262 5405 462 5478 itaque
494 5406 866 5480 Pandulphus
894 5408 1073 5464 ﬁdem
1118 5414 1410 5465 mereatur
1440 5411 1499 5465 in
1533 5410 1601 5465 iis
1630 5428 1756 5483 quae
1810 5410 1880 5465 de

236 5496 502 5569 ,Urbano
534 5498 580 5552 II
605 5512 758 5569 papa
786 5499 1086 5557 memorias
1118 5498 1330 5571 prodii,
1360 5499 1742 5559 dubitandum
1762 5520 1878 5560 non

1972 4370 2064 4407 res
2092 4353 2172 4407 ita
2198 4351 2428 4416 habeat,
2474 4349 2736 4420 nihilque
2760 4366 2827 4402 ex
2850 4347 3013 4402 dictis
3040 4349 3245 4415 obstet,
3279 4347 3589 4419 quominus

1973 4445 2201 4496 sanctus
2227 4442 2443 4503 noster,
2493 4441 2555 4491 ut
2591 4437 2949 4503 Placentino,
3002 4436 3083 4491 ita
3121 4437 3296 4490 etiam
3341 4437 3591 4490 Guastel-

1920 4562 1924 4567 λ
1971 4529 2114 4585 lensi
2173 4528 2457 4589 concilio,
2514 4526 2675 4596 cujus
2720 4529 2984 4595 tempore
3060 4525 3466 4579 Praefationem
3517 4525 3589 4580 de

1970 4620 2140 4674 beata
2169 4616 2577 4672 concinnatam
2592 4614 2785 4683 fuisse,
2800 4614 3040 4669 recitata
3065 4613 3386 4685 Pandulphi
3402 4617 3591 4668 aucto-

1971 4707 2161 4773 ritate,
2212 4709 2495 4777 quantum
2555 4720 2710 4773 reor,
2768 4703 2948 4758 codici
2999 4702 3268 4756 Remensi
3312 4718 3417 4773 per
3462 4703 3591 4757 Rui-

1971 4795 2228 4851 nartium
2275 4808 2447 4864 supra
2482 4792 2717 4848 laudato
2762 4790 3131 4863 praeferendi,
3160 4790 3335 4845 verba
3375 4790 3589 4844 verosi-

1975 4883 2286 4938 millimum
2317 4883 2522 4936 saltem
2546 4881 2787 4949 faciunt,
2811 4879 3136 4934 interfuisse
3167 4878 3592 4945 credatur,eam

1976 4988 2083 5043 ego
2116 4970 2370 5025 Brunoni
2405 4969 2801 5024 indubitanter
2826 4966 3158 5038 abjudicare
3212 4981 3329 5019 non
3384 4964 3591 5032 ausim,

1977 5061 2109 5115 licet
2137 5059 2397 5125 interim,
2431 5075 2505 5113 an
2537 5058 2657 5127 ejus
2678 5072 2820 5128 opus
2843 5072 2975 5109 vere
2988 5054 3081 5121 sit,
3101 5054 3476 5107 vehementer
3496 5052 3598 5106 du-

1979 5149 2180 5215 bitem,
2200 5149 2324 5200 tum
2340 5148 2413 5201 ob
2427 5148 2551 5217 jam
2568 5161 2743 5216 supra
2758 5144 2932 5209 dicta,
2949 5146 3070 5196 tum
3090 5142 3243 5214 quod
3257 5140 3596 5211 Opinionem

1979 5253 2106 5308 quae
2126 5235 2396 5291 eamdem
2410 5235 2642 5290 Urbano
2658 5249 2844 5305 papae,
2861 5236 3140 5302 tanquam
3159 5228 3457 5302 proprium
3478 5227 3600 5295 ejus

1981 5341 2144 5398 Opus,
2176 5323 2607 5379 attribuendam
2654 5320 2871 5386 statuit,
2921 5320 3092 5390 longe
3121 5316 3601 5372 verosimiliorem

1984 5413 2199 5468 idcirco
2231 5409 2719 5479 autumem,quod
2735 5408 2787 5463 ei
2804 5408 3043 5463 recitata
3073 5400 3604 5475 Pandulphiverba,

1986 5500 2056 5557 in
2084 5517 2254 5557 sensu
2268 5502 2455 5574 magis
2482 5497 2735 5555 naturali
2758 5501 2814 5555 et
2837 5497 3003 5555 obvio
3022 5496 3273 5568 accepta,
3295 5490 3612 5557 suffragan-
