4014 6052
448 257 547 318 371

1303 264 1360 320 S.
1392 264 1736 326 BRUNONIS
1777 263 2410 331 CARTHUSIANORUM
2446 272 2912 331 INSTITUTORIS

3662 287 3769 344 372

446 385 840 468 tur.Accedit,
869 386 1280 446 Prmfationem
1313 391 1471 448 illam
1515 395 1627 466 (adi
1660 396 1917 452 Historiae
1965 397 2054 452 lit-
2079 403 2134 460 Α
2160 416 2361 454 eorum
2395 400 2609 467 civitas,
2673 402 3065 457 obedientiam
3097 405 3458 475 accederent,
3491 408 3764 480 effecisse,

454 476 683 532 terarim
718 466 970 531 Francim
1000 477 1316 549 Scriptores
1361 485 1500 538 tom.
1533 486 1670 553 VIII,
1702 502 1833 558 pag.
1870 490 1971 541 533
2002 491 2058 541 et

454 565 584 634 553)
612 565 870 620 fortassis
890 569 948 620 et
987 567 1216 622 Urbano
1251 573 1307 622 et
1338 571 1601 627 Brunone
1632 591 1752 628 esse
1779 576 2058 646 antiquio-

450 669 599 708 rem.
626 653 738 708 Sed
760 655 883 708 hsec
919 659 1039 709 tam
1071 656 1140 710 de
1172 657 1393 713 decima
1423 677 1453 714 e
1504 663 1940 718 Praefationibus
1995 665 2052 717 in

448 740 614 795 Missa
645 741 874 796 recitari
896 743 1093 810 solitis,
1127 763 1254 816 quae
1277 763 1311 799 a
1340 751 1632 803 nonnullis
1672 756 1866 805 sancto
1900 751 2057 806 attri—

449 828 663 897 buitur,
699 848 874 902 quam
906 831 976 886 de
1013 833 1133 903 ejus
1177 834 1235 887 in
1287 837 1540 891 conciliis
1569 839 1940 894 Guastellensi
1999 844 2057 894 et

448 920 783 975 Placentino
814 922 1122 991 praesentia
1134 922 1462 980 disseruisse
1483 927 1765 982 suifﬁciat.
1787 929 2055 1000 Dispiciav

446 1023 578 1063 mus
598 1009 792 1077 mode,
826 1027 938 1081 quo
971 1012 1183 1078 BrUno,
1218 1013 1380 1068 ﬁnito
1422 1016 1754 1072 Placentino
1787 1018 2050 1084 concilio,

447 1096 539 1151 cui
570 1113 637 1151 ex
657 1097 784 1167 jam
815 1097 976 1152 dictis
991 1099 1184 1154 forsan
1206 1100 1553 1170 interfuerit,
1584 1123 1704 1160 sese
1726 1107 2048 1173 contulerit,

447 1189 694 1239 curtunc
711 1189 913 1242 saltem
934 1188 1573 1262 CarthusiamMajorem
1595 1212 1708 1249 non
1738 1195 2048 1266 repetierit,

448 1275 507 1327 et
537 1290 663 1345 quae
684 1277 806 1328 tum
834 1276 1086 1346 primum
1119 1279 1320 1349 egerit,
1353 1297 1452 1335 seu
1483 1283 1671 1353 potius
1717 1284 1896 1356 egisse
1937 1289 2050 1338 tra-

443 1361 630 1416 datur.

517 1454 640 1506 603.
675 1451 880 1506 Statim
914 1457 1174 1509 sanctum
1211 1457 1579 1514 Turritanum
1612 1461 1885 1517 Calabrize
1935 1481 2054 1518 ere-

444 1557 610 1595 mum
633 1558 666 1595 a
682 1543 1015 1598 Placentino
1030 1545 1269 1601 concilio
1292 1564 1412 1602 esse
1428 1553 2053 1622 reversum,scriptores

441 1644 672 1700 prorsus
704 1646 926 1696 omnes,
951 1633 1046 1702 qui
1063 1633 1193 1688 huic
1215 1635 1711 1692 illuminterfuisse
1727 1641 2048 1707 adstruunt,

439 1717 701 1771 unanimi
735 1727 1013 1774 consensu
1045 1721 1362 1780 affirmant.
1391 1726 1601 1780 Verum
1625 1729 1870 1782 multum
1892 1731 2053 1783 abest
2077 1727 2126 1784 B

440 1808 505 1858 ut
533 1822 630 1860 cos
659 1806 810 1861 inter
837 1813 1119 1879 quantum
1167 1812 1240 1866 ad
1266 1814 1575 1881 rationem,
1605 1817 1678 1869 ob
1708 1835 1883 1888 quam
1915 1822 2050 1873 tunc

440 1896 671 1947 sanctus
687 1894 1010 1950 Calabriam
1041 1899 1401 1968 petierit,nec
1443 1903 1514 1957 ad
1546 1903 1904 1958 Carthusiam
1936 1908 2046 1960 Ma-

431 1979 628 2050 jorem
680 1983 935 2051 redierit,
977 1990 1095 2040 tam
1126 1991 1280 2042 recte
1339 1991 1657 2046 conveniat.
1702 1994 1810 2047 Alii
1869 1995 2044 2061 enim,

441 2068 666 2140 hosque
694 2071 844 2126 inter
893 2075 1198 2142 Puteanus,
1233 2079 1680 2148 Blomenvenna,
1715 2086 1771 2135 et
1827 2082 2040 2149 Surius,

434 2161 699 2212 sanctum
725 2159 782 2213 id
805 2160 1001 2215 fecisse
1035 2166 1254 2230 volunt,
1279 2167 1454 2236 quod,
1487 2185 1614 2222 cum
1633 2170 1886 2240 pontifex
1911 2175 2045 2224 tunc

429 2243 494 2299 in
526 2245 766 2313 Caliam,
798 2246 857 2300 in
879 2250 1014 2320 quia
1046 2251 1152 2305 sita
1178 2257 1262 2306 est
1315 2255 1491 2325 Major
1523 2257 1836 2323 Carthusia,
1867 2259 2041 2330 profi-

433 2332 762 2401 cisceretur,
794 2339 1101 2405 metueret,
1141 2361 1167 2388 ‹‹
1200 2340 1244 2393 si
1278 2339 1398 2411 ipse
1430 2359 1658 2414 quoque
1692 2346 1886 2416 (verba
1913 2350 2046 2400 sunt

433 2420 601 2494 Surii)
624 2433 690 2477 eo
703 2440 762 2477 se
784 2425 1093 2493 conferret,
1123 2444 1195 2481 ne
1228 2432 1326 2482 aut
1357 2432 1574 2486 curiam
1603 2433 1889 2489 declinare
1923 2454 2039 2490 non

431 2515 641 2580 posset,
675 2515 771 2565 aut
795 2511 953 2565 illam
992 2530 1109 2568 non
1157 2517 1472 2588 reliquisse,
1507 2521 1605 2575 sed
1638 2523 1796 2592 sequi
1825 2523 2040 2578 videre-

431 2592 560 2664 tur;
595 2618 622 2646 ››
653 2597 745 2652 alii
767 2603 969 2654 contra
999 2601 1156 2668 alias,
1183 2620 1323 2674 quas
1339 2606 1429 2659 hic
1464 2623 1666 2662 omnes
1687 2626 2038 2666 commemo-

387 2679 391 2684 ⁷
432 2699 562 2739 rare
595 2701 821 2741 necesse
853 2705 972 2742 non
994 2694 1096 2756 est,
1125 2691 1207 2745 rei
1241 2691 1390 2746 illius
1411 2711 1606 2765 causas
1632 2699 1904 2769 allegant.
1939 2701 2038 2754 Ve-

423 2789 579 2840 rum,
612 2773 716 2828 etsi
743 2774 825 2830 ita
854 2776 944 2842 sit,
1004 2795 1130 2845 nec,
1177 2782 1674 2850 quemadmodum
1706 2804 1878 2857 supra
1911 2789 2036 2858 jam

431 2857 620 2927 docui,
642 2861 886 2933 allegata
909 2881 941 2918 a
970 2865 1302 2939 biographis
1336 2871 1543 2925 nostris
1569 2889 1738 2929 causa
1763 2857 2032 2944 effecerit,

430 2947 494 3000 ut
517 2951 744 3003 sanctus
774 2967 926 3006 anno
960 2956 1094 3008 l090
1119 2955 1190 3009 ad
1223 2956 1581 3015 Carthusiam
1632 2979 1749 3017 non
1782 2967 2032 3032 redierit,

423 3045 686 3105 pugnare
730 3037 884 3094 inter
928 3057 988 3095 se
1022 3040 1232 3097 idcirco
1278 3045 1504 3102 dicendi
1536 3065 1654 3103 non
1704 3057 1854 3118 sunt,
1907 3070 2037 3108 cum

426 3121 645 3178 factum
668 3142 788 3181 esse
811 3132 1002 3198 queat,
1033 3133 1096 3184 ut
1115 3130 1365 3187 diversas
1379 3135 1670 3206 obpcausas
1702 3140 1774 3194 ad
1800 3141 2036 3196 Carthu-

425 3210 574 3266 siam
606 3213 881 3284 Majorem
911 3217 1100 3272 redire
1151 3221 1418 3276 noluerit.
1477 3225 1556 3277 Ac
1591 3227 1732 3280 mihi
1782 3230 2034 3299 quidem,

427 3299 714 3370 quidquid
741 3304 974 3358 tandem
998 3305 1068 3359 de
1093 3307 1404 3378 causis,per
1427 3312 1568 3365 alios
1625 3316 1901 3386 allegatis,
1944 3319 2034 3383 sit,

426 3385 639 3442 idcirco
671 3389 1032 3458 potissimum
1053 3393 1413 3450 Carthusiam
1427 3399 1701 3468 Majorem
1730 3385 1847 3459 non
1877 3423 2037 3478 repe-

425 3473 600 3541 tiisse,
629 3476 729 3530 sed
747 3479 821 3532 ad
837 3478 1200 3536 Turritanam
1222 3483 1497 3540 Calabriae
1525 3506 1787 3546 eremum
1801 3494 2034 3548 rediisse

427 3561 618 3618 Bruno
634 3565 1007 3633 videtur,tum
1025 3571 1180 3640 quod
1205 3573 1350 3626 hanc
1372 3591 1508 3630 cura
1531 3594 1633 3631 sua
1663 3597 2032 3654 summopere

427 3651 612 3706 adhuc
643 3652 902 3725 indigere
917 3663 1126 3725 nosset,
1152 3663 1274 3714 tum
1289 3663 1443 3733 quod
1459 3663 1731 3722 Calabriae
1754 3671 1812 3722 et
1831 3651 2032 3724 Sicilia;

423 3753 619 3795 comes
649 3742 942 3813 Rogerius,
969 3751 1230 3802 sanctum
1276 3751 1494 3818 Virum,
1525 3771 1719 3825 quem,
1772 3760 2031 3813 nondum

422 3827 544 3883 fere
574 3830 891 3902 cognitum,
921 3836 1074 3905 quod
1091 3839 1458 3895 sanctissimis
1480 3843 1600 3913 ejus
1612 3847 1874 3915 precibus
1885 3866 2030 3919 prae-

425 3915 633 3972 sidium
663 3920 768 3974 sibi
799 3922 1224 3997 ditionibusque
1255 3927 1368 3983 suis
1412 3947 1447 3984 a
1477 3932 1722 3987 Domino
1775 3941 2033 4005 speraret

425 4003 779 4072 adfuturum,
825 4010 1189 4067 obnixissime
1220 4032 1287 4068 ex
1319 4017 1501 4083 dictis,
1551 4024 1612 4073 ut
1637 4003 1819 4092 quem
1839 4026 2027 4094 vellet,

422 4091 615 4147 locum
640 4094 698 4148 in
725 4095 943 4152 ditione
963 4117 1065 4154 sua
1081 4100 1186 4156 sibi
1211 4103 1516 4176 diligeret,j
1526 4124 1619 4162 am
1637 4091 1769 4164 inde
1785 4112 1857 4165 ab
1873 4130 2026 4169 anno

428 4181 564 4236 1090
593 4187 715 4237 erat
729 4190 1327 4261 precatus,quemque,
1335 4193 1462 4262 jam
1493 4197 1673 4265 probe
1702 4199 1806 4253 sibi
1838 4203 2030 4272 cogni-

2160 489 2456 543 Zanottius
2483 489 2540 542 in
2567 489 2621 543 S.
2658 490 2942 544 Brunonis
2989 490 3236 547 Historia
3263 512 3363 549 seu
3393 496 3518 550 Vita
3546 515 3671 570 cap.
3699 505 3763 555 25

2160 577 2459 631 memoria:
2485 576 2700 648 prodit,
2734 578 2914 632 citans
2945 579 3120 634 etiam
3171 598 3275 652 pro
3311 583 3417 638 hac
3448 602 3548 640 sua
3570 604 3766 643 narra-

2156 664 2312 718 tione
2336 665 2523 719 Vitam
2555 665 2610 718 S.
2648 666 2928 721 Brunonis
2959 685 3090 736 ms.,
3124 670 3282 740 cujus
3314 676 3512 728 auctor
3542 675 3614 728 sit
3636 677 3763 730 Ful-

2155 753 2382 823 gentius
2424 753 2828 823 Ceccaronius;
2862 772 3082 823 verum,
3133 775 3264 812 cum
3312 760 3484 816 fuisse
3536 762 3675 817 illud
3730 781 3765 818 a

2156 840 2363 895 Sancto
2397 846 2591 896 nostro
2613 842 2851 909 factum,
2879 862 2910 897 a
2937 845 3090 899 nullo
3104 863 3335 917 prorsus
3351 849 3628 921 scriptore
3651 852 3762 907 alio

2155 933 2679 984 commemoratum
2700 931 3011 1000 inveniam,
3032 950 3138 988 nec
3153 935 3480 1007 Fulgentius
3497 939 3765 996 Ceccaro-

2155 1018 2302 1085 nius,
2331 1035 2360 1072 e
2389 1035 2501 1090 quo
2533 1019 2591 1072 id
2620 1021 2912 1074 Zanottius
2929 1022 3138 1090 hausit,
3175 1040 3280 1094 pro
3312 1027 3588 1097 scriptore
3609 1030 3761 1084 anti-

2155 1122 2288 1176 quo,
2309 1107 2506 1160 habita
2535 1107 2738 1174 aetatis,
2772 1125 2884 1178 qua
2907 1113 3034 1180 post
3060 1111 3117 1164 S.
3182 1113 3510 1169 Bruuonem
3543 1117 3758 1184 ﬂoruit,

2154 1195 2399 1260 ratione,
2423 1195 2598 1265 possit
2610 1196 2830 1262 haberi,
2845 1214 3130 1252 commem
3143 1202 3294 1254 orari
3310 1203 3400 1256 hic
3414 1220 3448 1257 a
3466 1205 3754 1273 Zanottio,

2154 1298 2280 1352 quae
2294 1282 2516 1336 veritati
2539 1288 2877 1349 consonent,
2903 1302 3225 1342 asseverare
3242 1289 3396 1343 haud
3423 1308 3755 1362 queo,rem-

2154 1387 2263 1440 que
2295 1370 2536 1440 proinde
2551 1371 2608 1424 in
2635 1372 2826 1426 medio
2843 1373 3194 1444 relinquens,
3219 1376 3290 1430 ad
3303 1394 3510 1450 eaquae
3525 1379 3758 1448 Sancto,

2153 1458 2508 1512 aderemum
2558 1458 2921 1514 Calabrinam
2975 1462 3102 1532 jam
3147 1480 3394 1532 reverso,
3451 1468 3756 1536 obvenere,

2153 1545 2526 1617 discipulique
2559 1548 2678 1618 ejus
2705 1547 2762 1600 in
2787 1549 3081 1604 Carthusia
3099 1552 3248 1621 passi
3266 1570 3384 1608 esse
3426 1561 3756 1625 narrantur,

2153 1651 2486 1688 sermonem
2513 1639 2806 1691 converto.

2154 1757 2181 1821 §
2233 1756 2494 1836 “XXXVII:
2561 1756 2967 1836 gravissirnant,
3018 1761 3227 1817 absente
3256 1772 3458 1832 sancto,
3527 1768 3760 1836 religiosi

2224 1824 2521 1879 Cen/ausim
2547 1827 2780 1906 dfajqris
2807 1832 2987 1906 incola:
3029 1837 3374 1888 tentationem
3426 1824 3752 1906 patiuntur;

2221 1905 2408 1950 natum
2439 1901 2620 1977 comiti
2665 1900 2891 1977 {ingerit}
2916 1902 3086 1977 ﬁlium
3119 1916 3336 1961 sanctus
3369 1900 3617 1977 baptism,
3661 1900 3757 1964 ηοξ

2219 1985 2385 2038 voque
2421 1970 2512 2022 abs
2543 1971 2629 2022 illo
2664 1971 2904 2039 beneﬁcio
2932 1974 3194 2042 afﬁcit-ur.

2221 2074 2344 2128 605.
2374 2074 2497 2127 Non
2515 2074 2726 2129 redisse
2741 2075 2796 2129 S.
2831 2078 3162 2133 Brunonem
3177 2098 3210 2135 a
3231 2082 3541 2151 celebrato,
3559 2085 3648 2139 cui
3686 2104 3754 2141 ex

2151 2160 2316 2214 dictis
2357 2161 2551 2215 forsan
2603 2163 2963 2231 interfuerat,
3000 2168 3334 2224 Placentino
3391 2174 3632 2229 concilio
3683 2175 3756 2230 ad

2146 2249 2422 2318 Majorem
2455 2250 2834 2320 Carthusiam,
2868 2255 3145 2326 religiosis
3175 2258 3345 2328 hujus
3401 2260 3603 2315 incolis
3651 2261 3756 2316 im-

2145 2341 2460 2407 portunum
2481 2356 2618 2394 sane
2651 2357 2826 2411 quam
2858 2345 3107 2399 maxime
3140 2347 3367 2414 accidit,
3399 2349 3444 2402 si
3473 2366 3607 2404 vera
3637 2365 3754 2405 me-

2147 2430 2379 2480 morent
2408 2427 2588 2481 nostri
2619 2429 2943 2501 biographi;
2976 2433 3376 2502 gravissimam
3409 2438 3590 2504 enim,
3620 2438 3664 2492 si
3692 2438 3752 2493 hi

2142 2518 2296 2568 recte
2325 2516 2579 2570 scribant
2617 2533 2651 2570 a
2677 2517 2942 2573 dazmone
2964 2522 3347 2578 tentationem
3368 2527 3750 2595 passisunt,in

2143 2619 2274 2673 qua,
2307 2603 2350 2657 si
2385 2604 2604 2658 dilectis
2635 2605 2921 2676 discipulis
2952 2609 3045 2662 Vir
3079 2616 3304 2666 sanctus
3333 2613 3624 2682 adfuisset,
3659 2631 3749 2670 so-

2141 2692 2276 2746 latio
2305 2692 2386 2746 eis
2405 2693 2570 2763 juxta
2589 2711 2652 2748 ac
2673 2695 2881 2750 auxilio
2904 2713 3022 2752 esse
3036 2700 3331 2770 potuisset.
3345 2703 3748 2758 Tentationem

2142 2779 2321 2847 illam,
2356 2799 2506 2852 quas,
2535 2782 2577 2835 si
2610 2784 2800 2837 locum
2826 2802 2954 2840 vere
2978 2788 3367 2856 habuit,haud
3397 2791 3476 2846 ita
3507 2793 3746 2862 dudum,

2143 2869 2223 2923 uti
2253 2886 2319 2923 ex
2351 2870 2607 2925 dicendis
2638 2872 2948 2945 intelliges,
2983 2881 3111 2948 post
3125 2880 3522 2936 Placentinum
3555 2884 3746 2939 conci-

2140 2957 2304 3024 lium,
2339 2958 2803 3031 aliudque,quod
2833 2965 3093 3034 proxime
3116 2966 3224 3021 hoc
3274 2960 3514 3040 excepit.
3551 2971 3745 3026 Claro-

2139 3050 2487 3100 montanum
2522 3050 2920 3105 verosimillius
2959 3054 3250 3110 acciderit.
3300 3058 3744 3115 Blomenvennaa

2139 3134 2323 3188 verbis
2353 3152 2818 3192 commemorare
2859 3141 2951 3194 hic
3000 3143 3175 3198 lubet.
3231 3147 3281 3198 Is
3324 3146 3512 3217 itaque
3550 3147 3746 3204 Sancti

2137 3223 2507 3294 biographus,
2543 3242 2572 3279 e
2605 3243 2718 3297 quo
2737 3232 2793 3281 et
2812 3229 3089 3295 Putaneo,
3119 3249 3244 3304 quae
3269 3234 3472 3288 eodem
3487 3240 3746 3306 spectan-

2138 3312 2218 3365 tia
2242 3311 2438 3367 Surius
2460 3315 2803 3385 suppeditat,
2824 3321 3113 3373 mutuatus
3130 3321 3318 3387 est,sic
3348 3323 3594 3378 scribitz»
3617 3325 3744 3380 Non

2140 3400 2238 3454 def
2240 3403 2322 3454 uit
2334 3401 2389 3454 in
2403 3401 2670 3471 paradiso
2688 3403 2797 3458 hoc
2814 3405 3091 3474 spirituali
3108 3408 3427 3477 (Carthusia
3441 3413 3741 3484 nimirum)

2137 3487 2313 3542 etiam
2333 3505 2567 3560 serpens
2587 3491 2871 3562 antiquus.
2888 3495 3266 3551 Praesentiens
3281 3515 3511 3570 nempe,
3527 3505 3745 3571 quanta

2137 3575 2351 3630 damna
2382 3581 2715 3647 accepturus
2737 3583 2883 3633 esset
2899 3598 2966 3635 ex
2991 3583 3192 3638 ordine
3221 3585 3512 3658 illo,cujus
3541 3589 3744 3643 funda-

2135 3668 2333 3718 menta
2357 3666 2482 3734 jam
2514 3668 2651 3719 tunc
2660 3666 3740 3746 jaciebantur,maximaillo,pusillani-

2135 3751 2335 3806 mitate
2368 3756 2424 3805 et
2451 3754 2822 3823 perplexitate
2851 3757 3115 3824 turbavit,
3151 3761 3540 3818 maximaillos
3571 3766 3743 3834 pusil-

2132 3839 2457 3894 lanimitate
2472 3841 2595 3910 jam
2623 3843 2759 3895 tunc
2773 3843 3157 3913 jaciebantur,
3182 3849 3466 3921 praecipue
3496 3869 3599 3923 per
3625 3853 3738 3907 lin-

2134 3944 2294 3999 guas,
2330 3927 2387 3982 id
2407 3931 2490 3981 est
2506 3945 2622 3995 eos,
2658 3929 2754 3999 qui
2783 3931 3046 3986 novitatis
3081 3934 3234 4004 ipsos
3267 3943 3597 4009 arguentes,
3632 3941 3736 3995 sci-

2130 4015 2264 4070 licet
2292 4016 2610 4087 periculum
2626 4018 2921 4074 occisionis
2935 4023 3560 4096 propriaeingerebant,
3591 4029 3735 4085 adeo

2132 4107 2195 4158 ut
2221 4120 2452 4174 prorsus
2483 4105 2788 4173 nescirent,
2819 4107 2956 4178 quid
2973 4111 3268 4180 agendum
3296 4115 3401 4169 sibi
3429 4121 3576 4172 esset
3605 4121 3728 4172 tum

2129 4197 2365 4264 pr0pter
2377 4193 2502 4247 vitm
2520 4192 2790 4250 instituta:
2803 4196 3211 4268 rigorem,tum
3225 4207 3462 4274 propter
3473 4215 3733 4260 eremum

425 4269 572 4336 tum,
601 4287 718 4325 non
751 4289 908 4327 secus
927 4292 990 4329 ac
1017 4282 1278 4332 sanctum
1311 4282 1556 4351 colebat,
1591 4288 1797 4341 reverti
1830 4288 1888 4344 in
1910 4269 2024 4346 ha-
2052 4273 2554 4349 D'horribilem,in
2576 4299 2687 4353 qua
2701 4301 2758 4338 se
2774 4286 3340 4355 periclitari,illorum
3364 4293 3737 4349 motisermo-

423 4355 669 4412 labriam
695 4361 962 4416 omnibus
1005 4366 1192 4420 modis
1243 4369 1430 4436 vellet,
1466 4389 1570 4426 nec
1621 4375 1809 4431 Bruno
1836 4385 2029 4448 posset

424 4461 544 4501 non
574 4448 900 4506 satisfacere
930 4453 1211 4510 desiderio
1240 4458 1514 4530 principis
1540 4465 1658 4517 tam
1689 4465 1767 4535 pii
1793 4470 2026 4541 tamque

365 4541 374 4548 ί
422 4535 709 4602 benevoli,
740 4555 911 4609 quem
941 4542 1000 4596 in
1028 4561 1087 4598 se
1131 4547 1424 4620 sociosque
1456 4568 1607 4619 suos,
1639 4555 1844 4626 utjam
1882 4559 2024 4614 vidi-

421 4640 573 4693 mus,
595 4627 846 4682 maxime
875 4630 1197 4688 beneflcum
1229 4636 1414 4692 fuerat
1440 4645 1722 4710 expertus.

491 4716 614 4769 604.
642 4715 712 4769 Ut
736 4721 797 4771 ut
844 4719 934 4786 sit,
965 4720 1204 4778 Sanctus
1233 4727 1500 4797 equidem
1536 4747 1570 4783 a
1623 4735 1862 4790 concilio
1896 4738 2024 4792 Pla-

418 4803 676 4897 centipo,
689 4805 744 4897 ,εἰ
768 4805 916 4896 forte
946 4809 1076 4865 huic
1100 4811 1382 4897 interfuit,
1409 4817 1466 4870 in
1485 4818 1813 4876 Calabrium
1829 4827 2019 4897 rediit,

414 4898 521 4938 nec
553 4884 932 4954 Carthusiam,
967 4893 1028 4943 ut
1052 4894 1114 4944 ut
1151 4892 1210 4947 id
1235 4895 1424 4951 facere
1467 4899 1718 4956 maxime
1765 4884 2021 4962 fortassis

414 4969 785 5041 desideraret,
821 4980 1095 5046 pepetere
1141 4980 1193 5034 ei
1234 4983 1414 5038 visum
1458 4985 1583 5041 fuit.
1628 4989 1706 5043 Ac
1755 4997 2018 5050 sanetum

411 5058 669 5148 quidem,
687 5079 818 5117 cum
853 5081 884 5118 e
897 5067 1138 5122 concilio
1164 5069 1260 5125 illo
1277 5072 1600 5130 Calabriam
1613 5083 1925 5148 repeteret,
1944 5085 2017 5139 ad

404 5146 620 5217 locum,
653 5151 876 5208 duobus
920 5155 1237 5214 miliaribus
1297 5161 1460 5217 Senis
1515 5146 1796 5235 dissitum,
1829 5171 2013 5228 diver-

402 5236 558 5305 tisse,
585 5240 919 5312 aliquandiu
940 5244 1156 5302 ibidem
1183 5256 1604 5308 commoratum
1639 5273 1780 5325 esse,
1799 5259 2012 5316 vicinos

403 5325 684 5382 Senenses
702 5331 1146 5402 aliquotieshinc
1169 5338 1394 5406 adiisse,
1423 5357 1488 5395 ac
1513 5345 1748 5398 tandem
1777 5351 2011 5405 monitis

398 5415 532 5482 suis,
566 5421 628 5471 ut
657 5419 730 5473 ad
760 5419 973 5476 Urbani
997 5440 1162 5496 papze
1194 5427 1260 5494 ll,
1303 5445 1337 5482 a
1366 5447 1502 5502 quo,
1533 5434 1688 5503 quod
1737 5435 2006 5494 Guiberto

396 5503 682 5579 antipapae
709 5507 1094 5581 adhaererent,
1115 5515 1217 5570 sub
1247 5515 1552 5576 interdicto
1577 5522 1763 5593 posita
1813 5525 2003 5585 fuerat

2130 4369 2314 4435 nibus,
2343 4371 2736 4425 formidabant
2754 4376 2810 4426 et
2829 4373 2955 4444 ipsi.
2991 4376 3237 4432 Econtra
3263 4396 3396 4434 vero
3427 4381 3730 4450 timebant,

2127 4459 2172 4512 si
2205 4459 2629 4525 abirent,duces
2651 4477 2778 4514 suas
2807 4463 2996 4517 stellas
3028 4466 3324 4539 Deumque
3349 4469 3730 4527 offenderent.

2200 4552 2322 4604 606.
2355 4551 2472 4604 Tali
2515 4551 2675 4605 fuere
2707 4568 2740 4605 a
2771 4554 3025 4624 maligno
3056 4556 3260 4626 spiritu
3291 4560 3602 4617 Carthusiaa
3626 4564 3735 4618 Ma-

2117 4637 2262 4708 joris
2298 4639 2519 4705 incola,
2568 4639 2823 4694 Brucone
2855 4641 3112 4711 absente,
3141 4647 3462 4704 tentatione
3503 4651 3684 4705 vexati
3714 4669 3728 4719 ;

2126 4726 2216 4780 cui
2239 4743 2376 4780 sane
2417 4727 2787 4798 dispellendte
2818 4733 3175 4801 opportunus
3211 4735 3463 4790 maxime
3493 4737 3732 4793 Sanctus

2125 4816 2340 4883 fuisset;
2358 4833 2556 4871 verum
2573 4819 2728 4890 quod
2753 4818 2844 4872 hic
2869 4821 3074 4875 absens
3086 4827 3360 4894 praestare
3387 4843 3502 4880 non
3521 4827 3728 4897 potuit,

2124 4904 2534 4976 benignissime
2570 4907 2648 4971 id,
2682 4907 2726 4960 si
2757 4907 2899 4962 fides
2929 4910 3142 4965 iterum
3176 4913 3550 4985 scriptoribus
3594 4932 3730 4971 mox

2124 4993 2585 5064 dictis,praestare
2601 4995 2838 5066 dignata
2860 5002 2944 5053 est
2957 4998 3150 5055 divina
3170 5002 3533 5057 clementia.«
3561 5004 3730 5058 Cum-

2123 5082 2484 5152 que»(subdit
2498 5082 2682 5136 verbis
2695 5083 2955 5154 proxime
2982 5087 3234 5144 recitatis
3275 5091 3724 5164 Blomenvenna)

2120 5170 2240 5222 «his
2254 5169 2585 5241 aliquandiu
2599 5169 2867 5241 exagitati
2877 5178 3065 5228 essent
3077 5177 3722 5248 perplexitatibus,ecce,

2116 5257 2558 5328 benignissimus
2598 5259 2894 5327 Dominus,
2925 5263 3358 5337 qui,nunquam
3377 5267 3725 5340 deseritspe-

2113 5351 2306 5402 rantes
2337 5349 2395 5402 in
2434 5366 2513 5416 se,
2547 5351 2701 5405 misit
2725 5352 2798 5407 ad
2838 5369 2956 5422 eos,
2991 5354 3061 5408 de
3101 5356 3207 5409 hac
3238 5373 3300 5410 re
3330 5359 3722 5430 colloquentes

2113 5437 2277 5509 (sicut
2315 5438 2386 5492 de
2431 5437 2646 5510 Spiritu
2705 5442 2989 5510 scribitur,
3035 5444 3246 5514 Nescis,
3301 5447 3454 5503 unde
3506 5449 3716 5516 veniat,

2111 5530 2208 5585 aut
2228 5543 2341 5599 quo
2374 5527 2559 5600 vadat)
2576 5530 2758 5585 virum
2773 5531 3418 5608 honorabilem,crispos
3443 5555 3509 5594 ac
3539 5555 3713 5595 canos
