4014 6052
357 215 459 268 373

1920 213 2101 270 ACTA

3566 229 3671 287 374

350 336 666 391 habentem
692 337 948 409 capillos,
981 336 1272 392 dicentem
1298 339 1407 392 eis:
1446 358 1474 385 »
1510 335 1771 407 Perplexi
1804 337 1958 401 estis,
1982 343 2027 396 Α
2063 337 2119 390 in
2149 337 2384 392 Terram
2400 337 2674 396 Sanctum
2708 343 3100 413 expeditiones
3120 346 3364 403 decretae
3405 347 3659 416 fuerunt,

351 446 379 473 ››
408 424 636 491 fratres,
665 429 861 479 utrum
889 443 1126 480 manere
1154 426 1213 480 in
1242 427 1367 479 loco
1416 427 1544 492 hoc,
1582 442 1655 478 an
1690 424 1960 477 recedere

348 535 379 564 »
414 514 689 583 debeatis,
723 515 824 569 sed
855 532 962 586 ego
993 516 1118 570 dico
1149 515 1307 569 vobis
1352 532 1417 568 ex
1464 517 1624 584 parte
1661 514 1779 579 Dei,
1826 512 1961 584 quia

347 624 376 652 >›
406 603 574 658 beata
626 603 728 658 Dei
754 603 1007 658 Genitrix
1038 620 1270 675 semper
1308 604 1479 675 Virgo
1521 603 1694 658 Maria
1725 619 1955 657 conser-

346 712 375 741 ››
410 693 564 748 vabit
587 709 685 747 vos
714 692 771 746 in
798 695 922 748 loco
939 694 1065 759 isto,
1094 694 1139 747 si
1172 694 1350 748 Horas
1394 693 1514 763 ejus
1540 692 1791 764 legeritis
1823 694 1955 745 ante

342 801 372 827 τ)
409 782 588 835 Horas
613 782 952 849 canonicas;
985 782 1427 854 completorium
1464 798 1597 835 vero
1620 784 1749 852 post
1773 797 1887 833 eas.
1923 801 1949 827 ››

344 867 469 933 Quo
501 870 673 936 dicto,
724 870 973 942 diparuit
1028 871 1236 938 homo;
1294 870 1371 924 illi
1405 886 1537 924 vero
1597 869 1772 941 gavisi
1818 872 1951 921 sunt

341 957 557 1028 guadio
587 975 827 1029 magno,
848 960 1258 1030 elegeruntque
1282 960 1513 1013 beatam
1533 957 1827 1028 Virginem
1844 956 1953 1011 Ma-

338 1044 491 1100 riam
523 1047 580 1100 in
612 1051 918 1119 patronam
947 1049 1184 1113 ordinis,
1206 1048 1262 1102 in
1296 1053 1604 1119 patronum
1632 1063 1764 1101 vero
1796 1061 1952 1100 sanc-

336 1138 467 1189 tum
482 1138 1101 1208 JoannemBaptistam.
1120 1138 1423 1190 Hominem
1443 1140 1635 1191 autem
1650 1137 1813 1191 illum
1827 1153 1953 1188 san-

342 1227 501 1277 ctum
521 1227 848 1294 apostolum
879 1229 1113 1280 Petrum
1141 1226 1332 1297 fuisse,
1358 1243 1423 1279 ex
1456 1225 1550 1279 illo
1580 1227 1665 1278 vel
1698 1225 1947 1278 maxime

338 1314 745 1383 conjiciebant,
764 1314 919 1385 quod
935 1332 1222 1369 successor
1241 1315 1360 1384 ejus
1376 1315 1639 1368 Urbanus
1665 1313 1947 1366 secundus

337 1400 396 1454 in
431 1402 670 1456 concilio
689 1402 1130 1458 Clarimontensi
1160 1404 1336 1457 Horas
1369 1404 1549 1456 beatae
1575 1402 1759 1455 Mariae
1785 1419 1817 1454 a
1838 1404 1948 1454 cle-

332 1488 469 1545 ricis
500 1490 754 1561 quotidie
787 1491 895 1546 dici
939 1491 1202 1546 instituit.
1238 1493 1316 1545 Ex
1364 1492 1471 1544 hac
1511 1493 1703 1544 autem
1735 1489 1949 1543 visione

336 1579 484 1633 adeo
501 1582 634 1633 sunt
659 1581 966 1636 confortati
997 1581 1057 1635 in
1084 1582 1353 1649 Domino,
1392 1586 1452 1635 ut
1497 1598 1600 1635 nec
1631 1598 1806 1646 mors,
1844 1598 1948 1634 nec

2062 426 2312 495 condito)
2336 426 2691 499 frequentari
2721 432 2975 502 coepisse,
3010 435 3073 486 ut
3111 450 3178 487 eo
3210 437 3399 505 pacto,
3432 436 3527 506 qui
3562 454 3655 490 ex-

2058 513 2334 582 peditioni
2366 517 2739 587 suscipiendze
2781 520 3058 576 inhabiles
3084 525 3293 590 essent,
3327 523 3415 577 his
3458 525 3661 578 saltem

2054 603 2319 672 precibus
2336 605 2543 687 milites
2571 607 2931 677 adjuvarent,
2964 610 3046 664 eis
3076 612 3251 665 tantae
3280 610 3527 683 Virginis
3561 627 3661 682 pa-

2055 692 2363 747 trocinium
2390 698 2798 764 promerendo.
2831 718 2858 747 ››

2126 782 2247 835 608.
2283 782 2423 837 Cum
2451 800 2611 856 ergo,
2644 789 2921 857 utpreces
2954 787 3053 842 illa
3079 788 3324 843 horarias
3352 789 3422 843 de
3450 787 3658 842 beatis-

2053 866 2197 922 sima
2224 870 2473 940 Virgine,
2523 890 2650 944 quin
2680 876 2848 947 vulgo
2881 876 3002 947 ejus
3059 876 3325 932 Ofﬁcium
3386 875 3661 948 appellari

2052 965 2487 1027 consueverunt,
2520 978 2554 1015 a
2600 963 2817 1017 clericis
2867 966 3268 1033 recitarentur,
3301 966 3373 1020 ab
3429 964 3659 1019 Urbano

2051 1046 2561 1115 Papa,utirecitata
2592 1052 2871 1106 Ruinartii
2899 1055 3074 1108 verba
3097 1054 3416 1121 declarant,
3442 1054 3660 1109 clericis

2051 1133 2373 1204 injunctnm
2405 1138 2576 1193 fuisse
2602 1140 2840 1209 feratur,
2877 1142 2997 1197 imo
3034 1143 3243 1214 reipsa,
3277 1146 3339 1197 ut
3396 1144 3656 1214 apparet,

2052 1222 2110 1276 in
2142 1224 2380 1279 concilio
2423 1227 2873 1283 Claromontano
2926 1229 3038 1300 (adi
3074 1231 3369 1285 Labbeum
3411 1234 3554 1286 tom.
3615 1231 3657 1284 Χ

2052 1310 2436 1368 Conciliorum
2454 1317 2560 1370 col.
2581 1317 2881 1388 517)fuerit
2906 1318 3251 1389 injunctum,
3269 1316 3654 1391 Carthusiani,

2050 1402 2112 1453 ut
2141 1399 2293 1453 idem
2353 1402 2629 1471 facerent,
2693 1405 2909 1459 recenti
2958 1406 3054 1461 illo
3087 1406 3299 1461 Urbani
3350 1406 3654 1477 praecripto

2050 1489 2267 1541 moveri
2297 1493 2574 1560 potuere;
2606 1510 2802 1563 quare,
2859 1510 2986 1547 cum
3021 1494 3093 1548 ad
3159 1495 3218 1549 id
3273 1493 3654 1566 apparitione,

2048 1578 2491 1634 Blomenvenna:
2520 1582 2833 1653 verbisjam
2860 1586 3059 1652 relata,
3097 1600 3241 1655 opus
3269 1583 3651 1638 haudhabue-

334 1666 451 1721 vita
479 1667 631 1739 ipsos
686 1674 877 1741 posset
936 1687 1200 1740 separare
1252 1689 1284 1725 a
1337 1671 1613 1725 charitate
1665 1670 1889 1724 Christi.
1915 1691 1942 1717 ››
1974 1658 2025 1715 Β
2048 1666 2181 1731 rint,
2238 1668 2526 1723 fuerintne
2561 1671 2667 1724 hac
2694 1688 2845 1737 vere,
2868 1676 2929 1726 ut
2955 1690 3152 1743 preces
3176 1672 3301 1727 illas
3333 1672 3654 1727 recitandas

334 1757 620 1812 Hactenus
667 1759 1128 1814 Blomenvenna:
1177 1776 1329 1813 nunc
1358 1760 1413 1813 in
1456 1760 1629 1812 verba
1664 1758 1805 1829 ejus,
1848 1775 1947 1812 seu

328 1845 601 1916 potiusin
628 1864 715 1914 ea,
747 1865 875 1919 quae
923 1849 1076 1904 hisce
1106 1849 1404 1904 memoriae
1437 1849 1649 1921 prodit,
1687 1849 1940 1914 docetve,

333 1934 605 2005 quaedam
637 1935 1011 1991 observanda.

401 2024 618 2078 607.Ac
645 2024 834 2096 primo
851 2025 1107 2097 quidem,
1140 2027 1293 2098 quod
1316 2028 1566 2097 pertinet
1609 2027 1681 2081 ad
1712 2026 1939 2098 appari-

327 2110 570 2178 tionem,
595 2130 707 2185 qua
720 2114 777 2169 S.
804 2117 1004 2169 Petrus
1035 2114 1238 2186 primis
1267 2115 1578 2170 Carthusize
1610 2116 1811 2170 incolis
1840 2132 1939 2169 seu

328 2197 628 2256 Landuino
666 2203 904 2274 ejusque
949 2204 1134 2270 sociis,
1177 2203 1328 2257 senis
1379 2204 1567 2274 specie
1620 2205 1933 2275 assumpta,

324 2290 703 2359 spectandum
756 2309 879 2347 sese
919 2292 1250 2363 praebuerit,
1297 2292 1369 2345 ad
1405 2292 1807 2362 quotidianam
1837 2307 1935 2345 eos

325 2375 484 2447 pravi
515 2377 586 2431 de
615 2378 971 2433 sanctissima
990 2380 1221 2450 Virgine
1239 2379 1412 2435 Maria
1442 2379 1623 2434 Ofﬁcii
1652 2378 1936 2432 recitatio-

324 2479 462 2519 nem
485 2465 829 2535 exercitarit,
859 2469 1191 2540 factumque
1222 2468 1313 2534 sit,
1348 2471 1409 2521 ut
1448 2467 1527 2521 illi
1563 2469 1619 2521 et
1647 2466 1929 2536 periculo-

323 2550 549 2606 sissima
592 2555 910 2610 tentatione
948 2556 1173 2611 liberati
1201 2554 1396 2618 fuerit,
1439 2558 1496 2610 et
1520 2556 1579 2609 in
1609 2553 1826 2609 ordinis
1847 2553 1930 2607 sui

319 2642 632 2709 patronam
652 2644 888 2714 quidem
911 2645 1178 2699 eamdem
1200 2644 1618 2698 sanctissimam
1636 2642 1930 2713 Virginem

318 2727 577 2796 Mariam,
645 2736 959 2803 patronum
998 2750 1132 2788 vero
1182 2732 1237 2787 S.
1284 2734 1568 2787 Joannem
1617 2730 1930 2802 Baptistam

320 2817 621 2889 elegerint;
649 2825 921 2875 eventum
942 2820 1103 2875 illum
1138 2820 1393 2891 quidem,
1410 2825 1472 2875 ut
1494 2822 1556 2874 ut
1580 2837 1683 2872 nec
1700 2818 1933 2888 scripto-

2048 1759 2453 1821 asssumcrent,
2493 1756 2742 1827 impulsi,
2791 1758 3037 1812 dubitari
3086 1776 3250 1830 posse
3288 1759 3531 1813 videtur.
3580 1760 3654 1811 At

2044 1858 2198 1907 vero,
2242 1844 2351 1895 erit
2402 1844 2657 1899 fortassis
2704 1846 2819 1917 qui,
2871 1850 2933 1900 ut
2988 1848 3045 1901 id
3091 1848 3242 1901 dicta
3289 1846 3649 1919 apparitione

2043 1928 2258 1983 factum
2290 1934 2538 1998 tueatur,
2570 1934 2790 1988 concilii
2816 1934 3649 1989 Claromontanicelebratione

2040 2016 2209 2071 fuisse
2252 2020 2401 2073 hanc
2453 2024 2825 2091 anteriorem,
2866 2025 3155 2079 cotendat.
3187 2027 3371 2096 Atque
3422 2023 3481 2077 in
3540 2022 3648 2076 hac

2042 2106 2274 2177 quidem
2308 2109 2577 2179 Opinione
2592 2112 2761 2165 fuisse
2796 2112 3021 2167 videtur
3046 2112 3317 2167 Petreius.
3348 2110 3553 2165 Etenin
3582 2110 3643 2164 in

2039 2194 2151 2248 suis
2180 2195 2512 2253 inDorlandi
2553 2199 2877 2256 Chronicon
2924 2201 3410 2255 Elueidationibus
3433 2201 3532 2254 lib.
3566 2212 3639 2265 ιν,

2039 2298 2163 2353 cap.
2193 2286 2225 2337 4
2250 2284 2327 2337 sic
2348 2286 2569 2341 scribit:
2605 2311 2631 2337 ‹‹
2658 2292 2956 2359 Apparens
2989 2289 3069 2343 eis
3103 2287 3533 2359 (Carthusianis)
3572 2289 3637 2342 D.

2038 2372 2237 2426 Petrus
2269 2376 2558 2445 apostolus
2588 2377 2887 2431 consilium
2915 2378 3162 2433 salutare
3186 2376 3483 2448 suggessit,
3507 2390 3621 2447 qua

2036 2462 2201 2514 tenus
2232 2462 2409 2518 Horas
2457 2465 2762 2520 canonicas
2791 2465 2851 2520 in
2909 2466 3193 2520 honorem
3245 2464 3637 2519 sacratissima

2035 2548 2279 2619 Virginis
2328 2553 2580 2625 quotidie
2613 2555 3007 2622 decantarent,
3041 2555 3195 2626 quod
3227 2554 3433 2610 deinde
3463 2551 3639 2607 etiam

2033 2637 2217 2690 clerus
2240 2640 2553 2708 universus,
2588 2642 2667 2695 uti
2691 2660 2755 2696 ex
2774 2643 3017 2697 decretis
3030 2642 3487 2710 Claremontens,
3508 2657 3639 2696 con-

2032 2724 2143 2778 cilii
2183 2731 2425 2796 constat,
2450 2729 2796 2785 imitandum
2823 2732 3136 2804 suscepit.»
3170 2733 3254 2785 Ita
3275 2732 3398 2798 ille;
3431 2746 3631 2784 verum

2034 2815 2187 2884 quod
2214 2816 2304 2870 hic
2336 2822 2637 2886 asseverat,
2664 2820 2818 2874 nullo
2831 2822 3000 2891 plane
3031 2823 3375 2891 argumento
3401 2818 3629 2890 probat,

318 2905 417 2972 ris,
445 2924 552 2962 nec
579 2909 945 2964 monumenti
976 2908 1359 2979 satisLantiqui
1387 2926 1487 2963 seu
1517 2907 1750 2979 wqualis
1778 2905 1930 2960 testi-
1959 2933 2005 2991 Ο
2032 2918 2137 2955 nec
2153 2904 2273 2956 sola
2300 2922 2400 2958 sua
2428 2906 2788 2973 auctoritate,
2848 2912 2909 2961 ut
2944 2908 3118 2962 ﬁdem
3147 2907 3197 2962 ei
3232 2906 3627 2973 adhibeamus,

316 2996 518 3050 monio
550 2999 958 3052 auctoritateve
973 2998 1403 3061 conﬁrmatum,
1422 2996 1816 3050 indubitanter
1832 3012 1928 3048 ne-

313 3101 454 3156 gare
478 3085 689 3141 idcirco
710 3104 829 3142 non
851 3087 1057 3155 ausim,
1095 3087 1249 3158 quod
1284 3084 1333 3139 ei
1362 3090 1483 3139 tum
1516 3089 1805 3151 constans,
1842 3083 1920 3137 uti

313 3188 444 3227 eam
473 3179 701 3241 vocant,
741 3176 915 3229 totius
938 3176 1155 3231 ordinis
1199 3174 1455 3242 traditio,
1514 3178 1638 3227 tum
1670 3172 1923 3227 assiduus

308 3259 370 3315 in
401 3262 609 3317 eodem
662 3263 941 3318 recitandi
973 3264 1132 3334 parvi
1176 3264 1246 3318 de
1291 3262 1661 3318 Sanctissima
1689 3260 1920 3333 Virgine

308 3348 495 3404 Ofﬁcii
523 3369 655 3406 usus
680 3352 1060 3424 suffragetur;
1091 3370 1290 3408 verum
1316 3353 1537 3408 nihilne
1589 3351 1765 3406 etiam
1811 3354 1915 3418 est,

309 3437 382 3492 ob
414 3440 591 3511 quod,
627 3458 700 3494 an
731 3441 1011 3514 apparitio
1054 3442 1170 3509 illa,
1227 3459 1361 3497 eave
1386 3485 1400 3510 ,
1454 3458 1580 3512 quae
1636 3442 1784 3495 hanc
1829 3458 1915 3495 se-

306 3530 438 3581 cuta
466 3534 796 3597 narrantur,
824 3531 1014 3586 locum
1064 3549 1321 3603 unquam
1367 3531 1695 3597 habuerint,
1748 3529 1912 3584 dubi-

305 3616 550 3671 tandum
587 3621 761 3688 queat
797 3619 1005 3675 videri?
1039 3620 1408 3675 Sanctissima
1440 3620 1610 3691 Virgo
1651 3619 1825 3674 Maria
1854 3619 1913 3673 in

302 3709 637 3776 patronam,
679 3711 737 3763 et
769 3713 995 3764 sanctus
1051 3711 1300 3765 Joannes
1344 3710 1597 3783 Baptista
1626 3710 1687 3764 in
1719 3713 1911 3781 patro-

303 3811 467 3860 num,
501 3799 700 3868 utpote
746 3797 803 3851 in
836 3815 1083 3869 quorum
1126 3798 1413 3853 honorem
1441 3815 1506 3851 ex
1539 3815 1710 3870 supra
1750 3797 1914 3851 dictis

303 3883 667 3938 Carthusium
695 3884 752 3940 S.
789 3887 977 3940 Bruno
1003 3886 1346 3950 condiderit,
1378 3886 1475 3940 diu
1498 3889 1634 3941 ante
1694 3902 1914 3941 memo-

301 3975 492 4026 ratam
511 3974 933 4044 apparitionem
957 3993 990 4029 a
1020 3974 1229 4030 Sancto
1260 3976 1493 4047 ejusque
1512 3974 1800 4047 discipulis
1821 3992 1911 4030 ve-

300 4060 638 4116 rosimiliter
667 4063 825 4117 fuere
864 4063 1056 4131 electi;
1114 4067 1176 4117 ut
1213 4064 1456 4134 proinde
1488 4081 1560 4117 an
1617 4064 1911 4119 electionis

290 4148 660 4219 hujuscausa,
694 4154 759 4205 ut
783 4152 966 4206 verbis
988 4152 1902 4219 recitatisBlomenvennainnuit,

2026 2988 2213 3044 facere
2263 2996 2468 3063 potest.
2504 2995 2846 3061 Dorlandus,
2895 3014 3069 3067 quem
3095 3014 3193 3050 sua
3218 2997 3315 3050 illa
3363 2997 3628 3050 observa-

2026 3078 2181 3133 tione
2212 3081 2496 3136 elucidare
2524 3084 2776 3137 Petreius
2829 3086 3026 3151 voluit,
3064 3084 3339 3139 Sanctum
3390 3085 3624 3138 Petrum

2026 3167 2639 3242 Carthusianis,quibus
2656 3174 2999 3244 apparet,ita
3014 3175 3347 3246 loquentem
3370 3171 3623 3227 inducit:

2023 3278 2051 3305 »
2086 3257 2273 3312 Unum
2298 3260 2587 3328 noveritis,
2622 3262 3067 3316 sacratissimam
3109 3261 3207 3316 Dei
3239 3262 3479 3316 Matram
3506 3261 3619 3315 Ma-

2019 3346 2167 3399 riam
2198 3364 2296 3401 vos
2318 3347 2406 3401 hic
2425 3350 2496 3403 ab
2515 3349 2899 3405 incommodis
2928 3352 3196 3407 omnibus
3244 3350 3619 3416 servaturam,

2020 3437 2077 3488 et
2099 3439 2407 3504 patronam
2446 3439 2616 3492 vestri
2637 3439 2861 3493 Ordinis
2887 3440 3162 3507 futuram,
3192 3440 3418 3493 tantum
3444 3437 3622 3491 Horas

2019 3523 2159 3593 ejus,
2179 3526 2237 3577 ut
2268 3541 2452 3595 nuper
2497 3526 2555 3579 in
2589 3527 2848 3581 Romana
2874 3527 3122 3583 Ecclesia
3153 3527 3479 3582 institutum
3510 3526 3615 3592 est,

2018 3611 2350 3667 decantetis.
2384 3634 2411 3663 ››

2087 3703 2209 3755 609.
2226 3701 2611 3757 Carthusianis
2631 3720 2769 3775 ergo
2789 3705 2844 3759 S.
2869 3707 3102 3760 Petrum
3131 3705 3481 3778 apparuisse,
3497 3721 3617 3759 eos-

2014 3806 2146 3860 que,
2181 3792 2240 3843 ut
2288 3790 2465 3845 Horas
2507 3792 2850 3846 beatissima!
2898 3793 3142 3864 Virginis
3184 3793 3369 3849 Marize
3405 3793 3614 3847 decan-

2012 3882 2224 3944 tarent,
2249 3879 2613 3933 admonuisse
2641 3897 2707 3935 eo
2732 3884 3020 3953 tempore,
3055 3899 3167 3952 quo
3200 3881 3355 3935 haud
3388 3881 3466 3935 ita
3494 3881 3612 3952 pri—

2015 3966 2147 4020 dem
2162 3967 2443 4021 Horarum
2491 3968 2834 4023 beatissimce
2860 3969 3107 4039 Virginis
3137 3969 3396 4024 recitatio
3424 3969 3483 4023 in
3514 3970 3613 4023 Ec-

2012 4055 2180 4110 clesia
2191 4056 2451 4110 Romana
2466 4059 2677 4111 statuta
2696 4058 3228 4124 fuerat,Dorlandus
3248 4058 3607 4127 existimavit,

2011 4162 2075 4198 ac
2106 4145 2293 4215 proin,
2321 4163 2450 4199 cum
2484 4146 2604 4199 haec
2654 4146 2806 4213 alibi,
2844 4164 3017 4218 quam
3064 4148 3121 4201 in
3157 4148 3606 4203 Claromontano

290 4238 575 4311 apparitio
597 4240 696 4295 illa
721 4241 1016 4309 exstiterit,
1054 4241 1125 4295 sit
1148 4241 1410 4309 dubium,
1470 4241 1719 4296 maxime
1774 4259 1904 4296 cum
1931 4216 1983 4273 D
2007 4234 2268 4302 concilio,
2315 4237 2523 4288 statuta
2549 4234 2718 4288 fuisse
2770 4252 2886 4288 non
2918 4235 3238 4305 reperiatur
3269 4253 3335 4290 eo
3382 4236 3608 4301 circiter

290 4342 359 4381 ea
384 4328 612 4397 (videsis
630 4328 1072 4383 Blomenvennze
1104 4329 1276 4383 verba
1297 4329 1555 4399 proxime
1582 4328 1733 4399 data)
1764 4330 1905 4383 Lan-

288 4414 465 4471 duino
497 4417 732 4488 ejusque
762 4416 947 4483 sociis,
980 4433 1097 4471 non
1129 4416 1184 4472 S.
1213 4418 1461 4472 Joannes
1483 4417 1751 4488 Baptista,
1805 4420 1905 4474 sed

287 4502 345 4558 S.
379 4508 581 4561 Petrus
623 4507 931 4577 Apostolus
976 4507 1289 4562 videndum
1320 4525 1441 4563 sese
1473 4507 1742 4563 obtulisse
1774 4526 1898 4563 me-

286 4598 569 4662 moretur,
618 4596 1111 4669 posterioremque
1157 4598 1398 4670 proinde
1429 4616 1459 4652 e
1504 4598 1726 4654 duobus
1746 4598 1901 4653 hisce

287 4682 529 4750 Sanctis,
563 4702 683 4740 non
706 4689 899 4740 autem
948 4685 1224 4757 priorem,
1250 4686 1295 4740 si
1351 4686 1665 4754 electionis,
1726 4705 1902 4760 quam

284 4763 718 4820 Blomenvenna
756 4769 1068 4832 memorat,
1097 4766 1339 4837 praefata
1388 4767 1672 4839 apparitio
1733 4785 1903 4825 causa

287 4868 356 4906 ex
384 4852 634 4920 stitisset,
650 4853 709 4908 in
734 4859 1045 4926 patronum
1061 4855 1165 4911 sibi
1181 4856 1260 4910 illi
1294 4856 1527 4910 electuri
1553 4855 1725 4911 fuisse
1749 4858 1901 4913 vide-

286 4943 697 5009 antur,Adhzec
753 4944 1081 4998 Ruinartius
1110 4944 1169 4998 in
1200 4944 1325 4998 Vita
1386 4944 1598 4998 Urbani
1632 4946 1677 4998 II
1729 4947 1897 5019 Papa)

284 5030 597 5100 saepissime
622 5033 747 5102 jam
775 5033 1007 5087 laudata
1036 5051 1197 5087 num.
1228 5035 1330 5089 2'26
1358 5033 1436 5087 sic
1467 5033 1663 5087 scribit
1693 5051 1705 5088 :
1735 5056 1762 5085 «
1798 5036 1899 5090 Fe-

281 5119 634 5187 runtetiam,
659 5120 767 5175 hac
808 5120 930 5191 ipsa
957 5138 1129 5176 sacrae
1169 5122 1549 5192 expeditionis
1601 5123 1898 5180 occasione

285 5224 486 5280 preces
501 5208 763 5263 horarias
786 5209 973 5264 beatae
994 5211 1202 5277 Mariae,
1235 5228 1360 5282 quae
1385 5211 1511 5280 jam
1532 5215 1705 5266 antea
1727 5229 1761 5266 a
1792 5215 1898 5268 Pe-

284 5300 378 5353 tro
402 5297 684 5353 Damiano
710 5298 767 5353 in
796 5300 909 5353 suis
937 5301 1300 5356 monasteriis
1348 5306 1515 5356 erant
1544 5302 1839 5373 institutae,
1871 5323 1907 5359 a

293 5386 536 5454 clericis,
587 5388 707 5443 imo
741 5391 796 5443 et
814 5390 883 5443 ab
918 5388 1053 5461 ipsis
1081 5389 1237 5445 laicis
1277 5408 1343 5445 ex
1378 5392 1594 5446 Urbani
1651 5393 1905 5464 praescri-

289 5479 354 5548 pt
368 5476 489 5549 o(in
513 5478 968 5535 Claromontana
994 5479 1211 5535 scilicet
1226 5480 1469 5551 synodo,
1500 5481 1557 5536 in
1588 5498 1700 5555 qua
1741 5501 1918 5540 sacrce

2004 4326 2122 4377 tem
2132 4323 2449 4393 pore,quod
2463 4322 2611 4377 dicta
2623 4323 2905 4394 apparitio
2927 4324 3201 4396 contigeri
3212 4325 3497 4392 t,concilio
3511 4325 3608 4381 illo

2004 4412 2152 4467 hanc
2169 4410 2444 4465 exstitisse
2465 4411 2866 4483 posteriorem.
2890 4413 3075 4483 Atque
3089 4413 3198 4468 hoc
3218 4413 3404 4485 ipsum
3430 4414 3605 4469 etiam

2005 4497 2346 4552 existimavit
2399 4497 2857 4566 Blomenvenna,
2900 4500 2980 4554 uti
3034 4500 3168 4555 satis
3210 4500 3603 4570 manifestant,

2003 4592 2461 4662 qum,postquam
2477 4587 2687 4643 dictam
2730 4591 2973 4660 apostoli
3004 4591 3157 4645 Petri
3187 4591 3607 4662 apparitionem

2006 4676 2280 4744 narraxit,
2303 4693 2436 4731 mox
2455 4678 2767 4750 subjungit,
2803 4680 3103 4751 sequentia
3130 4681 3252 4735 haec
3280 4681 3401 4751 ejus
3433 4698 3605 4753 supra

2005 4765 2190 4821 adhuc
2213 4765 2453 4819 recitata
2498 4767 2711 4822 verba:
2762 4791 2791 4818 «
2821 4769 3128 4825 Hominem
3187 4771 3379 4825 autem
3446 4768 3607 4822 illum

2005 4856 2267 4909 sanctum
2292 4856 2616 4925 apostolum
2650 4858 2885 4912 Petrum
2920 4858 3111 4927 fuisse,
3138 4875 3203 4913 ex
3233 4857 3331 4911 illo
3363 4858 3449 4911 vel
3480 4874 3603 4912 ma-

2006 4943 2155 4998 xime
2177 4943 2560 5014 conjiciebant
2587 4947 2742 5018 quod
2754 4964 3074 5003 succcessor
3094 4949 3217 5019 ejus
3248 4945 3604 5000 Urbanusse-

2005 5033 2223 5088 cundus
2248 5032 2305 5086 in
2323 5032 2557 5089 consilio
2573 5034 3017 5092 Clarimontensi
3030 5036 3205 5090 Horas
3223 5032 3607 5089 beataaMariaz

2005 5140 2038 5176 a
2066 5122 2285 5177 clericis
2330 5123 2585 5193 quotidie
2648 5124 2757 5178 dici
2787 5124 3050 5179 instituit.
3080 5145 3107 5173 η
3166 5124 3607 5179 Blomenvenna!

2005 5229 2178 5285 porro
2213 5213 2518 5267 assentitur
2547 5213 2721 5267 etiam
2749 5213 2964 5281 Surius;
2985 5216 3042 5268 et
3069 5212 3113 5267 si
3144 5215 3339 5267 autem
3360 5227 3466 5266 nec
3495 5209 3610 5278 hic,

2006 5320 2113 5359 nec
2138 5304 2566 5357 Blomenvenna
2584 5305 2639 5356 et
2655 5302 2975 5357 Dorlandus
2995 5304 3175 5359 ullum
3204 5303 3465 5368 afferant,
3499 5316 3612 5372 quo

2010 5392 2346 5466 opinionem
2376 5410 2539 5447 suam
2567 5391 3236 5459 firment,testimonium
3264 5404 3613 5447 monumen-

2010 5485 2205 5539 tumve
2236 5482 2559 5554 antiquum,
2604 5480 2783 5539 tribus
2812 5484 3008 5540 tamen
3041 5482 3194 5540 hisce
3227 5478 3620 5555 scriptoribus.
