4014 6052
390 274 493 340 375

1208 266 1267 335 ε,
1323 272 1667 335 BRUNONIS
1698 267 2329 333 CARTHUSIANORUM
2374 271 2841 333 INSTITUTORIS

3603 275 3706 331 376

388 404 437 459 si
460 405 791 461 memorata
823 401 882 459 8.
913 400 1065 457 Petri
1096 400 1339 475 apostoli
1359 400 1644 474 apparitio
1677 402 1870 457 locum
1893 417 2002 455 un-
2024 404 2080 463 Α
2099 399 2448 455 melicumin
2473 400 2580 454 hac
2600 398 2899 453 functione
2915 396 3214 451 Rithmum
3236 394 3469 451 edidit.»
3486 396 3569 450 Ita
3593 395 3710 465 ille;

389 509 566 565 quam
597 491 817 560 habuit,
846 490 1037 562 potius
1067 491 1483 546 adharendum
1511 492 1770 558 autumo,
1825 506 2002 560 quam

292 594 297 599 ‘
388 582 490 635 uni
520 580 764 636 Petreio.
800 581 897 634 Hic
918 578 1267 635 enimilllam
1298 579 1537 634 concilio
1553 578 2002 634 Claromontano

391 669 945 724 anterioremfacere
980 668 1256 723 duntaxat
1280 667 1506 722 videtur
1544 684 1611 721 ex
1642 681 2007 739 praconcep-

392 768 454 820 ta
474 765 767 837 opinione,
801 783 916 838 qua
945 766 1124 820 Horas
1139 764 1512 819 sanctissima
1534 763 1782 834 Virginis
1812 762 2003 819 Maria

389 853 674 908 recitandi
714 854 1189 909 consuetudinem
1245 870 1279 907 a
1331 851 1718 907 Carthusianis
1748 852 2005 924 primum

391 941 663 997 usitatam
675 958 741 997 ac
757 942 967 996 deinde
980 943 1052 997 ab
1064 941 1216 996 hisce
1231 940 1305 995 ad
1324 940 1464 995 alios
1480 943 1861 1011 propagatam
1873 939 2007 993 fuis-

391 1045 452 1084 se
477 1029 785 1086 existimat.
811 1032 913 1084 Ast
940 1046 1011 1085 ea
1034 1047 1069 1084 a
1098 1028 1340 1083 veritate
1385 1028 1548 1083 omni
1591 1027 1764 1083 dubio
1804 1027 2004 1098 procul

393 1120 480 1173 est
502 1117 683 1173 devia.

463 1206 586 1261 610.
621 1205 1032 1275 Etenim,teste
1065 1207 1235 1261 Petro
1267 1205 1521 1260 Diacono
1556 1204 1615 1258 in
1648 1205 1788 1277 Reg.
1820 1204 1876 1259 S.
1906 1204 2008 1258 Be-

396 1294 609 1349 nedicti
638 1310 765 1365 cap.
800 1295 1072 1361 64,Hora
1104 1293 1478 1349 sanctissima
1499 1293 1746 1365 Virginis
1770 1294 1895 1364 jam
1943 1292 2003 1346 in

395 1384 598 1436 monte
630 1382 862 1437 Cassino
888 1382 1252 1438 addebantur
1284 1380 1543 1452 quotidie
1575 1380 1774 1436 Ofﬁcio
1797 1379 2004 1452 majori

395 1487 465 1525 ex
495 1470 903 1525 constitutione
916 1470 1174 1541 Gregorii
1188 1471 1232 1523 Il
1258 1486 1443 1541 papa,
1478 1470 1575 1541 qui
1620 1486 1773 1524 anno
1801 1473 2007 1536 7i5,ac

394 1557 567 1629 proin
595 1557 693 1612 diu
724 1561 858 1613 ante
912 1561 1068 1613 ortos
1119 1557 1554 1612 Carthusienses
1602 1557 2005 1628 pontificatum

393 1645 542 1700 iniit.
571 1645 784 1700 Adhac
814 1645 1156 1700 earumdem
1213 1646 1496 1699 Horarum
1521 1645 1921 1699 recitationem
1950 1644 2007 1698 in

2100 506 2300 544 verum
2328 506 2402 543 an
2425 488 2676 559 Rogerii,
2711 487 2884 558 primi
2905 489 3035 559 post
3059 489 3285 540 exactos
3325 502 3355 539 e
3398 483 3590 539 Sicilia
3618 483 3716 538 Sa-

2103 593 2343 632 racenos
2371 577 2570 631 insula
2591 576 2761 646 hujus
2792 575 2961 647 regis,
2992 574 3351 629 nativitatem
3380 588 3533 627 anno
3580 574 3714 626 1097

2104 668 2258 719 recte
2289 664 2621 736 consignat?
2647 663 3001 718 Romualdus
3057 661 3472 728 Salernitanus,
3517 662 3718 715 auctor

2105 754 2481 824 synchronus,
2503 752 2559 806 in
2576 751 2870 807 Chronico
2888 750 3041 822 apud
3067 750 3444 806 Muratorium
3474 747 3721 803 tom.VII

2104 841 2318 896 Rerum
2349 841 2674 895 Italicarum
2692 840 3051 910 Scriptorum
3074 840 3183 895 col.
3213 841 3311 893 196
3343 837 3413 892 de
3444 836 3715 909 Rogerio;

2104 929 2573 1001 Rogeriicomitis
2590 929 2706 984 filio
2733 927 3248 1000 primoqueSicilia
3278 943 3438 999 rege,
3469 926 3547 981 sic
3578 924 3716 980 scri-

2104 1017 2191 1072 bit
2222 1035 2234 1073 :
2278 1040 2305 1068 «
2327 1018 2776 1073 Gloriosissimus
2821 1033 2919 1071 rex
2941 1016 3220 1088 Rogerius
3257 1018 3512 1088 postatot
3539 1014 3715 1069 victo-

2103 1106 2216 1160 rias
2229 1109 2285 1159 et
2297 1106 2619 1176 triumphos
2635 1105 2787 1177 apud
2804 1106 3158 1159 Panormum
3176 1103 3338 1157 febre
3355 1106 3618 1157 mortuus
3633 1103 3719 1156 est

2104 1197 2163 1248 et
2189 1195 2440 1266 sepultus
2470 1194 2527 1247 in
2555 1193 3003 1265 archiepiscopio
3026 1192 3285 1263 ejusdem
3307 1191 3543 1246 civitatis
3560 1206 3714 1245 anno

2103 1283 2233 1337 vita
2265 1298 2369 1336 sua
2388 1281 2867 1354 quinquagesimo
2898 1285 3118 1348 octavo,
3142 1279 3438 1335 mensibus
3471 1279 3713 1346 duobus,

2107 1371 2306 1426 diebus
2336 1371 2611 1442 quinque,
2654 1370 2745 1425 die
2774 1386 2899 1424 xxvr
2948 1369 3165 1423 mensis
3207 1367 3524 1436 Februarii,
3559 1383 3714 1422 anno

2106 1460 2272 1531 regni
2290 1459 2374 1513 sui
2399 1476 2546 1526 xxiv;
2575 1475 2728 1513 anno
2754 1461 2949 1512 autem
2972 1457 3287 1512 Dominica
3299 1454 3716 1510 Incarnationis

2112 1546 2484 1609 “52,1ndict.
2513 1563 2551 1600 ι.
2590 1567 2618 1595 ››
2651 1548 2733 1600 lta
2758 1546 3125 1614 Romualdus;
3155 1546 3253 1618 qui
3314 1561 3447 1599 cum
3473 1542 3713 1615 optime,

2108 1652 2222 1706 quo
2240 1634 2422 1689 aetatis
2452 1650 2565 1688 sua
2599 1650 2754 1689 anno
2782 1634 3057 1706 Rogerius
3086 1650 3184 1688 rex
3211 1632 3436 1700 obierit,
3463 1633 3720 1704 explora-

398 1732 653 1804 quodam
666 1748 903 1786 suorum
921 1731 1496 1797 monasteribrum,iu
1516 1731 1722 1801 quibus
1747 1731 2012 1802 frequen-
2039 1740 2090 1797 Β
2110 1726 2235 1776 tum
2264 1723 2476 1777 habere
2502 1721 2773 1793 potuerit,
2807 1723 2995 1793 reipsa
3015 1723 3188 1789 hunc,
3215 1725 3278 1776 ut
3305 1721 3491 1776 verbis
3508 1720 3717 1775 recita-

394 1818 505 1873 tari
527 1820 648 1873 hac
676 1817 1615 1887 solebat,divinitusconfirmatam
1648 1817 1839 1885 fuisse,
1872 1835 2009 1872 con-

396 1908 487 1959 tra
509 1907 800 1960 Bozonem
832 1906 1208 1973 monachum,
1243 1910 1453 1961 sancta
1480 1906 1631 1960 illius
1645 1906 2011 1960 consucdinis

395 1992 877 2064 improbatorem,
895 1995 1096 2048 Petrus
1126 1994 1459 2060 Damianus,
1484 1988 1583 2065 qui
1612 1997 1746 2048 ante
1770 1994 2011 2048 Carthu-

397 2081 597 2136 siensis
629 2081 856 2137 Ordinis
895 2082 1145 2150 initium,
1169 2083 1588 2153 conciliumque
1621 2082 2015 2137 Claromonta-

399 2186 542 2224 num
567 2170 641 2224 ad
656 2185 893 2240 superos
919 2170 1044 2241 jam
1085 2171 1386 2242 migrarat,
1417 2171 1660 2242 epistola
1701 2175 1768 2226 3'2
1791 2171 1863 2225 ad
1894 2188 2014 2225 ere-

401 2256 1015 2329 mitasGamugnenses
1036 2258 1355 2313 docetJam
1395 2275 1530 2314 vero
1549 2275 1680 2313 cum
1709 2259 1767 2313 id
1811 2259 1892 2313 ita
1920 2258 2011 2326 sit,

403 2345 730 2418 prafatam,
761 2363 876 2418 qua
902 2345 958 2400 S.
993 2347 1195 2401 Petrus
1220 2346 1611 2401 Carthusianis
1660 2346 2013 2419 apparuerit,

404 2449 638 2505 eosque,
660 2436 725 2487 ut
749 2433 1152 2505 quotidianum
1184 2434 1557 2489 sanctissima
1582 2434 1797 2506 Virgini
1830 2434 2016 2490 Maria

405 2520 689 2575 Horarum
722 2537 966 2592 pensum
1001 2523 1306 2589 solverent,
1361 2522 1673 2589 monuerit,
1707 2522 2019 2595 apparitio-

405 2624 544 2663 nem
560 2609 801 2663 concilio
826 2608 1276 2664 Claromontano
1303 2609 1685 2682 posteriorem
1717 2610 2013 2678 exstitisse,

407 2695 481 2751 ob
504 2696 779 2751 Dorlandi
812 2696 1003 2765 simul,
1033 2698 1477 2752 Blomenvenna
1504 2700 1562 2751 et
1588 2696 1738 2752 Surii
1767 2697 2015 2752 auctori-

405 2784 608 2851 tatem,
640 2801 768 2856 qua
799 2785 872 2839 ob
894 2785 1020 2857 jam
1046 2785 1198 2840 dicta
1226 2785 1393 2839 unius
1439 2785 1647 2840 Petreii
1677 2785 2017 2841 auctoritate

409 2870 601 2942 potior
619 2872 712 2926 hic
739 2889 861 2928 esse
914 2873 1106 2940 debet,
1149 2873 1531 2929 verosimilius
1572 2874 1857 2929 existimo.
1890 2874 2016 2928 Jam

2110 1810 2181 1865 tis
2200 1810 2396 1877 tradit,
2437 1810 2620 1864 atatis
2648 1827 2764 1864 sua
2793 1827 2946 1864 anno
2989 1809 3468 1882 quinquagesimo
3517 1811 3717 1863 octavo

2112 1898 2401 1965 obiisse,in
2434 1898 2944 1953 animuminduco.
2979 1899 3289 1970 Rogerium
3315 1897 3569 1968 quidem,
3600 1910 3717 1949 non

2112 2004 2287 2055 anno,
2323 1989 2402 2042 uti
2416 1987 2508 2041 hic
2535 1987 2885 2041 Romualdus
2899 2004 2998 2041 seu
3015 1987 3204 2059 potius
3223 1988 3463 2041 recitata
3478 1984 3718 2055 scripto-

2111 2075 2273 2147 rique
2290 2076 2419 2130 huic
2450 2076 2723 2130 attributa
2736 2077 2909 2129 verba
2920 2076 3170 2147 signant,
3193 2076 3507 2131 Dominica
3527 2075 3719 2128 Incar-

2114 2164 2666 2230 nationi31152,sed
2702 2180 2855 2217 anno
2907 2166 3062 2231 1154,
3093 2165 3166 2219 ad
3224 2181 3370 2218 xxvn
3427 2160 3722 2218 Februarii

2116 2252 2272 2306 diem
2283 2256 2575 2322 provecto,
2604 2252 2779 2305 vitam
2804 2269 2934 2306 cum
2965 2256 3152 2307 morte
3179 2255 3584 2317 commutasse,
3614 2250 3723 2303 Pa-

2117 2339 2241 2411 gius
2265 2340 2324 2393 in
2348 2339 2567 2394 Criticis
2597 2340 2670 2394 ad
2699 2340 2850 2393 hunc
2872 2358 3093 2395 annum
3134 2338 3598 2395 luculentissimis
3627 2353 3719 2391 ar-

2116 2428 2406 2499 gumentis
2427 2429 2654 2494 evincit,
2687 2444 2793 2481 nec
2817 2428 3056 2482 dubium
3094 2432 3198 2495 est,
3232 2427 3370 2500 quin
3408 2427 3503 2481 alii
3534 2425 3720 2480 adhuc

2117 2532 2342 2570 errores
2374 2516 2434 2571 in
2467 2516 2779 2582 Chronicis,
2808 2533 2948 2587 quas
2974 2515 3280 2572 Romualdi
3316 2516 3426 2570 huc
3458 2513 3725 2570 transcri-

2115 2607 2245 2676 ptus
2258 2607 2441 2658 textus
2469 2604 2717 2672 exhibet,
2753 2604 2903 2658 notis
2928 2606 3159 2659 cubent.

2188 2694 2311 2747 642.
2336 2693 2544 2747 Verum
2568 2693 2658 2747 ha
2707 2692 3051 2764 compendio
3101 2710 3203 2766 per
3229 2692 3471 2761 litteras,
3522 2705 3725 2747 nume-

2114 2797 2315 2835 rorum
2341 2781 2532 2835 locum
2560 2784 2844 2849 tenentes,
2877 2782 3101 2854 scripta
3141 2781 3418 2837 duntaxat
3445 2783 3609 2848 sunt;
3659 2780 3722 2833 in

2117 2885 2258 2941 quas
2288 2869 2658 2924 librariorum
2693 2870 2995 2925 oscitantia
3026 2887 3250 2926 errores
3277 2870 3565 2942 Lfacillime
3615 2884 3724 2923 nec

404 2975 539 3013 vero
571 2975 703 3014 cum
734 2977 824 3015 res
849 2961 929 3015 ita
957 2961 1187 3029 habeat,
1220 2961 1490 3029 fueritne,
1538 2965 1600 3017 ut
1649 2962 2019 3034 quotidianus
2051 3022 2090 3034 Α
2117 2972 2248 3010 raro
2276 2957 2910 3030 irrepere,experientia
2924 2959 3174 3013 habetur
3189 2960 3722 3030 compertum;quo-

403 3046 687 3102 recitandi
727 3048 885 3120 parvi
916 3049 987 3103 de
1018 3048 1382 3104 sanctissima
1405 3050 1637 3122 Virgine
1666 3051 1842 3105 Maria
1876 3051 2016 3106 Ofﬁ-
2045 3022 2091 3081 Ο
2117 3046 2178 3097 to
2206 3046 2402 3097 autem
2433 3044 2616 3098 aetatis
2630 3061 2744 3098 suae
2758 3061 2912 3099 anno
2931 3044 3085 3099 diem
3100 3048 3426 3099 extremum
3445 3044 3728 3116 Bogerius

406 3132 479 3188 cii
500 3152 631 3190 usus
650 3135 801 3206 apud
823 3135 1231 3192 Carthusianos
1253 3138 2021 3210 invalesceret,apparitione

2119 3132 2404 3199 clauserit,
2436 3149 2555 3187 non
2572 3133 3135 3205 compendiolitteris
3151 3133 3476 3199 numericis,
3499 3132 3601 3188 sed
3627 3149 3728 3188 vo-

407 3221 505 3276 illa
532 3222 770 3290 factum,
790 3223 1236 3296 dubitariposse,
1279 3228 1341 3279 ut
1358 3226 1484 3297 jam
1513 3226 1647 3293 dixi,
1680 3227 1924 3294 videtur,
1955 3244 2021 3281 ac

407 3308 600 3379 proin,
625 3326 756 3364 cum
772 3311 980 3366 merito
992 3314 1295 3383 praterea,
1318 3330 1391 3367 an
1407 3312 1485 3379 hi,
1514 3316 1577 3367 ut
1602 3314 2020 3368 sanctissimam

404 3394 699 3468 Virginem
713 3398 947 3453 Mariam
967 3398 1025 3453 in
1049 3401 1381 3467 Patronam,
1404 3404 1666 3455 sanctum
1692 3419 1826 3457 vero
1854 3403 2024 3457 Joan-

405 3499 542 3539 nem
571 3485 885 3556 Baptistam
916 3486 976 3540 in
1005 3491 1318 3558 patronum
1352 3489 1655 3561 eligerent,
1691 3491 1895 3564 eadem
1914 3490 2023 3545 ista

405 3573 768 3644 apparitione
782 3574 1014 3647 impulsi
1040 3575 1275 3643 fuerint,
1295 3576 1679 3632 dubitandum
1709 3595 1777 3632 ex
1786 3579 1913 3650 jam
1930 3597 2021 3634 su-

404 3675 512 3732 pra
535 3660 698 3716 dictis
726 3662 818 3730 sit,
841 3662 1184 3718 habueritne
1212 3664 1334 3719 hac
1365 3664 1488 3735 ipsa
1516 3682 1776 3737 unquam
1808 3668 2020 3734 locum,

406 3748 788 3806 dubitandum
814 3751 991 3806 etiam
1017 3756 1277 3825 apparet.
1310 3753 1443 3808 Mihi
1494 3753 1729 3809 interim
1771 3772 1899 3811 eam
1930 3756 2023 3810 hic

404 3853 870 3895 commemorare
891 3840 1075 3896 visum
1103 3844 1209 3909 est,
1242 3843 1417 3914 quod,
1454 3844 1714 3914 quamvis
1745 3861 1813 3899 ex
1834 3846 2018 3913 dictis,

403 3926 451 3981 si
481 3928 674 3982 locum
700 3946 961 4001 unquam
1002 3930 1224 3998 habuit,
1281 3931 1522 3986 concilio
1570 3932 2019 3989 Claromontano

405 4014 579 4069 fuerit
603 4018 911 4087 posterior,
946 4018 1204 4072 fortassis
1240 4020 1443 4072 tamen
1473 4017 1595 4090 ipso
1649 4020 1833 4075 adhuc
1864 4038 2017 4076 anno

408 4104 566 4169 1095,
588 4103 747 4175 cujus
776 4105 1086 4159 Novembri
1100 4105 1455 4159 celebratum
1483 4105 1544 4159 id
1571 4106 1700 4174 fuit,
1728 4108 2016 4178 acciderit,

405 4189 613 4265 hicque
640 4193 711 4248 de
736 4194 1041 4260 rebus,hoc
1072 4193 1298 4248 circiter
1324 4197 1589 4268 tempore
1619 4197 1794 4268 gestis
1847 4202 2019 4272 atque

408 4279 483 4335 ad
514 4279 789 4335 Sanctum
810 4281 1372 4353 spectantibus,esset
1387 4283 1774 4339 tractandum.
1806 4287 2019 4343 Rerum

409 4368 846 4441 modo,propius
876 4369 1140 4425 nonnihil
1183 4371 1338 4426 hunc
1390 4371 1776 4443 tangentium,
1810 4376 2017 4431 seriem

404 4472 844 4530 prosequamur.

479 4545 602 4599 611.
634 4545 794 4601 Haud
809 4545 1028 4602 dudum
1058 4547 1248 4603 Bruno
1271 4547 1650 4605 ePlacentino
1681 4551 1946 4622 concilio,
1971 4554 2018 4609 si

406 4636 606 4688 tamen
625 4634 933 4689 huicillum
968 4635 1293 4691 interfuisse
1324 4653 1524 4691 verum
1545 4636 1637 4705 sit,
1672 4642 1795 4694 erat
1825 4657 2017 4697 rever-

404 4738 655 4790 sus,cum
671 4722 948 4794 Rogerius
978 4727 1415 4796 comes,quanto
1444 4724 1504 4779 in
1527 4726 1714 4797 pretio
1747 4744 1813 4783 ac
1854 4746 2017 4785 amo-

405 4827 470 4867 re
490 4827 625 4866 eum
645 4811 905 4879 haberet,
939 4812 1105 4867 aliter
1146 4812 1345 4880 etiam,
1380 4829 1556 4885 quam
1586 4813 2014 4886 donationibus,

405 4897 467 4954 in
494 4900 861 4955 Turritanam
894 4899 1169 4956 Calabria
1200 4917 1486 4965 eremum,
1507 4901 1587 4955 uti
1621 4906 1755 4958 ante
1780 4904 2012 4975 fecerat,

404 4987 803 5044 liberalissime
833 4987 1074 5055 collatis,
1123 4988 1530 5043 manifestavit.
1567 4988 1839 5045 Camillus
1860 4994 2015 5049 Tuti-

406 5091 515 5131 nus
544 5076 803 5147 proxime
823 5074 1034 5131 iterum
1078 5077 1339 5132 laudatus
1392 5077 1451 5130 in
1502 5076 1759 5132 Historia
1791 5079 2019 5135 Ordinis

409 5163 823 5220 Carthusiensis
843 5166 1154 5237 Prospectu
1179 5165 1252 5220 ad
1283 5181 1504 5220 annum
1531 5167 1663 5219 1097
1684 5165 1765 5220 ita
1795 5184 2018 5225 memo-

407 5256 534 5308 rat:
573 5275 600 5304 ‹‹
635 5253 894 5308 Nascitur
913 5254 1109 5309 comiti
1140 5253 1387 5325 Rogerio
1432 5269 1501 5307 ex
1542 5252 1820 5310 Adclaida
1847 5257 2016 5326 filius,

406 5357 581 5414 quem
617 5342 805 5397 ΒΜ]Νο
830 5341 890 5396 in
922 5342 1159 5396 ecclesia
1182 5340 1445 5396 Militensi
1474 5338 1745 5410 baptizat,
1780 5345 1839 5396 et
1871 5344 2017 5399 Lan-

404 5428 569 5484 vinus
594 5447 628 5484 a
651 5430 813 5486 fonte
840 5429 1009 5484 levat.
1042 5430 1170 5485 Fuit
1184 5431 1231 5485 is
1256 5428 1537 5503 Rogerius
1561 5428 1784 5499 primus
1810 5429 2015 5490 Sicilia

405 5533 526 5577 rex.
567 5518 832 5577 Interfuit
853 5518 1134 5577 Maraldus
1165 5523 1224 5577 et
1266 5519 1387 5593 ipse
1442 5516 1870 5593 Carthusianus,
1919 5524 2018 5595 qui

2120 3218 2280 3274 cibus
2301 3219 2559 3290 integris,
2588 3220 2647 3273 in
2677 3237 2817 3292 quas
2847 3237 3108 3276 errorem
3126 3221 3429 3277 difficulter
3458 3225 3556 3276 aut
3574 3224 3731 3275 certe

2123 3323 2242 3361 non
2274 3310 2394 3361 tam
2412 3308 2577 3362 facile
2590 3312 2827 3380 tamque
2853 3309 3189 3381 frequenter
3204 3310 3483 3382 irrepere,
3518 3309 3731 3364 eruditi

2123 3412 2328 3450 omnes
2343 3400 2578 3464 norunt,
2608 3396 2667 3450 in
2680 3398 2917 3453 recitato
2946 3398 3252 3453 Romualdi
3278 3402 3435 3453 textu
3466 3398 3735 3471 exprimi-

2121 3485 2315 3553 tur;ad
2335 3486 2457 3539 hac
2476 3486 2615 3540 nihil
2648 3487 2818 3558 plane
2843 3486 3067 3559 uspiam
3112 3487 3385 3555 occurrit,
3440 3485 3596 3559 quod
3625 3486 3735 3541 Ro-

2123 3573 2350 3644 gerium
2372 3574 2551 3627 altero
2567 3573 2695 3627 vita
2706 3590 2821 3627 sua
2838 3589 2993 3628 anno
3020 3573 3496 3643 obiisse,suadere
3513 3578 3735 3629 utcum-

2124 3678 2233 3733 que
2247 3661 2319 3716 sit
2333 3664 2557 3728 natum;
2576 3664 2638 3715 ut
2656 3661 2923 3732 proinde,
2942 3661 2985 3715 si
3006 3679 3123 3717 non
3137 3667 3379 3730 certum,
3412 3663 3731 3718 verosimil-

2120 3752 2329 3806 limum
2358 3753 2561 3806 saltem
2582 3751 2821 3818 sit,eum
2848 3751 3138 3824 assignato
3164 3752 3223 3807 in
3249 3753 3552 3808 Romualdi
3574 3756 3733 3810 textu

2121 3841 2259 3896 Vita
2301 3858 2416 3896 sua
2444 3857 2596 3896 anno
2625 3842 2714 3909 58,
2760 3845 2820 3897 et
2845 3842 3101 3913 quidem,
3159 3843 3241 3896 uti
3281 3843 3433 3898 infra
3486 3843 3726 3911 docebo,

2123 3928 2485 3999 duobusjam
2512 3930 2807 3985 mensibus
2831 3945 2896 3984 ac
2928 3929 3182 4003 quinque
3215 3931 3435 3999 diebus,
3470 3932 3731 4003 quiinte-

2123 4016 2240 4088 gris
2263 4017 2482 4089 pariter
2515 4017 2574 4072 in
2615 4017 2823 4072 eodem
2849 4020 3009 4072 textu
3035 4019 3267 4074 vocibus
3296 4019 3725 4092 exprimuntur,

2114 4104 2242 4175 jam
2257 4107 2569 4178 completo,
2600 4106 2757 4161 diem
2785 4123 2953 4161 suum
2979 4107 3207 4163 obiisse.
3233 4109 3360 4163 Jam
3403 4126 3557 4177 vero,
3589 4124 3723 4163 cum

2120 4193 2179 4248 id
2203 4194 2284 4248 ita
2307 4194 2398 4262 sit,
2433 4194 2686 4266 annique
2699 4194 3120 4268 quinquaginta
3149 4199 3299 4264 octo,
3327 4214 3552 4253 menses
3586 4199 3721 4267 duo,

2040 4311 2092 4369 D
2119 4283 2239 4338 dies
2258 4282 2605 4355 quinque,ex
2624 4300 2776 4338 anno
2802 4285 3218 4340 Incarnationis
3232 4286 3545 4341 Dominica
3566 4289 3722 4355 1154,

2119 4371 2272 4427 ad27
2301 4372 2555 4427 Januarii
2571 4371 2729 4427 diem
2766 4372 2893 4444 jam
2925 4376 3216 4444 provecto,
3263 4391 3376 4446 quo
3412 4376 3725 4448 Rogerium

2116 4477 2319 4532 regem
2341 4477 2372 4515 e
2403 4460 2537 4515 vivis
2566 4460 2791 4528 abiisse,
2823 4460 3035 4532 Pagius
3058 4478 3126 4516 ex
3157 4462 3319 4516 dictis
3348 4465 3725 4520 luculentissi-

2117 4567 2213 4605 me
2243 4550 2553 4622 probatum
2568 4549 2685 4616 dat,
2715 4549 2998 4617 subducti,
3027 4551 3101 4605 ad
3121 4552 3437 4607 Dominica
3464 4555 3728 4609 Incarna-

2119 4639 2291 4695 tionis
2320 4654 2541 4693 annum
2571 4640 2738 4705 1095,
2762 4654 2942 4711 prope
2966 4638 3092 4710 jam
3124 4640 3524 4711 terminatum,
3553 4642 3727 4698 dedu-

2118 4731 2271 4794 cant,
2299 4725 2721 4781 consectarium
2770 4728 2875 4793 est,
2908 4730 2971 4781 ut
2998 4727 3275 4799 Rogerius
3303 4745 3424 4798 rex,
3457 4730 3517 4784 in
3566 4731 3726 4803 cuius

2120 4822 2347 4887 tempus
2378 4814 2571 4868 natale
2591 4813 2681 4868 hic
2698 4813 3377 4886 inquirimus,posteriori
3406 4818 3517 4873 hoc
3545 4836 3723 4889 anno,

2119 4906 2194 4961 ad
2208 4904 2589 4960 Decembrem
2605 4903 2732 4975 jam
2756 4908 3049 4974 provecto,
3073 4909 3241 4960 natus
3271 4905 3361 4960 sit.

2190 4995 2314 5048 613.
2340 4993 2414 5046 At
2433 5008 2591 5060 vero,
2622 4990 2865 5063 inquies,
2901 4991 3218 5048 Gaufredus
3244 4994 3565 5064 Malaterra,
3601 5014 3723 5054 non

2118 5080 2390 5151 rarojam
2418 5097 2590 5152 supra
2612 5079 2897 5148 laudatus,
2928 5079 3027 5153 qui
3080 5082 3366 5153 majorem
3408 5084 3603 5156 utique
3633 5086 3725 5142 hic

2118 5171 2497 5240 ﬁdem,quam
2509 5167 2860 5223 Romualdus
2876 5167 3088 5223 mereri
3119 5169 3525 5239 videtur,lib.1v
3540 5173 3725 5230 Histo-

2118 5257 2578 5327 riaSicula,cap.
2604 5259 2671 5312 26
2709 5256 2781 5311 de
2813 5256 3026 5327 Capua,
3060 5273 3165 5328 per
3193 5259 3528 5330 Rogerium,
3577 5262 3728 5333 Apu-

2117 5347 2230 5416 lia,
2258 5345 2536 5402 Calabria
2567 5348 2625 5400 et
2656 5345 2857 5400 Sicilia
2880 5345 3107 5414 ducem,
3140 5346 3423 5419 hujusque
3450 5351 3726 5421 patruum

2117 5436 2453 5509 Rogerium,
2502 5433 2775 5490 Calabria
2826 5440 2886 5492 et
2909 5435 3114 5490 Sicilia
3145 5436 3443 5505 comitem,
3471 5438 3721 5509 obsessa,

2116 5526 2195 5582 sic
2224 5523 2462 5582 scribit:
2508 5524 2722 5581 «Anno
2747 5524 3062 5583 Dominica
3108 5524 3529 5584 Incarnationis
3586 5532 3722 5587 1097
