4066 6032
300 263 408 319 377

1873 256 2055 318 ACTA

3514 261 3618 318 378

298 400 381 456 ibi
403 401 482 472 (in
516 402 712 457 castris
739 401 952 458 scilicet
966 408 1099 459 ante
1117 403 1372 477 Capuam
1387 404 1700 476 obsessam)
1728 404 1908 460 seim-
1938 390 1994 448 Α
2093 406 2216 459 615.
2254 406 2407 458 [nter
2433 421 2592 459 erem
2624 403 2944 459 Calabrinee
2978 402 3211 469 incolas,
3261 402 3358 475 qui
3396 407 3526 474 post
3555 405 3615 460 S.

299 492 624 562 praegnavit
661 491 956 547 comitissa
966 493 1233 548 Adalasia
1249 494 1318 548 de
1339 493 1548 548 comite
1571 495 1815 565 Rogerio
1837 512 1851 562 ;
1878 515 1909 547 πρ

300 596 435 634 cum
468 584 663 634 autem
689 581 781 635 hic
798 582 867 636 de
900 582 1147 654 Rogerio
1170 587 1368 655 postea
1388 600 1523 655 rege
1556 584 1627 638 ab
1648 583 1912 638 Adalasia

300 684 404 722 seu
425 667 701 724 Adelaide
732 674 1012 741 concepto
1045 688 1237 725 sermo
1266 671 1359 739 sit,
1389 689 1515 738 nec,
1536 672 1913 743 quemadmo-

202 787 216 797 ο
301 756 445 810 dum
477 773 545 811 ex
575 756 726 811 infra
750 757 1006 812 dicendis
1021 757 1091 812 de
1112 761 1395 830 tempore,
1414 777 1527 831 quo
1542 760 1747 830 Capua:
1762 759 1912 814 obsi-

301 844 399 900 dio
441 845 737 912 acciderit,
770 849 1046 917 patescet,
1106 847 1383 918 Rogerius
1413 864 1607 903 comes
1635 848 1912 903 Adalasiaa

301 934 549 987 maritus
565 937 700 989 ante
720 935 1122 1002 Pentecosten,
1147 952 1273 1006 quas
1288 952 1440 990 anno
1480 939 1613 990 1097
1631 936 1689 991 in
1718 936 1915 1009 vigesi-

301 1038 465 1076 mam
495 1025 767 1093 quartam
810 1023 937 1077 Maii
956 1023 1109 1078 diem
1126 1023 1412 1099 incidit,in
1426 1024 1634 1078 Castris
1654 1029 1786 1079 ante
1810 1025 1912 1079 Ca-

300 1110 645 1180 puam,dato
668 1110 1163 1177 etiam,civitatem
1180 1112 1329 1166 hanc
1342 1128 1495 1166 anno
1510 1112 1604 1166 ille
1623 1112 1913 1184 aRogerio

301 1197 517 1251 comite
530 1197 700 1252 fuisse
723 1199 1323 1265 obsessam,exstitisse
1344 1200 1913 1272 potuerit,consecta-

302 1285 455 1339 rium
490 1302 522 1339 e
549 1285 802 1364 recitatis
844 1286 1115 1341 Gaul‘redi
1161 1288 1477 1342 Malaterrae
1511 1289 1700 1343 verbis
1742 1288 1824 1356 lit,
1855 1293 1918 1342 ut

305 1373 608 1443 Rogerius,
638 1374 861 1445 primus
898 1374 1102 1429 Sicilia:
1134 1392 1253 1441 rex,
1288 1392 1404 1429 non
1432 1392 1585 1430 anno
1631 1379 1763 1430 l095
1796 1376 1916 1430 fere

298 1460 423 1530 jam
461 1460 646 1527 linito,
681 1461 781 1515 sed
802 1478 955 1516 anno
974 1461 1188 1515 demun
1225 1464 1359 1517 1098
1382 1462 1615 1516 ineunte
1637 1466 1803 1517 natus
1823 1463 1915 1518 sit.

305 1549 533 1617 Fateor,
567 1549 646 1603 sic
678 1550 854 1604 habet
901 1567 914 1604 :
948 1566 1173 1618 verum,
1221 1553 1609 1622 prmterquam
1640 1551 1795 1622 quod
1842 1551 1919 1605 sic

307 1636 579 1708 equidem
613 1637 877 1691 nondum
906 1638 1174 1692 nativitas
1191 1638 1288 1691 illa
1311 1656 1463 1693 anno
1489 1641 1648 1705 1097,
1681 1638 1769 1692 cui
1787 1656 1917 1694 eam

305 1699 381 1779 ei;
402 1723 564 1779 dictis
587 1724 858 1779 Camillus
894 1724 1134 1778 Tutinus
1164 1725 1422 1792 innectit,
1478 1699 1769 1793 acciderit,
1797 1743 1916 1780 esse
1944 1699 1994 1757 Β

307 1812 379 1865 de
412 1812 659 1883 Rogerio
688 1814 889 1881 postea
918 1828 1077 1883 rege,
1113 1829 1289 1883 quem
1326 1813 1589 1867 Adelasia
1619 1813 1675 1866 in
1721 1814 1919 1868 castris

306 1904 444 1953 ante
469 1900 723 1969 Capuam
746 1916 776 1953 e
802 1900 1049 1971 Rogerio
1076 1900 1287 1954 comite
1305 1901 1513 1954 marito
1531 1917 1631 1954 suo
1647 1917 1920 1971 concepe-

307 1988 402 2054 rit,
440 1988 499 2041 in
528 1988 640 2043 huc
671 1987 961 2041 translatis
1008 2004 1038 2041 e
1068 1988 1382 2042 Malaterrae
1430 1988 1677 2042 Historia
1733 1989 1920 2043 Sicula

249 2102 263 2114 ι
304 2076 491 2130 verbis
512 2075 1107 2145 sermonem,probari
1132 2092 1249 2131 non
1271 2079 1478 2148 potest.
1495 2077 1736 2145 Nec,etsi
1759 2094 1918 2131 secus

305 2164 476 2230 foret,
512 2164 829 2235 quidquam
852 2164 989 2217 inde
1026 2180 1132 2235 pro
1167 2164 1398 2235 Rogerii
1420 2165 1589 2236 .regis
1621 2165 1916 2219 nativitate

305 2269 459 2307 anno
496 2254 631 2307 1097
677 2251 967 2323 afﬁgenda
1001 2252 1335 2312 haberetur,
1399 2269 1528 2306 cum
1575 2254 1749 2308 verba
1821 2253 1918 2309 illa

303 2341 617 2396 Malaterraa
638 2339 1006 2394 attribuenda
1019 2357 1137 2395 non
1150 2340 1389 2407 sint,sed
1403 2340 1474 2394 ad
1486 2357 1715 2411 pagmae
1729 2359 1913 2409 oram,

307 2444 338 2483 e
358 2445 470 2500 qua
493 2428 702 2483 deinde
731 2427 791 2481 in
824 2427 1013 2498 ipsum
1042 2430 1264 2481 textum
1289 2428 1360 2481 ab
1381 2428 1649 2500 imperito
1680 2430 1915 2484 librario

304 2517 524 2572 fuerint
554 2516 836 2577 traducta,
873 2515 944 2570 ab
975 2515 1171 2587 inepto
1205 2516 1544 2570 adnotatore
1565 2518 1781 2572 fuerint
1815 2518 1915 2572 ad-

306 2606 538 2675 scripta,
571 2604 654 2658 uti
686 2604 840 2658 infra
865 2605 1195 2671 ostendam,
1229 2621 1360 2659 cum
1381 2608 1501 2659 tam
1531 2607 1600 2661 de
1632 2606 1916 2677 Capuanse

313 2692 627 2749 obsidionis
655 2695 941 2763 tempore,
976 2709 1152 2765 quam
1184 2693 1256 2747 de
1288 2694 1622 2764 diplomate,
1657 2712 1770 2766 quo
1789 2698 1919 2768 post

307 2781 458 2835 hanc
490 2780 547 2835 S.
581 2781 836 2836 Brunoni
857 2797 1172 2852 eremoque
1206 2781 1520 2837 Calabrinaa
1552 2784 1734 2837 multa
1763 2785 1919 2838 bona

307 2870 588 2943 Rogerius
610 2886 804 2925 comes
820 2869 1082 2935 contulit,
1113 2886 1446 2925 sermonem
1474 2871 1793 2926 instituam.

377 2958 639 3014 614.Μίὴί
662 2959 875 3029 itaque,
898 2957 1166 3011 omnibus
1179 2958 1913 3031 consideratis,Rogerium,
1945 2982 1994 3043 ρ

307 3045 542 3118 Bogerii
573 3046 799 3101 comitis
858 3045 1063 3111 filium,
1098 3049 1411 3118 posteaque
1443 3046 1646 3102 Siciliae
1689 3064 1912 3120 regem,

308 3152 430 3190 non
462 3151 619 3190 anno
654 3137 811 3201 1097,
842 3139 906 3189 ut
931 3135 1128 3189 statuit
1169 3135 1428 3202 Tutinus,
1462 3136 1561 3190 sed
1589 3153 1744 3192 anno
1780 3139 1913 3191 1095

311 3227 560 3278 exeunte
583 3229 785 3277 natum
817 3222 1345 3289 esse,verosimilius
1364 3224 1549 3278 adhuc
1561 3228 1761 3279 manet
1789 3241 1917 3296 par-

308 3311 415 3366 tim
444 3311 517 3367 ob
544 3311 863 3384 sequentia,
920 3327 1048 3382 quae
1077 3327 1251 3382 supra
1280 3313 1465 3366 adhuc
1503 3313 1755 3381 recitavi,
1802 3314 1913 3369 Ro-

305 3401 614 3471 mualdi.de
638 3400 881 3471 Rogerio
913 3416 1049 3471 rege
1077 3401 1269 3465 verba,
1286 3402 1579 3456 «Mortuus
1594 3406 1743 3457 est...
1761 3420 1914 3458 anno

301 3490 435 3544 vitae
460 3506 576 3545 suae
609 3489 1089 3561 quinquagesimo
1112 3492 1330 3557 octavo,
1354 3490 1648 3544 mensibus
1672 3491 1914 3559 duobus,

306 3578 515 3634 diebus
541 3578 817 3650 quinque,
844 3598 877 3627 ››
914 3576 1129 3649 partim
1157 3577 1313 3648 quod
1343 3578 1488 3646 haec,
1518 3579 1777 3649 quamvis
1804 3579 1915 3633 R0-

306 3667 577 3722 mualdus
597 3667 656 3720 in
687 3665 968 3721 Chronico
997 3682 1097 3721 suo
1126 3681 1619 3743 annum,numero
1648 3667 1916 3731 ordinali,

307 3773 486 3829 quem
519 3756 571 3811 ei
604 3754 888 3826 adjungit,
912 3754 1299 3825 designatum,
1327 3772 1431 3827 pro
1463 3772 1617 3811 anno
1660 3758 1920 3828 comple-

309 3847 373 3899 to
400 3845 616 3917 absque
642 3842 959 3909 additione,
994 3859 1107 3914 qua
1135 3843 1259 3897 ﬁeri
1290 3843 1349 3898 id
1387 3861 1421 3898 a
1470 3861 1529 3899 se
1574 3848 1772 3916 aperte
1799 3845 1918 3899 edi-

309 3936 423 3999 cat,
457 3933 715 4004 accipere
746 3947 864 3986 non
892 3932 1091 3998 soleat,
1127 3931 1197 3986 de
1227 3948 1381 3987 anno
1417 3936 1614 3988 tamen
1641 3934 1921 4006 quinqua-

310 4022 536 4095 gesimo
569 4024 792 4088 octavo,
845 4020 1067 4075 duobus
1086 4020 1213 4091 jam
1252 4021 1544 4076 mensibus
1571 4039 1635 4077 ac
1665 4024 1919 4095 quinque

312 4110 513 4166 diebus
545 4110 856 4181 completo,
886 4109 1324 4180 interpretanda
1347 4110 1439 4164 hic
1464 4110 1598 4180 sint,
1631 4112 1712 4166 uti
1743 4111 1924 4186 liquet

318 4216 350 4253 e
380 4198 725 4271 sepulchrali
747 4197 1117 4270 inscriptione
1145 4198 1298 4270 regis
1318 4199 1566 4271 Rogerii,
1598 4218 1725 4272 quas
1770 4201 1922 4273 apud

315 4265 609 4343 Bocchum
642 4287 871 4341 Pirrum
911 4265 971 4340 in
1019 4265 1241 4358 regum.
1264 4265 1465 4343 Sicilia:
1511 4265 1918 4361 Chr—onologi'a,
1944 4265 1998 4326 D

318 4374 525 4431 Siciliae
554 4376 743 4431 Sacra:
767 4380 914 4431 tom.
945 4376 965 4427 Ι
992 4375 1244 4448 praefixa,
1282 4393 1416 4448 pag.
1459 4379 1490 4432 8
1522 4382 1723 4445 exstat,
1771 4394 1923 4449 quaa-

322 4482 434 4536 que
463 4465 541 4520 sic
564 4464 783 4519 habnt:
815 4463 988 4517 «Vix.
1022 4481 1117 4517 an.
1152 4466 1241 4531 59,
1272 4466 1542 4536 regn.34.
1562 4465 1921 4521 obiitlliii.»

313 4552 440 4608 Jam
472 4569 630 4620 vero,
656 4569 789 4608 cum
818 4552 973 4607 idita
1000 4552 1233 4620 haheat,
1256 4552 1507 4625 annique
1536 4554 1921 4626 quinquagin-

313 4644 374 4697 ta
392 4645 779 4709 octo,menses
803 4640 916 4695 duo
934 4642 991 4695 et
1019 4640 1138 4695 dies
1168 4640 1442 4713 quinque,
1469 4658 1503 4697 a
1535 4642 1809 4714 vigesima
1834 4658 1920 4697 se-

313 4730 801 4805 ptimaFebruarii
834 4729 925 4784 die
951 4729 1089 4783 anni
1124 4731 1282 4797 1154,
1324 4746 1436 4802 quo
1471 4747 1541 4785 ex
1567 4730 1732 4786 dictis
1766 4730 1923 4786 idem

312 4819 582 4892 princeps
610 4818 771 4874 omni
799 4817 974 4873 dubio
1004 4818 1200 4889 procul
1223 4817 1338 4873 vita
1358 4818 1589 4874 functus
1618 4823 1724 4888 est,
1768 4819 1921 4875 ordi-

315 4926 390 4964 ne
410 4906 755 4980 retrogrado
787 4905 1128 4978 computati,
1160 4906 1467 4961 adannum
1501 4910 1634 4963 1095
1657 4909 1777 4963 fere
1803 4911 1920 4966 ela-

314 5014 483 5072 psum
508 4996 818 5064 deducant,
853 5010 1211 5066 consequens
1242 4998 1346 5063 est,
1377 4998 1440 5049 ut
1468 4999 1614 5064 tum,
1648 4999 1924 5069 quemad-

315 5087 559 5142 modum
579 5084 707 5157 jam
740 5084 979 5151 dictum,
1012 5083 1290 5155 Rogerius
1317 5100 1418 5138 rex
1446 5087 1667 5140 natales
1686 5086 1758 5140 sit
1783 5103 1920 5143 con-

316 5178 561 5230 secutus.
594 5172 760 5237 Quod
808 5188 940 5226 cum
969 5172 1049 5226 ita
1076 5171 1168 5239 sit,
1227 5171 1398 5227 simul
1448 5174 1625 5229 etiam
1669 5177 1919 5247 tempus,

316 5281 431 5336 quo
459 5261 739 5335 baptizari
762 5276 894 5315 cum
926 5276 960 5315 a
985 5261 1253 5314 Brunone
1284 5261 1611 5333 contigerit,
1646 5262 1921 5321 determi-

317 5355 523 5409 natum
570 5350 872 5406 habemus.
910 5349 1127 5403 Vurum
1158 5348 1312 5402 unde
1343 5352 1585 5419 constat,
1622 5350 1835 5409 Sancto
1866 5355 1925 5411 id

314 5441 554 5498 honoris
581 5457 617 5497 a
644 5439 892 5511 Rogerio
924 5436 1135 5493 comite
1159 5436 1413 5492 delatum
1437 5438 1632 5511 fuisse,
1660 5445 1723 5499 ut
1742 5442 1926 5521 bapti-

317 5530 433 5589 zari
456 5530 531 5588 ab
561 5544 632 5586 eo
659 5527 844 5592 ﬁlium
872 5542 1043 5585 suum
1066 5524 1354 5584 voluerit?

2024 492 2304 548 Brunonis
2330 493 2554 547 obitum
2598 492 2729 547 novi
2790 491 3000 546 Prioris
3055 506 3156 545 seu
3205 491 3477 562 Magistri,
3524 491 3621 563 qui

2022 581 2128 635 toti
2154 598 2352 637 eremo
2381 585 2668 652 praaesset,
2700 580 2965 636 electioni
2988 579 3391 646 interfuerunt,
3422 579 3624 635 Maral-

2022 669 2127 723 dus
2152 674 2481 724 recensetur
2511 670 2569 723 in
2602 670 2756 724 infra
2784 670 2893 723 huc
2924 667 3359 723 transcribendo
3392 683 3622 722 eorum-

2018 758 2152 813 dem
2182 759 2475 830 Catalogo,
2509 758 2605 830 qui
2634 759 2691 813 in
2726 757 2965 828 antiqua
3017 758 3235 821 charta,
3279 753 3369 809 cui
3412 754 3624 826 singuli

2015 847 2256 902 nomina
2276 865 2377 902 sua
2422 847 2668 917 ipsemet
2696 846 3126 918 inscripserant,
3183 843 3292 897 fuit
3340 845 3621 914 repertus.

2013 935 2246 990 Maraldi
2279 935 2477 1003 etiam,
2509 934 2923 990 Carthusiensis
2942 932 3234 999 monachi,
3257 930 3354 1002 qui
3382 930 3622 986 Chroni-

2016 1039 2125 1078 con
2152 1025 2447 1095 quoddam
2476 1023 2795 1095 digesserit,
2830 1023 3087 1077 Bocchus
3105 1021 3297 1075 Pirrus
3326 1019 3385 1073 in
3415 1035 3622 1091 regum

2017 1110 2220 1165 Siciliae
2253 1111 2644 1182 Chronologia
2674 1110 2926 1181 alibique
2969 1126 3086 1163 non
3137 1124 3266 1163 raro
3329 1107 3619 1175 meminit,

2017 1216 2265 1271 eumque
2293 1200 2519 1270 poetica
2550 1216 2695 1253 vena
2721 1198 2957 1253 divitem
2984 1197 3176 1259 fuisse,
3206 1199 3378 1267 atque
3412 1195 3485 1249 ad
3518 1212 3621 1249 an-

2017 1304 2157 1341 num
2190 1291 2322 1341 1095
2358 1288 2636 1353 ﬂoruisse,
2660 1286 2928 1341 Morotius
2945 1286 3002 1339 in
3026 1284 3443 1355 Chronologico
3463 1282 3624 1337 Ordi-

2018 1376 2106 1429 nis
2135 1375 2549 1431 Carthusiensis
2579 1375 2822 1429 Theatro
2842 1374 3303 1444 afﬁrmat.Atque
3316 1388 3382 1425 ex
3401 1371 3488 1425 his
3502 1386 3623 1425 om-

2019 1466 2186 1519 nibus
2206 1465 2330 1535 jam
2351 1464 2433 1530 ﬁt,
2466 1468 2529 1518 ut
2544 1463 2951 1529 etMaraldum,
2972 1461 3283 1517 Carthusize
3304 1459 3620 1514 Calabrinte

2019 1552 2578 1623 alumnum,Rogcrii
2596 1555 2795 1623 postea
2812 1550 2961 1621 regis
2990 1550 3298 1620 baptismo,
3316 1548 3623 1602 utTutinus

2019 1643 2119 1709 ait,
2170 1659 2300 1696 vere
2330 1641 2632 1707 adstitisse,
2676 1644 2732 1693 et
2758 1656 2790 1692 a
2823 1639 3031 1693 Sancto
3064 1640 3259 1692 nostro
3286 1635 3622 1707 Rogerium,

2018 1730 2273 1802 primum
2306 1732 2434 1799 post
2480 1731 2705 1782 exactos
2736 1727 3051 1780 Saracenos
3085 1724 3290 1780 Sicilia:
3314 1721 3623 1794 regem,uti

2019 1818 2065 1871 is
2096 1817 2153 1871 in
2183 1818 2473 1887 Rhythmo
2496 1816 2723 1881 melico,
2753 1831 2925 1885 quem
2949 1830 3017 1867 ea
3047 1813 3116 1867 de
3147 1829 3231 1879 re,
3260 1811 3467 1865 Tutino
3500 1808 3620 1864 alii-

2020 1922 2159 1977 sque
2208 1904 2568 1971 testantibus,
2619 1902 2845 1967 cecinit,
2901 1918 3005 1955 nos
3052 1900 3237 1966 docet,
3270 1898 3622 1969 baptizatum

2019 2010 2149 2048 vere
2183 1992 2375 2060 fuisse,
2408 2007 2743 2064 persuasum
2776 1989 2918 2043 mihi
2948 1988 3215 2055 habeam,
3249 1987 3625 2072 futurumque

2018 2085 2240 2153 putem,
2273 2085 2337 2135 ut
2358 2080 2511 2135 idem
2540 2094 2771 2134 mecum
2805 2095 2835 2131 e
2870 2078 3251 2131 monumento
3274 2075 3382 2129 isto
3414 2073 3626 2127 studio-

2022 2188 2117 2224 sus
2148 2171 2327 2223 lector
2357 2184 2693 2240 persuasum
2727 2166 2833 2221 sibi
2863 2165 3093 2219 habeat.
3124 2164 3184 2218 Id
3222 2162 3624 2234 proindeinte-

2020 2275 2189 2332 grum
2236 2258 2347 2311 huc
2389 2273 2420 2310 e
2449 2256 2654 2309 Tutino
2697 2253 3101 2318 transcribere,
3151 2266 3341 2321 opera:
3375 2249 3623 2320 pretium

2021 2346 2307 2411 existimo,
2335 2344 2470 2399 licet
2501 2342 2737 2397 interim
2763 2340 2899 2396 locis
2930 2338 3223 2394 nonnullis
3256 2338 3336 2392 ita
3360 2339 3512 2392 male
3536 2337 3623 2391 vel

2020 2436 2091 2490 ab
2125 2435 2375 2505 ipsomet
2405 2435 2637 2487 auctore
2654 2427 3160 2491 versiculitornati,
3188 2427 3273 2482 vel
3301 2424 3625 2480 describen-

2006 2524 2165 2577 tium
2192 2539 2387 2577 errore
2416 2519 2595 2575 vitiati
2626 2519 2761 2585 sint,
2791 2522 2854 2572 ut
2877 2517 2966 2571 vix
2996 2532 3060 2570 ac
3093 2532 3165 2569 ne
3216 2514 3306 2568 vix
3363 2513 3622 2585 quidem,

2018 2612 2156 2683 quid
2184 2611 2252 2665 iis
2282 2610 2653 2682 signiﬁcetur,
2685 2606 2991 2677 intelligas.

2088 2702 2211 2755 616.
2247 2698 2342 2752 His
2371 2698 2563 2769 itaque
2584 2697 2809 2751 constat
2839 2691 3148 2748 versiculis.

2236 2788 2400 2841 Totus
2425 2786 2564 2839 orbis
2589 2784 2752 2838 claret
2774 2782 2913 2836 orbis

2302 2874 2463 2930 Claro
2492 2873 2737 2928 natalitio

2227 2964 2560 3020 Marchionis
2588 2963 2659 3017 Μ
2658 2962 2855 3017 ilitonis

2301 3053 2581 3123 Boni/acii
2608 3051 2741 3105 Itali

2227 3143 2419 3214 Neptis
2438 3149 2614 3207 ornat,
2654 3155 2809 3212 quem
2845 3142 3064 3193 exornat

2307 3232 2454 3287 Uror
2489 3230 2769 3292 Adelasia,

2229 3320 2546 3375 Brutiorum
2574 3317 2881 3373 Siculorum

2302 3407 2562 3463 Comitem
2590 3406 2910 3478 Rogerium;

2228 3496 2305 3552 Et
2326 3496 2767 3551 Northmannum
2788 3490 3089 3547 veneranda

2300 3586 2485 3640 Donat
2520 3586 2637 3657 fetu
2673 3585 2877 3654 femina

2233 3672 2520 3737 Generosa,
2562 3673 2813 3743 gloriosa,

2304 3761 2472 3828 Quem
2497 3763 2652 3816 enixa
2669 3760 2894 3831 peperit.

2232 3850 2459 3906 Avitum
2488 3850 2583 3921 [an
2613 3857 2829 3904 auctum
2846 3847 2891 3919 7]
2924 3849 3103 3910 sensit,
3132 3862 3185 3901 se
3193 3844 3469 3916 praesensit

2308 3937 2491 3994 Comes
2514 3939 2599 3994 ille
2625 3938 2757 4008 ﬁlio,

2232 4026 2419 4083 Mense
2448 4029 2582 4083 dena
2602 4029 2697 4099 qui
2716 4033 2918 4080 terreno

2311 4118 2500 4172 Tectus
2528 4119 2634 4171 exit
2644 4114 2899 4188 pondere.

2236 4205 2535 4261 Melitensis
2560 4206 2623 4276 ﬁt
2649 4204 2915 4259 immensis

2313 4295 2450 4350 Urbs
2470 4298 2693 4366 antiqua
2716 4292 2948 4364 gaudiis.

2235 4373 2411 4428 Imma
2436 4382 2625 4429 cuncta
2654 4379 2799 4427 stant
2828 4371 3075 4442 injuncta

2310 4464 2471 4519 Laetis
2491 4471 2541 4516 et
2563 4462 2867 4515 Trinacria.

2238 4551 2443 4608 Chorus
2474 4552 2621 4605 laetus
2639 4567 2702 4604 ac
2732 4549 2986 4613 discretus

2308 4640 2458 4693 Lata
2484 4638 2619 4692 ludit
2646 4638 2910 4698 carmina,

2232 4728 2347 4784 Pro
2377 4727 2586 4783 lavacro
2622 4726 2743 4781 divo
2770 4740 2920 4780 sacro

2313 4816 2483 4872 Unda?
2514 4823 2626 4870 tum
2654 4813 2886 4870 lustralis

2238 4904 2424 4962 Comes
2453 4911 2573 4959 orat
2588 4909 2638 4958 et
2660 4909 2844 4957 exorat

2307 4994 2560 5050 Brunum
2586 4992 2990 5059 Alemanicum,

2150 5154 2155 5159 1
2235 5084 2385 5140 Nam
2411 5090 2635 5150 tenetur,
2662 5088 2724 5135 ut
2752 5080 2943 5151 ligetur

2307 5173 2463 5228 Illius
2492 5173 2717 5228 devotio.

2235 5263 2543 5319 Accersitus
2563 5276 2671 5314 non
2696 5262 2898 5314 invitus

2306 5352 2578 5408 Jubilosus
2609 5347 2843 5403 advenit.

2239 5441 2562 5516 Baptizatur
2591 5442 2640 5490 et
2665 5434 2882 5493 lavatur

2310 5531 2477 5591 Sacro
2497 5540 2637 5603 puer
2667 5523 2901 5597 fumine,
