4066 6032
495 200 598 253 379

705 318 982 373 Lanvinus
1009 323 1084 370 est
1101 317 1354 386 patrinus

777 406 988 460 Nobilis
1017 404 1460 465 Northmanicus,

706 495 949 566 Tumque
972 510 1121 547 sacro
1147 493 1211 546 de
1244 492 1456 545 lavacro

780 584 931 638 Oliva
957 584 1148 639 Bruno
1188 581 1487 649 inungitur.

563 674 689 728 617.
712 670 929 728 Sistunt
962 670 1151 724 bellum
1168 676 1291 739 post
1306 666 1547 739 puellum

778 758 989 815 Christo
1018 758 1132 813 Deo
1148 771 1353 827 supero.

704 847 867 903 Felix
890 864 1063 908 omen,
1097 852 1234 899 tenet
1271 860 1460 897 nomen

773 934 922 989 Puer
947 935 1031 988 hic
1054 933 1337 1005 Rogerius,

706 1022 927 1078 Canunt
955 1039 1151 1084 omnes,
1182 1026 1330 1076 stant
1355 1021 1614 1074 insomnes

776 1111 848 1166 Μ
846 1113 969 1165 etris
983 1110 1363 1181 jubilantibus.

702 1190 883 1245 Ardet
917 1192 1069 1260 farus
1094 1198 1189 1257 [an
1219 1189 1419 1258 focus?
1453 1188 1642 1254 E.P.].
1673 1183 1871 1255 gaudet
1912 1181 2095 1238 Morus

777 1278 964 1331 Nimio
984 1294 1104 1348 prae
1138 1276 1356 1345 gaudio.

701 1365 990 1421 Militensis
1006 1383 1133 1418 nam
1156 1366 1373 1419 ostensis

779 1453 1059 1507 Gaudebat
1087 1453 1322 1513 ecclesia,

705 1542 845 1608 Quia
863 1549 1035 1613 tapete
1072 1558 1191 1594 cum
1224 1540 1391 1593 abiete

769 1629 1053 1683 Exornata
1086 1630 1322 1682 cernitur
1344 1646 1361 1693 ;

704 1716 921 1772 Fronde
949 1719 1103 1779 viret,
1132 1733 1282 1770 nemo
1311 1716 1448 1778 silet,

774 1803 973 1860 Cuncti
1003 1804 1194 1858 ludunt
1219 1802 1452 1874 gaudiis.

704 1894 844 1949 Tum
866 1895 1137 1957 Urbanus,
1167 1894 1257 1949 sed
1281 1895 1547 1969 humanus

769 1983 979 2036 Jubilat
1011 1982 1303 2044 natalibus,

696 2070 806 2125 Hic
834 2070 1110 2137 secundus,
1131 2076 1272 2125 totus
1298 2069 1529 2123 mundus

772 2156 941 2224 Quem
975 2158 1170 2212 adorat
1190 2160 1445 2227 protinus

701 2245 906 2301 Christi
917 2246 1033 2299 sede
1068 2263 1191 2300 cum
1223 2245 1455 2300 mercede

769 2333 945 2404 Regni
977 2335 1265 2389 beatissimi
1297 2352 1313 2397 ;

694 2421 805 2477 Hic
820 2429 1096 2493 precatur,
1129 2423 1260 2477 dum
1291 2423 1534 2487 levatur,.

765 2510 977 2565 Puerili
994 2511 1225 2565 Domino

693 2599 1003 2656 Salutarem
1021 2608 1180 2672 atque
1196 2618 1387 2670 parem

778 2689 960 2744 Vitam
992 2688 1196 2744 Christi
1212 2689 1460 2744 carlibem.

693 2776 842 2845 Ergo
872 2785 1019 2841 nato,
1047 2776 1136 2831 sed
1164 2784 1347 2831 renato

773 2863 1016 2920 Christus
1047 2882 1208 2935 regna
1216 2884 1389 2938 puero

692 2952 867 3007 Donet
897 2955 1012 3010 celi
1038 2954 1175 3009 dono
1204 2955 1304 3009 zeli

764 3042 947 3098 Simul
974 3050 1024 3098 et
1036 3044 1353 3115 ustissimo.

695 3130 919 3186 Summo
938 3132 1090 3202 jugis
1118 3132 1232 3185 laus
1251 3133 1429 3202 frugis

770 3220 882 3273 Deo
911 3222 978 3273 sit
1008 3222 1063 3273 in
1095 3220 1306 3274 saecula.
1343 3219 1541 3273 Amen.

554 3309 677 3362 618.
712 3308 1058 3362 Habueritne
1089 3307 1372 3375 Adelasia,
1405 3306 1633 3362 comitis
1665 3306 1894 3380 Rogerii
1926 3325 2089 3375 uxor,

1347 190 1403 245 S.
1432 186 1776 245 BRUNONIS
1817 181 2448 240 CARTHUSIANORUM
2486 178 2952 237 INSTITUTORIS

2121 309 2179 368 Α
2198 305 2378 377 liquet
2412 322 2423 359 :
2461 322 2531 358 ne
2564 304 2688 376 quis
2718 306 2916 357 tamen
2941 301 3010 357 de
3028 297 3809 371 ultimisigniﬁcationequaa

2118 2912 2173 2975 Ο

3704 177 3812 231 380

2197 393 2307 448 huc
2338 393 2700 469 potissimum
2730 393 2969 462 spectat,
3018 390 3166 443 forte
3215 388 3460 453 dubitet,
3503 387 3695 440 Bruno
3743 384 3807 438 in

2197 481 2306 535 hoc
2340 482 2558 536 dativus
2588 484 2696 548 est,
2729 499 2762 535 a
2793 480 3031 535 nomine
3049 479 3292 544 Brunus,
3320 475 3475 548 quod
3499 478 3673 545 poeta
3691 472 3809 539 hic,

2197 569 2277 623 uti
2300 587 2330 623 e
2355 570 2576 624 duobus
2620 570 2776 624 hisce
2809 567 3191 623 anterioribus
3210 566 3329 637 ejus
3341 563 3651 631 versiculis,
3675 562 3814 617 «Co-

2196 674 2320 712 mes
2347 662 2472 712 orat
2502 662 2559 712 et
2589 661 2787 713 exorat
2812 659 3067 712 Brunum
3096 655 3533 711 Alemanicum»
3564 651 3814 707 manife-

2195 747 2347 799 stum
2368 745 2452 815 ﬁt,
2470 763 2575 818 pro
2610 746 2848 801 nomine
2867 747 3055 800 Bruno
3079 746 3335 816 usurpat,
3362 743 3803 812 deductus,pro-

2197 850 2307 906 que
2330 835 2575 890 ablativo
2596 852 2726 891 cum
2755 833 3160 906 przepositione
3192 851 3226 887 a
3256 832 3619 904 praecedente
3652 831 3807 884 Grai-

2198 938 2399 977 corum
2432 941 2594 978 more
2616 923 2931 991 adhibitus;
2967 927 3030 977 ut
3049 921 3309 977 versiculi
3332 920 3479 975 illius
3509 935 3706 973 sensus
3734 916 3811 972 sit

2202 1032 2229 1061 «
2255 1008 2409 1066 Olivo
2442 1029 2475 1065 a
2505 1012 2772 1066 Brunone
2792 1011 3109 1083 inungitur,
3131 1032 3158 1060 »
3186 1011 3503 1080 doceatque
3524 1023 3655 1062 cum
3671 1021 3815 1060 nou-

2198 1100 2367 1153 nullis
2405 1100 2666 1171 proxime
2700 1100 3170 1154 antecedentibus
3202 1103 3259 1153 et
3300 1094 3808 1169 consequentibus,

2196 1186 2530 1259 Rogerium,
2566 1189 2795 1260 Rogerii
2822 1188 3100 1243 Calabria:
3136 1191 3194 1241 et
3225 1186 3430 1241 Siciliae
3463 1182 3709 1249 comitis,
3734 1181 3801 1235 ﬁ-

2195 1274 2360 1342 lium,
2396 1294 2430 1330 a
2456 1276 2512 1331 S.
2546 1277 2811 1331 Brunone
2844 1276 3013 1331 Mileti
3045 1276 3099 1330 in
3131 1275 3394 1330 Calabria
3422 1270 3664 1327 solemni
3691 1269 3812 1323 ritu

2196 1361 2369 1434 idque
2401 1380 2576 1430 anno,
2635 1364 2717 1419 uti
2769 1382 2837 1418 ex
2875 1364 3003 1434 jam
3037 1382 3209 1436 supra
3253 1362 3415 1417 dictis
3447 1375 3697 1433 pronum
3725 1358 3815 1411 est

2198 1468 2421 1519 eruere,
2459 1456 2592 1507 1095
2625 1457 2866 1507 exeunte
2893 1453 3067 1508 fuisse
3108 1451 3483 1522 baptizatum.

2270 1541 2392 1594 619.
2424 1541 2583 1595 Haud
2612 1543 2861 1595 multum
2879 1558 3053 1611 porro
3068 1538 3346 1611 temporis
3372 1537 3621 1609 spatium
3649 1552 3682 1589 a
3702 1534 3813 1589 Bo-

2126 1633 2178 1690 B
2198 1628 2360 1700 gerii,
2391 1632 2591 1701 postea
2604 1630 2805 1684 Sicilia:
2824 1630 2997 1702 regis,
3021 1629 3364 1702 baptismate
3382 1630 3507 1680 erat
3526 1626 3807 1695 elapsum,

2197 1733 2329 1770 cum
2353 1721 2580 1772 sanctus
2602 1718 2950 1772 benevolum
2972 1717 3182 1772 iterum
3208 1716 3265 1770 in
3284 1732 3341 1769 se
3370 1711 3619 1785 Rogerii,
3646 1711 3808 1765 Cala-

2198 1804 2337 1859 briae
2359 1808 2416 1858 et
2440 1806 2641 1861 Siciliae
2665 1806 2911 1873 comitis,
2950 1806 3214 1860 animum
3248 1803 3355 1857 fuit
3375 1804 3658 1874 expertus.
3696 1800 3809 1853 Do-

2198 1896 2287 1946 cet
2313 1893 2371 1947 id
2402 1911 2497 1948 me
2531 1894 2824 1963 Surianus,
2858 1895 2916 1948 in
2943 1894 3056 1949 suis
3087 1894 3160 1948 ad
3191 1891 3573 1963 conscriptam
3592 1887 3808 1943 aSurio

2199 1979 2255 2035 S.
2303 1983 2582 2037 Brunonis
2612 1984 2799 2038 Vitam
2857 1982 3338 2038 Adnotationibus
3383 1996 3517 2051 pag.
3579 1979 3679 2032 397
3730 1975 3809 2029 sic

2197 2069 2451 2124 scribens
2479 2087 2492 2125 :
2520 2093 2547 2119 «
2579 2073 2749 2125 Anno
2812 2073 2945 2125 1096
3004 2070 3282 2142 Rogerius
3341 2083 3535 2123 comes
3562 2065 3806 2119 villanos

2197 2157 2478 2229 quosdam
2510 2159 2690 2213 donat
2720 2159 2777 2213 S.
2814 2159 3233 2227 Brunoni,dato
3266 2152 3666 2229 diplomate,in
3690 2168 3804 2224 quo

2196 2261 2254 2298 se
2287 2246 2744 2302 Christianorum
2778 2248 3106 2319 adjutorem
3151 2246 3427 2301 intitulat.
3452 2264 3480 2293 ››
3532 2240 3804 2306 Βοῐιειῐὶο,

2197 2350 2374 2404 quam
2405 2334 2493 2388 hic
2527 2334 2799 2390 Surianus
2829 2338 3277 2401 commemorat,
3313 2330 3683 2388 eademhaud
3699 2328 3808 2382 du-

2195 2420 2289 2475 bie
2319 2426 2426 2487 est,
2454 2423 2524 2477 de
2557 2441 2670 2494 qua
2700 2424 2771 2479 ad
2820 2424 3094 2479 eumdem
3138 2423 3291 2478 hisce
3346 2418 3575 2476 Suriani
3618 2416 3805 2471 verbis

2197 2514 2461 2565 notatum
2491 2528 2709 2567 annum
2747 2515 2880 2567 1096
2911 2513 2969 2567 in
3000 2511 3229 2567 Ordinis
3263 2506 3679 2566 Carthusiensis
3707 2505 3804 2559 Hi-

2195 2598 2385 2652 storiae
2419 2601 2728 2673 Prospectu
2759 2601 3031 2656 Camillus
3080 2599 3318 2655 Tutinus
3372 2597 3451 2652 ita
3498 2594 3752 2667 loquitur
3784 2633 3799 2659 ,

2198 2686 2501 2742 «Additur
2554 2692 2610 2743 et
2663 2689 2774 2743 alia
2812 2690 2883 2744 ab
2924 2690 3133 2744 eodem
3192 2687 3404 2743 comite
3456 2682 3709 2740 Brunoni
3742 2684 3802 2735 et

2193 2773 2469 2845 Lanvino,
2502 2793 2821 2849 eorumque
2848 2776 3073 2832 indicto
3105 2774 3455 2832 monasterio
3479 2770 3802 2845 (Turritano

2190 2862 2404 2918 scilicet
2424 2864 2481 2917 in
2510 2863 2789 2936 Calabria)
2807 2865 3225 2920 successoribus
3248 2862 3482 2920 donatio
3518 2859 3802 2932 quinqua-

2192 2950 2354 3022 ginta
2376 2953 2684 3008 hominum
2715 2954 2949 3009 familias
2994 2954 3161 3009 unius
3190 2953 3247 3008 in
3281 2951 3516 3006 eosdem
3576 2946 3694 3019 ligii
3747 2946 3805 2998 et

2189 3039 2468 3113 homagii.
2505 3043 2872 3115 Privilegium
2915 3043 3108 3096 Grazco
3142 3040 3420 3095 idiomate
3450 3038 3736 3092 exaratur.
3771 3052 3799 3081 »

2194 3128 2559 3199 Privilegium
2590 3148 2690 3185 seu
2746 3131 3023 3203 diploma,
3063 3147 3177 3202 quo
3221 3126 3600 3183 donationem
3644 3123 3803 3177 illam

2193 3215 2401 3273 Sancto
2429 3220 2666 3287 factam,
2685 3219 2956 3274 Camillus
2982 3219 3221 3273 Tutinus
3238 3220 3296 3271 et
3322 3215 3596 3271 Surianus
3617 3210 3805 3266 verbis

2191 3307 2443 3361 recitatis
2470 3313 2814 3375 asseverant,
2865 3308 3119 3364 invenire
3162 3306 3428 3377 nuspiam
3452 3302 3632 3376 potui,
3686 3317 3802 3355 non

481 3398 545 3450 ut
575 3398 821 3467 patrem,
854 3396 936 3450 ita
969 3396 1144 3450 etiam
1181 3414 1357 3454 ravum
1380 3399 1476 3450 aut
1525 3399 1819 3468 patruum,
1855 3397 2092 3452 nomine
2193 3395 2391 3450 dubito
2422 3399 2640 3465 tamen,
2681 3398 2818 3469 quin
2850 3397 2908 3451 id
2947 3395 3111 3450 alteri
3174 3396 3385 3449 horum
3433 3391 3800 3462 scriptorum,

480 3484 860 3551 Bonifacium,
885 3501 951 3538 ex
981 3485 1190 3539 horum
1223 3484 1630 3556 versiculorum
1656 3485 1824 3540 tertio
1876 3489 1935 3539 et
1989 3485 2089 3539 tri-
2188 3483 2393 3540 Tutino
2428 3503 2660 3557 nempe,
2706 3486 2803 3558 qui
2854 3486 2913 3540 id
2964 3486 3157 3540 Graece
3188 3486 3487 3539 exaratum
3527 3481 3681 3548 dicit,
3728 3478 3802 3533 ad

484 3571 590 3627 bus
619 3589 803 3644 seqq.,
838 3573 995 3645 quod
1035 3574 1353 3627 admodum
1385 3573 1612 3628 obscuri
1663 3573 1796 3641 sint,
1849 3573 2089 3629 deﬁnire
2191 3589 2432 3628 manum
2462 3574 2654 3630 fuerit.
2691 3575 2876 3639 Quare
2906 3578 2964 3629 et
2996 3573 3371 3630 donationem
3405 3572 3566 3626 illam
3593 3569 3798 3624 Sancto

483 3675 601 3714 non
636 3660 852 3728 ausim;
904 3678 935 3715 e
987 3661 1223 3733 reliquis
1272 3665 1488 3729 autem,
1548 3677 1796 3733 quorum
1848 3661 2086 3733 quinam
2189 3677 2318 3716 vere
2351 3662 2525 3717 etiam
2552 3681 2585 3718 a
2611 3664 2821 3719 comite
2847 3663 3092 3734 Bogerio
3108 3663 3319 3717 factam
3350 3661 3543 3726 fuisse,
3564 3674 3797 3730 persua-

479 3751 762 3819 prazterea
786 3749 1142 3805 obscuritatis
1173 3749 1308 3805 vitio
1357 3750 1609 3805 maxime
1639 3751 1926 3817 laborent,
1962 3750 2087 3821 qui-
2187 3767 2315 3815 sum
2347 3752 2490 3805 mihi
2515 3752 2721 3819 habeo,
2755 3753 2890 3807 licet
2912 3751 3300 3823 interim,quo
3332 3766 3458 3804 rem
3489 3748 3797 3803 certiorem

481 3854 621 3909 sque
652 3838 838 3907 facile,
870 3856 963 3893 me
994 3840 1169 3894 etiam
1194 3841 1444 3907 tacente,
1479 3838 1807 3911 perspiciet,
1848 3839 2087 3893 notandi
2188 3840 2387 3894 lectori
2418 3840 2661 3894 reddere
2692 3858 2942 3912 possem,
2992 3839 3355 3913 privilegium
3407 3837 3548 3892 illud
3579 3853 3677 3890 seu
3710 3833 3796 3889 di-

479 3926 864 3996 potissimum,
891 3927 987 3998 qui
1018 3932 1075 3981 et
1109 3927 1383 3981 Sanctum
1426 3944 1460 3981 a
1483 3926 1693 3980 comite
1725 3927 1993 3997 Rogerio,
2028 3931 2090 3982 ut
2189 3929 2405 4000 ploma,
2439 3928 2530 3983 hic
2562 3928 2613 3982 ei
2639 3929 3029 3983 exhibendum
3063 3929 3271 3983 vellum
3304 3927 3540 3981 habere.

482 4012 665 4068 filium
690 4031 857 4068 suum
888 4015 1224 4084 baptizaret,
1252 4018 1521 4086 rogatum
1547 4014 1740 4081 fuisse,
1764 4018 1820 4069 et
1848 4014 1907 4069 id
1927 4014 2089 4070 illum
2191 4020 2219 4085 §
2245 4017 2505 4070 XXXVIII.
2534 4017 2752 4071 Mortuo
2776 4018 3046 4071 Theodoro
3067 4016 3392 4081 Mesimerio,
3414 4014 3600 4086 Graeco
3615 4011 3796 4085 Squil-

480 4102 738 4171 muneris
768 4101 993 4170 obiisse,
1027 4085 1403 4170 docent,sunt
1432 4106 1737 4174 sequentes
1766 4120 1778 4158 :
2264 4088 2458 4174 Ῐαίξθηιξί
2482 4090 2741 4174 θρίεεομρρ
2763 4089 3005 4143 ιῖοαηθιυε
3035 4088 3097 4174 ίῖε
3126 4087 3427 4174 Nicepftqro
3459 4085 3687 4174 Lfllfnf‘s
3736 4090 3795 4165 "F

693 4156 813 4246 ῥῶ
833 4156 1044 4246 [ﬂagro
1066 4156 1352 4246 cro
1390 4156 1398 4158 ἡ
1664 4156 1667 4157 ν
1720 4156 1730 4158 ’
1768 4156 1777 4158 ⁷
2111 4173 2165 4232 D
2259 4156 2897 4246 substitudtur,_.5:anctus
2927 4159 3138 4246 suadet,
3175 4165 3223 4246 ct
3253 4156 3322 4211 ab
3349 4156 3795 4246 hoc-“deindeji‘ri-

1297 4228 1352 4302 λυ
2112 4228 2149 4232 β
2261 4231 2511 4299 vilegium
2559 4232 2963 4301 amplissimum,
2997 4232 3138 4302 quod
3163 4237 3211 4283 et
3244 4248 3276 4283 a
3294 4230 3547 4302 pontiﬁce
3596 4228 3791 4302 con/ir-

771 4278 922 4335 Unde
949 4287 1061 4334 tum
1094 4280 1326 4335 1‘”th
2260 4278 2600 4362 marlicurat,
2642 4278 2964 4357 rTurritana;
2998 4278 3188 4363 bremo,
3240 4278 3373 4354 no‘vo
3422 4278 3543 4370 jam
3593 4300 3650 4351 in
3695 4278 3794 4350 Iliae

695 4366 879 4422 Comes
909 4376 1028 4422 orat
1044 4376 1093 4422 et
1120 4376 1306 4423 exorat

2260 4379 2555 4426 constructo
2584 4372 2647 4427 S.
2670 4372 2935 4444 Step/zani
2961 4375 3300 4433 monasterio,
3325 4373 3591 4441 impetrat.

765 4455 1017 4511 Brunum
1046 4457 1444 4522 Alemanicum,
2260 4462 2382 4516 620.
2419 4460 2684 4524 Quandiu
2703 4462 2906 4516 Graecis
2922 4460 3156 4515 orientis
3180 4457 3626 4529 imperatoribus
3640 4456 3795 4510 Cala—

688 4543 838 4600 Nam
867 4551 1090 4608 tenetur,
1118 4553 1180 4601 ut
1209 4547 1407 4617 ligetur
2189 4549 2315 4603 bria
2336 4555 2750 4621 paruerat,non
2779 4550 2874 4605 alii
2890 4548 3471 4621 fereScyllacii,quam
3487 4546 3583 4618 qui
3606 4545 3795 4600 Eccle-

762 4632 918 4688 Illius
947 4635 1170 4690 devotio.
2189 4638 2496 4693 simGraeczc
2514 4640 2995 4706 essent,sederant
3020 4637 3513 4711 episcopi.Verum
3538 4633 3795 4706 Regione

690 4722 993 4778 Aceersitus
1017 4742 1121 4778 non
1152 4727 1350 4779 invitus
2188 4726 2286 4781 illa
2306 4744 2341 4781 a
2364 4731 2537 4799 gente
2560 4745 2624 4782 ac
2653 4727 3005 4799 principibus
3034 4724 3509 4798 Normannis,qui
3534 4722 3796 4777 Ecclesiae

763 4811 1033 4867 Jubilosus
1053 4812 1288 4877 advenit,
2190 4814 2407 4871 Latinae
2419 4816 2595 4871 ritum
2609 4817 3018 4888 sequebantur,
3040 4815 3245 4869 saeculo
3264 4813 3572 4877 undecimo
3598 4811 3796 4866 subac-

691 4899 1015 4973 Baptizatur
1040 4909 1091 4956 et
1113 4902 1333 4958 lavatur
2188 4905 2269 4971 to,
2302 4903 2359 4958 in
2387 4904 2673 4959 Theodori
2701 4903 3030 4972 Mosimcrii,
3052 4902 3227 4958 Graeci
3250 4899 3621 4973 Scyllacensis
3646 4898 3801 4971 epis-

759 4989 928 5045 δαενο
944 5008 1085 5062 Puer
1112 4993 1354 5059 Ιῖαῖηίηθν
2188 4991 2315 5063 copi
2347 5009 2499 5047 anno
2533 4995 2665 5048 1095
2705 4995 2803 5047 aut
2825 4992 3116 5064 sequentis
3147 4990 3311 5047 initio
3338 5008 3368 5044 e
3398 4990 3536 5045 vivis
3567 4988 3798 5053 sublati,

689 5077 964 5133 Lanvinus
989 5086 1063 5134 est
1083 5081 1340 5150 patrinus
2187 5082 2380 5136 locum
2411 5096 2528 5135 non
2556 5079 2938 5152 alium,quam
2969 5080 3067 5152 qui
3092 5078 3355 5135 Ecclesiae
3382 5078 3598 5133 Latina:
3630 5079 3797 5141 esset,

764 5166 975 5222 Nobilis
1004 5167 1428 5223 Northmanicus
2187 5167 2449 5224 sufﬁcere
2481 5168 2813 5241 episcopum
2844 5167 3396 5240 Rogerio,Calabriaz
3411 5168 3468 5222 et
3489 5164 3693 5220 Sicilia:
3711 5181 3801 5219 co-

696 5253 937 5326 Tumque
965 5273 1114 5310 sacro
1133 5257 1197 5310 de
1223 5256 1434 5311 lavacro
2189 5258 2337 5324 miti,
2372 5256 2449 5312 ad
2461 5258 2620 5328 cujus
2633 5257 2915 5313 ditionem
2951 5257 3287 5329 Scyllacium
3311 5258 3430 5323 aut,
3458 5258 3521 5309 ut
3539 5253 3633 5309 alii
3662 5251 3798 5307 scri-

766 5342 919 5396 OIivo
948 5342 1141 5400 Bruno
1171 5346 1479 5414 inungitur.

2187 5346 2536 5419 bunt,SquiII
2545 5363 2714 5402 acum
2728 5341 3801 5420 seuSquillaciumspectabat,estvisum

472 5428 2089 5505 Atquehiscequidemversiculisquidsigniﬁcetur,satis-
2194 5436 2565 5491 suadentibus
2597 5435 2656 5492 id
2713 5439 2911 5493 autem
2965 5437 3018 5493 ci
3076 5453 3193 5493 una
3234 5453 3365 5493 cum
3418 5432 3692 5493 nonnulis
3720 5432 3798 5487 ri-
