4066 6032
290 221 396 278 381

1867 216 2048 276 ACTA

3505 233 3609 288 382

289 347 387 400 tus
415 340 603 400 Latini
628 341 907 417 episcopis
922 342 982 407 S.
1004 342 1273 400 Brunone
1304 346 1363 399 et
1392 343 1667 411 Lanvino,
1698 345 1756 399 in
1787 343 1903 416 pri-
1924 345 1979 405 Α
2008 340 2261 412 quennio
2292 341 2570 397 duntaxat
2590 344 2722 413 post
2739 342 2974 399 Joannis
2992 344 3062 399 de
3088 343 3408 418 Nicephoro
3430 352 3504 406 ad
3521 369 3614 408 ca-

291 450 461 489 mum
483 433 636 488 sedis
646 432 796 487 illius
805 434 951 488 ritus
975 434 1160 489 Latini
1185 433 1519 505 episcopum
1534 436 1818 489 Joannem
1833 434 1904 488 de

289 521 616 594 Nicephoro
650 522 883 594 delegit.
918 524 1095 578 Docet
1121 524 1244 578 hac
1271 523 1470 580 omnia
1503 527 1730 579 exstans
1752 522 1905 593 apud

290 610 601 682 Ughellum
630 613 782 665 tom.
808 611 872 665 1X
897 611 1073 666 Italia
1101 628 1276 666 sacra
1293 611 1353 666 in
1369 611 1650 683 episcopis
1665 611 1905 682 Squilla-

290 699 557 756 censibus
581 699 691 754 col.
720 701 846 767 426,
879 716 1170 772 annoque,
1196 701 1350 756 unde
1380 700 1452 755 ab
1482 702 1591 755 hoc
1628 699 1903 771 scriptore

286 788 594 847 Mosimerii
625 787 848 843 obitum
885 805 1019 844 cum
1061 805 1213 845 anno
1247 791 1382 845 l096
1421 792 1663 844 exeunte
1688 790 1787 843 aut
1816 788 1902 842 561

288 876 522 949 quentis
538 876 711 932 initio
736 892 1045 948 perperam
1060 878 1186 933 loco
1214 878 1387 933 citato
1410 878 1682 951 componi
1702 878 1901 948 liquet,

292 967 451 1033 1096,
470 965 531 1020 in
540 965 790 1021 dictione
811 966 1013 1037 quinta
1029 966 1323 1038 signatum
1339 966 1618 1038 diploma,
1637 982 1751 1038 quo
1768 967 1904 1019 tunc

287 1058 580 1128 praterea
594 1054 751 1108 idem
772 1053 1051 1126 Bogerius
1077 1054 1136 1109 in
1159 1053 1577 1125 Scyllacensem
1591 1054 1787 1109 sedem
1800 1053 1902 1107 bo-

289 1160 369 1199 na
410 1159 528 1198 non
574 1158 758 1213 pauca
788 1142 1049 1209 contulit,
1086 1158 1152 1197 ac
1185 1143 1256 1197 de
1289 1158 1436 1197 novo
1468 1141 1902 1213 quodammodo

286 1247 422 1288 eam
448 1230 735 1286 fundavit.
760 1230 946 1286 Verba
964 1230 1133 1298 illius,
1152 1247 1220 1286 eo
1238 1230 1528 1295 facientia,
1550 1231 1625 1285 sic
1646 1231 1863 1284 hab’ent
1886 1245 1899 1283 :

294 1341 326 1370 «
357 1321 476 1391 Ego
497 1318 777 1390 Rogerius
792 1317 997 1374 Sicilia
1023 1335 1219 1374 comes
1239 1322 1296 1373 et
1319 1319 1616 1383 Calabria,
1635 1335 1753 1374 una
1769 1334 1902 1372 cum

290 1424 469 1464 uxore
490 1422 643 1474 mea,
666 1407 907 1463 nomine
927 1407 1280 1463 Adelasia....
1307 1407 1542 1463 consilio
1567 1407 1905 1462 Casssanen-

286 1496 368 1552 sis
387 1495 642 1569 episcopi
663 1494 921 1561 Saxonis,
942 1498 1001 1549 et
1024 1494 1227 1550 Vicarii
1258 1497 1323 1551 D.
1358 1495 1571 1550 Urbani
1596 1511 1781 1567 papa,
1816 1497 1901 1550 at-

291 1602 406 1656 que
436 1583 754 1639 D.Roberti
776 1583 1227 1652 Messinensium,
1262 1583 1630 1654 Stephani....
1665 1582 1903 1653 Angerii

2004 430 2273 483 thedram
2301 429 2720 499 Scyllacensem
2736 432 3167 502 promotionem
3184 437 3398 508 elapso,
3417 456 3616 496 mona-

2003 517 2094 572 chi
2123 518 2371 590 amplius
2388 518 2626 590 triginta
2642 520 2697 572 in
2715 520 3025 575 Turritana
3039 538 3236 578 eremo
3270 527 3611 595 exstiterint,

2003 605 2083 659 uti
2098 606 2271 660 fidem
2287 607 2421 661 facit
2432 610 2604 662 antea
2614 609 2801 663 adhuc
2812 609 3072 664 laudatus
3085 614 3504 670 monachorum
3518 617 3620 671 hu-

1995 693 2213 765 jus,qui
2229 696 2360 766 post
2376 696 2552 749 sancti
2569 696 2822 766 parentis
2842 697 3063 752 obitum
3082 698 3356 767 Lanvino,
3374 702 3544 757 veluti
3564 721 3619 759 e-

2002 782 2149 837 remi
2165 782 2859 854 magistro,obedientiam
2883 787 3223 858 promisere,
3244 789 3570 861 Catalogus,
3586 810 3617 847 e

2004 871 2202 926 charta
2213 870 2561 943 antiqua,cui
2574 872 2779 944 singuli
2795 891 2997 929 eorum
3012 877 3252 931 nomina
3262 895 3363 933 sua
3382 880 3617 953 inscrip-

2003 963 2545 1033 serunt,excerptus,
2560 965 2730 1033 atque
2745 963 2803 1017 in
2814 964 3125 1019 Annalium
3144 966 3614 1024 Carthusiensum

2002 1047 2217 1102 librum
2245 1052 2513 1119 quartum
2546 1050 2820 1105 hactenus
2848 1068 2965 1107 non
2988 1054 3284 1124 vulgatum
3310 1056 3515 1111 illatus.

2075 1139 2198 1191 6'22.
2232 1138 2673 1193 Monumentum
2706 1140 2870 1207 illud,
2907 1157 2937 1193 e
2964 1141 3092 1195 libri
3118 1144 3286 1213 hujus
3320 1145 3614 1201 Vallis-Dei

2004 1224 2319 1295 exemplari
2343 1225 2715 1297 descriptum,
2752 1244 3003 1293 mecum,
3026 1233 3086 1282 ut
3115 1233 3295 1284 multa
3311 1232 3441 1297 alia,
3459 1250 3617 1289 com-

2004 1313 2300 1367 municare
2334 1313 2603 1385 dignatus
2620 1318 2703 1368 est
2726 1316 3131 1371 Carthusianus
3144 1320 3476 1375 Parisiensis
3487 1322 3615 1391 jam

2002 1419 2174 1473 supra
2189 1402 2394 1474 sapius
2424 1404 2983 1475 laudatus,idemque
3018 1407 3192 1460 etiam
3225 1424 3354 1478 ego,
3380 1410 3534 1481 quod
3556 1414 3615 1464 et

2001 1490 2095 1545 hic
2118 1494 2176 1545 et
2205 1495 2377 1546 antea
2393 1492 2631 1553 citatum
2656 1493 2785 1563 jam
2807 1494 2982 1548 fuerit
3016 1495 3280 1567 infraque
3314 1498 3611 1554 citandum

2004 1580 2191 1634 adhuc
2221 1580 2433 1647 veniat,
2467 1597 2598 1635 cum
2626 1583 2863 1648 lectore,
2885 1583 2973 1636 cui
3005 1584 3062 1637 id
3087 1584 3327 1640 minime
3353 1587 3611 1642 futurum

286 1671 1901 1743 'Cathanensis,StephaniMazariensis,EngerlandiAgri-
1927 1662 1978 1721 Β
2003 1684 2137 1723 reor
2174 1668 2490 1739 ingratum,
2521 1671 2952 1725 communicare
2983 1689 3174 1742 opera
3214 1675 3464 1744 pretium
3493 1676 3610 1731 exi-

288 1761 669 1833 gentinensis,
688 1760 917 1832 Rogerii
939 1760 1260 1815 Siracusan.
1284 1760 1686 1831 episcoporum
1709 1776 1900 1815 assen-

286 1864 375 1915 su,
392 1854 566 1921 atque
584 1850 649 1904 D.
668 1849 951 1904 Brunonis
965 1851 1024 1904 et
1038 1848 1231 1903 fratris
1242 1848 1422 1903 nostri
1442 1848 1680 1903 Lanvini
1697 1848 1902 1903 eremi-

286 1941 507 2005 tarum,
552 1937 809 1992 virorum
853 1940 1211 2003 sanctorum,
1244 1935 1494 1991 consiliis
1517 1938 1582 1990 D.
1615 1938 1898 1992 Joannem

285 2026 358 2082 de
389 2026 735 2098 Nicephoro,
762 2025 859 2097 qui
878 2026 1188 2081 canonicus
1207 2027 1267 2080 et
1294 2026 1542 2080 decanus
1558 2025 1899 2080 venerabilis

284 2117 501 2171 sancta
519 2113 809 2170 Militensis
827 2114 1085 2169 lkclesia
1102 2115 1248 2180 erat,
1263 2113 1349 2167 vir
1367 2114 1643 2168 honestus
1656 2112 1741 2168 vir
1761 2130 1896 2185 pru-

287 2204 452 2271 dens,
485 2206 658 2275 atque
678 2203 1116 2276 omnicopiosus
1134 2204 1459 2269 honestate,
1478 2202 1669 2274 ibique
1688 2203 1745 2257 in
1772 2220 1896 2259 ma-

282 2293 529 2365 gistrum
553 2292 702 2364 elegi
730 2294 788 2347 et
803 2292 1227 2364 pontificem,et
1254 2292 1555 2347 ecclesiam
1575 2308 1738 2346 suam
1757 2296 1899 2363 quot

282 2383 343 2436 et
373 2381 603 2452 quantis
630 2379 773 2435 mihi
800 2379 1015 2450 placuit
1042 2374 1338 2434 beneficiis
1365 2379 1566 2445 ditabi,
1606 2383 1664 2434 et
1688 2381 1891 2436 hones-

280 2469 396 2524 tavi
418 2469 816 2541 dignitatibus,
841 2470 901 2524 et
915 2471 1200 2540 quantum
1224 2467 1297 2522 ad
1323 2484 1419 2523 me
1447 2468 1742 2539 pertinuit,
1769 2468 1894 2523 des-

281 2557 461 2612 tinavi
490 2560 550 2613 et
573 2556 844 2628 descripsi
875 2572 1039 2613 suam
1069 2556 1432 2627 parochiam,
1474 2577 1501 2605 ››
1536 2559 1645 2611 etc.

354 2647 478 2701 62f.
521 2644 667 2701 Cum
705 2644 984 2716 Rogerius
1018 2644 1074 2700 S.
1113 2644 1443 2699 Brunonem
1476 2660 1541 2700 ac
1576 2644 1894 2700 Lanvinum

282 2754 313 2785 ‹‹
352 2733 612 2790 virorum
641 2736 980 2790 sanctorum
1014 2754 1042 2783 »
1065 2732 1236 2788 titulo
1265 2731 1357 2787 hic
1385 2733 1751 2800 condecoret,
1790 2734 1894 2789 ho-

278 2832 530 2894 minique
553 2820 768 2893 partim
789 2820 1052 2888 consilio,
1072 2820 1155 2875 uti
1171 2820 1419 2892 ipsemet
1447 2821 1659 2893 prodit,
1683 2820 1895 2893 Scylla-

270 2910 436 2966 eensi
452 2911 583 2966 sedi
605 2912 892 2967 Joannem
924 2909 995 2965 de
1025 2909 1345 2980 Nicephoro
1367 2909 1700 2980 episcopum
1719 2909 1898 2965 bona-

281 3012 393 3069 que
429 3014 547 3053 non
572 3014 755 3070 pauca
787 2996 1156 3069 impertierit,
1181 2999 1529 3067 argumento
1559 3014 1696 3052 sane
1718 2998 1893 3053 etiam

268 3084 502 3142 dictum
533 3086 790 3158 diploma
820 3087 928 3152 est,
947 3087 1164 3157 quanto
1190 3084 1252 3139 in
1285 3085 1471 3155 pretio
1502 3086 1654 3156 apud
1684 3086 1893 3157 princi-

274 3188 419 3245 pem
450 3173 613 3229 illum
644 3174 948 3241 Lanvinus,
965 3190 1029 3229 ac
1063 3172 1413 3228 nominatim
1431 3172 1488 3227 S.
1511 3174 1700 3228 Bruno
1726 3175 1892 3230 exsti-

268 3260 437 3317 terit.
454 3262 615 3317 Haud
636 3262 857 3318 dudum
881 3277 1053 3333 porro
1068 3260 1410 3328 Mesimerio,
1427 3262 1686 3317 Ecclesia
1708 3262 1894 3335 Squil-

277 3349 521 3405 lacensis
536 3350 680 3405 ritus
699 3350 877 3405 Graci
898 3348 1166 3421 episcopo
1186 3349 1302 3403 vita
1320 3349 1538 3417 functo,
1551 3352 1801 3406 Joannes
1823 3352 1895 3407 de

275 3436 625 3509 Nicephoro,
658 3437 756 3509 qui
786 3437 931 3493 ritus
960 3437 1145 3492 Latini
1170 3438 1590 3505 erat,acomite
1622 3438 1891 3510 Bogerio,

272 3523 488 3582 Sancto
521 3528 718 3582 nostro
749 3543 813 3581 ac
830 3524 1085 3581 Lanvino
1106 3524 1498 3593 suadentibus,
1523 3526 1712 3581 fuerat
1731 3527 1895 3582 suffe-

275 3614 422 3682 ctus,
454 3630 589 3669 cum
618 3614 807 3670 Bruno
839 3614 900 3669 in
926 3613 1234 3669 Turritana
1264 3613 1537 3669 Calabria
1559 3628 1759 3669 eremo
1785 3632 1890 3671 no-

274 3716 408 3757 vam
458 3702 759 3759 ecclesiam
808 3701 1346 3773 monasteriumque
1376 3701 1480 3756 sub
1517 3701 1889 3758 sanctissima

273 3788 525 3862 Virginis
546 3790 734 3847 Maria
749 3789 875 3846 etS.
891 3789 1168 3861 Stephani
1195 3789 1637 3861 protomartyris
1653 3790 1890 3846 nomine

272 3877 814 3949 condereincepit.«
834 3878 1123 3945 Creverat,
1148 3877 1367 3949 »inquit
1378 3877 1437 3932 in
1454 3878 1714 3934 Historia
1732 3879 1892 3935 Ordi-

276 3965 368 4022 nis
383 3966 803 4022 Carthusiensis
834 3969 1147 4040 Prospectu
1165 3966 1239 4022 ad
1265 3983 1485 4021 annum
1511 3970 1645 4021 l097
1672 3985 1803 4039 pag.
1827 3972 1891 4025 l2

277 4053 554 4109 Camillus
576 4055 832 4123 Tutinus,
851 4075 885 4108 (ι
894 4056 1025 4126 jam
1043 4054 1350 4110 multitudo
1380 4056 1807 4111 monachorum
1830 4056 1890 4111 in

264 4158 475 4199 eremo
502 4142 561 4198 S.
594 4143 802 4211 Maria,
834 4147 894 4200 et
926 4160 1061 4199 cum
1100 4144 1260 4199 locus
1293 4143 1391 4198 ille
1428 4156 1741 4200 numerum
1772 4161 1890 4200 non

2003 1757 2198 1811 stimo.
2219 1757 2313 1811 His
2327 1758 2514 1812 verbis
2544 1759 2865 1830 concipitur
2893 1776 2904 1813 :
2925 1761 3168 1816 «Frater
3188 1763 3348 1833 Vugo
3370 1765 3609 1835 promisi

2003 1845 2392 1900 obedientiam
2416 1846 2695 1916 magistro
2731 1847 3003 1902 Lanvino.
3043 1848 3317 1904 Similiter
3346 1855 3403 1905 et
3432 1853 3610 1908 frater

2000 1932 2148 2000 Leo;
2180 1934 2445 1988 similiter
2465 1937 2522 1988 et
2545 1934 2724 1988 frater
2747 1935 3056 2004 Maraldus;
3078 1938 3342 1993 similiter
3360 1943 3418 1994 et
3433 1940 3611 1995 frater

2001 2022 2329 2089 Romanus;
2362 2022 2626 2077 simlliter
2655 2027 2713 2077 et
2749 2024 2929 2079 frater
2963 2024 3223 2095 Stabilis;
3260 2028 3524 2084 similiter
3551 2032 3610 2084 et

1997 2109 2179 2165 frater
2197 2111 2530 2181 Radulphus
2541 2111 2611 2165 de
2627 2110 2926 2179 Cruciﬁxo;
2945 2113 3212 2168 similiter
3235 2119 3292 2170 et
3308 2116 3488 2170 frater
3500 2117 3603 2171 Ur-

1996 2214 2090 2252 sus
2104 2199 2506 2266 subdiaconus;
2526 2198 2789 2254 similiter
2803 2203 2861 2254 et
2879 2201 3059 2256 frater
3070 2203 3170 2257 Bai
3180 2203 3369 2258 uerius
3384 2205 3610 2260 subdia-

1997 2302 2193 2354 conus;
2228 2286 2490 2342 similiter
2536 2290 2593 2341 et
2635 2288 2816 2342 frater
2843 2289 3223 2359 Guildericus;
3250 2291 3514 2347 similiter
3552 2296 3611 2348 et

1995 2373 2177 2429 frater
2204 2375 2508 2442 Girardus;
2550 2374 2795 2429 siniliter
2825 2379 2882 2431 et
2919 2376 3099 2432 frater
3139 2378 3373 2447 Tricus;
3408 2380 3606 2435 simili-

1994 2464 2084 2516 ter
2108 2465 2164 2516 et
2192 2463 2370 2518 frater
2396 2463 2720 2518 Gualterius
2734 2465 3018 2534 Morinus;
3047 2466 3315 2522 similiter
3348 2471 3406 2522 et
3428 2468 3609 2524 frater

1972 2543 2381 2623 'Landulphus;
2402 2551 2665 2606 similiter
2679 2555 2736 2606 et
2755 2552 2933 2608 frater
2948 2554 3343 2623 Herchen(hoc
3366 2572 3605 2619 nomen,

1997 2641 2162 2693 notat
2205 2638 2340 2693 dicti
2385 2640 2698 2695 Annalium
2735 2640 3223 2697 Carthusiensium
3258 2643 3393 2699 libri
3421 2644 3609 2715 quarti

1995 2730 2198 2782 auctor
2226 2743 2571 2798 anonymus,
2594 2744 2712 2783 non
2730 2728 3026 2800 integrum
3059 2734 3236 2797 extat,
3266 2731 3402 2802 quia
3419 2747 3609 2788 corro-

1995 2831 2057 2869 sa
2085 2818 2171 2870 est
2197 2815 2414 2885 charta)
2435 2833 2450 2883 ;
2470 2815 2733 2871 similiter
2757 2820 2815 2871 et
2842 2816 3023 2871 frater
3039 2819 3330 2874 Renaldus
3349 2819 3609 2875 Camen-

1995 2903 2203 2970 tarius;
2237 2903 2500 2958 similiter
2524 2907 2583 2958 et
2607 2904 2664 2957 F.
2683 2905 2947 2959 Alhertus
2969 2922 2982 2959 :
3004 2905 3269 2962 similiter
3284 2909 3342 2961 et
3357 2908 3415 2961 F.
3441 2908 3607 2963 Rem-

1995 2992 2201 3046 baldus
2221 2995 2279 3047 et
2300 2992 2356 3046 F.
2389 2992 2509 3063 Ugo
2531 3009 2548 3057 ;
2572 2991 2836 3047 similiter
2854 2996 2912 3048 et
2930 2994 2988 3047 F.
3015 2994 3156 3062 Odo,
3171 2995 3439 3049 similiter
3457 2998 3516 3050 et
3540 2997 3600 3051 F.

1997 3080 2315 3151 Longuisus
2335 3098 2349 3148 ;
2370 3080 2632 3134 similiter
2648 3084 2707 3135 et
2724 3081 2781 3134 F.
2801 3082 2922 3136 Odo
2942 3100 2954 3149 ;
2977 3082 3241 3138 simlliter
3259 3085 3316 3136 et
3335 3084 3393 3137 F.
3408 3084 3607 3139 Ansel—

1996 3185 2157 3235 mus;
2198 3168 2461 3222 similiter
2507 3171 2565 3224 et
2608 3169 2788 3223 frater
2826 3170 3205 3237 Gumhertus;
3239 3170 3503 3227 similiter
3547 3176 3606 3227 et

1994 3256 2175 3312 frater
2201 3257 2559 3325 Bernardus;
2588 3257 2851 3313 similiter
2871 3263 2929 3312 et
2956 3258 3136 3314 frater
3160 3260 3497 3328 Durandus;
3529 3260 3602 3316 si-

1996 3345 2212 3399 militer
2236 3349 2293 3400 et
2322 3347 2502 3401 frater
2531 3346 2776 3414 Loinus;
2802 3347 3071 3402 similiter
3111 3352 3170 3403 et
3210 3348 3393 3403 frater
3423 3349 3601 3419 Bato;

1993 3432 2259 3488 similiter
2288 3438 2345 3487 et
2373 3434 2551 3489 frater
2576 3435 2745 3490 Fulco
2779 3435 3084 3504 diaconus;
3112 3436 3377 3492 similiter
3398 3441 3457 3492 et
3488 3439 3601 3494 fra-

1992 3524 2082 3575 ter
2112 3521 2405 3590 Heldicus;
2440 3522 2701 3578 similiter
2720 3528 2777 3578 et
2806 3523 2986 3579 frater
3003 3525 3283 3581 Guarinus
3309 3527 3605 3582 subdiaco-

1992 3626 2129 3677 nus;
2162 3610 2427 3664 similiter
2465 3614 2521 3664 et
2550 3611 2729 3665 frater
2760 3612 3117 3668 Lambertus.
3156 3636 3183 3663 ››
3213 3616 3298 3669 [ta
3336 3615 3601 3671 laudatus

1992 3697 2314 3769 Catalogus,
2334 3697 2572 3769 triginta
2595 3700 2867 3772 amplius;
2880 3704 2940 3754 ut
2968 3701 3328 3773 computanti
3355 3702 3597 3773 patebit,

1987 3784 2305 3840 Turritana
2331 3786 2513 3840 eremi
2530 3788 2865 3854 monachos,
2900 3788 2995 3858 qui
3021 3793 3146 3858 post
3165 3789 3344 3844 sancti
3376 3790 3601 3845 obitum

1990 3874 2242 3929 Lanvino
2273 3874 2661 3929 obedientiam
2685 3875 3094 3947 promiserunt,
3117 3877 3524 3947 complectens;
3540 3881 3602 3933 ut

1989 3962 2232 4035 proinde
2247 3963 2456 4017 horum
2479 3979 2789 4018 numerum
2806 3963 3203 4035 quinquennio
3234 3965 3411 4020 etiam
3431 3965 3598 4021 circi-

1991 4054 2079 4106 ter
2108 4056 2262 4120 ante,
2288 4068 2411 4119 seu,
2428 4054 2697 4124 promoto
2721 4052 2978 4124 primum
2999 4053 3073 4109 ad
3092 4054 3427 4109 cathedram
3450 4054 3602 4127 Scyl-

1991 4139 2278 4195 lacensem
2321 4141 2542 4196 Joanne
2579 4140 2650 4195 de
2684 4141 3026 4213 Nicephoro,
3063 4142 3348 4213 majorem
3388 4144 3595 4211 multo,

273 4234 527 4303 caperet,
560 4232 809 4304 Rogerio
850 4232 1064 4287 comite
1099 4232 1367 4302 jubente,
1401 4246 1582 4303 prope
1626 4248 1891 4288 eremum
1914 4213 1966 4271 D
1992 4244 2167 4300 quam
2188 4228 2354 4284 initio
2376 4228 2935 4300 exstitisse,hincque
2962 4229 3197 4299 partim,
3215 4233 3278 4283 ut
3300 4245 3517 4285 novum
3535 4231 3592 4286 8.

272 4320 379 4375 sub
415 4320 581 4375 titulo
614 4321 873 4392 ejusdem
911 4319 1178 4391 Virginis,
1208 4322 1267 4374 et
1293 4320 1735 4392 protomartyris
1763 4320 1888 4375 Ste-

268 4407 450 4478 phani
461 4409 831 4480 peramplum
852 4424 916 4463 ac
938 4407 1312 4479 magniﬁcum
1329 4408 1679 4463 construitur
1692 4424 1891 4465 mona-

268 4495 533 4551 sterium.
566 4494 845 4551 »Sanctus
873 4496 1098 4568 ergo,si
1119 4496 1324 4551 Tutino
1358 4496 1451 4551 hic
1473 4495 1617 4551 ﬁdes
1644 4496 1736 4564 sit,
1768 4514 1886 4553 non

267 4585 501 4639 tantum
532 4583 709 4655 priori
742 4585 1117 4652 monasterio,
1147 4585 1302 4656 quod
1340 4602 1407 4639 ex
1438 4584 1600 4640 dictis
1629 4586 1823 4641 statim
1853 4604 1888 4642 a

264 4686 373 4726 suo
398 4670 459 4725 in
487 4670 850 4726 Carthusiam
877 4670 1245 4726 Calabrinam
1268 4670 1533 4741 ingressu
1562 4671 1621 4725 in
1648 4671 1883 4726 sanctis-

262 4756 431 4813 sima
462 4757 712 4830 Virginis
737 4757 927 4814 Maria
952 4760 1012 4812 et
1050 4758 1107 4814 S.
1138 4758 1376 4813 Joannis
1400 4757 1666 4830 Baptista
1698 4759 1883 4815 hono-

263 4863 395 4902 rem
445 4849 822 4913 exstruxerat,
865 4863 1081 4903 novum
1122 4846 1431 4914 addiderit,
1475 4847 1576 4902 sed
1616 4847 1791 4903 etiam
1826 4849 1885 4903 id

262 4935 492 5003 fecerit,
524 4934 683 5007 quod
703 4937 762 4991 et
800 4936 881 4990 ita
921 4934 1047 4990 fieri
1077 4935 1248 4992 vellet
1270 4951 1465 4991 comes
1500 4936 1797 5007 Rogerius,
1828 4939 1887 4991 et

266 5024 344 5079 ad
362 5040 496 5080 eam
514 5024 641 5095 jam
654 5024 1090 5080 multitudinem
1112 5024 1383 5080 monachi
1408 5024 1804 5092 excrevissent,
1824 5026 1887 5080 ut

266 5127 367 5168 eos
385 5128 616 5169 sacrum
658 5112 716 5169 S.
752 5112 941 5169 Maria
970 5116 1031 5168 et
1061 5112 1119 5167 S.
1150 5113 1357 5167 Joanni
1389 5112 1655 5184 Baptista
1687 5130 1887 5171 mona-

264 5202 511 5257 sterium
531 5201 687 5257 haud
713 5205 965 5274 caperet.
992 5203 1060 5256 Et
1081 5202 1293 5273 partim
1323 5201 1562 5273 quidem
1593 5202 1668 5257 ob
1700 5206 1886 5275 poste-

265 5289 487 5346 riorem
498 5290 651 5346 hanc
663 5304 895 5346 causam
908 5290 967 5346 id
979 5290 1177 5345 fecisse
1192 5291 1546 5358 Brunonem,
1560 5291 1884 5349 verosimile

268 5379 414 5436 mihi
430 5378 746 5437 velidcirco
764 5382 1028 5453 apparet,
1046 5379 1203 5452 quod
1223 5395 1402 5447 anno,
1431 5395 1545 5451 quo
1584 5395 1654 5434 ex
1690 5379 1883 5438 dicen-

266 5467 357 5528 dis
366 5470 599 5527 sanctis
608 5468 685 5526 ad
695 5467 1322 5539 Dominum-migravit!
1335 5469 1428 5523 101
1440 5467 1708 5539 ,acproin
1721 5471 1888 5544 quin-

1992 4316 2268 4387 Stephani
2296 4317 2715 4372 monasterium
2734 4317 2974 4372 Sanctus
2996 4319 3353 4387 exstruxerit,
3380 4319 3597 4375 factum

1990 4420 2132 4470 esse,
2164 4404 2491 4460 verosimile
2518 4422 2678 4471 sane,
2704 4408 2767 4460 ut
2792 4406 2917 4477 jam
2949 4406 3084 4474 dixi,
3118 4410 3414 4479 appareat.

2060 4496 2183 4549 623.
2215 4493 2425 4548 Verum
2457 4510 2708 4560 causam,
2741 4495 2814 4549 ob
2851 4512 3027 4566 quam
3052 4494 3111 4550 id
3151 4496 3340 4552 Bruno
3370 4496 3595 4561 fecerit,

1984 4581 2158 4653 longe
2188 4580 2472 4636 diversam
2496 4581 2749 4653 assignat
2776 4582 3085 4637 Annalium
3105 4582 3594 4641 Carthusiensium

1983 4668 2115 4723 libri
2146 4669 2334 4741 quarti
2359 4669 2638 4724 hactenus
2662 4686 2782 4724 non
2795 4671 3007 4742 vulgati
3024 4674 3224 4728 auctor
3240 4689 3588 4745 anonymus.

1985 4758 2069 4812 En
2111 4758 2254 4829 ejus,
2311 4775 2438 4829 qua
2483 4759 2595 4814 huc
2639 4762 2921 4830 spectant,
2973 4761 3149 4816 verba
3200 4778 3231 4816 e
3276 4761 3412 4816 dicti
3456 4762 3589 4817 libri

1984 4846 2279 4902 Vallis-Dei
2298 4846 2614 4918 exemplari
2644 4847 2929 4921 descripta
2951 4849 3207 4920 mihique
3229 4848 3589 4920 asapissime

1978 4936 2103 5007 jam
2122 4935 2379 5001 laudato,
2399 4935 2496 5006 qui
2525 4952 2741 4992 nomen
2759 4953 2926 4992 suum
2952 4937 3117 5008 prodi
3142 4940 3313 5005 vetat,
3348 4936 3591 4993 Carthu-

1983 5024 2145 5079 siano
2164 5022 2469 5079 Parisiensi
2487 5024 2786 5080 submissa.
2798 5046 2825 5075 ‹‹
2840 5026 3029 5097 Ipsam
3044 5024 3592 5095 porroCalabrinam

1984 5128 2270 5178 eremum,
2303 5128 2480 5183 quam
2512 5129 2547 5166 a
2575 5112 2821 5185 Rogerio
2864 5111 2922 5166 S.
2966 5112 3178 5167 Brumo
3222 5111 3492 5182 obtinuit,
3531 5114 3591 5170 in

1984 5201 2271 5256 honorem
2315 5199 2374 5255 S.
2416 5199 2604 5257 Maria
2642 5202 2700 5254 et
2744 5199 2802 5254 S.
2836 5198 3074 5254 Joannis
3117 5199 3407 5273 Baptista,
3446 5218 3592 5273 quos

1979 5289 2105 5360 jam
2147 5289 2208 5343 iu
2255 5289 2527 5360 speciales
2566 5291 2842 5359 patronos
2885 5287 2945 5342 in
2986 5287 3285 5344 Carthusia
3317 5290 3592 5359 elegerat,

1984 5375 2242 5432 construi
2266 5378 2447 5434 voluit
2490 5378 2587 5432 eut
2625 5376 2873 5431 vidimus
2907 5375 2967 5432 in
3006 5376 3210 5433 litteris
3251 5376 3445 5448 (supra
3469 5376 3598 5448 jam

1986 5465 2237 5522 recitatis
2283 5462 2693 5541 Squitiacensis
2720 5464 3001 5540 episcopi)
3043 5464 3350 5536 Theodori,
3397 5468 3456 5522 et
3492 5466 3598 5523 sub
