4066 6032
427 234 527 286 383

423 357 629 412 iisdem
658 354 989 410 nominibus
1029 356 1205 410 dicari
1253 357 1469 411 curavit
1509 372 1663 410 anno
1719 349 1852 408 1094
1895 348 2100 409 eumA

425 461 641 515 magno
661 447 1009 515 apparatu...
1046 444 1220 508 Quale
1245 463 1377 500 vero
1399 445 1572 499 fuerit
1590 445 1875 498 desertum
1895 442 2024 506 hoc,

425 533 578 603 quod
616 533 841 586 colebat
867 531 923 585 8.
957 533 1307 600 Patriarcha,
1345 533 1421 587 sic
1462 533 1582 602 ipse
1626 529 1927 599 descripsit
1967 527 2025 580 in

423 620 664 692 epistola
713 620 785 673 ad
822 620 1207 692 Radulphum,
1253 622 1551 676 Remensis
1597 617 1847 673 ecclesiae
1893 620 2028 670 tunc

423 708 820 778 praepositum,
855 708 1046 762 dicens
1067 725 1117 762 :u
1141 711 1202 762 ln
1230 709 1439 763 finibus
1470 706 1742 763 Calabria-‘3
1760 722 1890 760 cum
1914 705 2028 757 fra-

424 796 658 850 «tribus
681 796 982 866 religiosis,
1009 800 1151 851 nete.
1175 797 1358 868 Usque
1393 797 1465 851 ad
1492 798 1615 850 hinc
1646 795 1818 848 verba
1846 794 2029 850 inclu-

425 883 570 938 sive:
593 885 816 938 «Arcus
849 885 1006 938 enim
1043 885 1087 938 si
1119 885 1344 940 assidue
1383 885 1454 938 sit
1495 887 1710 949 tensus,
1736 880 2031 936 remissior

424 991 457 1024 «
485 975 589 1039 est,
625 975 680 1026 et
707 972 898 1026 minus
924 973 997 1026 ad
1029 973 1283 1027 officium
1316 975 1499 1044 aptus.
1534 993 1562 1023 »
1597 973 1724 1026 Haec
1753 970 1809 1024 S.
1840 971 2029 1023 Bruno

425 1060 495 1114 de
533 1077 633 1114 sua
669 1060 997 1127 solitudine,
1032 1061 1127 1114 ubi
1164 1061 1369 1131 saepius
1395 1061 1730 1115 morabatur
1759 1075 1889 1113 cum
1925 1056 2032 1110 illis

427 1164 492 1200 ex
521 1148 684 1202 sociis
707 1147 839 1214 suis,
869 1165 1011 1219 quos
1037 1150 1109 1202 ad
1131 1149 1306 1203 vitam
1331 1149 1792 1204 anachoreticam
1819 1147 2030 1201 ducen-

427 1235 562 1289 dam
581 1253 613 1289 a
630 1238 744 1290 Deo
768 1239 998 1290 vocatos
1027 1239 1438 1308 exploraverat.
1459 1237 1601 1291 Cum
1629 1235 1788 1289 enim
1814 1234 2034 1286 videret

426 1324 640 1377 multos
671 1323 907 1378 diversae
939 1325 1288 1378 conditionis
1325 1325 1795 1392 diversarumque
1826 1321 2032 1376 virium

424 1411 693 1465 homines
722 1412 794 1465 ad
827 1429 884 1465 se
910 1412 1106 1466 venire
1139 1412 1525 1467 conversionis
1566 1411 1772 1482 gratia,
1813 1407 2031 1474 statuit,

428 1498 700 1553 fortiores
741 1503 798 1554 et
844 1500 902 1552 in
937 1501 1142 1570 quibus
1164 1501 1526 1555 vocationem
1559 1499 1630 1553 ad
1677 1497 1734 1551 id
1779 1497 2035 1551 divinam

427 1587 789 1656 probaverat,
823 1604 1014 1641 secum
1050 1588 1107 1641 in
1139 1606 1239 1641 sua
1267 1605 1463 1642 eremo
1502 1587 1781 1653 detinere,
1816 1583 2036 1638 caeteris

1276 230 1332 285 S.
1361 227 1701 286 BRUN‘ONIS
1746 223 2376 282 CARTHUSIANORUM
2418 225 2883 282 INSTITUTORIS

3638 230 3742 284 384

2199 353 2430 406 625.1ta
2462 351 2575 418 ille,
2618 370 2651 406 a
2687 356 2883 407 sancto
2925 357 3122 407 nostro
3163 369 3280 408 non
3331 353 3493 424 prius
3524 351 3581 407 S.
3618 352 3744 408 Ste-

2127 437 2303 507 phani
2317 438 2615 493 ecclesiam
2632 457 2731 492 seu
2748 441 3167 494 monasterium
3182 440 3356 494 fuisse
3370 445 3744 509 exstructum,

2129 525 2380 591 tradens,
2415 543 2589 597 quam
2619 544 2749 581 cum
2781 545 2885 598 per
2917 528 3196 600 diploma,
3225 529 3382 599 cujus
3402 532 3630 600 partem
3662 547 3751 584 re-

2129 613 2283 678 citat,
2317 614 2714 682 donationem,
2745 615 2802 670 in
2831 618 2938 670 hoc
2968 634 3315 688 expressam,
3346 617 3627 688 Rogerius
3651 635 3748 672 co-

2131 717 2253 754 mes
2279 701 2329 754 ei
2360 702 2618 770 fecisset;
2655 721 2854 774 quare,
2883 721 3014 758 eum
3051 705 3108 758 in
3142 706 3252 759 hoc
3281 706 3402 776 ipso
3429 705 3750 775 diplomate

2131 789 2466 843 monasterii
2488 791 2656 856 illius,
2676 793 2849 846 veluti
2867 793 2991 863 jam
3015 792 3289 846 exstantis
3323 810 3424 847 seu
3457 793 3748 860 exstructi,

2131 877 2349 931 mentio
2367 878 2754 944 fiat,errorem
2772 897 2907 934 sane
2923 880 3177 935 admittit
3189 881 3748 949 manifestissimum,

2131 965 2282 1018 hunc
2310 969 2526 1033 autem,
2570 967 2628 1020 in
2665 985 2837 1039 quem
2879 969 2992 1023 duo
3024 968 3200 1022 etiam
3232 968 3348 1036 alii,
3373 986 3588 1041 nempe
3615 973 3751 1024 ante

2131 1053 2293 1106 illum
2320 1055 2606 1109 Puteanus
2633 1060 2690 1110 et
2721 1061 2848 1127 post
2879 1057 3040 1111 illum
3083 1056 3280 1112 Surius
3307 1059 3561 1130 prolapsi
3595 1062 3748 1126 sunt,

2131 1141 2383 1196 maxime
2413 1145 2500 1197 vel
2531 1143 2742 1198 idcirco
2784 1144 2983 1199 mirari
3021 1145 3190 1212 subit,
3225 1145 3378 1216 quod
3416 1145 3478 1199 in
3519 1163 3590 1198 ea
3626 1145 3752 1217 ipsa

2133 1220 2264 1282 dicti
2297 1231 2630 1301 diplomatis
2657 1237 2841 1302 parte,
2871 1250 3048 1304 quam
3081 1237 3202 1287 tam
3223 1235 3497 1305 hi,quam
3525 1235 3643 1301 ille,
3666 1251 3755 1289 re-

2133 1317 2331 1384 citant,
2364 1320 2696 1374 monasterii
2731 1320 3294 1392 S.Stephani,veluti
3308 1321 3434 1390 jam
3459 1323 3750 1392 exstructi,

2134 1406 2352 1459 mentio
2383 1406 2732 1461 instituatur.
2759 1410 2989 1475 Adhacc,
3019 1409 3077 1463 in
3107 1426 3304 1464 eremo
3335 1409 3640 1463 Catabrina
3658 1423 3752 1462 ec-

2135 1493 2389 1560 clesiam,
2442 1496 2816 1550 sanctissimae
2871 1497 2972 1552 Dei
3023 1497 3287 1568 genitrici
3334 1513 3577 1562 sacram,
3632 1513 3753 1550 non

2134 1581 2291 1651 prius
2313 1583 2488 1636 etiam
2515 1584 2685 1638 fuisse
2711 1602 2743 1638 a
2771 1584 2980 1639 Sancto
3011 1589 3378 1650 exstructam,
3410 1602 3584 1657 quam
3619 1600 3753 1638 cum

428 1689 583 1740 vero,
613 1692 755 1744 quos
780 1675 969 1729 minus
999 1675 1309 1730 eremitieae
1332 1678 1460 1729 vitae
1478 1675 1715 1729 idoneos
1744 1674 2034 1739 censebat,
2062 1669 2112 1727 B
2137 1673 2460 1725 memorato
2484 1671 2797 1743 diplomate
2830 1673 3088 1740 donatio,
3123 1674 3324 1744 quaein
3349 1675 3457 1728 hoc
3488 1671 3758 1744 exprimi-

432 1762 856 1816 monasterium
886 1764 1224 1829 construxit,
1260 1764 1318 1817 in
1355 1765 1639 1818 honorem
1671 1761 1726 1816 S.
1763 1760 2037 1831 Stephani

428 1851 868 1921 protomartyris
894 1855 1505 1918 consecratum,unum
1539 1851 1762 1905 circiter
1792 1849 2038 1902 milliare

430 1937 501 1990 ab
523 1953 720 1991 eremo
735 1939 971 2006 distans,
990 1940 1050 1993 in
1068 1957 1180 2010 quo
1205 1941 1380 1994 vitam
1405 1942 1664 2011 agerent,
1680 1937 2036 1992 eremiticam

431 2024 794 2094 quidem,sed
807 2029 976 2097 paulo
994 2028 1382 2083 remissiorem
1395 2029 1700 2098 minusque
1720 2026 1988 2096 rigidam.
2003 2044 2036 2076 »

501 2113 624 2166 624.
655 2114 844 2168 Bruno
878 2114 1091 2186 itaque,
1121 2117 1164 2169 si
1187 2117 1419 2170 laudato
1452 2116 1765 2169 Annalium
1797 2113 2035 2167 Carthu-

431 2198 705 2254 siensium
732 2201 864 2254 libri
900 2203 1087 2273 quarti
1115 2204 1390 2257 hactenus
1417 2221 1534 2257 non
1567 2203 1778 2273 vulgati
1808 2206 2038 2256 auctore

432 2303 726 2359 anonymo
755 2291 1032 2344 atandum
1063 2292 1155 2358 sit,
1192 2309 1404 2346 novum
1439 2291 1495 2346 S.
1528 2290 1802 2362 Stephani
1835 2302 2038 2344 mena-

431 2377 691 2442 sterium,
743 2379 895 2448 quod
953 2379 1232 2434 inﬁrmati
1302 2397 1528 2446 eorum,
1573 2378 1670 2450 qui
1729 2378 2039 2432 eremiticaa

429 2463 558 2518 vitae
585 2466 775 2519 minus
797 2466 912 2538 apti
937 2471 1122 2535 erant,
1140 2469 1483 2522 subventum
1510 2467 2036 2533 vellet,a3dificarit;

431 2552 587 2622 quod
618 2552 794 2606 etiam
822 2571 1022 2608 verum
1051 2573 1170 2610 esse
1197 2559 1406 2626 potest,
1442 2573 1573 2610 cum
1617 2555 1758 2608 nihil
1801 2555 2040 2609 omnino

429 2639 618 2694 obstet
664 2658 776 2712 quo
821 2643 1013 2697 minus
1067 2644 1123 2698 id
1174 2644 1387 2715 partim
1423 2645 1496 2698 ob
1541 2643 1829 2697 rationem
1869 2643 2040 2711 hanc,

427 2728 642 2800 partim
664 2729 736 2783 ob
751 2746 921 2800 supra
936 2731 1281 2803 assignatam
1296 2732 1495 2786 fecisse
1509 2731 2040 2802 credatur.Quoqno

430 2817 608 2871 modo
635 2816 872 2872 interim
897 2836 987 2873 res
1009 2821 1241 2886 habeat,
1259 2820 1535 2874 Sanctum
1551 2820 1819 2891 equidem
1844 2836 2043 2873 mona-

428 2904 1013 2971 sterio,sanctissimaa
1045 2908 1144 2962 Dei
1171 2909 1440 2963 Genitrici
1477 2908 1754 2962 etJoanni
1775 2907 2038 2978 Baptistae

429 2995 782 3066 saero,quod
813 3000 870 3050 et
897 2998 1314 3052 monasterium
1341 2997 1395 3051 S.
1417 2997 1605 3051 Mariae
1635 2997 1704 3050 de
1727 3011 1923 3049 eremo
1941 3012 2038 3049 seu

429 3079 500 3134 de
529 3082 693 3137 Turri
717 3083 1039 3152 dicebatur,
1069 3086 1342 3157 adjecisse
1376 3085 1552 3151 aliud,
1589 3085 1776 3139 eidem
1802 3085 2036 3138 sanctis-

426 3169 586 3224 simae
630 3173 729 3226 Dei
769 3173 1037 3228 Genitrici
1079 3177 1137 3228 et
1186 3174 1244 3228 S.
1285 3174 1577 3244 Stephano
1623 3173 2036 3244 protomartyri

425 3257 1179 3328 dedicatum,indubitatum
1205 3267 1310 3329 est,
1335 3263 1415 3317 uti
1438 3262 1613 3316 etiam
1631 3262 1688 3315 id
1703 3279 1855 3316 anno
1881 3265 2033 3329 1099,

425 3348 675 3402 secunda
695 3350 929 3420 Augusti
953 3351 1043 3404 die
1059 3351 1182 3420 jam
1200 3350 1368 3404 fuisse
1396 3347 2036 3404 iuhabitatum.Etenim

425 3433 725 3504 Rogerius,
750 3437 1025 3492 Calabria;
1052 3441 1110 3491 et
1139 3437 1341 3491 Sicilia:
1382 3455 1595 3502 comes,
1631 3437 1689 3491 in
1722 3437 2035 3508 diplomate

424 3521 578 3576 infra
604 3523 711 3576 huc
744 3525 1202 3593 transcribendo,
1233 3526 1387 3597 quod
1414 3526 1471 3579 in
1502 3525 1558 3580 S.
1578 3524 1857 3579 Brunonis
1878 3524 2033 3578 favo-

424 3625 551 3664 rem
581 3628 736 3667 anno
763 3613 860 3668 illo
891 3617 948 3669 et
981 3614 1072 3668 die
1102 3613 1787 3682 concessit,.monasterii
1817 3612 1874 3667 S.
1909 3612 2032 3666 Ste-

421 3696 620 3769 phani,
669 3700 823 3771 quod
875 3703 1010 3755 tunc
1048 3701 1106 3754 in
1148 3718 1346 3756 eremo
1386 3702 1688 3756 Turritana
1734 3700 2032 3766 exstiterit,

423 3788 596 3858 atque
628 3805 660 3842 a
692 3787 966 3844 fratribus
1013 3790 1402 3845 inhabitatum
1444 3790 1635 3858 fuerit,
1675 3789 2035 3844 mentionem

419 3873 575 3930 facit.
607 3896 639 3928 «
669 3877 814 3932 Nota
862 3895 982 3933 esse
1020 3880 1171 3947 volo,
1221 3879 1426 3950 inquit,
1467 3878 1736 3934 omnibus
1775 3878 2036 3931 ﬁdelibus

423 3963 754 4019 Christianis
787 3967 1053 4034 beneﬁci,
1087 3985 1214 4038 qua:
1255 3968 1396 4020 mihi
1444 3967 1728 4037 peccatori
1760 3966 2037 4021 concessit

425 4053 572 4106 Deus
585 4053 942 4108 orationibus
963 4055 1264 4108 reverendi
1277 4055 1382 4108 viri
1403 4056 1460 4108 F.
1475 4054 1778 4121 Brunonis,
1798 4054 2037 4124 piissimi

424 4141 610 4195 Patris
658 4141 905 4196 fratrum
953 4142 1051 4213 qui
1106 4141 1373 4196 habitant
1414 4143 1472 4196 in
1518 4143 1766 4197 ecclesiis
1814 4141 2037 4196 Sanctae

2137 1760 2250 1825 tur,
2287 1776 2320 1814 a
2349 1760 2595 1830 Rogerio
2625 1762 2835 1816 comite
2863 1762 2922 1815 in
2954 1762 3230 1816 Sanctum
3263 1764 3522 1816 nostrum
3547 1761 3758 1815 collata

2137 1846 2352 1913 fuisset,
2378 1852 2499 1902 tam
2523 1850 2957 1904 Blomenvenna
2983 1850 3178 1904 verbis
3200 1849 3460 1921 proxime
3478 1848 3752 1915 recitatis,

2138 1952 2313 2007 quam
2344 1937 2456 1990 duo
2489 1937 2582 1991 alii
2617 1955 2750 1992 mox
2777 1939 2991 1992 laudati
3011 1937 3755 2009 biographinostri,Putea-

2138 2041 2243 2078 nus
2272 2025 2486 2078 scilicet
2515 2030 2573 2080 et
2603 2027 2817 2093 Surius,
2837 2027 3072 2081 tradunt
3091 2045 3103 2095 ;
3121 2044 3247 2097 quae
3270 2041 3472 2080 eorum
3498 2025 3753 2079 narratio

2139 2128 2256 2166 non
2284 2113 2496 2179 minus,
2528 2131 2702 2185 quam
2733 2115 3066 2185 praacedens
3093 2114 3164 2168 de
3197 2114 3253 2168 S.
3276 2113 3552 2183 Stephani
3580 2114 3759 2167 eccle-

2139 2199 2240 2264 sia,
2273 2217 2516 2255 erronea
2543 2207 2646 2268 est,
2683 2220 2834 2268 cum,
2871 2203 3084 2256 dictam
3107 2201 3447 2257 santissimaa
3467 2201 3565 2255 Dei
3588 2200 3753 2272 geni-

2138 2287 2296 2341 tricis
2324 2290 2622 2344 ecclesiam
2651 2291 2774 2360 jam
2826 2291 2961 2345 inde
3004 2291 3076 2345 ab
3111 2307 3266 2345 anno
3306 2292 3440 2343 1090
3479 2288 3756 2343 aediﬁcari

2140 2381 2408 2446 emptam,
2437 2395 2707 2449 annoque
2751 2381 2886 2432 1094
2917 2382 3309 2434 consecratam
3331 2377 3523 2442 fuisse,
3549 2376 3755 2447 exjam

2141 2481 2312 2534 supra
2333 2464 2496 2519 dictis
2533 2469 2777 2520 constet.
2811 2467 2922 2521 Nec
2950 2467 3138 2533 video,
3172 2466 3291 2537 qui,
3325 2482 3452 2537 quae
3488 2468 3604 2519 tres
3625 2465 3754 2534 jam

2143 2552 2277 2605 dicti
2308 2552 2611 2625 biographi
2657 2555 2836 2609 nostri
2879 2555 2948 2609 de
2990 2555 3046 2609 8.
3097 2553 3372 2625 Stephani
3404 2553 3659 2620 ecclesia,
3693 2552 3754 2606 in

2142 2655 2338 2694 eremo
2367 2640 2672 2696 Calabrina
2699 2660 2732 2696 a
2765 2643 2974 2697 Sancto
3020 2647 3216 2697 nostro
3256 2646 3386 2713 post
3423 2642 3644 2706 datum,
3679 2640 3754 2694 de

2143 2744 2254 2798 quo
2275 2729 2401 2799 jam
2433 2729 2547 2796 hic,
2579 2731 2842 2801 diploma
2886 2731 3142 2803 primum
3173 2733 3452 2797 extructa,
3490 2729 3752 2794 tradunt,

2142 2816 2433 2871 cohaarere
2466 2821 2681 2888 queant
2712 2835 2842 2872 cum
2884 2819 3009 2872 aliis
3047 2835 3246 2872 eorum
3281 2816 3487 2882 verbis,
3522 2816 3751 2887 quibus,

2142 2903 2198 2958 S.
2233 2906 2422 2959 Maria:
2447 2911 2503 2960 et
2535 2907 2591 2961 S.
2625 2907 2900 2978 Stephani
2935 2908 3198 2962 ecclesias
3229 2906 3288 2960 S.
3311 2906 3564 2960 Brunoni
3595 2922 3628 2958 a
3653 2921 3754 2959 co-

2140 2993 2280 3047 mite
2308 2995 2575 3064 Rogerio,
2609 3013 2738 3049 cum
2772 2996 2933 3050 illum
2973 2995 3064 3048 hic
3109 2995 3373 3049 nondum
3405 2993 3511 3048 sibi
3544 2996 3750 3047 notum

2139 3081 2196 3135 in
2225 3082 2528 3137 Turritana
2549 3101 2747 3138 eremo
2769 3084 2918 3138 inter
2941 3083 3274 3138 venandum
3297 3083 3623 3149 invenisset,
3645 3082 3750 3136 do-

2139 3171 2302 3222 natas
2330 3169 2523 3237 fuisse,
2556 3170 2682 3240 jam
2715 3175 2887 3226 antea
2917 3170 3216 3226 memoriae
3249 3170 3581 3242 prodidere.
3617 3170 3748 3223 Etc-

2137 3255 2280 3323 nim,
2319 3257 2363 3310 si
2399 3257 2638 3312 Sanctus
2668 3276 2926 3330 unquam
2963 3277 2996 3314 a
3030 3259 3239 3314 comite
3281 3258 3549 3328 Rogerio,
3581 3273 3753 3311 vena-

2136 3343 2357 3399 tionem
2403 3352 2706 3401 exercente
2742 3349 3122 3418 nondumque
3154 3363 3287 3401 cum
3320 3348 3613 3411 noscente,
3642 3345 3752 3398 fuit

2134 3429 2420 3501 inventus,
2441 3434 2499 3488 id
2524 3438 2701 3502 certe,
2731 3437 2814 3488 uti
2836 3436 3064 3506 ipsimet
3090 3435 3305 3490 laudati
3331 3433 3634 3505 biographi
3650 3433 3750 3487 ad-

2135 3521 2365 3576 mittere
2378 3539 2445 3576 ex
2455 3523 2580 3594 jam
2602 3523 2776 3596 supra
2793 3525 2956 3579 dictis
2985 3524 3199 3580 debent
3223 3540 3341 3578 non
3363 3522 3748 3593 serius,quam

2134 3626 2288 3664 anno
2324 3613 2455 3665 1095
2481 3613 2569 3664 vel
2591 3613 2882 3685 sequentis
2905 3612 3068 3666 initio
3086 3611 3418 3682 contigerit;
3441 3610 3596 3681 quod
3612 3626 3745 3663 cum

2135 3699 2214 3752 ita
2241 3699 2331 3766 sit,
2358 3701 2652 3770 quomodo
2682 3718 2881 3756 verum
2925 3718 3045 3756 esse
3085 3705 3292 3771 potest,
3325 3699 3579 3754 Brunoni
3611 3702 3746 3753 tunc

2137 3788 2193 3842 S.
2225 3787 2811 3858 Stephaniecclesiam
2839 3791 3122 3862 largitum
3144 3789 3314 3843 fuisse
3335 3789 3609 3842 comitem
3631 3787 3744 3841 Ro-

2137 3876 2382 3948 gerium,
2399 3880 2455 3930 et
2476 3881 2674 3932 tamen
2701 3879 2851 3932 hanc
2877 3879 3133 3948 primum
3164 3881 3292 3948 post
3320 3893 3492 3948 supra
3518 3891 3743 3929 memo-

2136 3970 2325 4020 ratum
2359 3967 2637 4036 diploma,
2666 3984 2782 4022 non
2811 3967 2994 4035 citius,
3023 3985 3197 4040 quam
3218 3984 3372 4021 anno
3400 3969 3632 4033 1099,ex
3661 3965 3749 4019 in-

2136 4053 2225 4107 fra
2250 4054 2416 4107 dican
2430 4055 2516 4107 dis
2548 4055 2769 4120 datum,
2803 4055 2975 4110 fuisse
3000 4056 3342 4110 aedificatam
3360 4055 3388 4110 ?

2207 4144 2330 4196 626.
2359 4143 2668 4197 Fuerintne
2694 4143 2888 4198 forsan
2912 4145 3104 4198 Sancti
3123 4143 3483 4198 nostrizetate
3498 4146 3745 4214 quatuor

422 4228 610 4283 Mariae
658 4230 729 4284 de
781 4247 1000 4299 eremo,
1051 4234 1108 4285 et
1161 4230 1217 4284 S.
1252 4231 1690 4302 protomartyris
1739 4230 2034 4300 Stephani,
2059 4233 2111 4292 D
2138 4229 2193 4284 in
2228 4247 2425 4286 eremo
2454 4232 2759 4286 Calabrina
2775 4233 3046 4296 ecclesiae,
3071 4249 3315 4303 quarum
3338 4233 3463 4286 dua:
3484 4232 3742 4303 quidem,

421 4333 550 4388 quin
579 4317 700 4371 sita:
732 4323 864 4372 sunt
917 4319 974 4372 in
1019 4323 1173 4373 terra
1217 4336 1349 4372 mea
1393 4320 1545 4373 inter
1582 4319 1856 4390 oppidum
1884 4318 2038 4389 quod

425 4404 635 4458 dicitur
663 4405 892 4474 Stilum,
923 4410 981 4461 et
995 4409 1269 4462 Arenam.
1299 4427 1329 4460 »
1345 4409 1528 4479 Atque
1546 4407 1813 4478 hincjam
1837 4408 2034 4478 liquet,

421 4493 913 4550 Blomenvennam
929 4513 962 4550 a
982 4497 1220 4551 veritate
1235 4497 1397 4551 omni
1411 4496 1583 4552 dubio
1597 4497 1796 4567 procul
1814 4496 2040 4550 aberra-

421 4581 671 4650 re,dum,
687 4589 993 4657 postquam
1008 4586 1133 4656 jam
1157 4587 1518 4658 dietum,quo
1534 4586 1813 4658 Rogerius
1845 4603 2038 4640 eomes

425 4669 481 4724 8.
510 4672 763 4727 Brunoni
796 4676 981 4729 multa
1009 4675 1264 4743 donavit,
1298 4675 1556 4747 diploma
1581 4693 1645 4729 ex
1677 4679 1841 4746 parte
1877 4678 2036 4730 tran-

422 4759 666 4831 scripsit,
695 4778 828 4816 mox
849 4763 1150 4834 subjungit
1167 4780 1218 4817 :c
1237 4763 1444 4835 Vigore
1462 4764 1654 4835 itaque
1675 4764 1842 4834 hujus
1863 4763 2040 4818 dona-

419 4846 594 4902 tionis
619 4849 920 4905 aedificavit
950 4851 1028 4905 ibi
1059 4851 1139 4921 (in
1167 4852 1477 4906 Turritana
1505 4851 1783 4905 Calabria:
1817 4852 2035 4923 eremo)

419 4938 612 5008 primo
643 4940 943 4994 ecclesiam
973 4940 1046 4994 ad
1076 4940 1361 4995 honorem
1382 4941 1564 4995 beata:
1585 4939 1773 4995 Mariae
1795 4940 2039 5011 Virginis

414 5026 581 5097 juxta
611 5028 968 5099 spolianeam
1002 5045 1101 5083 seu
1141 5034 1374 5084 antrum
1421 5030 1715 5101 quoddam
1749 5029 2035 5083 subterra-

423 5132 620 5182 neum,
659 5116 717 5170 in
758 5134 871 5189 quo
912 5117 1031 5189 ipse
1073 5119 1368 5171 manebat.
1410 5118 1726 5172 Ediﬁeavit
1767 5119 1823 5170 et
1865 5117 2036 5170 aliam

423 5206 580 5260 haud
619 5208 816 5276 procul
847 5207 919 5261 ab
959 5207 1058 5261 illa
1088 5207 1400 5261 distantem
1439 5207 1512 5261 ab
1541 5207 1824 5261 honorem
1856 5205 2037 5281 sancti

429 5293 705 5363 Stephani
731 5296 1175 5366 protomartyris
1205 5312 1336 5349 cum
1369 5295 1637 5366 contiguo
1657 5294 2038 5349 illimonaste-

423 5382 534 5448 rio,
567 5381 627 5434 in
663 5399 777 5453 quo
807 5385 985 5438 ceteri
1018 5384 1227 5438 fratres
1267 5384 1631 5451 habitabant,
1661 5384 1764 5439 sub
1800 5399 1936 5438 cura
1980 5385 2038 5438 et

425 5468 712 5541 regimine
733 5472 879 5528 tanti
908 5471 1092 5527 Patris
1119 5471 1335 5528 Chrisio
1359 5472 1690 5528 militantes.
1721 5492 1752 5526 »

2139 4322 2319 4375 altera
2354 4337 2565 4390 nempe
2610 4321 2666 4375 S.
2702 4321 2908 4387 Mariae,
2944 4324 3120 4376 altera
3151 4322 3207 4375 S.
3239 4321 3530 4392 Stephano
3561 4337 3741 4386 sacra,

2138 4413 2271 4463 ante
2301 4409 2580 4463 Brunonis
2594 4409 2651 4462 in
2667 4410 3034 4464 solitudinem
3053 4410 3212 4464 illam
3229 4409 3552 4479 ingressum
3575 4407 3742 4462 exsti-

2136 4497 2333 4564 terint,
2359 4497 2484 4551 dum
2513 4513 2669 4562 vero,
2699 4498 2877 4550 altera
2901 4496 3106 4550 itidem
3138 4496 3194 4549 S.
3229 4495 3438 4560 Marias,
3473 4497 3653 4548 altera
3684 4493 3741 4549 S.

2139 4584 2430 4656 Stephano
2456 4602 2635 4650 sacra,
2670 4589 2798 4655 post
2831 4585 3025 4640 Sancti
3045 4585 3103 4639 in
3135 4585 3337 4639 eadem
3372 4584 3745 4639 solitudinem

2137 4676 2458 4746 ingressum
2493 4677 2791 4729 exstructa),
2821 4675 3075 4746 primum
3123 4674 3385 4728 fuerint?
3423 4676 3523 4726 Ast
3553 4673 3609 4727 id
3641 4688 3747 4726 nec

2137 4764 2460 4818 verosimile
2492 4767 2753 4835 apparet,
2788 4781 2894 4817 nec
2929 4764 3000 4817 ab
3045 4764 3160 4817 ullo
3196 4779 3427 4833 prorsus
3465 4761 3748 4832 scriptore

2140 4851 2250 4906 sive
2280 4850 2624 4918 recentiore,
2643 4851 2758 4904 sive
2779 4850 3102 4921 antiquiore
3129 4849 3429 4905 memoria:
3451 4849 3747 4919 proditum

2139 4939 2388 4994 invenio.
2423 4940 2491 4992 Et
2529 4955 2668 4992 vero
2700 4955 2817 4992 non
2849 4942 3116 5009 quatuor,
3148 4938 3249 4991 sed
3281 4938 3420 4991 duas
3451 4937 3752 4992 dumtaxat

2137 5027 2402 5082 ecclesias
2433 5044 2532 5081 seu
2557 5025 2929 5092 monasteria,
2955 5041 2988 5078 a
3012 5026 3276 5078 Brunone
3306 5024 3355 5094 ej
3367 5040 3540 5095 usque
3588 5024 3753 5078 disci-

2137 5116 2284 5188 pulis
2314 5115 2657 5181 inhabitata,
2689 5131 2817 5186 quae
2851 5113 3042 5168 Sancti
3075 5113 3252 5167 nostri
3281 5116 3449 5168 aetate
3470 5113 3529 5166 in
3555 5112 3750 5166 Turri-

2138 5208 2274 5259 tana
2291 5203 2564 5258 Calabria:
2596 5218 2791 5256 eremo
2825 5201 3163 5269 exstiterint,
3196 5217 3520 5272 anonymus
3552 5202 3750 5254 Anna-

2135 5293 2278 5346 lium
2298 5290 2782 5346 Carthusiensium
2812 5289 2943 5344 libri
2971 5289 3160 5361 quarti
3190 5289 3466 5343 hactenus
3486 5304 3604 5342 non
3635 5289 3754 5341 vul-

2137 5382 2254 5454 gati
2267 5385 2467 5436 auctor
2486 5382 2930 5446 commemorat,
2947 5379 3022 5433 ad
3037 5395 3256 5432 annum
3275 5381 3326 5431 11
3345 5377 3516 5444 14,ιιῐὶ
3537 5376 3751 5431 iterum

2137 5471 2445 5543 saepissime
2458 5470 2586 5542 jam
2615 5469 2900 5536 laudatus,
2917 5483 3112 5540 quem,
3135 5465 3290 5538 quod
3308 5466 3472 5534 nolit,
3496 5481 3614 5520 non
3651 5481 3755 5520 no-
