4066 6032
296 298 400 359 385

1854 284 2035 344 ACTA

3492 300 3598 358 386

293 423 480 492 mino,
515 418 923 479 Carthusianus
950 415 1283 476 Parisiensis
1311 432 1406 472 me
1433 411 1644 482 docuit,
1664 413 1743 469 ita
1763 409 1898 466 scri-
1917 414 1974 472 Α
2001 410 2156 481 quod
2178 412 2236 466 et
2255 427 2583 483 anonymus
2603 411 2916 468 Annalium
2948 412 3435 477 Carthusiensium
3468 422 3623 479 libri

274 512 460 568 hens:
492 510 866 565 «AnnistOQO
890 511 948 563 et
968 511 1101 563 1097
1133 505 1401 571 vidimus,
1426 504 1554 575 jam
1596 502 1709 557 duo
1731 498 1896 554 exsti-

276 601 415 656 tisse
470 600 551 671 (in
569 597 877 653 Turritana
895 597 1107 652 scilicet
1137 593 1413 649 Calabriae
1441 589 1658 661 eremo)
1697 604 1898 644 mona-

275 689 455 744 steria
495 691 761 758 tempore
810 684 993 740 sancti
1033 682 1335 748 Brunonis,
1380 697 1563 735 unum
1617 680 1677 733 Β.
1707 675 1894 731 Mariae

278 777 441 851 (addi
469 778 678 848 potest,
732 777 790 829 et
822 773 880 828 S.
914 771 1124 828 Joanni
1162 768 1450 842 Baptistae)
1499 768 1774 831 dicatum,
1796 762 1895 818 ubi

274 866 404 939 ipse
417 865 774 930 morabatur;
798 861 955 916 aliud
971 876 1088 915 non
1110 860 1356 913 multum
1375 855 1597 928 apriori
1610 853 1867 908 dissitum
1879 893 1892 919 ,

278 955 342 1010 in
375 952 635 1025 ejusdem
662 952 721 1004 Β.
753 949 940 1005 Mariae
981 951 1039 1002 et
1071 947 1253 1001 sancti
1301 942 1579 1016 Stephani
1609 942 1896 997 honorem

278 1043 655 1106 aediﬁcatum,
680 1038 740 1092 in
771 1053 885 1110 quo
908 1053 1039 1091 cum
1066 1035 1335 1091 omnibus
1359 1030 1644 1087 conversis
1660 1029 1897 1101 quidam

279 1132 463 1187 etiam
493 1126 763 1184 monachi
804 1125 921 1180 sive
964 1124 1155 1179 minus
1183 1124 1507 1187 ferventes,
1542 1119 1656 1173 sive
1709 1117 1896 1190 potius

282 1218 506 1277 inﬁrmi
535 1216 671 1272 facti
702 1215 1014 1286 degebant,
1043 1228 1295 1285 quorum
1326 1210 1447 1282 ipse
1473 1207 1759 1263 Lanvinus
1773 1209 1898 1261 erat

282 1308 478 1382 prior;
495 1306 595 1361 sed
610 1319 815 1360 omnes
836 1317 1017 1373 usque
1039 1301 1112 1356 ad
1132 1302 1480 1371 praasentem
1494 1311 1713 1352 annum
1734 1296 1815 1367 (11
1833 1300 1853 1349 1
1870 1295 1898 1349 ἲ

282 1392 575 1463 videlicet)
602 1390 899 1448 eremitice
928 1389 1210 1455 vixerant,
1261 1386 1422 1458 quasi
1458 1401 1639 1439 unum
1668 1386 1897 1437 tantum

287 1484 641 1539 conventum
695 1480 1130 1549 componentes,
1177 1477 1240 1529 ut
1267 1476 1529 1529 constare
1584 1471 1809 1525 videtur
1833 1486 1901 1523 ex

286 1570 534 1643 epistola
562 1565 869 1637 encyclica,
900 1567 1029 1635 post
1048 1566 1299 1617 mortem
1323 1560 1503 1614 sancti
1528 1557 1812 1614 Brunonis
1829 1557 1903 1611 ad

287 1660 511 1716 amicos
536 1657 659 1727 ejus
682 1655 875 1719 missa,
908 1652 967 1706 in
1008 1667 1123 1722 qua
1153 1650 1281 1720 (Adi
1312 1651 1482 1714 hanc,
1511 1647 1707 1703 Titulis
1736 1647 1901 1700 fune-

1999 499 2189 574 quarti
2221 500 2496 555 hactenus
2518 518 2636 555 non
2665 503 2875 574 vulgati
2899 508 3099 559 auctor
3125 506 3281 576 facit,
3312 513 3469 565 recte
3485 511 3599 566 for-

1997 588 2159 645 tassis
2179 588 2499 659 consignet.

2068 680 2190 733 628.
2226 679 2293 730 Et
2321 694 2454 732 vero
2487 694 2618 732 cum
2664 678 2722 732 in
2754 679 3089 751 diplomate,
3127 684 3302 754 quod,
3340 689 3402 740 ut
3426 703 3602 759 supra

1997 765 2184 833 docui,
2215 765 2490 836 Rogerius
2521 782 2716 821 comes
2746 767 2802 822 8.
2840 770 3094 824 Brunoni
3124 788 3279 827 anno
3306 775 3440 829 1096
3470 792 3605 831 con-

1996 854 2180 921 cessit,
2211 855 2366 908 nulla
2397 854 2655 924 omnino,
2692 860 2972 927 quantum
3001 875 3153 925 reor,
3186 863 3521 920 monasterii
3544 865 3602 921 S.

1997 942 2294 1013 Stephani,
2324 943 2495 996 veluti
2521 944 2646 1013 jam
2689 947 2813 999 tum
2873 947 3164 1015 exstantis,
3219 950 3441 1004 mentio
3483 952 3605 1021 ﬁat,

1997 1030 2208 1101 ﬁatque
2236 1031 2505 1084 tamenin
2530 1033 2896 1104 altero,cujus
2910 1034 3037 1104 jam
3052 1036 3311 1105 proxime
3338 1039 3605 1109 memini,

1997 1118 2135 1172 anni
2152 1121 2285 1173 1099
2302 1118 3063 1189 diplomate,monasterium
3087 1123 3225 1178 illud
3238 1123 3296 1178 S.
3325 1126 3609 1183 Brunonis

1997 1222 2134 1261 cura
2154 1223 2306 1261 anno
2338 1207 2563 1262 circiter
2594 1211 2726 1264 1097
2746 1210 2916 1264 condi
2946 1215 3194 1281 coaptum
3216 1213 3408 1281 fuisse,
3440 1232 3606 1272 vero-

1997 1295 2358 1350 simillimum
2387 1297 2471 1350 vel
2498 1296 2708 1351 idcirco
2728 1314 2878 1365 reor,
2900 1299 3076 1369 quod,
3111 1317 3240 1355 cum
3259 1318 3325 1356 ex
3344 1304 3607 1361 omnium

2000 1400 2280 1438 consensu
2302 1385 2563 1454 amplum
2615 1385 2913 1453 exstiterit,
2950 1388 3085 1442 anni
3121 1390 3325 1444 saltem
3375 1391 3487 1446 duo
3533 1393 3609 1448 ad

2002 1472 2123 1543 ejus
2153 1474 2499 1526 structuram
2538 1473 2793 1544 requisiti
2823 1474 2992 1529 fuisse
3026 1475 3343 1546 videantur,
3368 1478 3612 1553 jamque

2002 1560 2075 1615 ad
2102 1560 2437 1614 umbilicum
2470 1577 2624 1616 anno
2680 1565 2814 1617 1090
2858 1567 3007 1618 esset
3058 1565 3393 1636 adductum,
3428 1569 3513 1623 uti
3544 1587 3612 1625 ex

1997 1649 2123 1720 jam
2153 1648 2315 1702 dictis
2344 1665 2519 1703 nemo
2548 1666 2664 1703 non
2682 1650 3163 1721 intelliget,Haud
3193 1654 3412 1710 dudum
3437 1673 3612 1727 porro

287 1749 490 1805 bribus
516 1743 756 1800 edendis
784 1740 1103 1814 praeﬁxam)
1125 1739 1290 1793 unius
1309 1740 1539 1792 tantum
1568 1734 1904 1791 monasterii
1935 1731 1985 1789 B
2004 1739 2308 1809 postquam
2361 1737 2667 1791 aediﬁcium
2719 1738 2828 1792 hoc
2860 1740 3029 1794 condi
3090 1744 3339 1812 coeptum
3392 1744 3611 1813 fuisset,

290 1835 656 1892 mentionem
684 1831 925 1897 faciunt,
967 1845 1100 1883 cum
1124 1844 1184 1882 se
1231 1826 1550 1880 inscribant
1603 1822 1907 1877 «Humiles

290 1924 608 1980 eremiticaa
623 1918 898 1976 Calabria:
912 1914 1248 1972 monasterii
1266 1916 1477 1968 sanctas
1498 1911 1597 1967 Dei
1614 1909 1905 1983 genitricis

287 2013 503 2070 Mariae.

372 2106 496 2157 627.
522 2122 550 2151 (ι
573 2101 643 2153 Et
672 2098 729 2153 in
760 2096 1048 2169 plerisque
1089 2090 1293 2147 litteris
1336 2106 1369 2143 a
1410 2087 1665 2143 Paschali
1688 2088 1734 2140 ll
1760 2087 1907 2140 Lan-

290 2192 431 2246 vino
465 2188 633 2255 datis,
669 2203 811 2258 quas
858 2182 1117 2254 superius
1149 2180 1264 2235 suis
1306 2178 1445 2233 locis
1488 2175 1906 2247 exscripsimus,

292 2281 420 2353 ipse
442 2274 916 2349 papaLanvinum
932 2268 1519 2327 vocatuEremitarum
1536 2264 1909 2338 praepositum

298 2400 329 2429 ‹‹
368 2380 425 2432 et
456 2376 849 2431 multaruman
891 2370 1296 2425 achoretarum
1327 2368 1555 2437 patrem
1600 2366 1658 2417 et
1696 2362 1909 2433 magis-

293 2471 478 2523 trum.
514 2482 547 2515 »
593 2462 706 2515 Nec
752 2459 1008 2530 loquitur
1035 2455 1144 2510 nisi
1174 2455 1245 2509 de
1273 2470 1388 2508 uno
1421 2455 1647 2507 tantum
1677 2467 1911 2505 monas-

295 2576 328 2605 »
366 2552 510 2609 terio
541 2567 554 2605 :
583 2552 812 2614 Pacem,
841 2545 1049 2617 inquit,
1100 2546 1158 2597 et
1187 2540 1553 2598 concordiam
1587 2539 1767 2594 eremi
1789 2535 1918 2609 (Adi
1958 2534 1964 2539 ’

296 2665 330 2695 ››
363 2658 527 2697 num.
544 2638 668 2709 550)
684 2636 1063 2692 reformatam
1082 2630 1474 2703 cognovimus.
1495 2650 1523 2678 »
1544 2629 1611 2682 Et
1626 2628 1699 2682 ad
1712 2643 1915 2681 omnes

298 2730 581 2795 scribens,
634 2746 666 2779 α
702 2723 956 2779 Lanvino
1000 2724 1057 2777 et
1106 2719 1326 2774 caeteris
1379 2716 1669 2782 fratribus,
1714 2712 1915 2769 domni

300 2840 337 2873 »
370 2815 655 2874 Brunonis
681 2828 946 2869 eremum
964 2807 1362 2865 habitantibus
1389 2806 1654 2860 salutem.
1689 2821 1721 2855 ››
1748 2803 1816 2856 Et
1841 2802 1915 2856 ad

300 2909 495 2981 ipsum
540 2903 884 2976 magistrum
943 2897 1147 2963 eremi,
1205 2896 1478 2949 «Fratres
1529 2896 1676 2959 tuos,
1736 2889 1919 2945 eremi

307 2978 347 3051 δέ
372 2993 814 3057 cobabitatores,
850 2990 1185 3043 salutamus.
1207 3004 1236 3033 »
1273 2982 1479 3053 Sicque
1497 2981 1752 3035 cremitae
1784 2978 1919 3033 dicti

305 3087 512 3141 suntet
528 3079 924 3155 perstiterunt,
957 3076 1142 3131 donec
1182 3071 1423 3127 tandem
1455 3068 1723 3141 praesenti
1767 3082 1920 3121 anno

309 3174 472 3247 (1114
504 3169 804 3232 nimirum)
837 3165 993 3220 aliud
1012 3162 1249 3217 tertium
1280 3159 1601 3229 erigeretur
1629 3158 1920 3212 monaste-

305 3245 463 3316 rium
492 3275 599 3329 pro
639 3253 938 3311 cmnobitis
961 3251 1116 3322 apud
1145 3247 1538 3321 Squillacium,
1572 3247 1635 3299 ut
1664 3245 1722 3299 in
1753 3260 1924 3315 supra

308 3347 537 3419 scriptis
558 3341 1007 3400 litterisdicitur.
1031 3359 1059 3389 »
1095 3338 1381 3391 Hactenus
1418 3335 1535 3399 ille,
1568 3334 1681 3388 duo
1714 3332 1921 3386 dunta-

310 3439 429 3503 xat,
460 3438 526 3489 ut
574 3434 701 3504 jam
736 3430 871 3497 dixi,
904 3445 938 3482 a
991 3423 1381 3482 Carthusianis
1424 3421 1764 3487 inhabitata,
1796 3435 1924 3490 quas

317 3541 439 3580 non
473 3524 699 3578 tantum
735 3518 792 3573 S.
829 3515 1116 3572 Brunonis
1135 3515 1324 3577 aetate,
1346 3510 1446 3564 sed
1466 3509 1641 3564 etiam
1669 3508 1766 3562 diu
1797 3509 1927 3578 post

315 3611 470 3666 hanc
491 3626 593 3665 seu
622 3607 697 3663 ad
712 3621 931 3662 annum
947 3617 1127 3673 usque
1155 3601 1294 3654 1114
1324 3599 1385 3652 in
1399 3612 1596 3653 eremo
1625 3594 1928 3651 Calabrina

318 3698 680 3762 exstiterunt,
698 3690 1052 3749 monasteria
1062 3704 1387 3744 recensens.
1408 3687 1593 3756 Atque
1609 3700 1787 3737 unum
1803 3681 1928 3753 qui-

318 3789 455 3845 dem
487 3803 556 3841 ex
593 3784 702 3851 his,
729 3780 1105 3838 sanctissimae
1138 3775 1237 3832 Dei
1266 3772 1530 3846 genitrici
1552 3776 1610 3827 et
1639 3772 1696 3827 S.
1724 3769 1933 3825 Joanni

319 3875 586 3947 Baptista:
603 3867 1039 3937 dicatum,cujus
1056 3863 1232 3937 priori
1248 3879 1347 3917 seu
1358 3861 1635 3932 magistro
1651 3861 1937 3915 monaste-

319 3964 471 4019 rium
504 3961 563 4018 S.
593 3956 971 4030 Stephani,ut
1014 3957 1078 4008 ut
1118 3952 1293 4006 etiam
1337 3949 1638 4022 proprium
1678 3947 1934 4019 priorem

322 4052 560 4117 habens,
578 4048 997 4119 parebat,anno
1033 4044 1168 4097 1090
1198 4038 1365 4094 candi
1390 4054 1459 4092 ex
1478 4036 1644 4092 dictis
1664 4038 1933 4106 caeptum,

326 4155 480 4194 anno
505 4138 642 4192 1094
667 4132 911 4189 solemni
926 4131 1041 4185 ritu
1057 4143 1387 4200 magnoque
1406 4128 1708 4197 apparatu,
1734 4128 1797 4179 ut
1809 4125 1935 4194 jam

2005 1825 2196 1879 evenit
2225 1827 2288 1879 ut
2311 1826 2563 1879 Joannes
2594 1826 2663 1880 de
2693 1826 3217 1901 Nicephoro,quam
3246 1831 3524 1888 benevolo
3554 1834 3615 1890 in

2008 1912 2285 1967 Sanctum
2318 1915 2604 1979 nostrum,
2636 1913 2797 1983 cujus
2828 1914 3065 1970 consilio
3083 1932 3148 1970 ex
3165 1917 3328 1972 dictis
3342 1919 3416 1973 ad
3433 1920 3617 1993 Squil-

2008 2001 2168 2055 lacen
2177 2017 2300 2054 sem
2318 2000 2653 2055 cathedram
2669 2003 2858 2057 fuerat
2869 2006 3115 2070 evectus,
3137 2006 3617 2082 Turritanamque

2010 2105 2276 2143 eremum
2313 2089 2511 2143 animo
2560 2092 2727 2156 esset,
2772 2091 3174 2146 manifestarit.
3209 2095 3434 2150 Etenim
3461 2114 3615 2154 anno

2010 2176 2319 2232 millesimo
2351 2176 2732 2247 nonagesimo
2747 2181 2967 2245 octavo,
2992 2196 3123 2234 cum
3143 2198 3297 2237 anno
3308 2182 3459 2238 forte
3478 2202 3622 2241 non-

2012 2267 2152 2321 dum
2172 2266 2400 2336 integro
2421 2265 2926 2332 sedisset,Henrico
2950 2268 3340 2326 Neocastrensi
3355 2272 3621 2346 episcopo

2011 2353 2247 2425 aliisque
2260 2353 2636 2426 praesentibus
2648 2354 2989 2411 donationes
3002 2372 3205 2412 omnes
3213 2359 3626 2435 privilegiaque

2015 2442 2213 2498 omnia
2238 2442 2565 2497 S.Brunoni
2605 2442 2913 2514 ejusquein
2962 2449 3318 2501 monasterio
3364 2449 3625 2508 S.Maries

2016 2532 2087 2586 de
2115 2532 2279 2586 Turri
2330 2531 2745 2586 successoribus
2804 2549 3072 2588 concessa
3119 2536 3502 2608 conﬁrmavit,
3558 2558 3625 2597 ac

2015 2623 2181 2675 tanta
2220 2620 2457 2690 insuper
2504 2620 2847 2675 asceterium
2896 2621 3035 2677 illud
3071 2622 3335 2680 libertate
3369 2627 3622 2697 donavit,

2016 2712 2079 2763 ut
2102 2708 2207 2763 sibi
2234 2708 2340 2778 ipsi
2371 2711 2429 2763 et
2454 2709 2870 2764 successoribus
2896 2710 3009 2765 suis
3038 2711 3359 2784 episcopale
3380 2715 3437 2770 in
3460 2717 3627 2789 idjus

2018 2797 2822 2869 ademerit,quemadmodum
2844 2798 3293 2856 instrumentum
3309 2805 3625 2875 publicum,

2017 2901 2119 2940 seu
2132 2885 2522 2956 privilegium,
2564 2886 2751 2957 quoid
2782 2887 3066 2958 praestitit,
3095 2889 3271 2945 ﬁdem
3300 2892 3454 2948 facit.
3482 2896 3627 2952 Illud

2020 2972 2254 3039 iterum,
2306 2990 2375 3028 ex
2404 2974 2716 3028 Annalium
2769 2975 3239 3032 Carthusiensum
3288 2980 3417 3034 libri
3439 2984 3626 3054 quarti

2021 3061 2300 3116 hactenus
2326 3078 2443 3116 non
2480 3061 2693 3133 vulgeti
2724 3063 3027 3118 Vallis-Dei
3077 3068 3389 3138 exemplari
3424 3070 3632 3126 descri-

2021 3153 2207 3221 ptum,
2244 3166 2472 3204 mecum
2500 3166 2606 3221 pro
2619 3166 2960 3205 sumasne
2984 3152 3348 3210 humanitate
3380 3171 3631 3215 commu-

2025 3239 2218 3292 nicare
2237 3238 2505 3310 dignatus
2532 3240 2619 3293 est
2646 3238 3052 3295 Carthusianus
3083 3242 3411 3300 Parisiensis
3443 3248 3632 3321 sapis-

2024 3326 2168 3381 sime
2196 3326 2481 3394 laudatus,
2532 3326 2702 3398 idque
2739 3331 3016 3399 tanquam
3040 3330 3356 3401 pretiosum
3383 3337 3632 3409 antiqui-

2026 3415 2158 3469 tatis
2212 3418 2684 3483 monumentum,
2734 3415 3005 3489 hincque,
3066 3422 3347 3489 quantum
3402 3424 3630 3495 opinor,

2025 3503 2286 3557 futurum
2319 3521 2437 3559 non
2469 3504 2787 3574 ingratum,
2817 3521 2949 3559 cum
2996 3506 3211 3563 lectore
3239 3510 3457 3580 pariter
3473 3530 3633 3570 com-

2029 3591 2433 3648 municarehic
2461 3592 2637 3645 lubet.

2101 3683 2227 3739 629.
2260 3679 2422 3734 Hisce
2451 3679 2645 3751 itaque
2668 3680 2859 3735 verbis
2883 3681 3235 3753 concipitur:
3270 3707 3297 3736 ‹‹
3325 3688 3386 3741 In
3401 3690 3640 3747 nomine

2032 3772 2243 3824 sancta:
2256 3770 2312 3822 ct
2339 3767 2646 3822 individuae
2676 3768 3115 3841 Trinitatis.Ego
3136 3773 3409 3839 Joannes,
3434 3779 3636 3835 volun-

2031 3861 2151 3913 tate
2194 3856 2295 3912 Dei
2342 3856 2703 3926 Squillacinae
2748 3858 2898 3912 sedis
2922 3858 3240 3930 episcopus,
3269 3861 3368 3917 SS.
3402 3865 3637 3923 Patrum

2036 3944 2492 4019 praecedentium
2551 3944 2788 4015 vestigia
2850 3949 3092 4010 secutus,
3140 3947 3291 4003 facta
3342 3967 3541 4008 eorum
3583 3958 3642 4011 et

2037 4034 2269 4089 decreta
2297 4031 2565 4103 religiosa
2597 4032 2726 4086 vola
2766 4032 3005 4101 imitari,
3055 4037 3114 4088 et
3166 4052 3272 4106 pro
3309 4054 3475 4109 posse
3507 4059 3638 4099 meo

2036 4137 2381 4178 conservare
2402 4120 2693 4176 inviolata.
2728 4123 3136 4178 Monasterium
3169 4130 3499 4200 ergo,quod
3512 4131 3647 4187 dici-

327 4242 499 4298 supra
524 4223 713 4290 docui,
734 4221 844 4276 fuit
869 4220 1285 4281 consecratum;
1302 4215 1548 4294 alterum
1564 4228 1720 4279 vero,
1746 4212 1936 4267 eidem
1963 4278 2010 4298 ﬁ
2038 4217 2131 4268 tur
2153 4211 2209 4265 S.
2240 4210 2415 4266 Maria
2446 4210 2516 4264 de
2544 4210 2728 4277 Turri,
2759 4211 2849 4265 cui
2884 4215 3091 4283 praeest
3114 4216 3454 4271 venerabilis
3481 4223 3647 4289 pater

327 4278 1511 4379 sanctissimaaDeigenitricietS.Stephano
1525 4278 1938 4372 protomartyri
1961 4278 2013 4336 D
2038 4304 2252 4367 Bruno,
2284 4300 2533 4354 liberum
2565 4316 2687 4353 esse
2731 4278 2927 4367 laudo,
2985 4318 3197 4370 assero,
3249 4306 3307 4358 et
3337 4278 3645 4379 conﬁrmo,

329 4417 579 4465 sacrum,
605 4398 759 4470 quod
786 4398 986 4467 postea
1026 4390 1443 4449 monasterium
1469 4389 1527 4444 S.
1562 4389 1838 4459 Stephani
1868 4389 1939 4443 de

331 4492 507 4545 Bosco
533 4503 633 4542 seu
664 4485 736 4539 de
765 4484 1012 4538 Nemore
1035 4481 1429 4548 nuncupatum
1441 4477 1569 4540 fuit,
1601 4492 1755 4531 anno
1780 4475 1938 4543 1099,

332 4575 624 4633 secundaA
633 4572 820 4645 ugusti
836 4570 948 4635 die,
966 4583 1082 4639 qua
1099 4582 1271 4637 supra
1283 4568 1672 4620 memoratum
1689 4565 1944 4636 diploma

333 4666 535 4720 datum
567 4663 822 4726 notatur,
847 4658 976 4729 jam
993 4658 1117 4710 erat
1133 4656 1500 4719 exstructum,
1534 4652 1619 4707 uti
1675 4652 1857 4724 liquet
1876 4669 1943 4707 ex

333 4753 406 4808 iis
434 4768 564 4824 qum
594 4750 701 4804 hac
733 4747 804 4802 de
834 4762 897 4800 re
928 4746 1055 4816 jam
1106 4741 1363 4797 disserui.
1410 4743 1484 4793 At
1531 4755 1667 4795 vero
1726 4743 1943 4811 quanto

335 4839 577 4914 quidem
605 4841 871 4908 tempore
884 4833 1047 4888 citius
1058 4829 1310 4886 construi
1326 4827 1668 4899 caepit‘mum
1686 4844 1754 4882 ex
1774 4844 1946 4899 supra

335 4926 504 4984 dictis
535 4922 959 4979 monasterium
1012 4936 1112 4974 seu
1142 4916 1398 4984 ecclesia,
1433 4915 1804 4970 sanctissimae
1844 4917 1944 4971 Dei

335 5013 605 5090 genitrici
621 5027 804 5078 sacra,
835 5012 971 5064 ante
996 5023 1213 5063 annum
1240 5007 1376 5060 1094
1401 5004 1646 5059 solemni
1676 5003 1789 5058 ritu
1813 5021 1948 5060 con-

336 5105 560 5161 secrata
584 5098 740 5155 haud
771 5098 968 5163 fuerit,
990 5112 1096 5151 nec
1113 5098 1425 5166 antequam
1446 5093 1555 5147 hoc
1574 5092 1756 5159 ﬁeret,
1777 5093 1949 5150 condi

336 5194 594 5263 coeptum
620 5188 795 5244 fuisse
821 5185 1082 5241 videatur
1108 5182 1164 5238 S.
1196 5182 1471 5253 Stepbam
1506 5180 1945 5251 monasterium,

336 5280 511 5352 hujus
533 5274 884 5333 constructio
927 5271 1382 5333 verosimillime,
1422 5268 1505 5324 uti
1542 5285 1607 5322 ex
1628 5268 1756 5339 jam
1787 5269 1949 5325 dictis

340 5368 582 5443 quisque
611 5365 778 5421 facile
804 5362 1055 5434 colliget,
1074 5360 1225 5415 inter
1236 5374 1457 5414 annum
1486 5359 1622 5413 1094
1647 5362 1705 5412 et
1732 5376 1950 5413 annum

345 5459 487 5514 1099
517 5453 809 5520 evenerit;
840 5454 904 5506 ut
929 5449 1175 5523 proinde
1200 5464 1332 5502 eam
1347 5444 1619 5501 Camillus
1636 5446 1876 5502 Tutinus
1891 5446 1949 5501 in

346 5545 607 5604 Historiae
619 5540 838 5600 ordinis
855 5535 1271 5597 Carthusiensis
1293 5536 1604 5605 Prospectu
1620 5550 1774 5592 anno
1790 5537 1948 5603 1097,

2043 4407 2158 4462 qua
2181 4389 2447 4444 libertate
2475 4404 2509 4442 a
2538 4388 2784 4459 Rogerio
2815 4389 3025 4444 comite
3056 4395 3144 4446 est
3165 4392 3496 4464 fundatum,
3529 4400 3587 4452 et
3616 4415 3651 4454 a

2039 4480 2101 4533 B.
2151 4479 2258 4532 PP.
2309 4477 2540 4531 Urbano
2577 4476 2878 4544 donatum,
2911 4481 2969 4532 et
2997 4479 3070 4533 ab
3118 4483 3478 4539 antecessore
3518 4503 3649 4544 meo

2040 4569 2209 4623 bonae
2257 4565 2558 4620 memoria:
2587 4564 2887 4620 Theodoro
2920 4566 3186 4640 episcopo
3216 4571 3649 4631 confirmatum.

2042 4655 2319 4712 Noverint
2349 4668 2487 4725 ergo
2504 4652 2703 4707 ﬁdeles
2733 4652 2947 4726 quique
2977 4659 3037 4710 et
3061 4659 3353 4713 amatores
3375 4663 3649 4731 veritatis,

2041 4744 2350 4817 praefatum
2377 4741 2822 4809 monasterium,
2851 4741 3086 4814 insuper
3118 4747 3311 4801 locum
3342 4747 3525 4818 illum,
3552 4752 3650 4823 qui

2043 4832 2265 4888 Arsaﬂa
2311 4829 2539 4896 dicitur,
2600 4829 2672 4884 de
2723 4846 2836 4902 quo
2888 4832 3193 4902 praefatum
3234 4837 3651 4893 monasterium

2046 4922 2309 4977 dotatum
2341 4921 2445 4986 est,
2477 4934 2610 4972 cum
2628 4919 2897 4973 omnibus
2917 4919 3279 4991 pertinentiis
3301 4922 3415 4977 suis
3445 4928 3654 4982 etcum

2047 5008 2317 5065 omnibus
2343 5005 2696 5073 hominibus,
2713 5010 2834 5061 tam
2859 5006 2930 5061 de
2942 5008 3306 5079 clero,quam
3333 5010 3404 5063 de
3416 5014 3654 5084 populo,

2048 5113 2192 5170 quos
2222 5096 2295 5150 ad
2322 5111 2576 5166 praesens
2593 5094 2985 5165 supradictum
3016 5097 3434 5153 monasterium
3456 5100 3656 5171 habet,

2048 5187 2138 5241 vel
2162 5184 2222 5238 in
2248 5186 2543 5253 posterum
2558 5182 2891 5237 habiturum
2912 5185 3017 5247 est,
3039 5186 3095 5237 et
3116 5184 3401 5240 extraneis
3425 5203 3662 5258 quoque

2050 5271 2341 5339 omnibus,
2364 5272 2461 5343 qui
2483 5271 2541 5324 in
2558 5272 2842 5341 potestate
2857 5269 3144 5339 habitant,
3164 5272 3251 5325 vel
3269 5276 3401 5327 sunt
3428 5274 3666 5331 habita-

2048 5360 2161 5416 turi
2171 5360 2299 5426 ,hac
2312 5359 2574 5415 libertate
2590 5357 2871 5414 donatum
2889 5373 2903 5412 :
2919 5375 3027 5414 nec
3040 5375 3282 5433 ego,nec
3294 5359 3675 5431 quilibetsuc-

2048 5463 2342 5503 cessorum
2374 5460 2642 5502 meorum
2676 5449 2856 5502 ullum
2887 5446 3407 5523 episcopalejusibi
3426 5447 3686 5513 habeat,

2051 5536 2271 5605 absque
2294 5529 2591 5593 communi
2610 5537 2932 5605 spontanee
2949 5537 3244 5595 voluntate
3253 5535 3514 5591 fratrum
3526 5549 3703 5604 prae-
