4014 6052
325 322 429 377 38⁸1

1146 310 1202 368 S.
1263 307 1607 367 BRUNONIS
1665 301 2300 363 CARTHUSIANORUM
2341 302 2811 360 INSTITUTORIS

3525 296 3633 358 388

328 434 462 493 dicti
519 427 872 489 monasterii.
943 426 1430 493 Consecrationes,
1510 421 1926 486 ordinationes,
1956 420 2013 480 Α
2033 433 2066 472 a
2087 417 2462 475 Carthusiano
2496 434 2788 491 anonymo
2818 415 3072 486 laudato,
3097 415 3299 473 Martio
3331 418 3537 474 contra
3559 416 3634 474 ab

329 524 610 591 chrisma;
629 525 978 591 caeterasque
1009 515 1343 587 episcopalis
1359 513 1531 568 ofﬁcii
1554 510 1926 581 indigentias,

328 630 364 668 a
392 629 505 685 quo
540 609 903 683 potissimum
935 606 1201 677 episcopo
1217 601 1823 673 consequanturlonge
1842 598 1929 651 vel

327 717 530 773 prope,
586 703 643 753 et
681 715 798 752 non
834 696 905 750 sit
935 695 1032 766 qui
1083 691 1406 764 prohibeat.
1440 688 1689 743 Decimae
1721 702 1927 741 eorum

328 792 462 863 ipsis
484 790 615 844 sint.
650 787 878 842 Offensa
907 783 1297 852 subjectorum
1329 781 1386 831 et
1416 777 1694 832 correctio
1727 775 1799 829 ad
1832 790 1929 828 eos

327 862 653 951 respiciant.
688 876 977 944 memque).
1005 869 1272 929 diximus,
1309 866 1647 921 auctoritate
1670 867 1725 918 et
1756 862 1927 951 privi-

325 950 478 1039 legio
512 966 624 1020 mei
658 960 1029 1018 antecesseris
1085 956 1391 1020 Theodori,
1452 954 1689 1008 natione
1725 950 1925 1017 GI‘ZBCi,

326 1056 666 1113 conﬁrmata
688 1053 838 1105 sunt.
869 1049 995 1102 Haec
1027 1049 1084 1100 et
1114 1061 1217 1099 nos
1248 1042 1542 1115 privilegio
1574 1040 1841 1114 praesenti
1871 1041 1928 1091 et

325 1143 682 1207 auctoritate,
712 1154 886 1211 quam
934 1152 967 1189 a
1005 1136 1121 1188 Deo
1154 1130 1443 1187 consecuti
1484 1145 1696 1193 sumus,
1726 1126 1924 1180 testiﬁ—

325 1249 543 1299 camur,
572 1228 1004 1289 conﬁrmamus,
1050 1225 1107 1275 et
1138 1237 1241 1274 nec
1274 1219 1414 1272 mihi
1442 1217 1545 1289 ipsi
1579 1215 1925 1287 quandoque

326 1323 510 1386 aliter,
546 1316 700 1389 quod
732 1312 910 1368 absit!
958 1306 1511 1382 sapienti,velalicui
1538 1319 1926 1358 successorum

325 1424 592 1465 meorum
618 1406 742 1458 haec
777 1401 989 1455 violare
1018 1398 1203 1452 liceat.
1230 1395 1285 1449 Si
1318 1394 1442 1464 quis
1472 1392 1646 1462 igitur
1672 1390 1925 1461 pertina-

325 1499 466 1552 citer
479 1497 627 1549 hanc
652 1488 998 1545 sententiam
1015 1488 1293 1550 nostram,
1315 1481 1592 1535 veraciter
1616 1480 1924 1550 prolatam,

324 1586 623 1656 scriptam,
652 1579 1051 1650 signatamque
1074 1573 1131 1625 in
1155 1572 1384 1640 signum
1407 1568 1748 1633 stabilitatis,
1771 1567 1927 1656 inge-

327 1655 542 1728 nioivel
590 1666 851 1742 potentia
880 1664 1071 1718 delere
1102 1659 1401 1723 studuerit,
1430 1658 1689 1711 deleatur
1718 1659 1777 1709 et
1805 1655 1926 1726 ipse

2030 507 2267 578 Ughello
2297 509 2494 563 datum
2521 510 2775 575 notetur,
2799 523 2905 580 pro
2929 509 3190 579 suspecto
3221 506 3636 574 habeatur,etsi

2028 594 2260 651 interim
2292 598 2427 652 hinc
2477 598 2595 663 ﬁat,
2648 599 2730 663 ut,
2761 601 2888 652 utro
2943 612 3144 651 mense
3199 596 3400 651 datum
3446 595 3635 666 reipsa

2028 682 2221 749 fuerit,
2256 685 2630 739 determinari
2658 685 2812 739 haud
2844 689 3037 756 queat.
3076 686 3262 755 Atque
3296 684 3376 739 ita
3396 683 3633 755 quidem

2032 776 2092 826 ut
2120 773 2461 839 existimem,
2492 775 2668 827 etiam
2696 773 2851 839 facit,
2885 776 3009 826 tum
3028 772 3184 844 quod
3211 770 3352 826 nihil
3383 771 3627 826 omnino

2030 861 2361 927 aliud,unde
2382 861 2639 932 diploma
2658 861 2797 915 illud
2819 878 2914 915 seu
2930 859 3287 932 privilegium
3307 861 3633 931 suspectum

2028 953 2315 1020 utcunque
2346 950 2641 1016 reddatur,
2690 949 2911 1019 uspiam
2959 951 3239 1015 occurrat,
3298 950 3420 1003 tum
3477 947 3634 1021 quod

2026 1037 2105 1090 rei
2114 1053 2214 1108 psa
2231 1055 2263 1091 a
2277 1038 2498 1091 Joanne
2512 1038 2581 1091 de
2607 1035 3323 1108 Nicephoro,Squillacensi
3340 1035 3631 1107 episcopo,

2027 1124 2227 1180 datum
2265 1125 2434 1180 fuisse
2466 1125 2522 1179 S.
2552 1125 2805 1179 Brunoni
2838 1124 3096 1195 diploma
3116 1140 3214 1178 seu
3243 1123 3629 1196 privilegium,

2026 1213 2203 1267 ﬁdem
2228 1213 2400 1268 faciat
2434 1213 2690 1285 diploma
2718 1213 2891 1279 aliud,
2923 1230 3059 1285 quo,
3091 1212 3246 1284 quod
3259 1213 3331 1267 ab
3346 1228 3412 1266 eo
3443 1212 3635 1267 fuerat

2026 1318 2382 1368 concessum,
2419 1302 2685 1356 Urbanus
2702 1303 2747 1355 ll
2778 1317 2927 1373 papa
2951 1299 3331 1355 conﬁrmavit.
3364 1300 3545 1354 Lubet
3574 1303 3639 1355 et

2027 1389 2189 1456 illud,
2211 1389 2493 1461 quodnon
2509 1389 2699 1443 minus
2711 1405 2886 1460 quam
2909 1388 3243 1460 praecedens
3270 1388 3342 1443 ad
3355 1388 3629 1442 Sanctum

2028 1482 2289 1532 nostrum
2320 1480 2558 1547 spectet,
2581 1494 2648 1531 ex
2676 1477 2936 1548 Ughello,
2984 1477 3137 1547 apud
3168 1492 3345 1549 quem
3388 1478 3531 1530 tom.
3566 1476 3632 1530 1X

2028 1566 2201 1620 Italiae
2229 1582 2403 1619 sacrae
2433 1566 2540 1620 col.
2561 1567 2662 1620 427
2687 1568 2744 1619 et
2761 1581 2879 1637 seq.
2914 1568 3115 1620 exstat.
3153 1565 3264 1618 huc
3293 1565 3626 1620 transferre.

2027 1655 2111 1708 Ita
2154 1654 2357 1708 habet:
2409 1653 2719 1708 «Urbanus
2761 1653 3078 1724 episcopus,
3112 1669 3302 1707 servus
3332 1668 3628 1708 servorum

325 1727 939 1817 delibro-viventium.
971 1745 1422 1802 Asseutientibus
1465 1760 1598 1799 vero
1642 1747 1699 1797 et
1730 1743 1928 1797 defen-
1956 1727 2150 1808 BDei,
2175 1742 2394 1796 dilectis
2414 1741 2472 1795 in
2521 1742 2742 1796 Christo
2787 1741 2920 1795 ﬁliis
2965 1740 3219 1796 Brunoni
3270 1743 3326 1794 et
3377 1741 3630 1797 Lanvino

325 1847 595 1904 dentibus
624 1860 733 1916 pax
781 1843 839 1895 et
867 1839 983 1893 vita
1009 1851 1140 1890 cum
1186 1833 1409 1888 vivente
1461 1836 1519 1886 et
1550 1833 1832 1903 regnante
1866 1830 1927 1883 in

325 1936 532 1993 saecula
554 1931 914 1987 saeculorum.
948 1928 1153 1979 Amen.
1188 1942 1216 1971 ››

398 2026 521 2078 630.
548 2020 814 2089 Diploma
838 2016 947 2068 hoc
988 2028 1087 2066 seu
1112 2009 1499 2081 privilegium,
1528 2008 1683 2079 quod
1724 2008 1927 2073 nullas,

327 2126 516 2181 neque
534 2106 721 2170 initio,
742 2118 929 2172 neque
963 2100 1023 2153 in
1056 2100 1170 2152 ﬁne
1204 2102 1370 2151 notas
1393 2096 1690 2150 chronicas
1713 2095 1817 2149 sibi
1840 2095 1930 2148 hic

335 2199 635 2269 adiunctas
649 2191 1058 2255 exbibet,anno
1080 2188 1236 2251 t098,
1260 2184 1458 2237 indict.
1480 2186 1532 2249 6,
1549 2183 1932 2254 septimoidus

323 2285 451 2343 Maii
476 2300 576 2338 seu
608 2296 762 2335 nona
776 2276 993 2335 mensis
1007 2274 1180 2344 hujus
1214 2272 1307 2326 die
1330 2272 1529 2325 datum
1562 2271 1749 2325 notari
1774 2271 1930 2324 afﬁr-

325 2378 448 2430 mat
467 2367 874 2426 Carthusianus
900 2378 1245 2433 anonymus,
1280 2377 1310 2413 e
1344 2360 1506 2430 cujus
1526 2358 1685 2425 illud,
1718 2362 1779 2413 ut
1804 2359 1931 2429 jam

326 2460 552 2528 monui,
577 2454 889 2512 Annalium
912 2449 1401 2507 Carthusiensium
1417 2448 1559 2502 libro
1588 2450 1793 2518 quarto
1804 2447 1934 2501 hac-

322 2555 491 2606 tenus
506 2563 623 2603 non
651 2545 881 2614 vulgato
903 2538 1397 2594 communicatum
1420 2552 1647 2589 mecum
1679 2535 1807 2589 fuit.
1825 2535 1930 2589 Ve-

324 2655 455 2695 rum
490 2640 730 2692 notasne
756 2633 880 2687 illas
902 2629 1200 2684 chronicas
1224 2627 1283 2680 in
1302 2627 1444 2697 ipso,
1469 2626 1625 2696 quod
1656 2624 1758 2679 sibi
1782 2641 1930 2696 pras-

324 2722 775 2799 laxit,privilegii
804 2720 952 2774 illius
975 2734 1074 2771 seu
1091 2715 1448 2785 autographo
1466 2730 1563 2767 seu
1593 2713 1928 2785 exemplari,

324 2834 399 2872 an
423 2814 580 2880 alibi,
604 2809 909 2873 invenerit,
942 2822 1059 2860 non
1094 2803 1284 2859 edicit.
1322 2803 1460 2856 Hinc
1506 2802 1695 2872 primo
1714 2819 1789 2855 an
1814 2801 1930 2855 ins-

324 2904 683 2959 trumentum
701 2897 839 2953 illud
855 2910 1009 2950 anno
1036 2894 1171 2947 1098
1191 2891 1393 2946 datum
1411 2906 1541 2945 vere
1572 2889 1931 2957 fuisset,haesi

2029 1832 2271 1885 salutem
2299 1834 2356 1885 et
2382 1830 2754 1901 apostolicam
2770 1829 3257 1884 benedictionem.
3283 1828 3427 1893 Quia
3454 1829 3633 1901 igitur

2030 1919 2209 1973 nostri
2232 1918 2403 1973 ofﬁcii
2436 1919 2697 1984 interest,
2726 1933 3024 1972 servorum
3056 1918 3155 1972 Dei
3174 1917 3353 1989 quieti
3385 1920 3443 1972 et
3470 1934 3631 1973 com-

2031 2006 2240 2072 modis,
2260 2010 2431 2076 prout
2456 2007 2514 2060 in
2536 2006 2783 2061 Domino
2803 2005 3137 2076 possederit,
3157 2005 3632 2078 providere,peti-

2030 2096 2282 2149 tionibus
2309 2095 2635 2161 vestris,ﬁlii
2660 2095 2719 2149 in
2741 2094 2962 2149 Christo
2983 2094 3258 2148 carissimi
3283 2111 3346 2148 ac
3371 2110 3637 2149 reveren-

2032 2183 2271 2249 dissimi,
2306 2185 2623 2237 clementer
2642 2182 3089 2237 annuimus.Per
3108 2182 3277 2254 hujus
3298 2182 3473 2256 igitur
3501 2200 3636 2256 apo-

2032 2272 2212 2326 stolici
2230 2270 2511 2343 privilegii
2544 2271 2818 2343 paginam
2833 2270 3143 2342 apostolica
3160 2272 3499 2326 auctoritate
3508 2288 3643 2326 con-

2033 2360 2311 2426 cedimus,
2345 2364 2402 2414 et
2442 2360 2673 2414 ﬁrmam
2718 2363 2776 2414 et
2813 2359 3077 2414 stabilem
3117 2364 3173 2414 et
3202 2360 3261 2414 in
3292 2364 3638 2432 perpetuum

2035 2465 2476 2520 permansuram
2510 2448 2925 2503 confirmamus
2939 2447 3635 2517 denationemterrarum,

2034 2555 2161 2609 qua:
2182 2537 2342 2592 vobis
2372 2537 2519 2591 datae
2548 2539 2684 2591 sunt
2732 2536 2790 2590 in
2819 2536 3195 2608 Squillacensi
3231 2537 3545 2605 territorio,
3579 2539 3638 2591 et

2034 2626 2370 2696 conscripta
2383 2629 2442 2680 et
2463 2625 2866 2680 determinatae
2892 2629 2948 2679 et
2976 2625 3288 2697 designatae
3316 2643 3421 2698 per
3437 2627 3635 2681 termi-

2034 2731 2142 2769 nos
2166 2717 2352 2769 certos
2392 2731 2426 2768 a
2477 2714 2685 2768 dilecto
2745 2717 2942 2768 nostro
2992 2714 3109 2768 ﬁlio
3153 2714 3218 2767 Β.
3270 2714 3504 2783 comite,
3556 2718 3633 2783 et,

2030 2802 2251 2856 Joanne
2266 2802 2556 2857 confratre
2581 2805 2800 2869 nostro,
2827 2801 3638 2874 Squillacensiepiscopo,con-

2032 2891 2295 2956 cedente,
2330 2894 2389 2943 et
2419 2890 2783 2944 conﬁrmata.

324 2992 550 3057 dubius,
585 2989 767 3044 donec
823 2983 1095 3040 eamdem
1148 2980 1197 3033 ei
1246 2980 1524 3050 epocham
1570 2979 1640 3032 ab
1690 2978 1928 3048 Ughello
1957 3006 2005 3065 Ο
2105 2981 2227 3033 632.
2249 3001 2275 3027 «
2300 2978 2579 3042 Quocirca
2598 2978 3223 3049 praidictaauctoritate
3250 2979 3633 3051 praecipimus,

322 3083 470 3135 tom.
534 3079 595 3133 1X
626 3075 801 3131 Italiae
831 3087 1007 3126 sacrae
1050 3070 1157 3123 col.
1194 3071 1294 3122 427
1341 3066 1619 3136 assignari
1650 3066 1924 3136 comperi.

329 3169 564 3233 Verum,
611 3165 715 3220 etsi
758 3162 994 3233 quidem
1020 3155 1321 3227 diplomati
1363 3155 1452 3207 isti
1489 3171 1585 3207 seu
1617 3154 1928 3220 beneﬁciis,

326 3272 430 3328 per
450 3257 509 3310 id
543 3254 751 3309 Sancto
770 3248 1008 3312 collatis,
1036 3246 1305 3315 Ughellus
1332 3247 1389 3295 et
1419 3242 1679 3295 laudatus
1697 3242 1932 3296 Carthu-

324 3345 517 3399 sianus
532 3353 857 3409 anonymus
885 3334 1156 3387 eumdem
1186 3346 1426 3395 annum,
1452 3329 1530 3383 uti
1562 3328 1736 3383 etiam
1756 3330 1933 3383 indic-

328 3433 573 3495 tionem,
602 3426 918 3496 assignent,
963 3421 1020 3474 in
1056 3435 1255 3473 mense
1313 3421 1535 3483 tamen,
1573 3432 1685 3488 quo
1717 3417 1776 3471 id
1806 3417 1930 3471 dari

331 3516 663 3589 contigerit,
693 3512 1035 3582 neutiquam
1061 3509 1400 3562 consonant.
1428 3506 1527 3560 llic
1553 3506 1930 3577 enim,utjam

330 3607 519 3673 docui,
553 3619 711 3658 nona
737 3600 863 3656 Maii
909 3598 1024 3663 die,
1057 3598 1150 3651 ille
1187 3597 1389 3649 contra
1423 3610 1577 3648 nona
1627 3596 1807 3649 Martii
1837 3596 1929 3650 die

324 3692 691 3769 privilegium
712 3690 912 3744 datum
927 3686 1306 3739 afﬁrmat.Ast
1318 3684 1564 3737 debetne
1577 3684 1649 3737 ob
1668 3683 1726 3738 id
1740 3684 1932 3737 discri-

324 3784 496 3840 minis
532 3779 981 3836 monumentum
1012 3772 1151 3827 illud
1200 3772 1500 3842 antiquum
1533 3788 1636 3843 pro
1669 3776 1929 3841 suspecto

321 3872 522 3929 haberi
560 3870 587 3925 ἱ)
627 3867 899 3923 Camillus
940 3861 1284 3931 Peregrinus
1322 3860 1379 3912 in
1435 3860 1924 3927 adnotationibus,

322 3978 463 4035 quas
493 3960 567 4013 ad
594 3956 733 4025 Lupi
760 3954 1114 4019 Protospatee
1133 3947 1447 4001 chronicon
1462 3947 1533 4035 ad
1547 3962 1766 3999 annum
1794 3949 1926 4001 1098

326 4034 556 4119 adjecit,
588 4045 667 4097 ita
689 4040 956 4096 observat
990 4053 1001 4089 :
1039 4036 1335 4089 «Mensam
1364 4034 1625 4087 Martium
1651 4049 1753 4103 pro
1785 4034 1924 4089 Maio

323 4153 474 4208 saepe
499 4133 635 4188 alias
664 4126 1047 4199 suppositum,
1097 4122 1472 4175 manifestum
1507 4124 1619 4186 est;
1658 4120 1829 4192 idque
1858 4139 1927 4177 ex

323 4242 393 4282 ea
409 4225 558 4278 forte
597 4216 897 4273 occasione
946 4215 1168 4276 natum,
1202 4209 1378 4279 quod,
1429 4208 1667 4264 nomina
1690 4211 1926 4283 propria

2033 3066 2335 3121 statuimus
2363 3069 2422 3120 et
2466 3082 2553 3133 ea,
2583 3083 2709 3137 quae
2741 3066 2899 3120 vobis
2928 3081 3195 3121 concessa
3224 3071 3376 3135 sunt,
3406 3068 3637 3123 licentia

2030 3155 2449 3220 interdicimus,
2481 3157 2545 3207 ut
2574 3170 2608 3207 a
2639 3153 2729 3207 die
2760 3154 2819 3207 in
2861 3158 3033 3209 antea
3063 3171 3249 3226 neque
3279 3155 3473 3210 comiti
3506 3156 3635 3229 ipsi,

2030 3259 2216 3314 neque
2235 3243 2399 3298 alicui
2417 3243 2714 3297 haeredum
2730 3260 2965 3298 suorum
2980 3244 3365 3315 supradictam
3388 3250 3634 3300 vestram

2031 3331 2407 3386 donationem
2424 3334 2480 3385 et
2497 3331 2645 3385 hanc
2666 3334 2926 3386 nostram
2943 3332 3446 3388 conﬁrmationem
3460 3334 3636 3390 viola-

2029 3437 2091 3473 re
2122 3421 2209 3473 vel
2239 3419 2533 3473 dearctare
2554 3420 2942 3491 liceat.Neque
2969 3421 3039 3474 de
3066 3420 3307 3493 bis,quae
3337 3423 3638 3477 cenﬁrma-

2030 3525 2181 3574 mus,
2213 3509 2406 3579 aliqua
2434 3524 2495 3561 re
2552 3508 2906 3562 intromittat
2954 3524 3263 3579 personam
3299 3511 3421 3564 sine
3449 3515 3636 3565 vestra

2028 3599 2342 3662 voluntate,
2393 3600 2676 3667 quatenus
2698 3596 3113 3667 omnipotentis
3134 3598 3234 3652 Dei
3262 3599 3636 3670 speculationi

2030 3686 2319 3739 mentibus
2351 3684 2543 3739 liberis
2576 3685 2864 3751 insistatis,
2898 3687 2956 3738 et
2980 3686 3053 3739 ad
3070 3686 3191 3755 ejus
3229 3686 3393 3741 faciei
3437 3688 3631 3743 dulce-

2030 3773 2249 3838 dinem,
2288 3773 2408 3842 ipso
2443 3776 2774 3842 praestante,
2817 3774 3116 3842 pervenire
3147 3775 3398 3829 valeatis.
3431 3775 3489 3830 Si
3520 3793 3635 3848 qua

2027 3876 2160 3915 vero
2193 3877 2441 3930 persona
2485 3864 2583 3914 aut
2611 3861 2797 3914 haeres
2827 3860 3054 3915 comitis
3082 3861 3266 3932 ipsam
3313 3864 3628 3932 violaverit,

2028 3948 2134 4001 nisi
2148 3948 2220 4001 ad
2233 3948 2397 4002 condi
2406 3964 2581 4018 gnam
2599 3948 3439 4017 veneritsatisfactionem,eum
3454 3952 3638 4007 hono-

2028 4036 2106 4089 ris
2136 4037 2223 4089 vel
2251 4036 2425 4090 ofﬁcii
2448 4036 2532 4089 sui
2552 4037 2806 4107 periculo
2845 4036 3139 4107 subjacere
3161 4038 3543 4108 decernimus,
3573 4044 3632 4096 et

2029 4141 2061 4179 a
2088 4123 2307 4178 Christo
2328 4140 2401 4178 ac
2432 4124 2682 4178 ecclesias
2712 4140 2952 4194 corpore
2981 4130 3313 4197 segregatus
3345 4130 3517 4200 atque
3568 4129 3628 4183 in

2028 4216 2245 4266 aeterno
2304 4212 2565 4266 examine
2619 4212 2873 4267 districto
2916 4214 3207 4284 subjaceat
3253 4215 3455 4271 ultioni
3513 4217 3635 4273 sine

321 4329 452 4370 cum
478 4310 581 4365 sub
609 4308 1102 4361 Nortmannorum
1132 4301 1300 4352 aetate
1326 4298 1660 4368 capitalibus
1680 4301 1930 4354 tantum-
1952 4293 2005 4351 D
2028 4299 2450 4355 intermissione
2467 4304 2525 4354 et
2552 4300 2834 4365 remedio;
2851 4303 3315 4357 conservantibus
3328 4308 3523 4359 autem
3540 4306 3633 4378 pie

323 4400 499 4456 modo
528 4394 731 4451 litteris
775 4389 1015 4461 depictis
1070 4386 1670 4458 compendiarentum,
1699 4388 1927 4444 Martius

324 4487 561 4552 mensis,
596 4484 675 4538 sic
705 4480 1041 4549 descriptus,
1097 4492 1201 4547 pro
1248 4474 1390 4530 Maio
1443 4492 1477 4529 a
1530 4477 1926 4532 recentoribus

318 4573 564 4633 librariis
593 4586 743 4641 saepe
769 4582 1012 4621 numero
1038 4567 1123 4618 est
1136 4566 1419 4633 acceptus.
1453 4562 1609 4617 Sicut
1634 4562 1692 4617 in
1725 4564 1929 4619 Kalen-

322 4664 484 4723 dario
517 4658 738 4729 antiqui
774 4655 951 4709 etiam
978 4651 1246 4707 Breviarii
1275 4650 1574 4722 Campani,
1605 4652 1664 4706 in
1694 4668 1807 4723 quo
1840 4654 1924 4707 fe-

322 4758 472 4810 stum
508 4750 565 4804 S.
599 4744 959 4802 Potentianae
990 4740 1226 4811 virginis
1247 4755 1554 4809 perperam
1590 4743 1822 4794 notatur
1851 4742 1925 4796 ad

320 4843 476 4899 diem
500 4841 563 4892 19
587 4832 794 4895 Martii,
819 4830 975 4903 quod
1005 4829 1210 4884 colitur
1245 4830 1308 4881 19
1334 4828 1480 4883 Maii.
1501 4849 1527 4876 ››
1548 4828 1713 4882 Forte
1732 4829 1926 4900 itaque

321 4928 554 4993 mensis,
587 4939 703 4995 quo
756 4919 993 4975 Joannis
1040 4918 1111 4972 de
1159 4916 1478 4988 Nicephoro
1538 4916 1926 4986 privilegium,

320 5034 493 5089 supra
519 5016 630 5069 huc
658 5007 1090 5078 transcriptum,
1123 5004 1180 5059 S.
1225 5002 1480 5057 Brunoni
1509 5003 1709 5057 datum
1735 5004 1926 5072 fuerit,

318 5108 512 5164 littera
531 5098 758 5173 capitali
789 5097 836 5151 M
872 5094 1140 5168 primitus
1194 5091 1471 5145 duntaxat
1500 5090 1673 5145 fuerit
1699 5108 1926 5163 expres-

323 5213 436 5260 sus,
468 5192 716 5260 hincque
744 5185 805 5240 id
836 5182 1205 5237 librariorum
1224 5195 1324 5232 seu
1354 5178 1800 5233 describentium
1833 5181 1928 5235 alii

322 5282 559 5357 quidem
589 5290 790 5331 mense
815 5270 982 5337 Maio,
1016 5269 1113 5324 alii
1145 5270 1349 5322 contra
1378 5282 1578 5320 mense
1604 5266 1799 5322 Martio
1827 5269 1927 5323 da-

321 5378 449 5428 tum
478 5364 755 5422 notarint.

2027 4407 2061 4444 a
2090 4391 2206 4443 Deo
2239 4392 2299 4443 et
2327 4387 2723 4442 misericordia
2762 4390 2885 4459 ejus
2932 4390 3309 4460 praisentibus
3337 4394 3398 4445 et
3425 4391 3629 4447 futuris

2026 4476 2243 4531 saeculis
2274 4478 2654 4529 conservetur.
2690 4477 2897 4528 Amen.
2931 4473 2988 4528 Si
3012 4492 3146 4530 vero
3164 4479 3285 4531 tam
3316 4479 3513 4551 legalis
3543 4496 3638 4536 co-

2026 4583 2168 4633 mes,
2198 4568 2296 4619 aut
2351 4566 2471 4635 ejus
2518 4566 2703 4618 haeres
2733 4564 2945 4618 addere
2977 4565 3196 4636 aliquid
3225 4567 3355 4620 huic
3387 4569 3633 4624 voluerit

2027 4653 2454 4718 donationi,sub
2474 4654 2581 4707 hac
2610 4655 2807 4707 nostra
2830 4653 3274 4709 conﬁrmatione
3296 4660 3486 4712 ratum
3511 4674 3632 4713 esse

2026 4743 2350 4797 statuimus.

2104 4831 2363 4885 Urbanus
2393 4829 2685 4884 catholicam
2719 4830 2864 4885 Eccl.
2898 4830 3219 4903 episcopus.

2100 4919 2216 4989 Ego
2246 4918 2520 4971 Rainerus
2550 4918 2706 4971 card.
2735 4918 3063 4989 subscripsi.

2100 5007 2217 5077 Ego
2242 5006 2491 5059 Joannes
2517 5005 2671 5059 card.
2708 5005 2805 5060 SS.

2102 5095 2218 5166 Ego
2249 5093 2543 5164 Alphanus
2568 5094 2960 5150 Salernitanus
2997 5097 3328 5171 archiepisc.
3359 5099 3457 5154 SS.

2102 5184 2219 5253 Ego
2245 5184 2485 5236 Amatus
2509 5183 2837 5253 capellanus
2865 5186 2925 5239 et
2955 5186 3222 5241 sacerdos
3250 5185 3348 5245 SS.

2102 5272 2220 5342 Ego
2252 5270 2347 5326 Dis
2368 5270 2706 5341 Capellanus
2736 5269 2834 5326 SS.

2102 5361 2219 5431 Ego
2254 5358 2663 5413 Constantinus
2684 5358 3010 5416 Catacensis
3038 5362 3213 5433 episc.
3248 5362 3346 5418 SS.

398 5459 522 5512 631.
549 5455 671 5507 Jam
703 5464 860 5514 vero,
892 5461 1024 5501 cum
1046 5460 1140 5498 res
1168 5442 1246 5497 ita
1276 5441 1508 5507 habeat,
1543 5459 1660 5497 non
1696 5446 1780 5498 est
1794 5462 1930 5501 sane
2032 5452 2239 5504 Datum
2262 5446 2480 5501 Salerni
2513 5463 2711 5501 mense
2731 5448 3064 5519 septembri,
3084 5449 3279 5506 indict.
3314 5454 3527 5520 6,anno
3561 5455 3632 5510 ab

329 5549 414 5608 cui
438 5542 742 5613 antiquum
772 5536 913 5592 illud
929 5531 1568 5602 monumentum,quod
1588 5535 1937 5595 menseMaio
2031 5535 2430 5593 lncarnatione
2454 5535 2753 5591 Dominica
2786 5539 2939 5593 1098.
2976 5559 3003 5587 ››
