4014 6052
218 366 322 423 389

292 491 419 545 633.
449 486 779 545 Rninartius
807 486 866 543 in
900 485 1114 543 Urbani
1137 486 1185 540 ΙΙ
1211 499 1374 557 papae
1410 481 1562 548 Vita,
1601 478 1838 533 narrato
1857 504 1911 564 Α

220 578 516 653 pontificis
545 579 714 649 hujus
744 594 876 632 cum
907 574 1176 648 Rogerio,
1224 570 1500 627 Calabria
1544 570 1602 621 et
1627 566 1832 621 Siciliae

216 668 452 735 comite,
488 671 619 738 post
655 668 909 738 Capuam
954 680 1155 720 mense
1184 663 1350 718 Junio
1383 659 1519 715 anni
1561 660 1717 723 1098,
1754 655 1833 710 uti

215 760 373 816 infra
406 759 688 831 probabo,
720 775 753 811 a
783 756 1042 827 principe
1061 755 1157 808 illo
1176 752 1585 823 expugnatam,
1605 746 1663 800 in
1692 746 1831 800 urbe

217 849 588 904 Salernitana
608 860 1080 916 congressu,pag.
1109 845 1212 896 299
1228 842 1300 895 ad
1317 839 1589 893 eumdem
1613 850 1833 890 annum

222 942 363 993 1098
393 938 473 992 ita
498 938 795 991 memorat
824 951 836 988 :
871 953 903 986 «
933 933 1109 987 Paulo
1137 933 1266 1001 post
1322 929 1379 983 id
1434 930 1684 997 tempus,
1738 924 1833 977 die

216 1027 441 1082 scilicet
452 1029 519 1080 20
534 1024 662 1079 Julii
687 1023 980 1095 sequentis
993 1020 1249 1093 pontifex
1271 1018 1342 1072 ad
1356 1017 1587 1071 alterius
1602 1012 1832 1085 Rogerii

214 1132 435 1187 nempe
458 1114 615 1169 ducis
629 1114 868 1184 Apuliae,
902 1113 960 1165 et
989 1108 1176 1164 Alfani
1201 1104 1609 1177 archiepiscopi
1634 1118 1833 1174 preces

219 1204 451 1275 insigne
485 1201 849 1275 privilegium
875 1198 1251 1255 Salernitana:
1270 1194 1520 1250 ecclesiae
1534 1191 1829 1257 concessit,

218 1294 431 1348 collato
461 1293 511 1346 ei
543 1292 797 1363 primatu
830 1289 887 1343 in
938 1289 1078 1343 duas
1136 1285 1508 1355 metropoles,
1563 1282 1834 1352 Compsa—

218 1400 361 1437 nam
393 1385 451 1437 et
475 1380 951 1445 Acherontinam,
986 1393 1113 1449 qua;
1150 1375 1288 1430 olim
1316 1374 1421 1445 ipsi
1447 1373 1577 1443 jure
1611 1373 1829 1424 metro-

218 1470 457 1543 politico
490 1470 759 1541 subjectze
799 1468 1049 1522 fuerant.
1104 1467 1247 1520 Data
1308 1466 1393 1517 est
1436 1462 1593 1515 bulla
1638 1459 1731 1513 die
1766 1460 1828 1511 13

214 1559 507 1614 Kalendas
532 1556 771 1629 Augusti
805 1571 960 1610 anno
1015 1556 1171 1619 1099,
1234 1555 1297 1606 ut
1339 1549 1657 1622 praeferunt
1708 1547 1830 1617 ejus

215 1647 594 1718 exemplaria,
627 1646 728 1700 sed
758 1644 912 1717 quia
937 1659 1137 1697 mense
1164 1639 1362 1695 Martio
1422 1637 1559 1692 anni
1618 1651 1830 1707 praece-

215 1736 410 1792 dentis
433 1735 792 1790 inchoandus
820 1736 925 1800 est,
978 1734 1042 1786 ut
1090 1730 1163 1786 ad
1214 1730 1561 1802 przesentem
1609 1740 1827 1779 annum

1804 348 1986 405 ACTA

3439 352 3545 408 390

1935 474 2076 530 mite
2093 473 2480 545 Rogerio,sive
2492 473 2564 527 ab
2576 472 2700 528 aliis
2719 470 3150 545 quibuscunque
3167 470 3548 533 inTurritans

1935 566 1995 619 in
2009 564 2274 619 Calabria
2312 562 2496 618 eremi
2520 563 2779 617 favorem
2816 561 3175 633 impetravit,
3208 563 3431 617 nullum
3461 568 3546 620 est

1932 653 2206 708 illustrius
2218 652 2520 723 magisque
2535 669 2568 705 a
2588 651 2960 721 scriptoribus
2976 651 3328 705 celebratum
3340 693 3354 719 ,
3370 669 3547 722 quam

1934 742 2087 813 quod
2105 742 2389 812 Capuana:
2406 739 2722 794 obsidionis
2749 737 3048 793 occasione
3061 738 3133 792 ab
3160 738 3257 792 illo
3289 740 3545 811 principe

1933 846 2109 897 anno,
2140 829 2222 884 uti
2275 829 2427 883 infra
2474 828 2756 898 probabo,
2808 830 2942 880 1099
2985 826 3255 882 obtinuit.
3301 828 3542 898 Accidit,

1932 919 2119 991 inquit
2151 917 2468 973 Gaufredus
2498 917 2800 971 Malaterra
2826 914 3087 969 Historia:
3113 915 3314 970 Sicula;
3353 915 3542 984 lib.1v,

1933 1024 2057 1079 cap.
2081 1011 2169 1074 25,
2200 1028 2227 1057 ‹‹
2262 1008 2325 1060 nt
2351 1005 2623 1059 Ricardus
2675 1004 2924 1077 iuvenis,
2958 1004 3222 1058 Jordanis
3274 1004 3547 1076 principis

1932 1096 2100 1163 ﬁlius,
2132 1095 2397 1167 princeps
2428 1097 2485 1148 et
2515 1094 2634 1164 ipse
2661 1094 2907 1159 Aversa,
2938 1092 3209 1147 defuncto
3237 1096 3400 1165 patre
3449 1110 3543 1148 or-

1931 1185 2056 1251 bus,
2090 1182 2325 1254 pusillus
2350 1186 2657 1253 superstes,
2685 1181 2887 1235 fraude
2921 1181 3437 1252 Longobardorum
3454 1200 3546 1237 ur-

1929 1272 2003 1326 be
2025 1272 2296 1342 Capuana
2328 1271 2538 1339 injuste
2559 1270 2686 1339 jam
2720 1269 2937 1323 dudum
2955 1269 3228 1340 privatus,
3260 1287 3392 1325 cum
3417 1272 3543 1342 jam

1931 1361 2003 1415 ad
2040 1358 2465 1430 intelligibilem
2479 1361 2710 1412 aetatem
2738 1357 3108 1428 pervenisset,
3132 1358 3413 1413 damnum
3435 1359 3542 1415 sibi

1928 1449 2155 1503 illatum
2182 1447 2385 1507 videns
2407 1450 2465 1499 et
2496 1446 2797 1510 dolens,ac
2825 1445 2895 1498 de
2918 1444 3248 1499 auctoribus
3262 1446 3542 1503 ultionem

1928 1540 2126 1609 petere
2171 1535 2500 1606 disponens,
2524 1534 2597 1588 ad
2620 1533 2725 1588 sibi
2756 1532 3254 1604 consanguineum
3270 1536 3543 1591 comitem

1930 1624 2230 1697 (Calabriae
2271 1639 2486 1694 nempe
2513 1626 2568 1677 et
2616 1622 2820 1676 Sicilia:
2866 1620 3203 1691 Rogerium)
3230 1623 3543 1691 prudentes

1926 1714 2075 1767 viros
2101 1714 2337 1784 supplex
2371 1711 2630 1765 illorsum
2677 1710 2876 1781 (supple
2906 1708 3127 1779 mittit,)
3164 1712 3225 1764 ut
3255 1710 3361 1765 sibi
3391 1711 3544 1766 auxi-

216 1823 475 1878 revocari
509 1822 798 1893 possit,At
826 1796 1064 1874 indictio
1094 1822 1149 1885 4,
1195 1796 1322 1889 qum
1366 1816 1445 1870 ibi
1497 1812 1826 1885 apponitur,
1857 1820 1906 1877 Β
1929 1802 2069 1856 lium
2116 1802 2333 1893 laturus
2364 1800 2683 1853 accelerare
2712 1796 2834 1851 non
2874 1797 3102 1851 differat
3131 1813 3265 1851 cum
3312 1798 3542 1854 servitio

218 1911 477 1966 excusari
492 1908 829 1982 nequit,nisi
850 1924 1015 1963 error
1035 1908 1093 1961 in
1111 1920 1496 1961 amanuenses
1520 1901 1825 1972 rejiciatur.

216 2001 399 2054 Locus
415 1999 506 2053 hic
536 2003 680 2053 esset
729 1998 799 2053 de
825 1999 1006 2051 altero
1034 1995 1246 2050 Urbani
1287 1991 1565 2062 rescripto
1598 1986 1828 2059 agendi.

218 2104 332 2159 quo
354 2088 412 2140 in
443 2086 691 2157 gratiam
726 2085 985 2156 ejusdem
999 2084 1247 2138 ecclesia:
1264 2079 1558 2154 privilegia
1571 2076 1832 2131 Cavensis

225 2175 567 2231 monasterii
599 2177 962 2239 revocantur,
996 2172 1039 2225 si
1073 2171 1272 2225 datum
1301 2170 1498 2223 Romae
1533 2182 1650 2220 non
1685 2163 1833 2218 dice-

214 2266 400 2329 retur,
433 2267 491 2317 et
514 2262 750 2317 indictio
781 2265 837 2328 7,
864 2277 1038 2332 quam
1072 2260 1323 2330 praefert,
1356 2255 1487 2310 huic
1519 2268 1673 2308 anno
1694 2268 1829 2306 con-

216 2353 417 2407 venire
437 2354 650 2423 posset.
677 2353 755 2405 De
788 2367 857 2405 eo
884 2349 1142 2405 inferius.
1177 2349 1251 2400 At
1270 2346 1554 2399 sincerum
1591 2341 1831 2396 omnino

225 2447 287 2499 et
317 2444 546 2514 penitus
566 2441 871 2496 indubium
885 2443 970 2495 est
989 2438 1150 2505 illud,
1172 2438 1329 2509 quod
1349 2451 1547 2490 mense
1567 2433 1831 2504 Septem-

218 2533 308 2586 bri
327 2532 500 2602 hujus
546 2530 683 2585 anni
714 2531 870 2599 (1098
896 2528 1127 2600 nempe)
1156 2527 1418 2581 Urbanus
1469 2526 1665 2577 sancto
1693 2522 1830 2575 Bru-

216 2621 381 2687 noni,
418 2619 925 2675 Carthusianoram
949 2616 1194 2690 parenti,
1220 2615 1312 2687 qui
1338 2617 1473 2668 tunc
1496 2612 1555 2666 in
1586 2611 1829 2681 Squilla-

1930 1906 2095 1945 suo.»
2124 1889 2328 1943 Comes
2348 1885 2762 1956 consanguinei
2785 1885 2868 1939 sui
2885 1884 3176 1955 legatione
3204 1890 3395 1940 motus
3422 1903 3542 1942 non
3579 1886 3585 1893 ’

1931 1980 2200 2050 exiguum
2235 1977 2467 2047 collegit
2484 1974 3047 2044 exercitum,hocque
3069 1972 3130 2026 in
3162 1973 3311 2028 illius
3342 1991 3545 2047 suppe-

1929 2068 2037 2123 tias
2068 2067 2129 2120 in
2160 2065 2542 2136 Campaniam
2569 2064 2839 2129 adducto,
2863 2066 2920 2116 et
2935 2078 3067 2115 cum
3098 2062 3331 2134 Rogerii
3363 2063 3539 2132 ducis,

1932 2157 2091 2227 cujus
2112 2160 2351 2228 patruus
2367 2158 2510 2220 erat,
2545 2153 2616 2207 ab
2642 2151 2907 2207 Richardi
2943 2152 3217 2206 Aversani
3247 2151 3540 2224 principis,

1932 2244 2160 2317 cognati
2195 2244 2299 2311 sui,
2353 2243 2529 2313 copiis
2556 2242 2864 2311 conjuncto
2926 2240 3205 2311 Copuam,
3264 2240 3344 2294 uti
3393 2239 3546 2297 infra

1936 2334 2179 2399 docebo,
2210 2348 2364 2387 anno
2396 2334 2530 2385 1098
2571 2328 2795 2384 obsedit
2825 2344 2889 2382 ac
2921 2328 3289 2398 expugnavit.
3329 2328 3543 2384 Verum

1935 2423 2248 2478 obsidionis
2273 2425 2538 2490 tempore
2552 2433 2833 2489 magnum
2858 2416 3304 2472 comesincurrit
3326 2418 3548 2488 pericu-

1932 2511 2562 2583 lum.SergiusGra3cus,
2588 2523 2764 2579 quem
2779 2506 3039 2562 ducentis
3064 2506 3319 2562 nationis
3337 2507 3544 2564 Grece

1933 2599 2236 2671 armigeris
2258 2595 2869 2670 praefecerat,pecunia
2879 2610 3011 2648 cum
3031 2594 3318 2665 Capuanis
3347 2598 3546 2667 pactus

217 2708 378 2762 censi
396 2723 591 2762 eremo
604 2704 1304 2771 morabatur,concessit,a
1326 2698 1834 2757 deiconﬁrmanda
1934 2693 2077 2757 erat,
2106 2705 2228 2744 sese
2246 2688 2347 2757 eis,
2372 2703 2486 2759 quo
2516 2686 2697 2741 noctis
2738 2688 3001 2754 tempore
3025 2684 3085 2738 in
3120 2684 3349 2756 Rogerii
3382 2701 3545 2741 exer-

218 2801 277 2851 et
294 2797 605 2851 asserenda
633 2795 832 2850 omnia
857 2797 1032 2860 bona,
1061 2810 1187 2864 quae
1212 2810 1245 2846 a
1267 2791 1513 2863 Rogerio
1536 2789 1745 2844 comite
1776 2790 1834 2841 et
1935 2780 2113 2834 citum
2141 2795 2207 2832 ex
2224 2776 2537 2848 improviso
2560 2775 2906 2845 irrumpere.
2938 2772 3134 2843 itaque
3161 2790 3295 2827 eum
3322 2774 3544 2830 caedere

215 2886 464 2954 Joanne,
526 2884 899 2956 Squillacensi
958 2883 1223 2953 episcopo
1274 2880 1448 2950 ipsius
1477 2875 1830 2933 monasterio
1933 2882 1999 2921 ac
2030 2865 2300 2920 comitem
2334 2863 2523 2933 ipsum
2555 2876 2762 2914 necare
2777 2863 3032 2931 possent,
3063 2860 3283 2914 aditum
3312 2864 3542 2932 apertu-

219 2973 433 3027 collata
452 2948 702 3027 fuerant.
738 2973 881 3027 lllud
913 2948 1111 3025 datum
1144 2948 1231 3024 est
1261 2948 1484 3023 salerni
1514 2967 1623 3020 hoc
1677 2980 1830 3019 anno
1931 2972 2083 3010 rum.
2115 2955 2235 3008 Nox
2245 2954 2369 3023 jam
2400 2950 2620 3016 aderat,
2656 2966 2769 3020 qua
2795 2948 3064 3002 affectum
3120 2949 3392 3004 sortitum
3419 2953 3546 3005 erat,

223 3063 391 3131 (1098
412 3062 713 3128 nimirum,
762 3065 825 3115 ut
847 3061 972 3131 jam
1006 3058 1225 3114 monuii
1245 3073 1447 3111 mense
1479 3052 1827 3124 Septembri,
1863 3105 1908 3131 η
1933 3042 2209 3131 proditio,
2237 3042 2757 3112 Capuanorumque
2775 3037 2976 3107 copiae,
3010 3040 3094 3104 ut,
3124 3038 3423 3108 quodcum
3454 3039 3542 3093 hi-

224 3105 390 3131 \"‘"’"
412 3105 579 3115 ⁸⁸⁸⁸⁸³⁸⁸
597 3105 713 3128 ⁸⁸⁸⁸⁸9
766 3105 824 3115 νιν
847 3105 972 3131 δυ’-’⁸
1006 3105 1223 3114 ἠν-’νυν
1248 3105 1442 3111 ---ν----
1482 3105 1574 3124 V'I
1603 3105 1772 3107 ν
1818 3105 1827 3117 1
1935 3105 1951 3115 ι
2196 3105 2202 3108 ι
2318 3105 2334 3112 -
2663 3105 2684 3109 -
2845 3105 2860 3107 -
3139 3105 3158 3108 _

218 3149 616 3219 indictioneﬁ;
642 3150 794 3203 unde
812 3147 1170 3219 conjicimus,
1209 3146 1507 3200 Urbanum
1527 3142 1666 3197 eain
1693 3140 1833 3194 urbe
1863 3105 1909 3165 Ο
1931 3148 2022 3186 sce
2054 3130 2283 3201 Sergius
2309 3131 2507 3199 pactus
2534 3129 2676 3192 erat,
2705 3128 3171 3196 exsequerentur,
3197 3129 3415 3195 paratae
3441 3127 3542 3181 ad-

222 3255 403 3310 usque
430 3238 503 3292 ad
522 3212 769 3292 Barense
792 3212 1330 3306 conc-ilium,»iquod
1363 3233 1512 3287 dicto
1526 3228 1832 3285 anno1098
1934 3221 2183 3310 Stabant,
2202 3234 2332 3272 cum
2365 3217 2423 3271 S-
2458 3218 2646 3270 ΒωΠο
2688 3232 2787 3269 seu
2825 3212 3012 3286 potius
3043 3229 3110 3267 ex
3157 3213 3433 3281 dicendis,
3464 3214 3546 3270 fa-

223 3343 425 3381 mense
453 3327 682 3382 Octobri
710 3324 1205 3391 celebratumfuit,
1234 3349 1254 3367 ι.
1278 3320 1681 3392 permansisse.
1712 3338 1739 3366 ››
1936 3308 2213 3363 cientibus
2232 3306 2292 3361 id
2318 3306 2486 3376 hujus
2518 3304 2738 3357 meritis
2769 3318 2833 3356 ac
2858 3301 3143 3373 precibus,
3175 3302 3281 3356 sub
3332 3303 3548 3358 Bruno-

292 3417 421 3470 634.
449 3415 578 3470 Haec
607 3417 675 3470 de
704 3431 877 3486 supra
901 3415 1162 3480 recitato,
1197 3390 1350 3484 quod
1380 3411 1641 3464 Urbanus
1686 3421 1838 3476 papa
1938 3399 2025 3453 nis
2044 3396 2244 3486 habitu
2272 3411 2337 3449 ac
2367 3392 2553 3465 specie
2584 3393 2821 3464 angelus
2851 3390 3051 3445 comiti
3083 3390 3141 3444 in
3188 3391 3412 3445 somnis
3439 3407 3541 3463 ap-

223 3503 280 3559 S.
319 3505 571 3559 Brunoni
591 3506 889 3568 concessit,
915 3502 1230 3574 diplomate
1272 3496 1618 3552 Ruinartius.
1650 3496 1836 3565 Atque
1936 3486 2147 3558 paruit,
2204 3481 2680 3552 imminentisque
2729 3479 2966 3551 periculi
2990 3496 3124 3533 eum
3158 3480 3542 3535 commonuit.

222 3610 286 3647 ex
316 3592 404 3646 his
456 3592 691 3664 quidem
730 3568 1032 3657 habemus,
1062 3604 1215 3655 anno
1256 3588 1387 3640 1098
1444 3582 1685 3649 Salerni,
1720 3596 1835 3652 quo
1939 3576 2144 3631 Comes
2160 3573 2291 3627 hinc
2322 3572 2531 3626 timore
2565 3569 2872 3640 perculsus,
2901 3568 3096 3639 itaque
3116 3569 3548 3640 expergefactus

221 3681 347 3736 loco
381 3683 439 3734 et
471 3656 628 3736 anno
684 3680 942 3751 diploma
982 3656 1181 3732 datum
1240 3677 1492 3739 notatur,
1538 3672 1836 3727 Urbanum
1938 3663 2149 3718 milites
2174 3660 2378 3715 excivit
2408 3659 2479 3713 ad
2510 3673 2693 3721 arma,
2733 3660 2978 3710 structas
3025 3656 3131 3710 sibi
3180 3656 3416 3711 insidias
3441 3656 3550 3711 dis-

223 3770 533 3838 exstitisse;
556 3774 618 3825 ut
650 3743 821 3839 forte,
855 3786 984 3823 cum
1012 3767 1207 3821 civitas
1229 3764 1371 3818 illaa
1396 3761 1701 3816 Turritana
1720 3775 1840 3812 ere-
1938 3753 2100 3824 pulit,
2130 3751 2324 3804 hostes
2348 3745 2584 3828 fugavit,
2602 3746 2905 3816 plerosque
2930 3743 3272 3815 proditionis
3295 3759 3424 3799 reos
3453 3761 3546 3799 ce-

224 3876 322 3914 mo
374 3875 492 3913 non
535 3859 854 3914 admodum
893 3858 962 3911 sit
1004 3846 1249 3921 remota,
1321 3851 1562 3906 Sanctus
1619 3851 1834 3913 noster,

225 3950 387 4020 cujus
408 3966 472 4003 ac
498 3949 736 4003 Lanvini
754 3948 1031 4021 petitione
1063 3963 1204 4013 sese,
1228 3943 1383 4016 quod
1407 3943 1529 4013 jam
1584 3936 1834 4003 recitavi,

228 4037 594 4109 privilegium
622 4038 844 4092 dedisse
862 4035 1121 4110 pontifex
1161 4033 1369 4099 innuit,
1396 4031 1698 4085 Salernum
1717 4040 1837 4080 sese

229 4126 302 4179 ad
330 4127 484 4181 hunc
512 4144 643 4181 cum
685 4126 941 4181 Lanvino
972 4128 1107 4179 tunc
1141 4120 1466 4184 contulerit,
1490 4115 1839 4187 Barensique

230 4215 496 4281 concilio,
524 4215 679 4269 haud
710 4214 928 4269 dudum
948 4214 1075 4285 post
1098 4212 1297 4265 datum
1314 4207 1681 4281 privilegium
1699 4205 1841 4258 cele-

228 4304 419 4371 brato,
455 4303 815 4371 interfuerit;
848 4302 1003 4374 quod
1036 4316 1169 4355 vero
1210 4298 1281 4353 ad
1301 4300 1465 4352 notas
1521 4293 1838 4359 chronicas,

1938 3841 2041 3912 pit,
2076 3841 2444 3909 Capuamque
2470 3833 2624 3887 haud
2658 3832 2874 3885 dudum
2908 3834 3037 3901 post
3066 3832 3316 3901 subegit.

2012 3930 2137 3983 636.
2171 3927 2284 3980 Hac
2313 3937 2486 3994 porro
2522 3921 2595 3975 ad
2631 3919 2862 3973 felicem
2911 3919 3127 3973 exitum
3182 3917 3548 3989 expeditione

1938 4017 2236 4090 perducta,
2254 4013 2443 4085 primo
2460 4026 2517 4064 se
2541 4008 2866 4074 Salernum,
2899 4005 2994 4060 ubi
3018 4023 3151 4060 cum
3178 4023 3246 4061 eo
3283 4006 3546 4062 Urbanus

1940 4107 1985 4160 II
1999 4121 2147 4176 papa
2167 4099 2517 4173 colloquium
2532 4096 2931 4167 habuit,atque
2952 4094 3246 4167 aliquanto
3269 4094 3551 4165 temporis

1941 4193 2123 4267 spatio
2145 4191 2253 4246 fuit
2273 4190 2546 4253 versatus,
2573 4201 2637 4239 ac
2670 4184 2879 4238 deinde
2907 4182 3280 4254 Squillacium
3305 4183 3364 4237 in
3387 4183 3547 4238 Cala-

1938 4282 2127 4337 briam
2153 4278 2412 4335 contulit.
2447 4276 2705 4345 Cumque
2731 4272 2810 4327 ibi
2846 4272 3286 4344 quatuordecim
3324 4271 3549 4327 dierum

230 4393 438 4465 quibus
463 4392 824 4465 privilegium
860 4389 1218 4462 pontiﬁcium
1251 4386 1530 4456 signatur,
1568 4381 1836 4453 pertinet,

1940 4370 2122 4443 spatio
2155 4367 2391 4422 adversa
2421 4362 3073 4427 valetudinelaboraret,
3108 4361 3164 4415 S.
3189 4362 3401 4428 Bruno,
3434 4377 3549 4434 quo

229 4499 362 4536 cum
391 4482 655 4537 Urbanus
688 4483 731 4534 ll
760 4496 930 4552 papa,
964 4474 1461 4551 quemadmodum
1516 4489 1679 4526 num.
1736 4473 1838 4525 569

231 4570 423 4636 docui,
458 4570 773 4624 indictione
808 4570 1065 4623 Caesarea
1095 4582 1195 4620 seu
1220 4560 1695 4635 Constantiniana
1710 4576 1839 4613 usus

230 4659 321 4727 sit,
346 4659 634 4731 hujusque
666 4657 893 4730 generis
917 4655 1155 4711 indictio
1199 4651 1465 4724 septima,
1501 4665 1618 4703 non
1659 4651 1835 4715 sexta,

227 4765 261 4802 a
290 4747 568 4819 vigesima
584 4750 790 4818 quarta
816 4741 1158 4817 septembris
1190 4740 1327 4795 anni
1361 4741 1493 4794 1098
1540 4737 1631 4791 die
1664 4751 1839 4806 usque

228 4836 302 4890 ad
333 4835 607 4890 eumdem
637 4833 991 4907 Septembris
1014 4831 1151 4885 anni
1177 4826 1464 4901 sequentis
1485 4825 1637 4879 diem
1668 4824 1841 4878 fuerit

228 4924 288 4977 in
316 4940 508 4990 cursu,
526 4940 884 4995 consequens
910 4924 994 4975 est
1017 4922 1079 4974 ut
1102 4916 1460 4991 privilegium
1478 4912 1838 4985 pontiﬁcium

228 5015 430 5085 utpote
459 5029 613 5067 anno
639 5016 794 5078 1098,
824 5008 1139 5065 indictione
1188 5009 1345 5061 sexta
1378 5018 1691 5074 menseque
1746 5000 1841 5053 Se-

227 5100 484 5172 ptembri
510 5105 796 5166 notatum,
827 5114 1027 5153 mense
1056 5097 1163 5151 hoc
1197 5096 1269 5149 ad
1298 5092 1639 5165 vigesimam
1668 5105 1838 5163 quar-

230 5193 353 5244 tam
383 5190 541 5244 diem
576 5188 837 5243 nondum
855 5189 1125 5259 provecto
1152 5184 1350 5239 datum
1379 5180 1571 5247 fuerit,

233 5318 261 5383 §
289 5315 503 5369 XXXIX.
561 5312 796 5368 Sanctus
848 5313 1090 5365 comitem
1120 5308 1408 5383 [togatum
1433 5304 1842 5383 praesentissimo

284 5385 527 5457 periculo
572 5403 673 5457 per
703 5386 972 5457 visionem,
1004 5399 1111 5453 qua
1141 5376 1300 5450 hujus
1345 5378 1493 5457 illum
1542 5380 1736 5454 monet,
1788 5376 1844 5426 in

308 5447 847 5526 obsz'dz'one'Capuana
879 5447 1091 5526 liber-ut,
1116 5447 1414 5526 nataretque
1429 5449 1529 5526 [qu
1555 5447 1844 5526 occasione,

302 5546 407 5600 quo
418 5517 720 5598 plurima‘ei
735 5527 865 5580 bona
877 5524 1138 5595 Bogerius
1150 5517 1611 5591 con/eft,diploma
1627 5517 1843 5570 obtinet.

266 5619 277 5623 ρ
308 5637 434 5691 635.
460 5636 617 5690 Inter
635 5633 835 5690 omnia
856 5632 1192 5705 diplomata,
1215 5644 1342 5701 qua:
1355 5625 1594 5682 Sanctus
1614 5624 1726 5681 sive
1759 5636 1852 5678 co-

1939 4475 2070 4516 cum
2091 4458 2151 4513 in
2168 4454 2357 4511 morbi
2377 4452 2656 4509 molestiis
2672 4452 3088 4517 consolaretur,
3129 4450 3201 4504 ad
3224 4450 3551 4506 amantissi-

1940 4564 2104 4604 mum
2141 4545 2224 4600 sui
2258 4542 2603 4616 principem,
2635 4541 2883 4610 quatuor
2910 4538 3034 4592 aliis
3058 4538 3343 4610 religiosis
3367 4539 3552 4595 eremi

1941 4634 2255 4693 Calabrinse
2268 4631 2489 4697 incolis,
2504 4628 2609 4683 sibi
2625 4627 2931 4698 adjunctis,
2962 4626 3357 4682 venit.Comes
3378 4645 3543 4683 sanc-

1939 4729 2063 4781 tum
2083 4722 2280 4776 Virum
2312 4715 2727 4789 benignissime
2787 4715 2858 4769 de
2891 4731 3055 4770 more
3086 4715 3329 4785 excepit,
3378 4716 3547 4787 eique

1941 4813 2094 4886 quod
2120 4810 2204 4865 sui
2231 4808 2406 4863 etiam
2435 4807 2640 4861 absens
2702 4805 2761 4859 in
2796 4804 3096 4860 obsidione
3150 4804 3423 4875 Capuana
3461 4822 3553 4860 cu-

1937 4918 2065 4956 ram
2098 4897 2385 4972 gessisset,
2420 4911 2677 4950 summas
2709 4894 2923 4965 gratias
2945 4895 3082 4965 egit,
3116 4896 3299 4947 multa
3326 4893 3377 4947 ei
3398 4892 3547 4965 grati

1940 4989 2120 5045 animi
2144 5004 2280 5058 ergo
2302 4984 2944 5040 donaoiferens.Verum
2958 4984 3081 5037 haec
3099 4981 3415 5052 Bruno,qui
3430 4997 3549 5035 non

1940 5087 2125 5156 se,sed
2138 5085 2431 5155 angelum,
2454 5081 2813 5153 principibus
2834 5082 3096 5149 tempore
3138 5079 3289 5132 bella
3318 5078 3550 5133 adstan-

1940 5175 2159 5243 tem,in
2173 5171 2469 5228 obsidione
2497 5170 2768 5239 Capuana
2793 5166 2989 5221 comiti
3016 5166 3367 5238 apparuisse,
3394 5182 3544 5222 asse-

1941 5260 2385 5329 verabat,noluit
2404 5258 2681 5330 accipere.
2714 5257 3007 5321 Attamen,
3033 5271 3163 5308 cum
3185 5259 3384 5327 postea
3404 5255 3548 5311 San-

1943 5356 2066 5409 ctus
2095 5350 2282 5421 aliqua
2307 5349 2511 5402 saltem
2551 5364 2584 5400 a
2621 5344 2831 5400 comite
2859 5343 2963 5397 sibi
2994 5344 3196 5398 donari
3229 5343 3547 5399 consensis-

1946 5444 2051 5508 set,
2071 5440 2205 5495 dato
2234 5436 2326 5491 hic
2357 5435 2670 5506 diplomate
2700 5431 3021 5486 Turritanze
3055 5432 3234 5486 eremi
3255 5432 3554 5504 possessio-

1950 5546 2051 5585 nes
2082 5526 2362 5583 auctiores
2390 5526 2585 5593 longe,
2615 5536 2787 5592 quam
2816 5523 2949 5573 ante
2981 5520 3242 5587 fuissent,
3275 5520 3551 5590 reddidit,

1951 5617 2274 5688 militesque
2318 5609 2659 5684 proditionis
2680 5611 2963 5682 Capuana:
2994 5625 3142 5678 reos,
3186 5625 3329 5682 quos
3357 5624 3551 5666 secum
