4066 6032
475 327 571 386 3M

1328 322 1387 381 S.
1417 321 1762 380 BRUNONIS
1802 321 2433 380 CABTHUSIANOBUM
2472 322 2936 381 INSTITUTORIS

3684 326 3796 385 392

478 455 665 512 exhac
695 450 1074 526 Squillacium
1092 453 1279 509 morte
1298 450 1638 523 plectendos
1651 450 1914 518 duxerat,
1934 448 2079 504 vita-
2101 456 2157 516 Α
2180 452 2306 505 tum
2326 454 2384 506 et
2397 452 2731 524 clangorem
2743 451 3030 524 fugientes
3046 448 3257 525 impius
3276 448 3530 525 Sergius,
3553 450 3794 527 ejusque

477 560 588 616 que
614 540 1050 609 tamen,Sancto
1070 544 1265 597 nostro
1286 540 1702 605 intercedente,
1734 539 2000 605 donarat,
2029 537 2081 591 ei

475 632 907 703 Tunitanaaque
925 646 1121 684 eremo
1144 629 1204 684 in
1236 630 1574 683 servitutem
1605 631 1948 699 perpetuam
1964 630 2080 681 tra-

479 721 642 776 didit.
669 720 946 776 Constant
969 720 1092 773 ha-c
1116 718 1314 774 omnia
1334 718 1548 790 partim
1581 734 1644 771 ex
1669 717 1953 771 Gaufredo
1976 718 2085 771 Ma-

475 810 692 864 laterra
718 823 842 879 cap.
872 807 1132 878 proxime
1165 806 1259 860 cit.
1296 810 1353 861 et
1384 806 1608 860 duobus
1653 822 1837 876 seqq,
1869 804 2084 876 partim

477 915 544 952 ex
574 898 718 969 ipso,
751 897 905 968 quod
937 896 1088 950 dicta
1116 895 1317 949 bellica
1341 894 1705 965 expeditione
1720 893 1904 959 ﬁnita,
1939 891 2082 946 San-

478 989 569 1040 cto
598 989 792 1041 nostro
821 983 1099 1055 Rogerius
1129 999 1324 1037 comes
1342 982 1522 1048 dedit,
1555 982 1892 1052 diplomate.
1925 981 2003 1034 Ac
2025 980 2083 1035 id

479 1075 712 1145 quidem
742 1077 868 1127 tum
900 1073 1005 1126 hac
1032 1072 1103 1126 de
1129 1086 1319 1137 causa,
1356 1072 1480 1124 tum
1504 1070 1658 1141 quod
1716 1087 1750 1123 a
1800 1070 2080 1136 Puteano,

479 1164 929 1226 Blomenvenna,
985 1159 1138 1213 surio
1167 1159 1226 1212 in
1247 1158 1527 1212 contextis
1563 1174 1597 1211 a
1625 1174 1684 1211 se
1716 1157 1772 1212 S.
1804 1157 2085 1211 Brunonis

475 1248 887 1316 Vitis,Baronio
900 1247 1279 1303 inAnnalibus
1292 1245 2082 1313 ecelesiasticis,Summontio

476 1337 538 1392 in
570 1335 929 1408 Neapolitani
962 1335 1127 1406 regni
1157 1333 1423 1399 Historia,
1444 1331 1682 1404 aliisque
1728 1334 1849 1387 fere
1899 1333 2084 1387 omni-

474 1427 583 1482 bus
639 1423 1028 1496 scriptoribus,
1072 1439 1106 1477 a
1149 1422 1354 1493 quibus
1398 1424 1775 1488 memoratur,
1823 1438 1889 1474 ex
1918 1423 2082 1492 parte

480 1514 757 1569 duntaxat
780 1511 1133 1577 exhibeatur,
1164 1510 1459 1580 integrum
1488 1526 1518 1562 e
1548 1509 1855 1563 Morkensii
1887 1524 2084 1563 recen-

478 1602 638 1657 sione
681 1598 1030 1670 §przesenti,
1064 1598 1274 1653 additis
1323 1596 1500 1651 etiam
1544 1597 1619 1650 ad
1679 1598 1924 1663 calcem,
1954 1614 2082 1668 quae

477 1689 786 1746 commode
818 1688 874 1742 in
900 1687 958 1742 id
983 1687 1073 1741 hic
1105 1684 1295 1740 notari
1323 1688 1614 1756 poterunt,
1641 1685 1868 1739 lectoris
1909 1684 2084 1739 oculis

2185 556 2454 610 sequaces
2480 540 2764 596 subsecuti
2778 544 2909 595 sunt
2928 541 3793 613 principemCapuaz,sperantes

2183 626 2243 680 in
2270 628 2484 683 dictam
2509 629 2798 684 civitatem
2823 629 3159 701 confugium
3199 646 3319 684 sese
3337 630 3662 699 habituros;
3695 647 3798 686 ce-

2184 720 2393 787 perunt
2421 720 2615 772 autem
2644 718 3356 773 militesintervulneratos
3388 721 3445 772 et
3472 734 3799 774 sanoscon—

2182 806 2309 858 tum
2341 809 2398 860 et
2427 807 2723 877 sexaginta
2752 806 2895 860 duos
2926 823 2959 859 a
2990 806 3196 877 quibus
3225 804 3504 861 visionam
3536 805 3661 860 fore
3699 822 3799 861 ve-

2183 910 2307 948 ram
2338 895 2726 965 probavimus.
2765 896 3040 950 Reversus
3056 912 3203 963 sum,
3234 895 3349 949 Deo
3365 896 3612 961 volente,
3644 894 3796 948 vice-

2182 981 2329 1036 simo
2354 999 2509 1037 nono
2525 984 2653 1038 Julii
2678 983 2891 1037 mensis
2939 982 3332 1055 Squillacium,
3380 986 3511 1054 post
3533 983 3795 1038 habitam

2186 1070 2393 1143 Capuae
2406 1071 2689 1127 civitatem
2702 1114 2716 1139 ,
2733 1072 2828 1126 ubi
2856 1072 2935 1125 fui
2953 1089 3058 1144 per
3070 1071 3425 1143 quindenam
3451 1070 3790 1126 continuam

2185 1159 2537 1228 inﬁrmatus;
2578 1161 2735 1215 venit
2749 1176 2881 1214 vero
2898 1160 2970 1214 ad
2985 1176 3081 1214 me
3101 1161 3228 1232 jam
3252 1159 3433 1214 dictus
3452 1159 3795 1213 venerabilis

2184 1253 2350 1319 pater
2373 1250 2585 1304 Bruno.
2613 1267 2743 1303 cum
2766 1253 3013 1321 quatuor
3043 1249 3130 1303 de
3169 1248 3445 1302 fratrtbus
3504 1247 3636 1314 suis,
3693 1247 3795 1319 qui

2185 1353 2280 1391 me
2308 1337 2516 1391 sanctis
2535 1338 2867 1409 devotisque
2885 1336 3182 1409 colloquiis
3195 1336 3471 1392 consolati
3503 1339 3667 1405 sunt;
3702 1335 3796 1391 cui

2182 1426 2499 1481 reverendo
2530 1426 2672 1495 viro,
2692 1429 2750 1480 et
2779 1427 3060 1481 visionem
3107 1426 3296 1492 retuli,
3348 1429 3405 1480 et
3428 1426 3674 1481 humiles
3698 1426 3792 1498 egi

2183 1515 2581 1588 gratias,quod
2599 1533 2694 1571 me
2711 1517 2887 1571 etiam
2907 1517 3142 1571 absente
3156 1532 3355 1570 curam
3373 1515 3547 1570 insuis
3576 1516 3795 1571 oratio-

2186 1604 2350 1658 nibus
2368 1604 2792 1668 habuisset.Qui
2808 1621 2867 1658 se
2881 1605 3190 1659 humilians
3205 1603 3588 1671 asseruit,non
3602 1604 3797 1675 ipsum

2183 1692 2307 1748 fore
2321 1693 2423 1756 [αἰ.
2450 1693 2667 1759 fuisse],
2696 1710 2868 1765 quem
2889 1693 3127 1760 credidi,
3157 1693 3257 1747 sed
3273 1694 3544 1763 angelum
3566 1693 3797 1766 Dei,qui

478 1779 758 1849 subjicere
786 1795 800 1844 ;
828 1775 1230 1831 deﬁnitionem
1253 1777 1448 1828 autem
1483 1773 1783 1844 temporis,
1812 1777 1937 1828 tum
1968 1790 2082 1845 quo
2111 1796 2162 1853 Β
2184 1784 2295 1835 stat
2325 1798 2429 1852 pro
2460 1781 2813 1852 principibus
2836 1784 3097 1853 tempore
3122 1780 3276 1836 belli.
3324 1781 3532 1853 Rogavi
3562 1798 3795 1853 quoque

478 1868 678 1922 datum
708 1865 848 1920 illud
873 1863 1065 1930 fuerit,
1098 1866 1223 1917 tum
1250 1877 1363 1933 quo
1391 1860 1613 1915 obsidio
1645 1861 1916 1933 Capuana
1937 1860 2082 1916 acci-

474 1955 623 2011 derit
652 1970 717 2009 ac
748 1953 912 2026 proin
948 1952 1005 2006 S.
1041 1952 1253 2017 Bruno,
1284 1950 1480 2004 comiti
1503 1950 1748 2021 Rogerio
1776 1950 1834 2004 in
1869 1949 2084 2005 somnis

475 2059 780 2116 apparens,
814 2039 1145 2095 imminenti
1177 2038 1427 2110 periculo
1474 2056 1608 2092 eum
1639 2038 1931 2109 eripuerit,
1959 2038 2019 2092 in
2053 2040 2081 2106 §

473 2133 834 2203 sequentem,
867 2145 939 2182 ne
962 2126 1213 2198 alioquin
1229 2142 1481 2198 prmsens
1504 2126 1561 2180 in
1592 2126 1834 2180 nimiam
1865 2126 2083 2181 molem

471 2220 777 2283 excrescat,
799 2216 1028 2271 differre
1046 2218 1132 2270 est
1160 2214 1361 2268 visum.

545 2310 669 2363 637.
704 2306 794 2362 Sic
830 2306 1022 2376 itaque
1052 2304 1503 2357 monumentum
1538 2302 1679 2357 illud
1704 2302 1880 2357 habet
1911 2319 1924 2356 :
1955 2325 1982 2352 «
2018 2304 2081 2359 In

475 2395 713 2451 nomine
730 2393 832 2450 Dei
855 2391 1126 2448 aeterniet
1158 2390 1465 2445 Salvatoris
1480 2389 1661 2444 nostri
1690 2391 1821 2444 Jesu
1852 2390 2079 2447 Christi.

471 2487 638 2540 Anno
670 2484 741 2538 ab
770 2480 1174 2537 Incarnatione
1204 2478 1464 2549 ejusdem
1490 2479 1799 2533 millesimo
1832 2495 2086 2551 nonage-

472 2572 616 2628 simo
639 2574 859 2636 octavo,
890 2568 1212 2623 indictione
1233 2570 1410 2635 sexta,
1444 2567 1726 2638 gloriosus
1766 2584 1865 2622 rex
1897 2568 2074 2622 David

473 2660 679 2732 spiritu
701 2661 1029 2731 praeventus
1058 2674 1069 2711 :
1102 2656 1430 2721 «Narrabo,
1455 2655 1661 2727 inquit,
1696 2656 1896 2710 omnia
1914 2655 2086 2710 mira-

480 2774 507 2802 «
538 2750 673 2806 bilia
698 2753 815 2817 tua,
840 2769 867 2798 »
902 2750 1140 2820 propter
1161 2746 1317 2818 quod
1342 2762 1450 2816 ego
1476 2746 1753 2816 Bogerius
1778 2745 1968 2800 divina
1983 2745 2086 2799 mi-

469 2838 780 2895 sericordia
803 2834 1272 2891 comesCalabriaa
1289 2837 1346 2888 et
1362 2833 1564 2888 Siciliae
1594 2838 1796 2888 notum
1822 2834 2081 2906 [al.nota]

470 2944 590 2982 esse
616 2928 742 2981 volo
801 2924 1069 2978 omnibus
1112 2922 1376 2977 fidelibus
1429 2921 1763 2976 Christianis
1804 2922 2085 2976 beneficia

472 3032 598 3087 qua:
621 3014 764 3069 mihi
787 3011 1365 3086 peccatorieoncessit
1378 3012 1525 3065 Deus
1549 3010 1905 3065 orationibus
1921 3027 2080 3065 reve-

470 3104 635 3159 rendi
666 3103 769 3158 viri
791 3085 859 3156 77F.
895 3100 1197 3165 Brunonis,
1220 3099 1459 3171 piissimi
1478 3099 1660 3153 Patris
1692 3099 1959 3153 Fratrum
1982 3100 2079 3171 qui
2108 3085 2154 3145 Ο

470 3192 737 3248 habitant
765 3191 825 3244 in
848 3188 1098 3244 ecclesiis
1153 3192 1365 3242 sancta
1408 3186 1597 3242 Mariae
1656 3187 1726 3241 de
1773 3204 1992 3256 eremo,
2027 3192 2085 3242 et

471 3281 650 3335 sancti
703 3277 1145 3350 protomartyris
1198 3275 1498 3345 Stephani,
1538 3292 1665 3346 quae
1706 3275 1826 3329 sita:
1859 3279 1991 3329 sunt
2020 3276 2081 3330 in

473 3371 627 3423 terra
657 3367 951 3422 meainter
974 3365 1252 3435 oppidum
1280 3363 1436 3434 quod
1478 3363 1686 3417 dicitur
1739 3363 1970 3430 Stilum,
2025 3368 2082 3419 et

469 3457 745 3510 Arenam.
785 3453 927 3508 Cum
957 3468 1141 3506 essem
1170 3440 1241 3504 in
1263 3451 1560 3505 obsidione
1605 3452 1810 3521 Capuae
1870 3452 2079 3506 Kalen-

472 3544 558 3598 dis
577 3542 778 3609 Martii,
823 3545 881 3596 et
910 3539 1297 3613 praefecissem
1346 3539 1614 3610 Sergium
1661 3539 1899 3594 natione
1933 3540 2082 3594 Gree-

468 3648 600 3686 cum
633 3630 954 3702 principem
982 3645 1155 3700 supra
1184 3628 1460 3682 ducentos
1491 3626 1809 3698 armigeros
1831 3628 2080 3684 nationis

466 3737 602 3787 suae,
636 3721 695 3773 et
722 3719 1001 3773 exercitus
1038 3716 1409 3772 excubiarum
1444 3716 1811 3786 magistrum,
1851 3717 1947 3787 qui
1987 3734 2075 3772 sa-

470 3808 659 3864 tanica
675 3807 938 3862 suasione
969 3808 1295 3879 praeventus
1316 3804 1558 3875 principi
1588 3805 1814 3877 Capuae,
1838 3805 2079 3875 promit-

465 3896 606 3953 tenti
632 3896 753 3950 auri
784 3913 902 3951 non
928 3893 1218 3949 modicam
1259 3894 1669 3964 quantitatem,
1697 3893 1769 3947 ad
1796 3892 2074 3949 invaden-

467 3986 604 4040 dum
628 4001 722 4038 me
782 3999 1096 4054 meumque
1135 3980 1473 4047 exercitum,
1516 3983 1691 4034 noctu
1722 3980 1944 4036 aditum
1988 3986 2074 4037 est

465 4071 823 4143 pollicitusse
853 4071 1133 4141 prmbere.
1185 4070 1304 4122 Nox
1364 4067 1708 4140 proditionis
1746 4068 1978 4123 advenit
2018 4073 2076 4125 et

464 4160 730 4231 princeps
760 4157 967 4228 Capuae
990 4157 1225 4227 ejusque
1249 4155 1527 4208 exercitus
1539 4155 1702 4225 juxta
1725 4157 2073 4226 promissum

465 4250 551 4303 est
570 4250 804 4319 paratus
833 4246 907 4300 ad
938 4244 1384 4315 arma,dumque
1416 4260 1513 4297 me
1544 4244 1735 4315 sopori
1762 4245 2069 4314 dedissem,

2184 1870 2502 1937 humiliter,
2534 1874 2594 1923 ut
2613 1886 2717 1941 pro
2760 1870 2861 1925 Dei
2897 1886 3095 1924 amore
3117 1869 3175 1923 in
3206 1872 3362 1923 terra
3388 1868 3675 1941 Squillacii
3699 1887 3795 1924 su-

2186 1974 2345 2013 mere
2377 1959 2715 2030 dignaretur
2744 1960 2935 2030 largos
2960 1957 3237 2025 redditus,
3272 1973 3413 2030 quos
3459 1958 3750 2013 donabam
3778 1975 3794 2025 ;

2183 2063 2434 2102 renuens
2454 2047 2548 2101 ille
2575 2047 2850 2118 recipere,
2885 2046 3112 2101 dicebat
3137 2045 3293 2117 quod
3323 2045 3397 2100 ad
3420 2046 3528 2100 hoc
3550 2046 3797 2101 domum

2184 2136 2267 2203 sui
2297 2135 2495 2205 patris,
2530 2152 2840 2207 meamque
2866 2134 3182 2201 dimiserat,
3214 2137 3279 2187 ut
3316 2151 3349 2188 a
3380 2133 3582 2187 mundi
3621 2134 3797 2189 rebus

2184 2226 2487 2278 extraneas
2514 2223 2822 2277 deserviret
2848 2222 3028 2276 libere
3061 2223 3178 2276 Deo
3212 2236 3334 2275 suo.
3376 2221 3475 2275 Hic
3514 2222 3703 2276 fuerat
3732 2221 3796 2276 in

2187 2314 2303 2365 tota
2332 2329 2464 2366 mea
2494 2313 2690 2378 domo,
2724 2310 2884 2382 quasi
2916 2310 3135 2383 primus
3160 2313 3218 2364 et
3246 2326 3511 2381 magnus.
3533 2310 3796 2365 Tandem

2184 2400 2271 2454 vix
2303 2418 2433 2454 cum
2465 2417 2531 2455 eo
2562 2401 2879 2471 impetrare
2910 2399 3093 2472 potui,
3121 2401 3185 2452 ut
3204 2398 3381 2470 gratis
3407 2399 3801 2471 acquiesceret

2184 2506 2409 2543 sumere
2432 2489 2729 2543 modicum
2761 2505 2972 2543 munus
3000 2504 3221 2541 meum.

2255 2579 2378 2632 639.
2415 2577 2663 2632 «Donavi
2681 2580 2876 2632 autem
2901 2577 3090 2632 eidem
3110 2575 3259 2647 patri
3277 2574 3798 2647 Brunoni,ejusque

2183 2667 2598 2721 successoribus
2624 2666 2698 2720 ad
2728 2665 3060 2720 habendum
3110 2664 3170 2718 in
3197 2666 3543 2737 perpetuum
3577 2664 3795 2736 absque

2184 2754 2489 2827 temporali
2506 2754 2735 2809 servitio
2769 2752 3185 2808 monasterium
3213 2752 3269 2807 S.
3306 2752 3501 2807 Jacobi
3535 2752 3605 2807 de
3635 2753 3797 2807 Nun-

2182 2844 2491 2910 tauro[a1.,
2526 2841 2839 2912 Mentauro)
2876 2859 3008 2896 cum
3034 2845 3241 2909 castro,
3294 2842 3450 2913 quod
3478 2845 3565 2896 est
3594 2842 3797 2896 subtus

2183 2932 2400 2986 dictum
2416 2930 2852 2997 monasterium,
2877 2929 3191 3001 antiquitus
3208 2932 3598 2984 constructum
3628 2932 3685 2983 et
3705 2945 3798 2984 ca-

2182 3024 2365 3075 strum
2388 3020 2646 3091 ligneum
2680 3019 2851 3073 situm
2884 3018 2944 3072 in
2999 3018 3300 3073 cacumine
3340 3017 3555 3072 montis
3600 3033 3797 3072 versus

2184 3126 2343 3163 mare
2366 3109 2461 3180 qui
2493 3125 2661 3162 mons
2692 3123 2796 3178 per
2825 3107 3105 3161 directum
3156 3104 3418 3161 fabricati
3465 3105 3635 3159 castri
3690 3106 3798 3161 de-

2183 3198 2423 3264 scendit,
2459 3197 2614 3268 quod
2644 3198 2895 3250 castrum
2921 3195 3177 3249 Belvider
3203 3212 3235 3249 a
3266 3195 3376 3249 loci
3410 3194 3610 3249 incolis
3639 3211 3794 3249 nun-

2183 3288 2443 3357 cupatur,
2476 3288 2533 3339 et
2555 3285 2737 3338 casale
2769 3283 2825 3338 S.
2850 3283 3222 3354 Marias,quod
3241 3285 3327 3336 est
3343 3283 3415 3337 ad
3436 3282 3624 3353 ripam
3656 3282 3797 3337 dicti

2180 3374 2393 3429 montis
2418 3373 2570 3428 inter
2583 3373 2879 3428 Orientem
2901 3375 2958 3427 et
2978 3372 3302 3440 Meridiem;
3334 3371 3577 3426 domum
3615 3370 3797 3426 etiam

2180 3479 2395 3528 meam,
2420 3479 2546 3533 quas
2587 3462 2906 3515 Buttarium
2933 3460 3160 3528 dicitur,
3194 3476 3325 3515 cum
3346 3460 3548 3522 Buttis,
3576 3477 3706 3533 quas
3732 3459 3794 3514 in

2181 3568 2249 3605 ea
2278 3551 2453 3605 domo
2485 3552 2771 3620 sunt,quae
2792 3549 3026 3603 fuerunt
3040 3548 3272 3603 Roberti
3294 3548 3584 3603 Guiscardi
3602 3547 3797 3603 fratris

2180 3639 2317 3706 mei,
2341 3642 2397 3693 et
2420 3638 2576 3693 dedit
2608 3637 2751 3691 mihi
2787 3637 3063 3708 Rogerius
3094 3637 3226 3703 dux,
3256 3636 3581 3691 carissimus
3611 3653 3796 3708 nepos

2181 3745 2360 3783 meus.
2400 3726 2925 3792 CasaliaMentabri,
2951 3728 3008 3779 et
3039 3724 3365 3791 Oliviani,et
3389 3724 3792 3795 Casparinam,

2180 3816 2275 3871 ubi
2306 3815 2621 3887 antiquitus
2640 3815 2827 3868 casale
2841 3814 3191 3881 fueras,cum
3208 3813 3475 3868 omnibus
3497 3812 3796 3884 pertinen-

2176 3906 2267 3959 tiis
2300 3904 2663 3971 eorumdem,
2687 3904 2831 3958 sicut
2858 3901 2950 3957 hic
2978 3902 3170 3957 divisas
3193 3902 3517 3957 scribuntur
3550 3919 3562 3955 :
3598 3901 3795 3957 videli-

2175 3998 2264 4048 cet
2274 4012 2307 4049 a
2321 3997 2476 4049 terra
2490 3993 2701 4048 Coxani
2716 4014 2743 4041 »
2769 3997 2876 4048 etc.
2911 3991 3385 4063 (descriptionem
3399 3992 3790 4048 terminorum

2174 4086 2344 4137 terrae
2375 4082 2473 4153 huj
2484 4082 2818 4153 us,quod,ut
2834 4080 2913 4135 ait
2929 4080 3089 4147 ,nihil
3108 4081 3181 4135 ad
3200 4097 3326 4135 rem
3349 4097 3513 4135 suam
3545 4080 3785 4149 faceret,

2172 4171 2265 4226 hic
2296 4170 2489 4226 omisit
2512 4170 2885 4241 Morkensius)
2913 4189 2945 4221 <<
2963 4169 3160 4224 omnia
3186 4172 3381 4223 autem
3403 4186 3788 4242 quaecumque

2172 4260 2324 4314 intra
2349 4259 2445 4320 [αἱ.
2491 4258 2660 4319 infra]
2705 4259 2811 4312 hos
2837 4259 2970 4311 sunt
3020 4257 3321 4324 terminos,
3357 4260 3479 4312 tam
3514 4258 3783 4326 vasaltos,

464 4335 766 4407 interjecto
826 4334 1120 4405 aliquanto
1168 4332 1351 4386 noctis
1398 4331 1603 4403 spatio,
1638 4333 1855 4388 adstitit
1902 4336 2071 4390 cubili
2091 4342 2143 4401 D
2172 4346 2268 4419 qui
2299 4347 2358 4400 in
2390 4346 2553 4401 dictis
2578 4345 2857 4401 casalibus
2885 4345 3151 4399 habitant
3173 4362 3345 4412 nunc,
3371 4361 3541 4417 quam
3563 4345 3787 4416 quum.

463 4440 596 4479 meo
619 4422 854 4495 quidam
875 4440 1049 4477 senex
1068 4421 1368 4476 reverendi
1390 4422 1594 4488 vultus,
1614 4421 1795 4476 scissis
1824 4424 2072 4479 vestibus

464 4536 581 4574 non
610 4520 803 4573 valens
828 4519 1150 4589 lachrymas
1180 4516 1500 4573 continere.
1558 4516 1657 4570 Cui
1689 4533 1823 4571 cum
1856 4517 1914 4571 in
1951 4519 2070 4574 visu

464 4609 737 4675 dicerem,
769 4624 896 4678 quae
922 4623 1091 4661 causa
1119 4606 1376 4679 ploratus
1406 4607 1467 4659 et
1485 4606 1894 4676 lacrymarum,
1924 4608 2072 4665 visus

463 4699 548 4751 est
571 4695 714 4750 mihi
747 4694 942 4750 durius
971 4692 1298 4765 lacrymari.
1344 4694 1554 4748 Iterato
1589 4693 1871 4764 quazrenti
1902 4696 2067 4764 mihi,

463 4785 588 4858 quis
616 4787 765 4840 esset
792 4782 1188 4855 ploratus?Sic
1204 4783 1285 4837 ait
1320 4798 1332 4835 :
1367 4783 1501 4837 Fleo
1534 4781 1760 4836 animas
1805 4783 2070 4840 Christia-

458 4890 691 4940 norum,
724 4876 895 4944 teque
918 4887 1047 4925 cum
1080 4870 1221 4938 illis;
1254 4870 1355 4924 sed
1386 4886 1699 4941 exsurgens
1729 4874 2070 4942 quantocius

459 4979 625 5018 arma
645 4977 829 5029 sume,
863 4960 909 5015 si
935 4960 1183 5015 liberare
1214 4962 1271 5013 te
1303 4960 1451 5014 Deus
1481 4959 1827 5029 permiserit,
1863 4966 1920 5016 et
1946 4965 2070 5018 tuo-

465 5067 596 5105 rum
625 5049 848 5105 animas
877 5049 1292 5121 pugnatorum,
1334 5046 1432 5100 Hic
1463 5063 1567 5118 per
1597 5049 1784 5102 totum
1820 5050 1961 5104 mihi
1995 5052 2067 5107 vi-

460 5139 725 5206 debatur,
746 5138 902 5193 velut
932 5136 977 5192 si
1009 5136 1157 5191 esset
1182 5151 1286 5206 per
1313 5134 1509 5190 omnia
1543 5136 1883 5193 venerabilis
1903 5143 2070 5210 pater

458 5227 671 5283 Bruno.

517 5316 640 5369 638.
672 5336 699 5363 «
714 5311 1157 5384 Expergefaetus
1181 5326 1309 5364 sum
1324 5326 1455 5365 cum
1478 5313 1703 5366 terrore
1722 5314 2063 5388 grandi,pro

454 5402 670 5459 visione
699 5417 1027 5473 pavescens,
1084 5398 1237 5453 illico
1268 5398 1487 5469 sumpsi
1518 5416 1701 5467 arma,
1726 5403 1983 5459 clamans
2007 5410 2064 5460 et

454 5490 732 5547 militibus
764 5493 825 5545 ut
852 5487 1062 5544 armati
1093 5502 1274 5559 equos
1317 5488 1713 5557 ascenderem,
1760 5491 2058 5566 visionem,

458 5579 505 5633 si
534 5594 668 5635 vera
692 5581 860 5646 esset,
882 5579 1149 5649 satagens
1163 5577 1561 5647 comprobare.
1577 5578 1660 5632 Ad
1676 5585 2060 5657 quemstrepi-

2171 4435 2406 4491 bitaturi
2437 4439 2588 4501 sunt,
2645 4434 2725 4489 tui
2776 4434 2942 4505 juris,
2977 4438 3325 4506 tuorumque
3368 4434 3631 4488 Fratrum
3678 4434 3788 4489 tibi

2169 4524 2617 4590 succedentium,
2650 4525 2816 4594 pater
2834 4524 3046 4590 Bruno,
3074 4539 3194 4577 esse
3219 4522 3492 4577 concedo.
3513 4521 3784 4577 Concedo

2170 4614 2366 4680 etiam,
2395 4615 2458 4666 ut
2486 4611 2992 4666 recommendatos
3005 4610 3217 4665 habeas
3246 4613 3328 4675 tu,
3355 4613 3412 4664 et
3432 4626 3787 4664 successores

2170 4702 2272 4767 tui,
2300 4705 2424 4755 tam
2468 4700 2539 4755 de
2588 4699 2867 4754 comitatu
2900 4699 3176 4755 Calabria:
3226 4701 3284 4752 et
3317 4697 3543 4764 Sicilia},
3602 4715 3783 4769 quam

2169 4795 2327 4845 extra
2359 4790 2738 4859 undecunque
2769 4788 2901 4842 sint.
2939 4786 3332 4842 Habitationes
3351 4786 3624 4841 casalium
3651 4785 3783 4853 tibi,

2167 4877 2696 4948 successoribusque
2778 4875 2908 4943 tuis,
2952 4875 3416 4947 quandocunque
3465 4872 3781 4940 volueritis,

2168 4970 2528 5021 commutare
2549 4963 2740 5019 licebit
2771 4968 2829 5018 et
2855 4963 3029 5018 etiam
3053 4962 3470 5018 monasterium
3494 4961 3682 5034 ipsum
3716 4960 3781 5017 S.

2165 5055 2380 5121 Jacobi,
2413 5054 2569 5126 quod
2601 5052 2828 5119 donavi,
2854 5055 2912 5107 et
2939 5051 3137 5107 omnia
3158 5051 3217 5105 in
3237 5051 3465 5118 eadem,
3499 5053 3558 5105 et
3578 5051 3648 5106 de
3673 5068 3781 5106 ea-

2168 5144 2302 5198 dem
2328 5146 2484 5198 terra
2500 5143 2843 5212 facere,quae
2857 5157 2966 5213 ego
2993 5141 3181 5194 facere
3201 5140 3520 5210 potui,cum
3546 5138 3777 5194 licebat.

2237 5229 2630 5285 6t0.«Nemini
2650 5228 2801 5282 inter
2823 5228 2924 5281 has
2947 5226 3150 5282 divisas
3171 5226 3361 5281 licebit
3396 5225 3609 5297 aliquid
3637 5243 3778 5297 pro-

2164 5318 2357 5390 prium
2381 5335 2547 5373 suum
2574 5318 2786 5383 dicere,
2818 5317 2905 5370 vel
2931 5316 3167 5383 habere,
3211 5331 3345 5369 cum
3366 5314 3656 5380 omnibus,
3675 5314 3777 5385 qui

2163 5408 2301 5463 inibi
2323 5406 2707 5479 possessiones
2749 5405 3060 5471 habebant,
3084 5401 3473 5458 voluntarium
3523 5404 3579 5455 et
3620 5418 3779 5456 cam-

2161 5498 2323 5554 bium
2345 5495 2603 5550 dederim
2623 5494 2758 5549 satis
2772 5496 3026 5566 gratum,
3045 5493 3134 5547 cui
3157 5490 3453 5559 terras,cui
3477 5490 3769 5557 denarios,

2160 5584 2503 5658 quibusdam
2531 5581 3028 5655 vero,quiavillani
3058 5582 3246 5650 erant,
3262 5582 3569 5654 perpetuas
3592 5578 3766 5635 liber-
