4066 6032
248 265 358 330 393
1823 282 2005 341 ACTA
3471 306 3577 374 394

233 392 597 509 tates.nl‘ultaa
612 393 767 509 intra
795 397 934 509 [a
959 399 1134 474 infra]
1158 402 1261 456 has
1284 402 1489 459 divisas
1506 406 1678 460 terras
1707 408 1861 473 sunt,
1886 407 1943 466 A
1968 407 2339 509 niendos,sed
2362 414 2474 469 tuis
2495 418 2971 488 postulationibus
2994 425 3287 500 liberatos,
3311 432 3573 509 ﬁliosque

239 500 372 556 quae
404 484 478 539 ad
509 488 587 554 te,
647 490 813 559 pater
856 489 1069 557 Bruno,
1115 496 1400 562 spectant,
1426 497 1485 549 et
1511 510 1867 550 successores
1967 514 2190 568 eorum,
2212 501 2337 569 tibi,
2389 507 2447 559 et
2476 484 2895 566 successoribus
2921 513 3034 569 tuis
3067 484 3287 591 obligo:
3312 484 3571 581 Quid};

239 576 394 641 tuos,
422 591 565 646 quas
589 591 722 631 cum
753 578 971 633 Arsafia
996 579 1128 634 dedi
1163 581 1370 652 majori
1394 583 1643 637 ecclesiae
1663 587 1864 639 vestrae
1964 585 2286 644 ﬂliorumin
2318 594 2601 649 aeternum
2633 613 2825 653 servos
2871 576 3219 675 perpetuos:
3239 576 3298 663 et
3333 609 3574 669 villanos

239 664 509 771 tempore
533 662 912 763 dedicationis
941 666 1136 766 ipsius.
1167 669 1531 768 Nullusintra
1562 671 1863 739 [al.,infra]
1964 674 2037 729 ad
2067 676 2250 732 beatae
2264 680 2449 736 Mariae
2471 685 2527 737 et
2546 662 2995 760 protomartyris
3006 662 3283 766 Stephani
3305 662 3574 771 persona:

239 751 349 806 has
380 751 587 806 divisas
616 752 833 822 aviare,
863 756 1085 823 venari,
1120 762 1219 813 aut
1249 757 1307 813 in
1341 760 1490 814 mari
1528 761 1735 833 piscari
1759 779 1860 817 au-

240 838 380 894 deat
393 839 517 894 sine
536 841 824 898 dictorum
842 843 1084 900 fratrum
1120 863 1422 916 consensu,
1457 852 1515 903 et
1544 850 1615 905 de
1646 850 1714 905 iis
1743 867 1863 906 om-

237 927 559 987 nibusdicti
585 929 795 985 fratres
835 932 1088 988 habeant
1099 934 1235 1006 jura
1253 938 1372 1003 tua,
1402 953 1612 1007 pascua
1632 955 1861 993 sumere

237 1015 362 1070 sive
391 1017 651 1088 glandes,
680 1018 838 1090 ligna
858 1019 1134 1090 incidere,
1170 1039 1350 1096 aquas
1377 1025 1681 1092 divertere,
1706 1026 1859 1081 fore-

236 1106 356 1159 stas
374 1104 612 1173 habere,
634 1107 723 1161 vel
753 1111 939 1178 prata:
971 1127 1080 1165 nec
1102 1112 1407 1184 quisquam
1429 1113 1670 1169 omnino
1704 1114 1763 1168 in
1795 1114 1862 1168 iis

238 1192 411 1246 terris
440 1196 644 1248 contra
678 1194 893 1263 facere,
921 1199 1007 1251 vel
1038 1200 1256 1267 venire,
1296 1202 1593 1256 occasione
1625 1202 1862 1274 alicujus

237 1281 983 1361 consuetudinis,pra3textu
1003 1286 1214 1342 nobilis
1250 1290 1337 1343 vel
1352 1290 1589 1344 baronis
1646 1295 1747 1346 aut
1787 1291 1859 1345 ab

242 1370 347 1437 eis,
374 1369 487 1425 sive
502 1372 873 1437 vasallis,sive
898 1373 1143 1442 villanis,
1178 1392 1401 1444 eorum,
1432 1381 1575 1444 tam,
1604 1378 1857 1447 illorum,

239 1458 341 1531 qui
372 1461 525 1525 sunt,
559 1476 735 1531 qnam
764 1476 908 1532 quos
933 1462 1184 1518 habituri
1203 1467 1356 1530 sunt,
1376 1469 1474 1520 aut
1494 1482 1858 1522 recommen-

238 1547 393 1602 datis
419 1548 637 1620 aliquid
659 1550 889 1623 exigere
911 1552 1123 1606 servitii
1140 1554 1607 1625 temporalis;nec
1624 1556 1859 1611 eosdem

236 1637 506 1705 vasallos,
520 1640 609 1693 vel
638 1638 880 1694 villanos
909 1656 1138 1711 cogere,
1170 1644 1232 1695 ut
1280 1643 1727 1699 communitates
1755 1645 1856 1699 ha-

1960 763 2079 854 lem
2101 769 2160 821 et
2189 772 2528 840 perpetuam
2555 774 2909 831 servitutem.
2944 763 3185 854 Insuper
3215 763 3469 843 concedo
3501 790 3577 846 ad

1960 852 2303 922 petitionem
2323 859 2505 925 tuam,
2526 860 2705 916 frater
2720 863 2989 935 Lanvine,
3012 852 3167 939 quod
3187 874 3461 931 animalia
3476 893 3570 933 ve-

1961 944 2212 997 strorum
2243 947 2610 1016 vasallorum,
2646 956 3254 1015 recommendatorum
3270 963 3572 1021 etvillano-

1959 1045 2088 1083 rum
2111 1047 2216 1101 per
2245 1034 2567 1091 tenimenta
2586 1040 2871 1097 terrarum
2890 1046 3218 1104 etlocorum
3231 1050 3447 1107 circum
3469 1054 3569 1110 ad-

1953 1116 2276 1190 jacentium
2329 1123 2505 1179 libere
2531 1127 2685 1197 pasci
2712 1131 2953 1199 possint,
2989 1137 3046 1188 et
3074 1152 3179 1207 per
3210 1139 3408 1194 omnia
3438 1157 3572 1198 mea

1962 1223 2206 1263 nemora
2229 1211 2469 1301 glandes
2496 1214 2731 1270 habere.
2759 1218 2873 1273 Hoc
2902 1222 3267 1295 privilegium
3291 1228 3570 1301 scriptum

1962 1297 2047 1347 est
2076 1300 2328 1354 secundo
2361 1302 2575 1356 mensis
2598 1306 2860 1378 Augusti,
2892 1326 3047 1366 anno
3074 1314 3146 1368 ab
3166 1297 3567 1376 lncarnatione

1962 1384 2193 1440 Domini
2227 1387 2532 1446 millesimo
2550 1395 2926 1466 nonagesimo
2954 1416 3131 1468 nono,
3159 1402 3569 1465 indictionese-

1960 1468 2164 1566 ptim-a,
2196 1490 2302 1566 per
2355 1493 2580 1566 manus.
2628 1481 2892 1539 Fulconis
2923 1489 3203 1559 capellani
3237 1493 3374 1561 mei,
3408 1497 3566 1566 apud

1960 1554 2329 1649 Squillacium
2354 1562 2411 1617 in
2442 1567 2663 1636 capella
2687 1567 2877 1625 Sancti
2899 1554 3169 1644 Matthaai,
3192 1554 3485 1649 pbzesente
3511 1586 3570 1639 et

1959 1645 2343 1704 confirmante
2355 1655 2687 1721 venerabili,
2711 1660 2768 1711 et
2782 1661 3138 1719 sanctissimo
3161 1645 3326 1736 patre
3346 1671 3567 1727 Joanne

236 1724 419 1781 beant
433 1742 567 1780 cum
582 1729 737 1781 terra
758 1727 1071 1799 Squillacii,
1088 1733 1186 1783 aut
1198 1728 1856 1799 Severeti,velcasalium
1881 1756 1931 1813 Β
1958 1732 2362 1806 Squillacensis
2394 1741 2545 1795 sedis
2556 1743 2847 1818 episcopo,
2869 1724 3259 1809 residente‘ibi
3280 1724 3564 1827 juxtafo:

239 1815 622 1882 earumdem;
654 1814 753 1869 sed
775 1815 834 1870 in
860 1816 1043 1871 solida
1066 1817 1353 1885 libertate,
1387 1823 1445 1874 et
1469 1820 1727 1891 ipsorum
1742 1820 1858 1875 fra-

1957 1839 2049 1878 res
2080 1825 2339 1882 Ecclesiae
2369 1831 2427 1883 et
2456 1832 3092 1894 concedenteAdelaide
3113 1825 3404 1901 comitissa
3428 1863 3566 1902 con-

246 1904 411 1957 trum
445 1919 598 1968 usus,
619 1906 677 1956 et
696 1902 1020 1959 dominium
1040 1910 1449 1976 proserventur
1463 1907 1536 1962 ad
1550 1910 1860 1980 perpetuos
1951 1910 2091 1984 juge
2124 1931 2274 1981 mea,
2302 1916 2682 1975 residentibus
2712 1940 2941 1996 quoque
2979 1944 3211 1985 mecum
3242 1936 3300 1986 et
3325 1935 3567 1991 testibus

235 1990 710 2047 habituros.Etin
739 1991 888 2047 mari
913 1992 1078 2063 juxta
1092 1994 1545 2067 te_rminos,quos
1560 1996 1858 2068 taxavi,jus

233 2080 910 2152 omnehabebunt,quod
944 2084 1002 2135 et
1026 2097 1133 2152 ego
1171 2082 1345 2138 habui
1377 2084 1735 2155 temporibus
1772 2101 1857 2140 re-

231 2170 492 2223 troactis.

304 2258 435 2310 641.
472 2278 500 2306 ‹‹
528 2257 615 2312 Ad
631 2256 973 2328 petitionem
996 2257 1187 2314 fratris
1215 2258 1451 2314 Lanvini
1481 2260 1574 2316 hic
1592 2261 1734 2333 jussi
1761 2278 1857 2336 ap-

230 2345 374 2416 poni
419 2344 703 2401 terminos
734 2345 936 2400 casalis
982 2346 1257 2413 Arunchi,
1289 2352 1348 2402 et
1395 2349 1699 2406 tenimenti
1747 2351 1852 2420 sui,

230 2433 388 2504 quod
426 2433 500 2488 ab
543 2433 780 2505 antiquo
802 2434 1055 2505 pertinet
1086 2435 1161 2489 ad
1185 2436 1488 2492 Arsaﬁam.
1508 2440 1648 2493 Dedi
1677 2440 1855 2496 etiam

230 2521 426 2576 eidem
463 2521 611 2592 patri
626 2522 901 2588 Brunoni,
935 2524 993 2576 et
1042 2525 1458 2580 successoribus
1503 2526 1617 2581 suis
1645 2527 1853 2583 virida-

229 2609 387 2664 rium
402 2608 987 2681 sanctiNicolai,quod
1001 2611 1301 2682 proprium
1316 2613 1585 2669 tenebam
1600 2614 1659 2669 in
1676 2632 1852 2671 manu

228 2696 538 2752 mea.Dedi
559 2697 735 2752 etiam
761 2697 952 2752 eidem
972 2699 1374 2754 htereditatem
1415 2700 1733 2774 Calogerici
1749 2702 1850 2759 vil-

228 2784 351 2841 lani
382 2785 624 2858 mei,qui
658 2788 921 2841 mortuus
940 2787 1130 2841 fuerat
1159 2786 1283 2842 sine
1303 2787 1504 2859 lingua
1534 2793 1593 2843 et
1612 2789 1763 2857 ﬁliis,
1795 2793 1853 2846 et

228 2874 474 2929 vasallos
489 2878 548 2929 et
573 2874 815 2929 villanos
845 2874 903 2929 in
930 2875 1139 2930 eodem
1186 2876 1357 2930 casali
1400 2882 1847 2944 commorantes,

229 2966 289 3019 et
319 2962 378 3016 in
412 2962 619 3017 eadem
646 2962 912 3017 libertate
926 2964 984 3017 et
999 2978 1102 3017 usu
1127 2963 1466 3035 tranquillo,
1499 2982 1612 3036 quo
1635 2969 1851 3033 sunt,et

1956 2000 2126 2071 hujus
2147 2002 2476 2060 donationis
2494 2007 2797 2081 Rodulpho
2822 2012 3033 2070 comite
3059 2016 3130 2071 de
3162 2018 3446 2077 Lorotello
3471 2040 3568 2077 ne-

1955 2094 2091 2162 pote
2109 2109 2261 2161 mco,
2276 2096 2600 2152 Guillielmo
2619 2098 2689 2153 de
2708 2100 2990 2170 Altavilla,
3007 2104 3206 2160 Odone
3233 2108 3471 2165 Bono-m
3481 2107 3584 2165 αι’-ι’

1954 2178 2386 2269 irisioﬂosberto
2405 2184 2477 2239 de
2491 2185 2981 2255 Luciaco,Borello
2992 2193 3261 2264 Malgerio
3278 2180 3394 2253 ﬁlio
3409 2216 3563 2269 meo,

1953 2267 2262 2324 Malduitho
2284 2271 2650 2343 Berengerio,
2680 2275 2859 2332 Niello
2888 2278 2960 2332 de
2995 2280 3189 2349 Ferlit,
3223 2284 3463 2342 Ricardo
3495 2267 3566 2344 de

1953 2355 2543 2432 Treveris,Rodulpho
2568 2362 2707 2417 Pain
2762 2365 2912 2432 evin,
2948 2368 3200 2425 Huberto
3244 2373 3315 2427 de
3347 2373 3561 2446 Solma,

1955 2444 2212 2500 Renaldo
2232 2446 2301 2501 de
2319 2447 2658 2517 Chincbam,
2691 2450 2942 2510 Roberto
2962 2455 3031 2510 de
3066 2457 3298 2528 Cuculo,
3324 2444 3564 2519 Ermen-

1945 2520 2117 2623 'fredo
2151 2535 2448 2604 capellano
2477 2535 2548 2590 de
2590 2536 2647 2590 S.
2679 2539 2966 2610 Matthaeo,
3002 2543 3251 2602 Roberto
3279 2520 3351 2604 de
3374 2550 3567 2623 Layna

1950 2621 2254 2761 ἓνδιὶξρῐο
2278 2625 2444 2691 νίηω,
2501 2624 2724 2682 Blasilio
2762 2633 3208 2703 protospatario,
3261 2621 3562 2697 Theodoro

2003 2724 2109 2761 anc
2155 2726 2273 2761 mo.

2003 2708 2273 2765 anchino.

2023 2842 2147 2895 643.
2165 2841 2391 2897 «Nullus
2406 2846 2609 2900 contra
2627 2846 2777 2903 hanc
2791 2850 3170 2909 voluntariam
3184 2855 3563 2918 donationem

1951 2946 2144 2984 meam
2157 2933 2214 2985 et
2244 2931 2630 2988 desideratam
2653 2944 2964 3006 praesumat
2984 2941 3044 2995 in
3074 2944 3265 3015 aliquo
3294 2948 3559 3020 minimo,

230 3049 344 3103 alia
359 3050 488 3104 loca
502 3050 764 3120 superius
794 3050 1144 3117 condonata,
1164 3054 1222 3105 et
1238 3019 1341 3123 per
1369 3019 1563 3106 meam
1595 3019 1850 3107 volunta-
1869 3036 1916 3095 C
1950 3019 2033 3123 re]
2065 3022 2752 3123 Tagnﬁahqu‘dfafere’
2782 3028 2872 3123 vel.
2896 3028 3105 3123 dicere}
3141 3033 3184 3087 Si
3224 3036 3481 3107 qUidcm:
3514 3040 3560 3094 Si

226 3136 611 3191 temliberata
626 3137 699 3192 ab
725 3137 887 3192 omni
905 3138 1046 3209 jugo
1076 3137 1264 3192 servili
1295 3141 1416 3192 tam
1444 3139 1516 3192 ad
1541 3139 1724 3194 dictos
1739 3140 1851 3195 fra-

226 3227 368 3290 tres,
404 3240 581 3295 quam
607 3224 681 3278 ad
700 3226 959 3292 vasallos,
986 3227 1586 3293 recommendatos,et
1609 3227 1849 3283 villanos

225 3311 511 3383 omnique
541 3312 807 3367 libertate
820 3312 1158 3383 gaudebunt
1176 3313 1236 3367 in
1253 3313 1359 3369 isto
1378 3314 1528 3381 loco,
1546 3315 1641 3386 qui
1659 3317 1846 3371 Arun-

223 3400 403 3455 chum
422 3400 650 3467 dicitur,
670 3401 1010 3456 etomnibus
1026 3402 1288 3473 locis,qui
1306 3403 1579 3475 conjungi
1593 3406 1843 3474 valeant,

218 3487 313 3543 his
342 3488 560 3556 divisis,
585 3505 750 3560 quos,
796 3491 912 3544 Deo
947 3492 1196 3557 volente,
1229 3491 1480 3546 habituri
1531 3496 1685 3560 sunt,
1745 3510 1844 3549 seu

219 3576 618 3643 villanos,tam
648 3576 903 3632 dominis
923 3581 981 3631 et
1008 3578 1271 3632 ﬁdelibus
1298 3578 1651 3647 Christianis,
1667 3599 1842 3653 quam

218 3664 279 3720 in
320 3663 464 3719 lccis
506 3664 732 3737 scriptis
760 3665 1037 3736 superius,
1084 3666 1335 3738 gaudere
1367 3667 1519 3738 ipsos
1577 3670 1835 3740 prmvidi.

216 3754 386 3808 Dono
423 3769 655 3825 quoque
682 3753 783 3808 tibi
836 3754 987 3825 patri
1016 3754 1299 3821 Brunoni,
1325 3757 1382 3809 et
1425 3756 1840 3812 successoribus

216 3841 332 3897 tuis
352 3841 412 3895 in
426 3845 775 3914 perpetuum
805 3859 1003 3898 meum
1030 3844 1455 3911 molendinum,
1474 3844 1836 3914 etfullonem,

215 3947 346 4002 quin
369 3933 505 3984 sunt
520 3930 717 3984 subtus
742 3929 1116 4003 Squillacium
1140 3932 1305 4003 juxta
1334 3933 1579 4001 fontem,
1623 3934 1719 4005 qui
1750 3934 1836 3989 di-

214 4017 367 4071 citur
397 4016 580 4084 Alexi,
616 4017 719 4071 sub
753 4017 915 4072 omni
948 4018 1218 4073 libertate
1245 4022 1302 4073 et
1334 4014 1723 4088 immunitate,
1772 4024 1838 4077 ut

216 4103 445 4159 nemini
474 4104 792 4159 teneamini
809 4121 914 4176 pro
929 4105 1168 4172 eisdem,
1193 4123 1299 4161 nec
1312 4106 1476 4174 mihi,
1494 4124 1599 4163 nec
1615 4125 1832 4165 succes-

215 4192 444 4247 soribus
473 4193 637 4247 meis.
666 4193 753 4248 Ab
780 4194 904 4264 ipsa
936 4210 1068 4248 mea
1097 4195 1366 4250 ﬂomaria
1393 4196 1619 4266 possitis
1648 4199 1832 4253 totam

214 4296 429 4353 aquam
458 4298 774 4348 assumere,
818 4286 877 4337 et
900 4283 1245 4354 positionem
1277 4299 1440 4355 aqua:
1472 4285 1673 4339 ductus
1703 4301 1830 4341 mo-
1853 4319 1906 4379 D

212 4368 439 4424 lendini
471 4373 530 4423 et
555 4369 814 4438 fullonis,
846 4370 902 4423 in
931 4370 1055 4441 ipsa
1098 4375 1254 4425 terra
1281 4386 1434 4439 mea,
1466 4370 1512 4425 si
1540 4372 1830 4429 volueritis

211 4454 274 4510 in
300 4455 508 4511 melius
537 4460 920 4525 commutare,
940 4458 1155 4529 absque
1172 4458 1625 4513 contradictione
1638 4459 1829 4532 aliqua

207 4544 468 4600 hominis
500 4544 758 4615 alicujus,
777 4548 999 4612 etmea,
1029 4548 1087 4600 et
1115 4561 1504 4600 successorum
1536 4562 1823 4615 meorum,

209 4637 271 4689 et
302 4635 374 4690 de
406 4635 588 4707 aquis,
623 4653 752 4708 qua:
782 4635 840 4691 iu
873 4640 1030 4691 terra
1054 4639 1239 4690 vestra
1266 4639 1418 4704 sunt,
1452 4653 1625 4692 omne
1655 4638 1827 4693 bene-

206 4724 408 4779 ﬁcium
422 4724 643 4781 faciatis
674 4725 749 4781 ad
778 4730 981 4781 vestrm
1011 4726 1314 4781 arbitrium
1332 4728 1657 4783 voluntatis.

280 4830 407 4884 642.
444 4852 472 4880 «
489 4831 650 4885 Dono
666 4829 842 4885 etiam
869 4830 971 4885 tibi
986 4830 1133 4903 patri
1152 4831 1426 4899 Brunoni,
1458 4835 1517 4887 et
1539 4848 1823 4888 successo-

205 4916 367 4972 ribus
388 4918 500 4973 tuis
531 4918 590 4973 in
622 4935 815 4974 servos
842 4922 1152 4992 perpetuos
1201 4924 1259 4975 et
1308 4921 1548 4977 villanos
1590 4925 1824 4977 centum

206 5006 517 5062 duodecim
548 5007 728 5063 lineas
750 5023 1046 5063 servorum
1062 5012 1121 5063 et
1139 5008 1483 5064 villanorum
1505 5025 1824 5082 eorumque

205 5092 357 5149 filios
386 5094 445 5149 in
473 5098 821 5168 perpetuum
866 5096 1213 5170 ubicumque
1243 5099 1374 5165 sint,
1408 5102 1465 5153 et
1496 5101 1820 5167 morentur,

205 5195 337 5237 cum
360 5182 634 5238 omnibus
659 5182 826 5239 bonis
858 5200 1084 5252 eorum,
1111 5201 1254 5257 quos
1285 5185 1359 5240 ad
1374 5186 1454 5241 tui
1472 5190 1820 5259 tuorumque

205 5286 604 5327 successorum
623 5272 902 5345 obsequia
925 5273 1233 5341 reservavi,
1268 5273 1365 5346 qui
1413 5273 1634 5329 inventi
1687 5277 1821 5331 sunt

206 5357 363 5433 apud
394 5358 758 5416 obsidionem
805 5360 1013 5433 Capuae
1043 5360 1100 5415 in
1132 5361 1473 5433 proditionis
1528 5361 1819 5418 consortio

207 5444 398 5520 Sergii
428 5447 764 5520 pestilentis.
789 5448 900 5505 Hos
921 5449 1095 5504 morti
1110 5450 1388 5505 obnoxios
1417 5449 1475 5504 in
1496 5450 1819 5508 reversione

208 5549 345 5592 mea
374 5533 748 5609 Squillacium
769 5552 1150 5605 servaveram,
1172 5536 1824 5616 diversis_mortibuspu-

709 5636 946 5693 ΡΑτιιοι..
980 5633 1132 5691 CLII.

1949 3105 2123 3160 fuerit
2154 3108 2413 3177 rusticus,
2453 3113 2541 3165 vel
2596 3113 2923 3183 Burgcnsis,
2976 3120 3195 3175 curiam
3240 3105 3456 3193 meam,
3511 3128 3559 3183 si

1950 3194 2088 3264 quid
2106 3194 2223 3264 ipse
2242 3196 2863 3263 habuerit,liabituram
2877 3205 3072 3259 credat
3084 3207 3153 3261 de
3178 3211 3349 3265 rebus
3370 3216 3557 3271 mobi-

1948 3281 2116 3346 libus,
2149 3286 2207 3336 et
2236 3285 2612 3341 nihilominus
2638 3288 2775 3359 ipsis
2800 3290 3073 3346 fratribus
3105 3295 3306 3351 dacem
3334 3302 3455 3354 auri
3488 3304 3556 3357 li-

1947 3368 2079 3423 bras
2101 3374 2405 3442 persolvet,
2454 3379 2745 3431 eteorum
2800 3378 3045 3433 fratrum
3088 3382 3305 3439 damna
3336 3387 3381 3440 si
3427 3406 3555 3460 quae

1945 3459 2199 3529 perpessi
2219 3459 2542 3518 fuerint.de
2572 3464 2803 3520 illorum
2833 3469 3228 3526 maleﬁcorum
3243 3473 3409 3530 bonis
3422 3459 3552 3532 refi-

1945 3544 2188 3615 cientur,
2212 3548 2258 3603 si
2296 3555 2592 3607 accusatus
2621 3554 2815 3620 fuerit,
2867 3558 2925 3609 et
2953 3559 3261 3629 convictus,
3296 3562 3460 3627 Quod
3507 3568 3553 3622 si

1941 3633 2108 3688 miles
2125 3638 2223 3690 aut
2254 3636 2704 3705 baro,ducentas
2732 3642 2858 3697 auri
2915 3644 3088 3699 libras
3113 3652 3395 3718 persolvet
3432 3670 3553 3708 suc-

1940 3737 2229 3778 cessorum
2244 3741 2510 3781 meorum
2528 3728 2722 3795 curias,
2747 3729 2861 3784 sive
2884 3747 3050 3800 meae;
3072 3736 3226 3804 quod
3252 3737 3295 3791 si
3322 3742 3549 3796 tantum

1939 3826 2057 3865 non
2084 3811 2495 3884 babuerit,ejus
2512 3815 2751 3870 mobilia
2780 3818 2977 3873 omnia
3008 3836 3139 3875 mea
3165 3828 3351 3883 erunt.
3378 3827 3551 3882 etcis—

1938 3896 2070 3952 dem
2102 3898 2392 3969 fratribus,
2417 3901 2523 3957 nisi
2554 3903 2891 3959 satisfecerit
2919 3907 3228 3980 condigne,
3261 3911 3544 3985 quinqua-

1936 3985 2097 4056 ginta
2117 3988 2293 4043 libras
2322 3990 2447 4045 auri
2477 3994 2783 4062 persolvet.
2800 3994 2912 4048 Nec
2936 3994 3098 4064 mihi,
3130 4014 3236 4053 nec
3256 4016 3540 4059 successo-

1933 4074 2092 4129 ribus
2106 4076 2251 4131 meis
2276 4078 2346 4132 de
2364 4095 2459 4133 om
2471 4080 2790 4153 nibus,quse
2813 4081 2992 4138 libere
3004 4099 3107 4154 per
3122 4102 3214 4140 me
3237 4087 3371 4143 data
3382 4093 3535 4160 sunt,

1932 4161 2101 4218 liceat
2114 4165 2172 4219 in
2193 4168 2365 4222 antea
2380 4167 2598 4240 aliquid
2623 4170 2919 4238 innovare,
2948 4171 3157 4241 facere,
3190 4177 3276 4230 vel
3307 4182 3535 4235 contra-

1932 4249 2122 4306 dicere
2153 4252 2212 4307 in
2232 4254 2422 4327 aliquo
2448 4273 2623 4327 parvo
2641 4254 2975 4329 velmagno.
3006 4258 3224 4324 Quodsi
3243 4267 3537 4337 ego,quod

1928 4340 2095 4408 absit,
2129 4342 2458 4414 aliquando,
2481 4346 2565 4399 vel
2598 4362 2944 4401 successores
2966 4349 3446 4410 meicontrarium
3461 4356 3538 4411 fe-

1927 4429 2197 4498 cerimus,
2214 4431 2270 4485 in
2297 4432 2488 4504 aliquo
2506 4450 2679 4503 parvo
2705 4436 2791 4488 vel
2820 4452 3054 4506 magno,
3079 4437 3138 4491 in
3165 4441 3537 4500 omnibussu-

1925 4517 2198 4589 pradictis
2226 4518 2376 4574 iram
2416 4522 2752 4592 sempiterni
2778 4522 2899 4589 Dei,
2934 4526 2991 4577 et
3017 4525 3201 4581 beatm
3229 4528 3439 4600 Maria,
3476 4537 3536 4589 et

1926 4604 2078 4660 beati
2091 4608 2533 4680 protomartyris
2558 4609 2834 4682 Stephani
2856 4611 3235 4670 incurramus.
3254 4617 3322 4671 Et
3346 4618 3531 4676 isdem

1923 4698 2089 4764 pater
2101 4695 2352 4750 Joannes
2367 4696 2664 4769 episcopus
2677 4699 2749 4753 ad
2762 4699 3099 4770 petitionem
3118 4719 3310 4759 meam
3329 4710 3534 4762 contra

1924 4783 2066 4837 tales
2081 4782 2139 4837 in
2156 4784 2364 4855 majori
2396 4786 2518 4856 ejus
2533 4786 2770 4841 ecclesia
2796 4788 2957 4842 omni
2979 4795 3260 4861 praesente
3290 4795 3526 4865 populo,

1923 4872 1983 4925 et
2004 4870 2144 4939 istis,
2178 4872 2275 4944 qui
2306 4874 2614 4943 supradicti
2627 4877 2779 4942 sunt,
2803 4876 3042 4931 testibus
3065 4879 3377 4935 anathema
3395 4897 3530 4952 gra-

1922 4959 2221 5016 vissimum
2247 4962 2651 5035 promulgavit;
2671 4965 3138 5021 conservantibus
3155 4971 3349 5022 autem
3368 4984 3528 5023 com-

1922 5049 2268 5105 munionem
2305 5054 2659 5118 sanctorum,
2707 5055 2764 5108 et
2790 5052 3063 5108 meritum
3094 5044 3315 5109 b'onum
3347 5071 3381 5109 a
3409 5057 3528 5110 Deo

1922 5138 2092 5193 Patre
2112 5142 2309 5193 nostro
2341 5141 2400 5194 et
2424 5138 2673 5195 Domino
2694 5140 2824 5198 Jesu
2856 5138 3530 5208 Christo.Amen,Amen,

1918 5226 2125 5282 Amen.

1997 5381 2018 5411 ι
2048 5361 2120 5431 ὦ
2138 5361 2420 5433 Rogerius
2437 5360 2667 5417 Comes.

1999 5472 2027 5501 «
2056 5449 2129 5523 ὦ
2156 5448 2384 5506 Adelais
2411 5445 2742 5511 Comitissa.

2008 5559 2036 5590 «
2062 5536 2135 5610 θ
2160 5536 2493 5597 Guilielmus
2522 5532 2594 5589 de
2624 5535 2915 5601 Altavilla.
