4066 6032
428 319 537 381 395

508 471 537 503 «
566 447 642 524 θ
667 447 1003 521 Bodulphus
1033 446 1237 505 Comes
1264 449 1336 505 de
1362 450 1668 517 Lorotello,

506 562 534 590 α
560 538 633 611 ὦ
669 538 790 594 Odo
824 538 1014 593 Bonus
1037 536 1352 605 Markisius,

507 651 536 680 «
561 627 632 699 ᾧ
661 627 953 682 Josbertus
975 626 1046 680 de
1075 624 1334 680 Luciaco.

507 739 536 769 «
566 716 638 788 ὦ
669 716 880 771 Niellus
907 714 977 769 de
1009 714 1201 769 Ferlit.

511 828 538 856 ‹‹
568 804 641 878 ὦ
664 803 963 875 Malgerius
984 803 1155 857 Filius
1169 802 1404 858 Comitis
1425 801 1674 875 Rogerii.

510 914 538 945 «
577 892 650 966 ᾧ
677 893 1009 962 Rodulpbus
1039 891 1177 946 Pain
1209 891 1356 946 evin.

511 1005 538 1033 ‹‹
562 984 633 1053 ὦ
655 981 929 1036 Ricardus
958 980 1028 1034 de
1060 979 1335 1034 Treveris.

510 1094 537 1121 «
571 1069 643 1143 θ
673 1071 789 1141 Ego
804 1070 971 1124 Fulco
986 1067 1784 1141 dominiRogeriiCapellanus
1794 1069 1866 1124 de
1880 1086 2045 1124 man-

338 1178 341 1181 ‘
436 1162 570 1216 dato
603 1159 725 1230 ejus
754 1159 862 1213 hoc
908 1156 1275 1229 privilegium
1323 1156 1541 1228 scripsi,
1573 1161 1631 1211 et
1661 1157 1983 1229 subscripsi.
2016 1178 2045 1206 »

508 1293 632 1347 644.
649 1291 782 1345 Tale
803 1293 888 1345 est
907 1289 1325 1361 amplissimum
1345 1289 1484 1344 illud
1491 1290 1654 1361 juxta
1672 1307 1736 1345 ac
1750 1290 2051 1345 celeberri-

437 1396 624 1447 mum,
652 1396 811 1449 cujus
832 1379 1194 1449 autographo
1216 1378 1437 1431 bullam
1466 1378 1801 1447 plumbeam
1816 1395 1935 1432 esse
1954 1395 2050 1450 ap-

436 1485 700 1542 pensam,
732 1466 1086 1522 Morkensius
1114 1466 1187 1521 ad
1218 1466 1436 1520 calcem
1468 1470 1651 1533 notat,
1680 1467 2048 1538 privilegium

440 1572 540 1611 seu
553 1556 830 1628 diploma,
849 1552 907 1608 8.
925 1553 1178 1607 Brunoni
1202 1570 1235 1608 a
1256 1552 1467 1608 comite
1482 1553 1891 1625 Rogerio,cum
1906 1556 2048 1626 ejus,

438 1643 546 1701 sibi
574 1639 924 1715 apparentis,
958 1640 1185 1695 monitu
1216 1657 1280 1695 ac
1334 1642 1556 1697 meritis
1586 1643 1896 1699 liberatum
1930 1661 2052 1699 sese

439 1729 886 1805 prasentissimo
902 1728 1156 1800 periculo
1174 1729 1233 1783 in
1258 1729 1557 1786 obsidione
1582 1730 1851 1803 Capuana
1878 1732 2053 1787 fuisse

1256 320 1313 381 8.
1385 322 1731 380 BRUNONIS
1783 319 2417 381 CARTHUSIANORUM
2459 322 2925 382 lNSTlTUTORIS

3650 319 3763 378 396

2063 465 2120 526 Α
2154 448 2407 505 tionibus
2448 451 2514 504 R.
2556 449 2661 506 viri
2702 451 2759 505 F.
2800 450 3105 519 Brunonis,
3150 448 3371 522 pissimi
3401 446 3585 504 Patris
3626 448 3768 502 Frao

2150 541 2327 605 trum,
2354 538 2451 611 qui
2481 539 2747 595 habitant
2776 539 2834 595 in
2867 539 3121 595 ecclesiis
3169 542 3381 594 sancta
3439 536 3628 593 Maria
3685 535 3765 590 de

2148 641 2346 681 eremo
2374 630 2432 680 et
2450 627 2629 682 sancti
2662 627 2939 699 Stephani
2970 626 3431 699 protomartyris,
3456 646 3484 676 ››
3502 624 3772 680 ecclesia-

2147 730 2280 769 rum
2303 715 2571 781 duarum,
2596 716 2809 771 scilicet
2829 716 2887 771 S.
2920 716 3108 771 Maria
3129 716 3202 770 de
3232 730 3429 771 eremo
3468 716 3526 769 et
3554 712 3613 768 S.
3638 712 3770 767 Ste-

2147 802 2325 873 phani
2360 804 2824 875 protomartyris,
2849 803 3023 859 veluti
3055 804 3101 858 si
3131 804 3343 869 essent,
3376 802 3459 857 uti
3488 801 3666 855 etiam
3695 817 3770 856 ex

2143 892 2273 964 jam
2308 892 2473 947 dictis
2524 910 2658 948 vere
2688 894 2942 961 fuerunt,
2970 894 3084 949 duo
3128 891 3482 948 monasteria
3515 891 3768 957 diversa,

2148 982 2368 1036 mentio
2400 982 2520 1048 ﬁat,
2549 982 2749 1054 hisque
2778 984 3061 1039 ambobus
3089 982 3146 1038 S.
3164 983 3354 1037 Bruno
3371 980 3773 1053 prafuissein-

2147 1074 2378 1137 nuatur,
2404 1070 2485 1126 ita
2500 1071 2557 1125 in
2575 1071 2671 1126 illa
2686 1072 2967 1128 observat:
2991 1095 3019 1122 ‹‹
3039 1071 3308 1136 Quamvis
3319 1070 3377 1126 S.
3402 1072 3591 1125 Bruno
3615 1068 3779 1123 dica-

2146 1160 2415 1213 turPater
2432 1159 2678 1215 fratrum
2700 1160 2994 1232 utriusque
3011 1160 3293 1225 Ecclesia,
3317 1158 3377 1213 id
3390 1162 3585 1213 tamen
3598 1157 3770 1211 intel-

2146 1237 2445 1317 ligendum
2478 1250 2562 1301 est
2583 1252 2807 1303 tantum
2827 1250 2897 1303 de
2928 1265 3199 1320 suprema
3219 1246 3770 1318 auctoritate,quam

2149 1334 2205 1390 in
2243 1338 2485 1407 utraque
2497 1336 2769 1403 habebat,
2790 1339 3067 1408 tanquam
3081 1337 3429 1407 patriarcha;
3451 1351 3589 1389 nam
3607 1335 3759 1388 Lan-

2150 1423 2315 1478 vinus
2338 1424 2397 1478 in
2412 1425 2594 1479 altero
2625 1425 2799 1496 (quod
2830 1425 3042 1479 scilicet
3061 1441 3216 1480 anno
3260 1427 3385 1479 1101
3424 1424 3625 1478 datum
3651 1422 3768 1477 fuit

2149 1509 2417 1583 infraque
2450 1512 2808 1584 recitabitur)
2835 1513 3151 1584 diplomate
3166 1512 3376 1567 dicitur
3394 1511 3554 1583 prior
3565 1510 3621 1565 S.
3638 1510 3771 1565 Ste-

2153 1599 2348 1672 pbani.
2387 1601 2515 1656 «Ad
2539 1600 2902 1672 petitionem,
2924 1622 2952 1650 »
2972 1600 3182 1672 inquit,
3204 1622 3232 1651 «
3248 1599 3527 1672 Rogerius
3541 1599 3771 1654 F.Lan-

2156 1712 2185 1740 ‹‹
2215 1688 2331 1744 vini
2358 1688 2566 1760 prioris
2578 1689 2829 1744 ecclesia
2847 1688 2904 1744 S.
2921 1688 3220 1761 Stephani,
3236 1708 3267 1740 ι»
3298 1691 3568 1743 Attamen
3588 1688 3773 1756 bona,

439 1776 883 1830 ¹’“’““’“’“ῗ””“”
902 1776 1153 1800 ¹⁷““’“
1175 1776 1233 1783 ”’
1260 1776 1556 1830 ””““’”’ῖ”
1584 1776 1851 1831 ῖ“”¹”“”““
1879 1776 2052 1787 “““““’
2076 1781 2127 1842 Β
2153 1794 2188 1834 a
2212 1776 2459 1849 Rogerio
2488 1794 2777 1842 concessa,
2808 1778 3064 1850 utrisque
3090 1777 3425 1833 communia
3442 1779 3626 1831 erant.
3652 1777 3775 1831 Hoc

437 1837 556 1876 non
581 1819 923 1891 ambigeret,
958 1819 1479 1874 concessum.Nunc
1506 1820 1638 1874 lnld
1664 1822 1931 1892 quadam
1950 1822 2052 1877 ob-
2153 1869 2307 1892 Μὴ,
2334 1864 2724 1892 ηηεηεκὴη
2753 1866 2882 1892 ΜΛ
2903 1865 3199 1892 ’,ευρ-,ΜΛ
3221 1864 3532 1892 λεῄιλῇημ
3575 1864 3631 1892 ε,-
3657 1881 3772 1892 mm

438 1908 739 1976 servanda,
767 1923 832 1963 ac
862 1907 923 1961 in
971 1906 1172 1979 primis
1201 1907 1437 1980 quidem
1480 1909 1538 1965 in
1578 1911 1877 1980 visionem,
1918 1930 2052 1984 qua,

439 1997 497 2053 S.
526 1998 859 2052 Brunonem
886 1998 986 2051 aut
1011 1999 1167 2051 certe
1197 2012 1419 2066 senem,
1449 1999 1547 2072 qui
1606 2004 1868 2056 sanctum
1905 2002 2055 2058 huuc

439 2085 627 2141 virum
656 2084 800 2139 facie
840 2084 1131 2156 totiusque
1160 2086 1418 2157 corporis
1467 2087 1668 2143 habitu
1698 2089 1965 2158 referret,
1996 2089 2056 2144 in

424 2169 650 2230 ‘somno
681 2190 716 2229 a
740 2190 800 2229 se
830 2173 1033 2242 visum,
1070 2179 1528 2248 monentemque
1571 2178 1831 2234 auditum
1862 2179 2055 2247 fuisse,

445 2263 725 2336 Rogerius
745 2279 942 2318 comes
970 2262 1244 2317 afﬁrmat.
1280 2264 1353 2319 Ut
1384 2264 1442 2320 id
1468 2282 1559 2334 eo,
1606 2284 1719 2338 quo
1766 2270 2056 2337 convenit,

445 2352 622 2409 modo
635 2355 928 2425 prastem,
946 2351 1233 2407 suffecerit
1244 2352 1645 2419 fere,tamtum
1664 2355 1756 2409 hic
1769 2355 2056 2424 recitasse,

445 2458 576 2515 qua
604 2443 717 2498 huc
746 2442 1068 2515 spectantia
1094 2458 1423 2515 anonymus
1472 2444 1785 2499 Annalium
1820 2445 2060 2500 Cartbu-

445 2532 724 2587 siensium
755 2530 886 2587 libri
916 2531 1107 2604 quarti
1136 2532 1415 2586 hactenus
1463 2548 1581 2587 non
1618 2533 1832 2604 vulgati
1864 2537 2064 2588 auctor

445 2620 506 2675 in
537 2620 755 2675 litteras
789 2618 964 2687 misit,
1000 2636 1243 2692 quaque
1275 2619 1549 2687 interum,
1588 2638 1654 2675 ex
1670 2621 1870 2692 Operis
1895 2621 2065 2693 hujus

446 2708 741 2764 Vallis-Dei
768 2707 1092 2778 exemplari
1125 2707 1433 2779 descripta,
1470 2708 1884 2764 Carthusianus
1907 2709 2063 2764 Pari-

445 2797 644 2852 siensis
673 2796 981 2869 sapissime
1011 2796 1273 2851 laudatus
1325 2814 1556 2851 mecum
1590 2798 2062 2853 communicavit.

446 2886 535 2941 Sic
565 2887 757 2959 itaque
774 2886 867 2940 ille
889 2884 1107 2941 ordinis
1121 2885 1538 2941 Carthusiensis
1550 2904 1625 2941 an
1636 2887 1843 2942 nalista
1862 2888 2054 2942 habet:

445 2994 479 3029 ς
509 2975 587 3030 Ex
612 2974 973 3047 apparitione
987 2973 1045 3029 S.
1072 2973 1354 3029 Brunonis
1372 2974 1587 3045 (comiti
1605 2975 1853 3047 Rogerio
1879 2976 2063 3046 facta)

448 3063 686 3137 quastio
722 3062 860 3119 oriri
884 3065 1096 3134 potest,
1130 3080 1205 3118 an
1236 3079 1367 3117 vere
1407 3062 1463 3117 S.
1506 3064 1695 3119 Bruno
1726 3065 1923 3119 comiti
1953 3066 2063 3119 Ro-
2098 3071 2146 3130 C

450 3152 612 3226 gerio
630 3151 1267 3223 apparuerit,quoniam
1280 3150 1467 3222 ipsum
1491 3152 1766 3207 comitem
1780 3154 2068 3224 postrcdi-

447 3244 573 3295 tum
609 3239 1129 3310 abobsidione(adi
1162 3256 1326 3294 num.
1363 3242 1467 3294 638
1513 3240 1777 3312 diploma
1806 3242 1915 3295 huc
1939 3241 2067 3311 jam

451 3328 885 3401 transcriptum)
926 3328 1226 3382 inﬁrmum
1252 3327 1603 3382 conveniens
1629 3329 2068 3398 prasentialiter

450 3419 702 3491 negavit,
721 3435 781 3473 se
812 3416 1000 3489 ipsum
1017 3416 1211 3483 fuisse,
1245 3416 1342 3488 qui
1367 3418 1771 3489 apparuit,sed
1795 3420 2069 3489 angelum

450 3507 574 3575 Dei,
601 3506 699 3579 qui
738 3505 925 3561 adstat
944 3504 1189 3577 principi
1215 3507 1482 3576 tempore
1503 3505 1661 3573 belli,
1692 3507 1981 3577 utlegitur
2008 3508 2067 3563 in

448 3595 630 3669 priori
663 3595 803 3667 (jam
825 3594 1065 3649 recitato
1087 3592 1323 3665 scilicet)
1357 3593 1681 3665 diplomate
1707 3598 1933 3650 :utrum
1962 3597 2069 3652 hoc

452 3684 511 3740 8.
546 3686 736 3739 Bruno
767 3699 834 3738 ex
874 3681 1199 3737 humilitate
1228 3680 1454 3750 dixerit,
1480 3698 1555 3736 an
1583 3700 1649 3737 ex
1676 3682 1759 3737 rei
1808 3684 2068 3753 veritate,

445 3772 653 3829 resolvi
686 3774 875 3844 potest
900 3788 967 3826 ex
989 3769 1091 3837 eis,
1123 3787 1250 3842 qua
1289 3770 1552 3826 scribunt
1594 3771 1712 3841 (lib.
1746 3789 1958 3845 nempe
1991 3776 2071 3830 De

453 3878 591 3918 cura
620 3877 725 3934 pro
751 3859 995 3917 mortuis
1024 3875 1149 3931 cap.
1188 3862 1253 3914 10
1280 3863 1339 3914 et
1366 3876 1509 3932 seq.,
1544 3862 1601 3913 et
1627 3860 1728 3915 lib.
1763 3863 1843 3916 De
1870 3862 2073 3933 spiritu

454 3952 511 4006 et
536 3951 735 4006 anima
755 3947 975 4021 cap.29)
1018 3946 1075 4002 S.
1114 3948 1465 4019 Augustinus
1516 3950 1575 4001 et
1602 3952 1733 4019 post
1762 3966 1896 4003 eum
1951 3950 2069 4021 (lib.

454 4054 530 4092 vn
552 4036 943 4108 videlicet,cap
976 4038 1042 4089 35
1074 4036 1154 4090 De
1181 4036 1333 4090 ofﬁc.
1379 4035 1585 4105 mort.)
1638 4037 1960 4105 Durandus,
1988 4037 2073 4092 di-

459 4127 654 4180 centes
667 4124 1063 4195 quiaviventes
1093 4123 1436 4194 plerumque
1458 4126 1744 4193 apparent
1774 4124 1830 4179 in
1858 4125 2077 4181 somnis

463 4211 905 4279 dormientibus,
930 4209 1186 4281 dumipsi
1215 4228 1275 4265 se
1299 4210 1561 4266 nesciunt
1592 4228 1893 4285 apparere,
1915 4217 1974 4268 et
2002 4215 2075 4269 ab

464 4300 788 4374 eis,quihoc
808 4298 1519 4364 somniaverunt,audiunt
1548 4299 1889 4369 dicentibus,
1923 4302 2077 4374 quod

465 4407 564 4448 eos
576 4390 633 4444 in
649 4388 868 4444 somnis
894 4390 1132 4460 agentes
1144 4386 1359 4458 aliquid
1372 4389 1457 4443 vel
1475 4390 1776 4460 loquentes
1790 4390 2076 4445 viderunt.

466 4478 630 4534 Unde
657 4476 928 4532 credibile
949 4479 1033 4531 est
1056 4475 1422 4548 operationes
1448 4492 1569 4530 esse
1585 4478 1949 4547 angelorum,
1984 4496 2081 4550 ap-

466 4566 796 4639 parentium
816 4565 919 4619 sub
940 4565 1131 4619 forma
1157 4566 1214 4618 et
1244 4563 1444 4619 habitu
1473 4581 1699 4632 eorum,
1730 4567 1804 4620 ob
1831 4583 2079 4637 quorum

470 4655 678 4711 merita
706 4652 1097 4726 apparitiones
1130 4652 1275 4706 ﬁunt
1310 4655 1547 4723 propter
1590 4653 2081 4725 dispensationem

467 4742 845 4818 providentia
869 4740 967 4796 Dei
989 4741 1060 4796 ad
1074 4742 1469 4813 qualecunque
1512 4743 1779 4798 solatium
1800 4744 2079 4799 vivorum.

471 4832 675 4903 Sicque
706 4829 1003 4903 probabile
1036 4831 1140 4895 est,
1172 4829 1443 4900 angelum
1490 4828 1591 4883 Dei
1622 4830 1949 4901 apparuisse
1987 4847 2083 4886 co-

472 4919 598 4975 miti
632 4916 877 4989 Rogerio
907 4915 1011 4971 sub
1038 4915 1229 4970 forma
1254 4918 1312 4969 et
1343 4915 1542 4970 habitu
1564 4914 1621 4971 S.
1658 4917 1960 4983 Brunonis,
1995 4935 2088 4973 cu~

465 5008 560 5080 jus
588 5007 776 5079 gratia
797 5008 854 5061 et
882 5004 1103 5059 meritis
1124 5004 1274 5058 facta
1302 5002 1412 5058 fuit
1451 4992 1756 5075 apparitio.
1790 5005 1989 5061 Videat
2009 5009 2086 5062 le-

473 5099 598 5152 ctor
619 5096 925 5167 Thyraum
956 5093 1104 5148 libro
1134 5094 1214 5148 De
1267 5092 1632 5163 apparitione
1691 5093 1977 5163 spiritum,
2027 5099 2087 5152 et

474 5184 829 5239 cardinalem
862 5183 1082 5237 Bonam
1106 5182 1186 5236 De
1215 5178 1558 5235 discretione
1575 5179 1902 5251 spirituum,
1938 5200 2085 5255 pra-

473 5273 625 5327 clare
655 5270 763 5325 ista
792 5270 1124 5324 tractantes.
1157 5288 1186 5316 ››

544 5404 669 5458 945.
697 5403 782 5457 Ita
810 5402 925 5469 ille,
945 5406 1003 5457 et
1032 5404 1190 5458 recte
1221 5399 1483 5473 quidem,
1507 5404 1792 5472 quantum
1818 5408 2078 5475 apparet.

473 5492 617 5547 Cum
645 5507 816 5562 porro
847 5491 998 5546 hisce
1015 5489 1346 5563 diplomatis
1373 5488 1597 5544 recitati
1625 5490 1810 5546 verbis
1834 5507 1847 5545 :
1884 5514 1911 5541 «
1940 5493 2085 5549 Nota

468 5591 593 5636 esse
624 5578 752 5632 volo
777 5578 1075 5647 beneficia,
1111 5593 1240 5650 qua
1270 5576 1413 5632 mihi
1443 5578 1723 5633 concessit
1773 5580 1921 5635 Deus
1953 5597 2081 5637 ora-

2153 1869 2312 1938 patet
2332 1882 2399 1920 ex
2409 1864 2729 1936 priori(jam
2750 1866 2884 1927 dato
2902 1865 3200 1936 nimirum)
3219 1864 3555 1936 diplomate,
3575 1864 3635 1918 in
3654 1881 3775 1937 quo

2155 1954 2434 2025 Rogerius
2446 1954 2867 2026 conjuratores,
2896 1977 2923 2006 ‹‹
2948 1960 3006 2010 et
3022 1955 3168 2011 filios
3196 1955 3451 2010 filiorum
3483 1973 3511 2003 ››
3543 1953 3776 2024 (eorum

2156 2041 2438 2112 videlicet)
2472 2063 2500 2091 «
2527 2040 2585 2096 in
2605 2044 2888 2096 aternum
2903 2058 3096 2098 servos
3126 2044 3432 2113 perpetuos
3445 2043 3503 2095 et
3531 2040 3778 2095 villanos

2163 2150 2185 2180 ι
2212 2130 2285 2186 ad
2309 2130 2492 2185 beata
2517 2130 2705 2185 Maria
2726 2133 2784 2185 et
2800 2130 2856 2186 S.
2884 2130 3162 2203 Stephani
3186 2128 3629 2202 protomartyris
3648 2145 3779 2200 per-

2162 2240 2191 2268 »
2213 2220 2473 2273 sonalem
2506 2222 2564 2274 et
2590 2222 2932 2289 perpetuam
2948 2219 3281 2273 servitutem
3298 2217 3583 2272 concedit.
3607 2237 3636 2266 »
3657 2216 3780 2272 Ca-

2158 2310 2373 2374 terum,
2398 2323 2530 2361 cum
2553 2306 2612 2361 in
2634 2307 2979 2377 transcripto
2999 2306 3315 2379 diplomate
3348 2305 3686 2361 monasterii
3711 2305 3773 2359 S.

2159 2395 2353 2451 Jacobi
2383 2396 2454 2451 de
2478 2396 2791 2461 Meutauro,
2832 2412 2866 2450 a
2892 2396 3137 2467 Rogerio
3165 2394 3223 2450 8.
3258 2394 3511 2450 Brunoni
3536 2395 3778 2466 ejusque

2168 2482 2457 2556 discipulis
2481 2482 2690 2550 collati,
2744 2482 3129 2555 principisque
3158 2482 3437 2554 Capuani,
3465 2483 3556 2537 cui
3586 2484 3778 2554 Roge-

2162 2573 2314 2628 rium
2340 2572 2571 2645 Sergius
2584 2573 2832 2643 prodere
2862 2573 3058 2639 voluit,
3093 2574 3310 2627 mentio
3342 2575 3625 2640 occurrat,
3652 2574 3779 2626 tam

2166 2662 2443 2735 principis
2472 2663 2661 2733 hujus,
2695 2679 2870 2734 quam
2889 2662 3223 2717 monasterii
3247 2661 3504 2716 SJacobi
3535 2662 3605 2716 de
3620 2662 3778 2717 Men-

2168 2754 2334 2806 tauro
2368 2751 2636 2807 notitiam
2664 2751 3146 2822 qualemcumque
3187 2750 3341 2805 idem
3374 2750 3550 2805 etiam
3577 2754 3782 2804 auctor

2166 2836 2511 2910 supp‘editat.
2565 2840 2642 2892 Ac
2688 2838 2758 2891 de
2806 2837 3063 2909 principe
3124 2838 3359 2909 quidem
3414 2837 3492 2892 sic
3547 2837 3778 2906 scribit;

2170 2949 2198 2978 »
2231 2928 2451 2984 Nomen
2496 2926 2769 2997 principis
2800 2926 3029 2996 Capua,
3066 2949 3092 2976 α
3121 2926 3211 2980 cui
3257 2926 3488 2998 Sergius
3517 2926 3589 2981 ad
3616 2926 3779 2981 inva-

2169 3036 2197 3066 »
2233 3016 2487 3071 dendum
2511 3014 2822 3086 Rogerium
2851 3016 3072 3069 aditum
3103 3019 3275 3070 noctu
3302 3020 3387 3070 est
3419 3015 3782 3088 pollicitusse

2170 3126 2198 3155 »
2230 3105 2543 3176 prabere,»
2579 3120 2695 3158 non
2728 3105 2977 3175 potuisse
2994 3104 3148 3176 apud
3168 3104 3473 3176 scriptores
3508 3103 3779 3173 inveniri,

2169 3205 2385 3259 fatetur
2418 3202 2650 3258 Michael
2682 3203 3000 3257 monachus
3029 3203 3088 3257 in
3131 3202 3467 3257 Sanctuario
3481 3202 3780 3275 Capuano,

2170 3308 2204 3346 a
2226 3308 2284 3345 se
2305 3292 2460 3345 edito
2483 3306 2635 3345 anno
2663 3293 2818 3358 1630;
2839 3290 2937 3344 sed
2958 3291 3016 3344 in
3031 3290 3427 3363 recognitione
3441 3290 3525 3344 sui
3557 3290 3782 3363 Operis,

2171 3397 2325 3435 anno
2361 3381 2493 3435 1637
2524 3379 2694 3445 facta,
2728 3396 2943 3434 nomen
2972 3380 3071 3434 dat
3098 3380 3266 3450 hujus
3295 3380 3572 3434 hactenus
3597 3379 3786 3451 ignoti

2169 3468 2476 3541 principis:
2530 3490 2557 3518 ‹‹
2580 3470 2939 3539 lgnoratum,
2970 3468 3157 3539 inquit
3184 3468 3326 3522 mihi
3356 3468 3627 3540 principis
3675 3484 3784 3523 no-

2172 3579 2200 3607 »
2218 3574 2353 3612 men
2371 3557 2608 3612 tandem
2630 3556 3790 3627 cognitusz.CamillusTutinus,Neapo~

2172 3667 2199 3696 »
2216 3646 2425 3700 litanus
2446 3644 2854 3717 antiquitatum
2872 3644 3785 3717 indagator,asservatChronicon

2174 3756 2201 3785 ››
2230 3752 2362 3803 ms.,
2392 3734 2450 3789 in
2469 3750 2582 3806 quo
2613 3733 2845 3804 legitur,
2871 3734 3229 3799 Landonem,
3249 3733 3467 3789 Theani
3482 3733 3786 3798 comitem,

2172 3844 2201 3873 »
2232 3840 2295 3878 ex
2329 3838 2542 3893 genere
2604 3821 2928 3893 principum
2970 3821 3508 3892 Longobardorum,
3536 3821 3790 3875 electum

2175 3933 2203 3962 ››
2234 3912 2401 3965 fuisse
2430 3928 2463 3965 a
2509 3909 2792 3981 Capuanis
2818 3909 2875 3964 in
2905 3910 3249 3983 principem,
3282 3909 3466 3979 ejecto
3519 3907 3792 3962 Richardi

2176 4022 2205 4050 »
2240 3999 2379 4054 filio.
2414 4020 2442 4047 »
2496 4000 2568 4052 At
2609 4014 2764 4064 vero,
2800 4014 2931 4051 cum
2960 3997 3245 4070 princeps,
3281 3997 3375 4069 qui
3432 4014 3465 4051 a
3505 3995 3794 4068 Capuanis

2176 4088 2392 4158 ejectus
2412 4086 2538 4152 fuit,
2573 4102 2690 4140 non
2744 4084 3031 4150 Richardi,
3086 4085 3186 4139 sed
3213 4084 3471 4151 Jordani,
3507 4087 3569 4138 ut
3620 4085 3794 4139 Mala-

2177 4179 2333 4229 terra
2391 4175 2491 4229 lib.
2516 4191 2589 4240 1v,
2632 4191 2757 4245 cap.
2778 4177 2845 4227 26
2868 4174 3055 4239 docet,
3086 4173 3235 4243 ﬁlius
3265 4173 3459 4239 fuerit,
3492 4175 3695 4227 contra
3725 4187 3798 4226 ac

2180 4262 2239 4317 in
2272 4263 2555 4318 Chronico
2586 4262 2682 4317 illo
2713 4278 2845 4327 ms.,
2870 4261 3021 4332 apud
3040 4261 3311 4315 Tutinum
3328 4259 3798 4331 asservato,legi-

2103 4352 2157 4413 D
2181 4355 2293 4417 tur,
2327 4354 2653 4422 suspectum
2687 4350 2828 4403 mihi
2860 4350 2968 4403 hoc
3006 4351 3266 4420 apparet,
3295 4365 3360 4402 ac
3398 4348 3565 4418 proin
3603 4348 3799 4402 facere

2183 4456 2300 4493 non
2332 4442 2538 4509 potest,
2568 4441 2651 4504 ut,
2670 4438 3004 4492 Landonem
3022 4436 3195 4490 fuisse
3222 4434 3802 4507 Capuanorumprin-
3843 4505 3848 4508 _

2182 4527 2392 4597 cipcm,
2426 4525 2514 4579 cui
2548 4526 2862 4597 Rogerium
2889 4525 3115 4579 tradere
3143 4524 3385 4579 voluerit
3415 4523 3666 4595 Sergius,
3689 4538 3799 4594 pro

2185 4619 2341 4669 certo
2380 4615 2649 4669 habeam.

2257 4704 2380 4757 646.
2412 4702 2576 4765 Quod
2608 4701 2783 4756 modo
2816 4701 2886 4755 ad
2918 4700 3338 4755 monasterium
3387 4698 3444 4754 S.
3499 4698 3690 4754 Jacobi
3724 4697 3803 4753 de
3888 4745 3893 4749 .

2184 4790 2480 4845 Mentauro
2512 4789 2785 4861 pertinet,
2808 4790 2886 4842 ita
2913 4790 2984 4843 de
3016 4787 3407 4843 hoclaudatus
3426 4786 3655 4841 Ordinis
3668 4786 3807 4841 Car-

2186 4877 2491 4933 thusiensis
2527 4878 2814 4933 annalista
2852 4878 3119 4932 observat
3164 4893 3177 4931 :
3234 4897 3261 4927 «
3301 4874 3707 4930 Monasterinm
3735 4873 3800 4928 8.

2185 4966 2381 5022 Jacobi
2408 4967 2478 5020 de
2508 4967 2825 5031 Mentauro,
2859 4982 2893 5019 a
2919 4963 3166 5034 Bogerio
3194 4979 3527 5017 concessum
3550 4961 3609 5016 S.
3657 4963 3805 5016 Bru-

2189 5054 2516 5124 noni,juxta
2543 5056 2709 5108 notas
2742 5052 2921 5107 nostri
2946 5050 3264 5106 Constantii
3290 5054 3377 5104 est
3397 5049 3805 5121 grangia,qua

2187 5143 2366 5199 modo
2398 5141 2608 5195 dicitur
2630 5140 2688 5196 S.
2721 5143 2909 5206 Anna,
2944 5140 3001 5193 in
3029 5156 3144 5210 qua
3168 5139 3274 5193 sub
3296 5138 3527 5193 initium
3557 5153 3804 5209 recupe-

2189 5229 2431 5286 rationis
2479 5228 2647 5299 hujus
2688 5226 3000 5282 Carthusia
3040 5243 3185 5281 unus
3223 5242 3528 5281 conversus
3573 5225 3807 5282 assidue

2188 5318 2546 5374 morabatur.
2566 5316 2784 5371 Ibidem
2800 5320 2928 5387 post
2952 5318 3206 5369 mortem
3221 5314 3277 5369 S.
3298 5313 3586 5369 Brunonis
3600 5313 3802 5369 Lanvi-

2187 5423 2294 5464 nus
2314 5405 2597 5478 quosdam
2625 5404 2961 5470 monachos,
2981 5404 3108 5458 vita
3131 5402 3442 5457 eremitica
3467 5402 3657 5456 minus
3679 5401 3810 5458 ido-

2189 5511 2351 5561 neos,
2376 5511 2507 5549 cum
2536 5494 2769 5551 licentia
2795 5492 3082 5566 pontiﬁcis
3101 5492 3417 5557 constituit,
3440 5491 3537 5563 qui
3549 5489 3809 5547 coenobi-

2196 5584 2372 5641 ticam
2388 5582 2565 5639 vitam
2599 5584 2859 5654 agerent,
2888 5584 2950 5636 ut
2974 5596 3075 5635 suo
3108 5581 3233 5636 loco
3252 5579 3529 5636 dicemus.
3561 5600 3589 5629 π
3620 5580 3813 5651 Atque
