4066 6032
251 438 353 493 397

1827 431 2009 489 ACTA

3471 440 3575 497 398

242 561 306 617 id
334 560 536 630 etiam,
555 559 710 633 quod
722 557 815 615 hic
836 560 1039 632 postea
1068 575 1127 614 se
1158 559 1447 616 dicturum
1467 561 1716 634 spondet
1735 560 1855 615 lau-
1872 562 1928 620 Α
1950 560 2181 628 gravate
2199 556 2351 626 duxi,
2381 559 2536 631 quod
2564 576 2597 614 a
2617 559 2869 616 studioso
2900 561 3112 617 lectore
3143 563 3566 621 vocabulorum

243 650 413 706 datus
439 649 750 704 Annalium
783 647 1275 703 Carthusiensium
1308 651 1526 716 auctor,
1571 665 1633 704 re
1676 648 1853 703 etiam

242 739 370 810 ipsa
399 739 473 793 ad
502 754 723 793 annum
757 738 893 791 1114
924 740 1220 791 exsecutus
1250 740 1354 804 est,
1380 738 1461 791 ita
1482 737 1699 792 ibidem
1718 736 1853 791 scri-

240 828 424 883 bens:
458 848 486 878 ‹‹
518 826 685 891 Quod
710 829 904 881 autem
926 824 1179 897 pertinet
1209 825 1281 879 ad
1312 842 1402 879 res
1431 825 1858 889 Carthusienses

241 915 305 969 in
349 915 632 981 Calabria,
664 914 773 968 hoc
817 929 968 968 anno
1003 912 1165 983 (1114
1216 913 1498 985 videlicet)
1551 914 1853 980 Lanvinus,

240 1020 376 1058 cum
393 1003 559 1075 juxta
580 1000 873 1055 licentiam
902 1016 1056 1054 anno
1076 1001 1266 1071 elapso
1284 1017 1317 1054 a
1336 1001 1591 1055 Paschali
1607 1001 1854 1072 (summo

239 1091 538 1163 pontiﬁce)
569 1091 890 1155 obtentam,
916 1090 1128 1143 multos
1158 1105 1276 1143 non
1304 1090 1488 1144 solum
1519 1090 1853 1161 egentibus,

239 1179 345 1235 sed
362 1180 539 1234 etiam
556 1196 624 1233 ex
638 1176 967 1249 longinquis
985 1176 1261 1245 partibus,
1278 1180 1337 1231 ut
1354 1179 1668 1248 loquuntur
1687 1178 1854 1231 bullae

239 1267 577 1340 pontiﬁciaa,
597 1266 668 1321 ad
687 1265 864 1319 vitam
878 1264 1235 1319 eremiticam
1251 1267 1575 1337 recepisset,
1592 1282 1851 1331 cernens,

240 1356 527 1429 quosdam
559 1371 627 1408 ex
654 1353 733 1408 eis
768 1353 958 1407 minus
989 1352 1062 1407 ad
1088 1369 1219 1407 eam
1251 1357 1415 1425 aptos
1436 1370 1577 1420 esse,
1606 1353 1856 1407 decrevit

239 1443 399 1497 aliud
416 1441 835 1497 monasterium
851 1439 1220 1508 constituere,
1237 1440 1293 1494 in
1311 1457 1423 1511 quo
1440 1442 1644 1495 saltem
1667 1456 1856 1495 como-

238 1531 415 1586 bitice
444 1531 937 1585 conversarentur.
963 1528 1024 1582 id
1054 1528 1149 1581 ille
1167 1527 1457 1599 sapienter
1487 1528 1848 1599 excogitavit;

237 1635 375 1673 cum
404 1618 563 1672 enim
585 1618 747 1688 juxta
778 1616 1078 1687 Regulam,
1103 1634 1136 1670 a
1163 1620 1357 1670 sancto
1383 1616 1713 1670 Patriarcha
1736 1632 1852 1670 non

235 1706 466 1778 scrptis,
494 1705 595 1760 sed
625 1706 749 1760 viva
789 1721 924 1759 voce
964 1705 1260 1772 traditam,
1290 1722 1358 1760 ea
1394 1708 1621 1760 tantum
1652 1704 1853 1758 condi-

234 1795 400 1852 tione
433 1794 584 1849 inter
615 1811 719 1848 nos
751 1793 1109 1864 reciperetur
1157 1793 1421 1861 novitius,
1455 1816 1483 1842 ‹‹
1520 1796 1600 1860 ut,
1629 1792 1672 1846 si
1704 1792 1852 1846 forte

1952 641 2181 701 illorum
2209 646 2567 719 signiﬁcatio,
2603 647 2724 704 tu'm
2765 650 2824 703 in
2866 649 3153 705 Iudicibus
3197 651 3382 707 notris
3419 670 3568 709 eno-

1956 734 2226 803 masticis,
2251 738 2374 789 tum
2399 735 2458 789 in
2476 736 2677 809 Cangii
2696 739 2900 793 media:
2928 742 2986 794 et
3005 739 3220 795 infimas
3242 740 3569 798 Latinitatis

1956 822 2258 887 Glossario,
2287 824 2452 879 facile
2482 826 2729 881 inveniri
2762 833 2959 899 queat.

1957 950 1984 1015 §
2022 948 2126 1023 XL.
2160 947 2276 1015 Quo
2310 956 2537 1023 tempore
2565 950 2825 1021 Rogerius
2864 968 3030 1005 comes
3068 951 3316 1023 Capuam
3350 954 3569 1011 obsede-

2027 1021 2129 1097 rit,
2148 1028 2197 1073 et
2217 1038 2287 1097 ari
2307 1022 2484 1097 eodem
2513 1040 2674 1085 anno,
2680 1040 2795 1097 gito
2827 1023 2881 1075 id
2901 1023 3111 1097 accidit,
3131 1021 3385 1094 diploma,
3400 1027 3567 1097 quod,

2025 1092 2236 1167 civitate
2250 1093 2631 1167 Ahacsubacta,
2662 1092 2915 1148 Brunoni
2936 1096 3021 1148 ltz'c
3039 1092 3287 1167 princeps
3316 1092 3564 1162 contulit,

2024 1161 2210 1215 datum
2227 1163 2413 1232 fuerit.

2025 1269 2145 1322 6i8.
2179 1268 2299 1332 Quo
2316 1272 2580 1341 tempore
2595 1287 2628 1324 a
2644 1272 2854 1325 comite
2879 1271 3126 1342 Rogerio
3151 1271 3406 1344 Capuam
3423 1272 3570 1329 obsi-

1956 1354 2067 1408 den
2084 1357 2411 1427 contigerit,
2432 1359 2677 1430 ipsemet
2704 1375 2809 1413 nos
2830 1359 2923 1413 hic
2950 1360 3215 1431 princeps
3233 1361 3288 1415 in
3305 1362 3567 1432 proxime

1954 1443 2063 1497 huc
2078 1446 2442 1517 transcripta,
2459 1447 2613 1518 quod
2631 1446 2949 1501 S.Brunoni
2963 1449 3263 1515 concessit,
3279 1450 3565 1521 diploma-

1956 1533 2009 1585 te
2026 1537 2113 1587 sat
2126 1539 2323 1604 aperte
2346 1535 2531 1589 docet.
2548 1535 2776 1589 Etenim
2795 1536 2961 1607 hujus
2984 1536 3147 1592 initio
3170 1537 3250 1592 ita
3270 1539 3526 1609 loquitur
3547 1556 3561 1595 :

1954 1640 1986 1672 «
2032 1622 2093 1674 In
2126 1624 2364 1677 nomine
2396 1624 2494 1678 Dei
2525 1625 2725 1678 aeterni
2766 1628 2823 1679 et
2868 1625 3175 1680 Salvatoris
3215 1628 3396 1682 nostri
3433 1629 3564 1684 Jesu

1955 1707 2178 1762 Christi.
2212 1712 2378 1765 Anno
2421 1712 2492 1765 ab
2532 1712 2933 1766 Incarnatione
2970 1712 3230 1782 ejusdem
3253 1714 3561 1772 millesimo

1953 1798 2331 1867 nonagesimo
2355 1802 2573 1864 octavo,
2608 1800 2923 1853 Indictione
2947 1804 3123 1865 sexta,
3153 1801 3433 1872 gloriosus
3462 1820 3564 1857 rex

236 1906 268 1935 «
296 1886 567 1939 nostrum
596 1882 862 1953 nequiret
882 1884 980 1935 aut
1001 1882 1181 1936 nollet
1206 1883 1451 1936 tolerare
1468 1880 1850 1952 propositum,
1876 1870 1926 1927 Β
1953 1884 2147 1951 David,
2180 1885 2393 1955 Spiritu
2421 1885 2629 1940 Sancto
2661 1891 3006 1956 praeventus,
3034 1909 3061 1936 ‹‹
3095 1870 3373 1956 Narrabo,
3408 1911 3436 1937 »
3471 1889 3561 1944 in-

236 1994 266 2022 ‹‹
296 1972 373 2026 ad
402 1972 676 2026 saeculum
707 1986 1073 2040 nequaquam
1099 1969 1337 2035 rediret,
1370 1968 1469 2023 sed
1496 1968 1727 2039 aliquod
1754 1983 1853 2037 po-

231 2084 260 2111 ‹‹
294 2061 411 2117 tius
438 2059 595 2115 aliud
624 2058 919 2130 religionis
942 2074 1143 2128 genus,
1164 2058 1319 2128 quod
1340 2058 1491 2111 ferre
1512 2059 1723 2127 posset,
1755 2073 1846 2110 ac-

229 2172 261 2201 «
288 2151 533 2222 ciperet.
568 2169 595 2197 »
620 2147 710 2202 Sic
735 2146 944 2202 honori
964 2149 1022 2200 et
1052 2147 1217 2201 saluti
1254 2146 1657 2200 consulebatur
1686 2162 1846 2216 egre-

229 2239 444 2294 dientis
480 2236 697 2303 novitii,
727 2236 822 2308 qui
853 2252 917 2289 ex
946 2251 1145 2289 eremo
1174 2235 1369 2289 statim
1412 2235 1486 2289 ad
1515 2234 1842 2290 coenobium

226 2331 592 2381 transmeare
640 2327 887 2396 poterat.
937 2323 1239 2394 Utriusque
1270 2322 1606 2377 monasterii
1645 2338 1844 2377 curam

225 2414 512 2486 magister
541 2412 722 2468 eremi
748 2412 1018 2478 habebat,
1047 2414 1105 2464 et
1135 2410 1230 2481 qui
1270 2407 1569 2466 coenobitis
1598 2412 1845 2480 praeerat

226 2503 333 2557 sub
362 2500 604 2557 nomine
638 2499 928 2570 praepositi
946 2499 1033 2553 vel
1064 2498 1389 2564 decani,vel
1409 2498 1584 2553 etiam
1616 2496 1843 2568 prioris,

223 2591 421 2647 eidem
454 2589 723 2661 magitro,
759 2592 1038 2659 tanquam
1072 2604 1341 2659 supremo
1384 2586 1584 2658 priori,
1618 2601 1844 2639 morem

229 2678 475 2751 gerebat
492 2678 660 2749 juxta
685 2676 981 2731 decretum
1026 2676 1240 2731 summi
1280 2675 1567 2748 pontiﬁcis
1602 2674 1844 2728 Pascha-

228 2767 320 2834 lis,
350 2783 385 2821 a
414 2782 529 2836 quo
570 2768 877 2837 sequentes
916 2765 1135 2819 litteras
1166 2764 1449 2819 Lanvlnus
1485 2762 1543 2817 in
1583 2763 1736 2816 hunc
1781 2761 1850 2814 ﬁ-

230 2870 373 2910 nem
394 2853 665 2908 obtinuit.
698 2852 982 2907 Paschalis
1003 2853 1301 2925 episcopus
1334 2868 1524 2906 servus
1551 2866 1849 2905 servorum

231 2941 360 3009 Dei,
402 2963 431 2991 ››
465 2943 574 2997 etc.

302 3032 429 3086 647.
461 3030 590 3085 Haec
615 3029 876 3085 laudatus
898 3027 1198 3083 Annalista
1218 3045 1542 3098 anonymus
1557 3047 1571 3097 ;
1588 3028 1699 3083 alia
1715 3044 1848 3100 por-

1949 1971 2092 2041 puit,
2126 1992 2157 2024 »
2188 1973 2386 2027 omnia
2426 1973 2712 2028 mirabilia
2756 1977 2871 2029 tua.
2914 1993 2939 2028 ιι
2964 1977 3209 2046 Propter
3249 1977 3404 2047 quod
3449 1993 3557 2048 ego

1949 2059 2244 2130 Rogerius,
2276 2061 2468 2115 divina
2514 2061 2908 2116 misericordia
2956 2078 3152 2117 comes
3196 2062 3472 2125 Calabriae
3500 2067 3560 2119 et

1947 2147 2174 2215 Siciliae,
2194 2151 2329 2202 nota
2346 2166 2465 2203 esse
2490 2152 2616 2204 volo
2645 2150 2914 2205 omnibus
2934 2150 3198 2205 fidelibus
3225 2150 3560 2208 Christianis

1942 2235 2242 2302 beneﬁcia,
2258 2254 2385 2308 quae
2399 2236 2541 2291 mihi
2572 2238 2857 2308 peecatori
2873 2238 3152 2293 concessit
3174 2241 3323 2293 Deus
3342 2239 3558 2295 oratio-

1944 2324 2110 2377 nibus
2158 2325 2457 2379 reverendi
2504 2325 2608 2379 viri
2654 2326 2711 2380 F.
2758 2325 3060 2392 Brunonis,
3109 2326 3329 2397 pissimi
3379 2326 3562 2398 patris

1943 2411 2210 2479 fratrum,
2246 2413 2342 2484 qui
2373 2413 2640 2467 habitant
2666 2412 2723 2468 in
2752 2413 3002 2468 ecclesiis
3028 2416 3239 2469 sanctae
3269 2414 3456 2469 Maria:
3485 2415 3559 2470 de

1945 2516 2166 2566 eremo,
2219 2504 2278 2554 et
2322 2500 2378 2555 S.
2427 2501 2868 2573 protomartyris
2920 2500 3218 2572 Stephani,
3260 2518 3388 2574 quae
3436 2501 3559 2558 sita:

1946 2591 2080 2642 sunt
2108 2588 2166 2641 in
2192 2591 2348 2642 terra
2382 2605 2513 2643 mea
2544 2589 2695 2643 inter
2724 2589 3004 2661 Oppidum
3033 2590 3187 2661 quod
3218 2588 3424 2645 dicitur
3454 2590 3563 2647 Sti-

1946 2675 2068 2730 lum
2103 2679 2161 2729 et
2193 2677 2467 2743 Arenam,
2501 2694 2634 2731 cum
2681 2694 2865 2732 essem
2904 2677 2962 2731 in
3007 2678 3306 2732 obsidione
3353 2677 3562 2751 Capuae

1950 2763 2218 2818 Kalendis
2266 2764 2447 2818 Martii
2490 2768 2547 2818 et
2586 2764 2971 2836 praefecissem
3005 2764 3290 2836 Sergium,
3321 2766 3562 2821 natione

1951 2851 2232 2919 Graecum,
2260 2852 2584 2924 principem
2614 2869 2786 2925 super
2807 2853 3083 2908 ducentos
3104 2853 3425 2924 armigeros
3456 2869 3559 2908 na-

1952 2937 2122 2992 tionis
2147 2940 2632 3006 sum,etexercitus
2651 2940 3022 2995 excubiarum
3042 2942 3559 3013 magistrum,etc.»

1952 3026 2111 3099 Hisce
2137 3044 2355 3095 ausem,
2395 3044 2517 3082 sese
2548 3044 2702 3082 anno
2740 3031 2873 3083 1098
2920 3029 2978 3083 in
3013 3028 3221 3101 Capua:
3261 3028 3561 3085 obsidione

224 3134 294 3173 ro
325 3119 449 3173 fere
482 3134 600 3173 non
630 3122 784 3185 sunt,
808 3134 936 3189 quae
968 3117 1027 3171 in
1057 3117 1467 3189 transcriptum
1496 3117 1726 3189 Rogerii
1761 3134 1851 3173 co-
1882 3114 2143 3206 Cfuisse,
2178 3115 2478 3186 signiﬁcat.
2528 3115 2755 3170 Etenim
2787 3116 2961 3171 verba
3004 3117 3222 3184 omnia,
3253 3134 3380 3189 qua:
3412 3116 3566 3171 inter

224 3206 386 3260 mitis
409 3205 669 3276 diploma
698 3205 1055 3261 observanda
1079 3205 1171 3259 hic
1200 3205 1313 3259 sint
1334 3222 1348 3268 ;
1392 3208 1582 3277 posset
1607 3205 1847 3277 quidem
1893 3202 1928 3206 ⁷
1950 3202 2090 3257 duas
2118 3204 2288 3257 hasce
2319 3220 2484 3259 voces
2501 3222 2533 3255 «
2563 3203 2880 3258 Indictione
2903 3207 3078 3270 sexta,
3098 3223 3129 3257 »
3146 3206 3203 3258 et
3230 3203 3368 3260 alias
3391 3205 3561 3259 hasce

223 3293 525 3365 quidpiam
552 3297 835 3364 praeterea
847 3292 1035 3347 notari
1054 3292 1113 3347 in
1134 3293 1846 3365 verba,quibus,Sanctum

223 3381 566 3454 aliquandiu
597 3381 657 3436 in
693 3380 919 3453 Rogerii
952 3381 1180 3435 comitis
1201 3381 1377 3436 domo
1412 3384 1844 3436 commoratum

222 3487 369 3538 esse,
400 3469 460 3525 in
492 3471 877 3525 instrumento
904 3469 1000 3524 illo
1028 3469 1325 3538 innuitur;
1358 3487 1558 3525 verum
1594 3470 1665 3524 de
1690 3470 1845 3523 hisce

223 3575 392 3614 num.
433 3562 529 3613 571
568 3562 626 3614 et
656 3576 775 3631 seq.
818 3561 1013 3614 actum
1049 3560 1172 3631 jam
1214 3559 1370 3626 satis,
1414 3562 1518 3625 est,
1552 3558 1635 3613 uti
1669 3558 1844 3613 etiam

222 3664 391 3702 num.
421 3648 525 3702 586
558 3650 617 3701 et
635 3663 756 3720 seq.
787 3648 857 3703 de
884 3647 1176 3718 Malgerio,
1208 3647 1305 3718 qui
1337 3647 1397 3701 in
1432 3647 1764 3717 diplomatis
1785 3649 1847 3701 et

224 3739 502 3790 contextu
523 3738 581 3789 et
597 3735 1144 3808 subscriptionibus<<
1161 3735 1391 3790 comitis
1412 3735 1645 3806 Bogerii
1659 3733 1840 3788 filius»

222 3825 485 3889 vocatur,
518 3838 625 3877 nec
655 3824 853 3877 tamen
901 3822 1051 3876 ﬁlius
1096 3825 1218 3892 ejus
1261 3839 1360 3877 seu
1402 3822 1696 3894 legitimus
1744 3837 1845 3876 seu

219 3911 438 3967 nothus
456 3910 686 3965 exstitit.
718 3909 883 3975 Quod
911 3926 1045 3965 vero
1073 3909 1323 3980 pertinet
1350 3911 1423 3965 ad
1445 3909 1611 3977 alios,
1641 3909 1737 3982 qui
1762 3909 1845 3963 di-

216 3998 469 4072 plomati
501 4002 601 4053 aut
620 3999 1072 4066 subscribuntur,
1110 4001 1209 4053 aut
1239 3999 1561 4065 donationi,
1600 4016 1704 4072 per
1733 3999 1841 4053 hoc

215 4089 409 4154 facta,
435 4090 607 4142 testes
628 4087 950 4142 interfuisse
967 4087 1027 4141 in
1044 4087 1415 4142 instrumenti
1428 4088 1687 4159 ejusdem
1709 4103 1842 4142 con-

217 4179 377 4232 textu
406 4180 829 4243 memorantur,
848 4176 1180 4248 Rodulphus
1205 4192 1399 4231 comes
1425 4176 1494 4230 de
1529 4175 1836 4241 Lorotello,

217 4282 399 4339 quem
446 4265 506 4319 iu
550 4264 657 4319 hoc
692 4266 1021 4335 «nepotem
1056 4280 1224 4318 suum
1272 4284 1300 4313 ››
1334 4264 1612 4335 Rogerius
1643 4279 1836 4318 comes

214 4356 407 4419 vocat,
434 4354 707 4424 patruum
732 4352 906 4419 hunc,
935 4356 999 4407 ut
1027 4368 1057 4406 e
1088 4351 1304 4423 Cangio
1336 4351 1395 4405 in
1425 4350 1831 4406 Annotationi-

1946 3308 1979 3344 α
2010 3306 2142 3344 cum
2170 3307 2354 3346 essem
2386 3291 2446 3345 in
2470 3291 2768 3347 obsidione
2807 3292 3016 3362 Capua:
3047 3310 3079 3343 δ
3110 3291 3557 3364 interjiciuntur,

1946 3394 2052 3449 pro
2099 3379 2537 3450 praefatiuncula
2589 3380 2886 3447 duntaxat,
2938 3381 3271 3450 parenthesi
3321 3380 3560 3448 inclusa,

1947 3466 2163 3521 debent
2183 3468 2404 3535 haberi,
2434 3468 2514 3522 ita
2535 3470 2597 3522 ut
2627 3485 2825 3523 sensus
2846 3468 2935 3536 sit,
2954 3490 2982 3519 «
3006 3470 3175 3524 Anno
3198 3470 3269 3524 ab
3299 3471 3566 3524 lncarna-

1949 3557 2105 3607 tione
2137 3555 2396 3625 ejusdem
2439 3556 2852 3626 (Jesu-Christi)
2901 3559 3057 3624 1098,
3101 3558 3420 3613 Indictione
3444 3575 3563 3613 sex-

1945 3644 2074 3697 ta...
2110 3660 2241 3697 cum
2264 3661 2448 3699 essem
2474 3644 2532 3699 in
2557 3645 2856 3700 obsidione
2889 3645 3095 3717 Capuae
3128 3647 3397 3702 Kalendis
3417 3647 3560 3701 Mar-

1946 3731 2031 3786 tii.
2075 3752 2103 3780 »
2136 3734 2220 3786 lta
2250 3736 2511 3801 autumo,
2552 3732 2742 3803 primo
2775 3733 3033 3804 quidem,
3076 3735 3232 3805 quod
3277 3735 3336 3789 in
3379 3735 3560 3789 altero

1946 3818 2285 3889 diplomate,
2324 3820 2476 3874 infra
2506 3821 2614 3874 huc
2645 3820 3080 3874 transcribendo
3113 3838 3381 3893 annoque
3425 3824 3554 3876 1101

1947 3907 2102 3973 dato,
2134 3907 2378 3979 ipsemet
2407 3907 2684 3978 Rogerius
2706 3923 2920 3972 comes,
2946 3906 3308 3963 obsidionem
3332 3908 3563 3981 Capua-

1945 4011 2082 4049 nam
2115 4011 2267 4049 anno
2295 3997 2429 4050 1098
2442 3995 2773 4065 contigisse,
2799 3994 3158 4066 apertissime
3173 3995 3390 4052 indicet
3404 3999 3557 4058 hisce

1940 4082 2164 4137 verbis:
2199 4102 2231 4135 «
2263 4084 2390 4137 Haec
2418 4086 2551 4136 sunt
2582 4082 2823 4137 nomina
2854 4098 3150 4137 eorum....
3197 4084 3295 4155 qui
3333 4085 3553 4144 inventi

1940 4172 2074 4224 sunt
2100 4169 2161 4224 in
2187 4170 2488 4225 obsidione
2519 4170 2761 4224 civitatis
2791 4170 2998 4242 Capuae
3039 4171 3309 4227 Kalendis
3348 4174 3551 4246 Martii,

1940 4257 2358 4313 lncarnationis
2378 4258 2611 4312 Domini
2642 4275 2796 4312 anno
2834 4260 2989 4325 1098,
3013 4257 3328 4315 indictione
3375 4265 3553 4333 sexta,

1941 4362 2084 4416 quos
2114 4362 2221 4416 ego
2237 4345 2535 4416 Rogerius,
2559 4349 2668 4399 etc.
2688 4367 2715 4394 »
2732 4345 2949 4400 Deinde
2974 4362 3107 4400 vero
3136 4347 3294 4417 quod
3324 4349 3383 4403 in
3401 4349 3553 4407 dicto

213 4441 323 4496 bus
350 4440 410 4494 in
439 4441 670 4493 Annam
702 4439 1062 4495 Comnenam
1092 4457 1227 4512 pag.
1263 4442 1367 4494 238
1408 4444 1466 4494 et
1506 4456 1625 4511 seq.
1668 4439 1833 4493 facile
1862 4432 1915 4490 D
1941 4432 2277 4503 diplomate,
2310 4433 2371 4487 in
2408 4433 2567 4504 cujus
2589 4433 2873 4504 epocham
2903 4434 3173 4504 praesenti
3201 4437 3229 4502 §
3253 4435 3552 4508 inquiren-

216 4528 531 4599 intelliges,
560 4527 965 4583 verosimiliter
1005 4527 1235 4595 habuit;
1273 4544 1304 4581 e
1336 4526 1571 4598 reliquis
1614 4529 1832 4592 autem,

220 4632 478 4689 quorum
499 4616 675 4689 aliqui
697 4615 822 4671 aliis
848 4615 1025 4671 etiam
1041 4617 1166 4687 jam
1188 4616 1335 4671 datis
1357 4615 1589 4686 Rogerii
1612 4615 1837 4671 comitis

221 4703 637 4777 diplomatibus
656 4703 1107 4771 subscribuntur,
1122 4720 1238 4759 non
1253 4704 1418 4776 pauci
1439 4703 1839 4759 instrumentis

223 4792 526 4848 nonnullis
554 4792 812 4865 publicis,
845 4793 998 4865 apud
1022 4793 1314 4848 Bocchum
1352 4792 1579 4847 Pirrum
1608 4791 1668 4846 in
1696 4791 1836 4847 Sici-

222 4881 299 4937 lia
332 4896 494 4935 sacra
523 4881 872 4936 exstantibus
900 4884 1072 4953 atque
1101 4899 1135 4936 a
1168 4882 1412 4954 Rogerio
1431 4881 1643 4937 comite
1665 4880 1832 4947 datis,

220 4967 530 5039 subscripti
560 4968 758 5036 etiam,
791 4968 873 5023 uti
921 4968 1182 5042 quisque,
1228 4971 1349 5025 haec
1390 4970 1688 5025 consulere
1736 4983 1832 5022 v0-

220 5056 417 5123 luerit,
452 5056 867 5129 deprehendet,
886 5057 1258 5128 reperiuntur
1276 5075 1290 5125 ;
1307 5058 1463 5130 quod
1490 5057 1582 5111 hic
1604 5058 1831 5122 saltem,

221 5162 360 5201 cum
383 5143 715 5199 distinctam
732 5143 1090 5216 singulorum
1119 5145 1384 5201 notitiam
1412 5146 1548 5200 dare
1575 5162 1692 5200 non
1706 5160 1836 5216 pos-

225 5232 359 5299 sim,
385 5232 601 5304 juverit
630 5236 876 5288 notasse.
908 5233 1213 5301 Caeterum,
1248 5251 1322 5289 ne
1348 5232 1836 5299 Commentarius,

226 5319 327 5393 qui
356 5321 511 5375 mole
536 5336 638 5375 sua
666 5321 906 5376 modum
919 5321 1048 5391 jam
1078 5321 1199 5376 fere
1225 5321 1465 5387 excedit,
1499 5320 1714 5392 absque
1746 5336 1845 5373 ne-

232 5409 492 5464 cessitate
523 5408 709 5464 adhuc
729 5412 965 5477 crescat,
998 5408 1136 5482 quid
1166 5426 1405 5482 quasque
1437 5408 1496 5463 in
1528 5409 1844 5480 diplomate

234 5497 327 5553 hic
356 5498 493 5553 dato
524 5499 885 5554 occurrentia
910 5499 1187 5555 vocabula
1221 5498 1467 5553 barbara
1496 5496 1842 5569 signiﬁcent,

1939 4521 2100 4588 dum,
2134 4538 2337 4589 annus,
2371 4538 2484 4592 quo
2509 4522 2618 4575 hoc
2663 4521 2863 4575 datum
2893 4521 2985 4587 sit,
3019 4538 3122 4592 per
3166 4539 3386 4577 annum
3418 4529 3554 4583 1098

1940 4609 2231 4682 designari
2270 4626 2388 4664 non
2430 4610 2628 4681 possit,
2661 4625 2793 4663 cum
2835 4609 2894 4663 id
2928 4608 3136 4665 Sancto
3183 4627 3251 4665 ex
3297 4611 3554 4672 dicendis

1938 4714 2131 4753 comes
2162 4697 2438 4770 Rogerius
2470 4700 2604 4753 ante
2645 4714 2887 4764 annum,
2917 4698 3013 4769 qui
3044 4698 3409 4755 obsidionem
3443 4701 3548 4759 Ca-

1938 4803 2193 4857 puanam
2250 4803 2313 4841 ac
2368 4785 2537 4857 proin
2594 4785 2851 4840 oblatam
2890 4784 2950 4839 in
3000 4786 3107 4839 hac
3155 4786 3403 4860 principi
3455 4789 3551 4845 isti

1938 4874 2130 4929 Sancti
2156 4872 2602 4947 apparitionem,
2627 4872 2887 4945 proxime
2911 4873 3151 4946 excepit,
3182 4890 3301 4929 non
3333 4874 3550 4945 imper-

1935 4962 2110 5031 tierit,
2139 4978 2408 5035 annoque
2438 4963 2574 5017 1098
2614 4961 2883 5016 bellicam
2922 4961 3071 5016 hanc
3112 4961 3547 5031 expeditionem

1936 5052 2261 5123 contigisse,
2295 5050 2526 5106 aliunde
2553 5052 2795 5118 constet,
2837 5048 2918 5105 uti
2948 5049 3078 5121 jam
3109 5065 3264 5104 nunc
3290 5050 3543 5122 probare

1938 5140 2268 5213 aggredior.

2011 5231 2135 5284 649.
2170 5230 2359 5301 Lupus
2408 5228 2747 5300 Protospata
2776 5229 2976 5282 auctor
3011 5225 3388 5295 synchronus,
3424 5229 3546 5301 qui,

1943 5317 2099 5389 quod
2127 5318 2275 5372 bene
2321 5316 2664 5382 notandum,
2698 5330 2919 5370 annum
2964 5328 3128 5367 more
3161 5313 3490 5371 Graecorum
3519 5334 3555 5372 a

1945 5404 2269 5475 Septembri
2294 5403 2546 5469 inchoat,
2566 5400 2719 5475 apud
2737 5398 3109 5456 Muratorium
3127 5402 3271 5455 tom.
3289 5401 3328 5454 V
3359 5417 3559 5459 rerum

1947 5492 2273 5547 Italicarum
2301 5490 2643 5563 scriptorum
2678 5502 2815 5559 pag.
2847 5491 2914 5545 47
2948 5485 3025 5542 sic
3058 5487 3252 5543 scribit
3282 5504 3296 5542 :
3329 5507 3357 5539 α
3392 5491 3559 5546 Anno

237 5601 356 5642 non
383 5601 646 5659 expono;
679 5589 852 5660 atque
883 5587 968 5642 ita
994 5590 1122 5642 tum
1164 5586 1240 5640 ad
1277 5585 1408 5651 hoc,
1451 5589 1578 5639 tum
1622 5582 1695 5638 ad
1739 5584 1851 5640 alia
1956 5582 2090 5636 1098
2120 5594 2317 5634 mense
2348 5578 2608 5635 Octobris
2637 5578 2912 5645 apparuit
2942 5576 3104 5631 stella
3141 5578 3468 5635 cometes...
3511 5583 3576 5633 et

245 5673 455 5731 Sancto
480 5677 677 5732 nostro
707 5691 976 5732 concessa
1004 5674 1322 5749 diplomata
1347 5671 1677 5729 faciendum
1699 5672 1856 5733 haud
1955 5671 2064 5727 hoc
2092 5683 2245 5724 anno
2271 5669 2696 5744 comprehensa
2716 5669 2810 5725 est
2840 5663 3341 5743 CapuaaRogerio
3358 5666 3580 5728 comite
