4066 6032
519 361 626 426 399

1376 356 1435 419 S.
1466 356 1810 417 BRUNONIS
1855 353 2486 415 CARTHUSIANORUM
2514 353 2983 417 lNSTlTUTORlS

3731 348 3844 413 400

513 504 716 549 mense
738 478 941 547 Martii.
969 486 1090 542 atAt
1114 499 1249 541 vero
1269 484 1504 541 Michael
1534 482 1851 539 monachus
1879 481 1940 535 in
1969 480 2116 535 San-
2150 485 2205 544 Α
2232 480 2316 552 git
2351 497 2415 534 :«
2448 484 2574 553 Ipso
2602 500 2831 555 quoque
2852 499 3027 548 anno,
3066 477 3273 535 eadem
3301 474 3638 547 Indictione,
3664 478 3853 552 Roge-

519 581 737 636 ctuario
764 579 1061 648 Capuana,
1095 575 1374 646 diploma,
1411 574 1481 627 de
1512 588 1625 644 quo
1656 571 1749 626 hic
1776 569 2127 635 disserimus,

520 685 553 724 e
578 683 824 724 camera
855 664 1031 736 regia
1064 663 1203 717 actis
1225 663 1519 733 integrum
1545 659 1912 729 exscriptum,
1934 659 2129 727 legen-

523 756 664 811 dum
681 753 785 808 sibi
806 752 1084 807 traditum
1111 750 1306 817 fuisse,
1331 748 1623 819 prafatus,
1643 747 1723 801 ita
1742 745 2002 800 scribitm
2026 746 2132 799 Lu-

522 860 629 916 pus
666 844 1004 913 Protospata
1031 839 1215 895 editus
1254 855 1288 892 a
1326 839 1385 892 Ρ.
1418 839 1482 891 Ι).
1516 835 1767 890 Antonio
1810 833 2131 888 Carraciolo

522 934 737 999 scribit,
760 946 977 986 annum
995 930 1129 983 1098
1142 928 1313 982 fuisse
1329 927 1536 997 Capua
1552 923 1866 980 obsidionis
1879 937 2131 985 annum;

522 1022 626 1078 sed
662 1037 780 1076 non
811 1022 897 1074 est
929 1016 1318 1072 recedendum
1345 1033 1378 1069 a
1408 1012 1838 1084 computatione
1882 1010 2131 1079 Baronii,

524 1109 623 1184 qui
645 1110 811 1181 juxta
838 1106 1104 1163 Gaufredi
1137 1104 1531 1160 narrationem
1569 1100 1882 1156 obsidionis
1912 1116 2135 1154 annum

522 1201 688 1255 notat
716 1199 881 1265 1097;
904 1194 991 1250 cui
1014 1210 1339 1264 anonymus
1372 1189 1738 1256 Cassinensis,
1770 1205 1902 1243 cum
1925 1188 2133 1243 eodem

522 1286 861 1358 Protospata
880 1284 1212 1353 impressus,
1229 1278 1543 1347 consentit;
1561 1278 1680 1333 imo
1703 1281 1760 1332 et
1780 1278 1888 1332 hoc
1908 1276 2132 1348 privile-

520 1374 679 1449 gium
698 1372 1057 1445 astipulatur.
1082 1371 1165 1424 En
1188 1368 1468 1439 Rogerius
1488 1368 1561 1421 ab
1581 1366 1879 1421 obsidione
1898 1364 2137 1436 Squilla-

520 1463 675 1518 cium
695 1460 846 1516 redit
858 1459 1127 1514 vicesima
1139 1455 1625 1511 nonaJuliinem
1645 1453 1896 1508 secunda
1915 1456 2133 1522 Augus-

519 1550 566 1606 ti
588 1547 954 1624 privilegium
984 1547 1093 1601 hoc
1122 1547 1319 1600 sancto
1340 1542 1593 1597 Brunoni
1614 1541 1897 1596 concedit.
1916 1543 1987 1593 At
2005 1540 2139 1611 quia

520 1637 675 1693 inter
716 1634 1001 1709 privilegii
1040 1632 1471 1689 concessionem
1527 1634 1585 1684 et
1628 1629 1857 1699 Rogerii
1887 1628 2138 1682 reditum

522 1724 692 1782 multi
721 1722 1088 1779 intercedunt
1118 1720 1263 1786 dies,
1290 1718 1613 1792 prasertim
1658 1717 1738 1771 illi
1786 1715 2139 1788 quindecim,

2230 569 2348 622 rius
2382 570 2492 623 dux
2538 588 2651 625 una
2682 588 2814 625 cum
2857 569 3106 641 Rogerio
3158 567 3363 622 Sicilia
3395 567 3605 622 comite
3638 569 3847 622 urbem

2232 657 2563 728 Capuanam
2596 658 2837 725 obsedit,
2871 663 2928 713 et
2955 656 3401 729 quadragesimo
3429 655 3520 709 die
3546 656 3668 726 ejus
3694 654 3850 709 obsi-

2233 746 2420 800 dionis
2449 747 2787 817 acquisitam
2809 763 2939 801 eam
2956 745 3229 799 Riccardo
3252 744 3497 816 principi
3519 743 3794 798 reddidit.
3817 764 3847 793 ››

2234 835 2455 905 Reponi
2484 835 2717 906 quidem
2749 835 2841 889 hic
2873 838 3083 905 potest,
3118 833 3175 887 in
3204 833 3354 887 notis
3378 831 3684 897 chronicis,
3717 831 3850 903 qui-

2233 922 2338 976 bus
2371 924 2721 978 Romualdus
2750 941 2969 990 rerum,
2996 940 3138 994 quas
3158 925 3377 988 narrat,
3413 924 3640 994 tempus
3662 920 3854 975 deter-

2236 1012 2439 1078 minat,
2469 1028 2692 1065 errores
2721 1027 3119 1083 sapenumero
3142 1010 3382 1077 cubare;
3407 1026 3628 1077 verum,
3661 1009 3768 1063 etsi
3789 1009 3853 1064 id

2234 1096 2314 1153 ita
2343 1099 2433 1166 sit,
2459 1099 2516 1153 id
2545 1102 2743 1154 tamen
2759 1100 2913 1167 fere;
2933 1103 2995 1153 ut
3016 1097 3321 1153 Romualdi
3337 1114 3479 1170 opus
3499 1096 3853 1170 expendenti

2232 1189 2425 1260 palam
2457 1189 2575 1255 fiet,
2604 1190 2794 1243 locum
2819 1188 3095 1242 duntaxat
3120 1187 3364 1254 obtinet,
3397 1202 3529 1241 cum
3560 1186 3854 1241 characte-

2234 1294 2324 1332 res
2356 1276 2653 1331 chronicos
2686 1276 3031 1347 compendio
3062 1291 3168 1347 per
3199 1291 3494 1341 numeros,
3535 1275 3847 1340 litterasve,

2236 1382 2612 1420 numerorum
2641 1366 2831 1419 locum
2866 1368 3127 1419 tenentes
3164 1362 3469 1435 exprimit;
3502 1365 3850 1436 expugnata

2236 1457 2431 1508 autem
2459 1471 2493 1507 a
2522 1453 2855 1508 Christianis
2900 1452 3219 1507 Antiochia
3259 1468 3478 1507 annum
3528 1453 3678 1517 i098,
3730 1466 3850 1522 quo

2238 1543 2413 1597 etiam
2444 1559 2478 1596 a
2509 1542 2651 1597 duce
2673 1541 2943 1613 Rogerio,
2976 1542 3211 1613 ejusque
3258 1545 3463 1613 patruo
3496 1541 3708 1595 comite
3741 1540 3856 1595 Ro-

2240 1632 2399 1703 gerio
2433 1631 2687 1702 Capuam
2733 1630 2903 1685 fuisse
2943 1631 3255 1697 obsessam,
3290 1628 3588 1684 memoria
3632 1628 3853 1701 prodit,

2242 1735 2360 1773 non
2377 1718 2723 1791 compendio
2736 1735 2840 1790 per
2860 1717 3449 1784 numeros,litterasve
3469 1731 3853 1771 numerorum

522 1829 629 1885 per
669 1827 814 1885 quos
855 1808 1133 1881 Rogerius
1176 1807 1289 1879 (adi
1339 1822 1502 1860 num.
1550 1806 1673 1876 638)
1712 1804 2060 1870 inﬁrmatur,
2108 1819 2142 1857 ἃ
2168 1794 2429 1862 Blocum
2474 1809 2758 1871 tenentes,
2792 1806 2891 1859 sed
2932 1822 3035 1876 per
3066 1821 3229 1859 voces
3272 1805 3528 1875 integras
3562 1804 3853 1875 designat,

521 1903 720 1957 sancto
750 1899 1025 1954 Brunone
1055 1895 1364 1962 visitur,de
1385 1892 1651 1949 facienda
1676 1892 1990 1947 donatione
2021 1894 2139 1945 tra-

521 1991 659 2055 ctat,
691 1987 904 2042 idcirco
934 1984 1112 2039 Julius
1146 1986 1205 2038 et
1236 1983 1541 2054 Augustus,
1576 1979 1861 2035 nominati
1890 1994 2137 2045 menses,

522 2076 597 2132 ad
609 2074 882 2131 eumdem
898 2088 1117 2127 annum
1139 2070 1430 2142 pertinere
1449 2084 1567 2123 non
1591 2066 2141 2139 possunt,sedJulius

522 2179 656 2221 cum
684 2179 785 2218 sua
812 2161 1083 2216 vicesima
1113 2175 1267 2213 noua
1299 2160 1384 2211 est
1416 2156 1553 2211 anni
1580 2158 1736 2223 1097,
1771 2158 1827 2209 et
1855 2157 2142 2226 Augustus

523 2268 657 2306 cum
692 2266 795 2304 sua
838 2247 1089 2303 secunda
1135 2245 1226 2301 die
1276 2247 1362 2299 est
1401 2244 1538 2299 anni
1583 2246 1737 2298 1098.
1785 2264 1813 2291 »
1860 2243 2142 2297 Hactenus

524 2340 621 2395 ille
654 2341 753 2394 :et
781 2340 938 2391 recte
960 2335 1219 2408 quidem,
1247 2332 1778 2407 mensevaulium,
1812 2348 1927 2403 quo
1960 2330 2143 2403 Squil-

527 2426 740 2483 lacium
784 2426 857 2480 ab
898 2423 1199 2479 obsidione
1230 2422 1503 2493 Capuana
1532 2437 1791 2475 reversus
1828 2423 1913 2474 est
1949 2436 2143 2474 comes

527 2514 810 2588 Rogerius
838 2525 1215 2583 mensemque
1237 2510 1579 2580 Augustum,
1618 2524 1731 2580 quo
1764 2508 2021 2579 diploma
2050 2507 2146 2561 da-

521 2608 654 2661 tum
673 2604 929 2669 notatur,
951 2598 1024 2655 ad
1051 2598 1193 2653 duos
1214 2612 1398 2652 annos
1425 2596 1677 2651 diversos
1702 2600 1980 2668 spectare,
1995 2595 2146 2650 affir-

526 2694 691 2757 mat;
724 2705 917 2747 comes
942 2686 1124 2754 enim,
1166 2685 1248 2740 uti
1296 2684 1541 2757 ipsemet
1582 2684 1695 2756 (adi
1734 2684 1946 2738 iterum
1978 2700 2141 2738 num.

526 2780 719 2851 633)in
742 2778 1060 2850 diplomate
1087 2774 1275 2841 docet,
1289 2772 1568 2846 vigesima
1583 2789 1739 2828 nona
1757 2772 1885 2828 Julii
1909 2772 2145 2844 Squilla-

524 2871 678 2927 cium
704 2866 912 2933 rediit;
938 2864 1198 2935 diploma
1216 2877 1350 2917 vero
1376 2861 1626 2916 secunda
1650 2862 1886 2932 Augusti
1924 2862 2015 2915 die
2044 2861 2143 2915 da-

525 2962 654 3014 tum
686 2955 974 3028 signatur;
1005 2955 1086 3019 ut,
1126 2952 1172 3006 si
1203 2949 1431 3005 comitis
1460 2949 1697 3017 reditus,
1731 2952 1788 3004 et
1818 2948 2147 3022 diplomatis

526 3043 821 3101 concessio
846 3040 920 3097 ad
950 3040 1202 3095 diversos
1234 3054 1420 3093 annos
1461 3054 1580 3093 non
1613 3041 1961 3110 spectarent,
1997 3039 2146 3092 hanc

527 3134 682 3191 inter
713 3133 773 3187 et
801 3130 963 3184 illum
1008 3131 1127 3182 tres
1158 3127 1439 3182 duntaxat
1481 3124 1603 3180 dies
1654 3126 2144 3194 intercessissent;

534 3220 714 3295 quod,
746 3217 831 3273 uti
862 3233 929 3272 ex
967 3214 1273 3286 ipsiusmet
1306 3212 1639 3285 diplomatis
1667 3216 1938 3269 contextu
1970 3212 2147 3284 (vide-

534 3308 611 3365 sis
641 3307 833 3363 denuo
864 3302 1138 3358 eumdem
1168 3316 1333 3356 num.
1376 3301 1500 3371 638)
1523 3304 1785 3373 apparet,
1824 3300 2149 3356 verosimile

537 3411 657 3453 non
686 3396 791 3450 est.

608 3484 734 3539 650.
765 3480 1001 3545 Verum,
1034 3475 1139 3531 etsi
1184 3474 1423 3548 quidem
1455 3478 1631 3543 recte,
1662 3479 1727 3531 ut
1745 3475 1874 3549 jam
1914 3477 2153 3546 dictum,

539 3585 806 3629 mensem
818 3566 1173 3637 Julium,quo
1191 3562 1565 3636 Squillacium
1584 3580 1777 3621 comes
1790 3565 2069 3637 Rogerius
2088 3566 2158 3620 ab

542 3658 843 3717 obsidione
876 3655 1148 3727 Capuana
1179 3651 1370 3719 rediit,
1406 3668 1785 3725 mensemque
1814 3654 2157 3726 Augustum,

547 3764 659 3821 quo
681 3744 938 3817 diploma
950 3741 1283 3815 percelebre
1303 3739 1514 3796 Sancto
1540 3740 1799 3807 dedit,ad
1820 3743 1961 3797 duos
1981 3759 2165 3797 annos

552 3836 805 3892 diversos
822 3831 1087 3887 laudatus
1098 3828 1343 3902 scriptor
1355 3829 1590 3896 referat,
1612 3830 1943 3903 Capuanam
1965 3834 2165 3885 tamen

552 3921 914 3980 obsidionem
948 3921 1151 3974 contra
1180 3920 1446 3987 apertum
1470 3916 1612 3987 Lupi
1633 3918 1985 3990 Protospata
2018 3917 2169 3973 testi-

553 4009 819 4067 monium
848 4022 1001 4061 anno
1040 4007 1173 4059 1097
1197 4020 1328 4058 cum
1367 4004 1641 4069 Baronio,
1672 4021 1705 4058 a
1737 4022 1849 4075 quo
1872 4022 1988 4060 non
2011 4023 2169 4061 rece-

558 4097 814 4153 dendum
841 4091 1206 4165 pronuntiat,
1227 4106 1535 4161 perperam
1556 4090 1797 4146 innectit
1816 4093 1890 4147 ob
1906 4094 2173 4150 Gaufredi

557 4187 893 4249 Malaterra,
925 4177 1216 4251 scriptoris
1257 4178 1473 4250 pariter
1502 4180 1832 4248 synchroni,
1865 4183 2173 4238 auctorita-

560 4266 1081 4335 tem.Etenim,etsi
1105 4265 1340 4338 quidem
1368 4266 1430 4321 in
1459 4266 1647 4323 Sicula
1676 4266 1979 4341 Scriptoris
2008 4272 2176 4343 hujus

2239 1911 2483 1966 vereque
2528 1893 2699 1948 fuisse
2735 1910 2769 1947 a
2800 1892 3134 1947 Christianis
3179 1909 3354 1959 anno,
3388 1896 3451 1946 ut
3481 1894 3665 1956 notat,
3715 1893 3857 1946 1098

2239 1981 2605 2037 Antiochiam
2635 1984 3045 2052 expugnatam,
3084 1980 3236 2051 apud
3267 1996 3474 2034 omnes
3501 1979 3560 2034 in
3591 1978 3859 2033 confesso

2241 2073 2360 2139 est;
2385 2073 2447 2124 ut
2475 2069 2740 2141 proinde,
2773 2085 2905 2123 cum
2935 2069 2994 2122 in
3024 2084 3177 2122 anno
3213 2070 3371 2134 1098,
3398 2083 3511 2140 quo
3532 2067 3592 2121 id
3612 2066 3857 2133 factum,

2241 2159 2453 2230 signat,
2482 2174 2598 2212 non
2624 2159 2797 2224 erret,
2824 2173 3019 2210 errare
3049 2154 3227 2209 etiam
3257 2155 3576 2210 censendus
3606 2170 3725 2208 non
3762 2153 3859 2219 sit,

2243 2248 2381 2302 dum
2410 2247 2622 2302 eodum
2649 2248 2774 2301 loco
2802 2244 3164 2300 obsidionem
3194 2243 3527 2316 Capuanam
3552 2242 3741 2299 eidem
3761 2259 3866 2296 an-

2243 2354 2318 2392 no
2355 2338 2489 2391 1098
2516 2333 2741 2406 affligit.

2314 2427 2437 2479 651.
2465 2424 2676 2478 Verum
2727 2438 2817 2476 res
2857 2422 2979 2476 hac
3010 2437 3169 2476 secus
3195 2421 3427 2487 habeat,
3470 2420 3741 2492 parvique
3774 2419 3863 2475 fa-

2243 2513 2513 2568 ciendum
2531 2512 2621 2567 hic
2647 2511 2719 2565 sit
2745 2509 3050 2566 Romualdi
3082 2509 3503 2576 testimonium,
3523 2509 3863 2582 Capuanam

2244 2601 2514 2673 equidem
2541 2600 2903 2655 obsidionem
2927 2599 2997 2653 ab
3029 2599 3137 2654 hoc
3167 2599 3445 2668 scriptore
3460 2601 3518 2653 et
3540 2598 3694 2669 Lupo
3719 2597 3866 2651 Pro-

2245 2692 2471 2762 tospata
2501 2704 2657 2743 anno
2679 2689 2815 2742 1098
2850 2689 3006 2741 recte
3036 2686 3387 2757 consignari,
3411 2686 3747 2750 Eadmerus,
3764 2683 3867 2755 qui

2245 2794 2362 2833 non
2390 2780 2617 2832 tantum
2639 2775 2952 2831 obsidionis
2981 2775 3129 2829 illius
3146 2779 3408 2845 tempore
3429 2773 3643 2840 ﬂoruit,
3662 2788 3868 2826 verum

2245 2867 2420 2922 etiam
2446 2866 2498 2919 ei
2527 2881 2781 2936 prasens
2806 2863 3008 2930 adfuit,
3054 2862 3443 2917 indubitatum
3474 2861 3629 2916 facit.
3673 2861 3773 2914 Hic
3803 2859 3865 2915 S.

2245 2956 2539 3019 Anselmo,
2576 2951 2975 3007 Cantuariensi
3016 2950 3469 3022 archiepiscopo,
3504 2952 3564 3004 ut
3588 2951 3712 3004 toto
3731 2947 3869 3002 vita

2248 3047 2533 3115 tempore,
2564 3041 2644 3095 ita
2673 3040 2849 3094 etiam
2883 3055 3037 3093 anno
3074 3041 3209 3093 1099
3253 3054 3319 3093 ex
3360 3038 3571 3109 Anglia
3614 3037 3869 3091 Romam

2249 3130 2564 3186 discedenti
2625 3144 2691 3182 ac
2735 3127 2944 3182 deinde
2984 3126 3058 3182 ad
3104 3125 3438 3197 Rogerium,
3478 3123 3719 3195 Apulia,
3757 3122 3866 3178 Ca-

2248 3218 2444 3275 labria
2477 3220 2535 3273 et
2564 3215 2769 3271 Sicilia
2811 3215 3040 3282 ducem,
3082 3215 3141 3271 in
3186 3214 3384 3269 castris
3429 3216 3562 3267 ante
3606 3211 3873 3285 Capuam

2253 3309 2547 3365 obsessam
2570 3306 2934 3374 existentem,
2948 3302 3287 3376 prOperanti
3308 3317 3503 3357 comes
3521 3299 3768 3356 adhasit
3789 3316 3881 3354 as—

2255 3397 2469 3464 siduus,
2501 3395 2789 3467 illiusque,
2813 3394 2894 3449 uti
2927 3393 3081 3465 apud
3111 3408 3217 3448 nos
3246 3395 3390 3447 tom.
3409 3392 3455 3445 II
3480 3388 3708 3463 Aprilis,
3731 3404 3875 3460 pag.

2259 3488 2360 3542 865
2388 3484 2582 3540 videre
2612 3485 2762 3551 licet,
2799 3499 2917 3537 non
2951 3485 3175 3537 tantum
3215 3480 3392 3535 vitam
3427 3480 3486 3534 in
3528 3478 3673 3533 duos
3696 3477 3884 3533 libros

2262 3574 2501 3630 divisam
2524 3571 2839 3639 contexuit,
2858 3587 3055 3625 verum
3084 3570 3259 3624 etiam
3277 3586 3311 3623 a
3327 3568 3575 3623 Seldeno
3597 3565 3748 3639 typis
3764 3566 3886 3621 vul-

2263 3666 2426 3735 gatos
2447 3679 2512 3715 ac
2540 3660 2750 3715 deinde
2780 3659 2839 3714 in
2871 3658 3175 3729 praefatum
3209 3656 3399 3728 operis
3439 3656 3620 3711 nostri
3651 3658 3886 3709 tomum

2264 3751 2450 3805 illatos
2478 3748 2729 3803 historia
2763 3747 3049 3801 Novorum
3083 3745 3141 3798 in
3171 3743 3379 3815 Anglia
3409 3759 3505 3797 sex
3528 3742 3891 3813 libros,quo-

2265 3854 2395 3894 rum
2428 3838 2676 3908 quatuor
2695 3834 2981 3905 prioribus
3006 3850 3098 3887 res
3116 3830 3446 3903 quoque,ad
3467 3828 3738 3883 eumdem
3760 3844 3892 3882 san-

2269 3922 2943 3979 ctumCanthuariensem
2961 3920 3451 3991 archiepiscopum
3467 3919 3894 3988 spectantes,ac

2272 4011 2619 4067 nominatim
2644 4010 2861 4064 dictum
2881 4009 2989 4063 iter
3002 4007 3051 4078 ej
3061 4024 3122 4061 us
3139 4008 3489 4071 Romanum,
3512 4008 3684 4076 atque
3701 4003 3776 4058 ad
3789 4004 3897 4059 du-

2273 4116 2400 4154 cem
2431 4099 2743 4169 Rogerium
2775 4101 2910 4152 ante
2942 4097 3196 4167 Capuam
3236 4109 3524 4148 accessum
3553 4093 3897 4164 complexus

2275 4190 2397 4256 est;
2426 4187 2595 4257 hujus
2615 4188 2810 4241 autem
2841 4183 3095 4239 historia
3126 4181 3280 4254 apud
3307 4196 3412 4236 nos
3440 4180 3539 4235 lib.
3575 4196 3635 4247 ll,
3671 4195 3798 4250 cap.
3832 4182 3895 4247 2,

2277 4292 2440 4333 num.
2473 4278 2537 4330 19
2568 4274 2625 4328 in
2650 4275 2786 4341 fine,
2823 4277 3152 4345 postquam,
3191 4269 3286 4342 qui
3314 4268 3551 4323 tandem
3584 4270 3714 4341 post
3739 4268 3898 4322 mul—

564 4358 812 4417 Historia
841 4356 941 4411 lib.
983 4371 1060 4423 ιν,
1092 4369 1217 4424 cap.
1253 4355 1320 4408 26
1350 4354 1544 4423 verba,
1578 4355 1784 4428 quibus
1820 4358 2038 4413 obsidio
2082 4359 2178 4414 illa
2201 4356 2253 4415 D
2281 4367 2366 4418 tas
2387 4362 2682 4418 molestias
2699 4362 3003 4416 Anselmus
3020 4361 3262 4414 Romam
3281 4356 3531 4413 adeundi
3553 4357 3899 4411 facultatem

567 4462 722 4504 anno
757 4447 891 4501 1097
926 4458 1043 4497 non
1077 4442 1317 4497 obscure
1342 4442 1737 4513 consignatur,
1763 4450 2085 4514 occurrant,
2112 4464 2181 4502 ea

565 4540 765 4591 tamen
795 4532 1107 4587 Malaterra
1132 4546 1248 4585 non
1269 4532 1727 4601 sunt,certoque,
1748 4548 1921 4603 quam
1953 4534 2179 4589 eventui

568 4622 663 4680 isti
711 4622 897 4691 Lupus
946 4619 1283 4687 Protospala
1342 4616 1602 4687 proxime
1659 4620 1769 4673 huc
1826 4622 2181 4693 transcriptis

568 4708 756 4765 verbis
800 4703 1124 4779 prastituit,
1167 4704 1388 4774 epocha
1417 4704 1723 4760 retinenda
1761 4710 1864 4761 est.
1898 4709 2019 4762 Duo
2058 4710 2182 4764 hac

573 4797 792 4853 asserta
806 4809 870 4848 ex
890 4792 1014 4863 jam
1043 4807 1195 4845 nunc
1213 4790 1472 4845 dicendis
1493 4795 1859 4861 patescent.A
1878 4796 2180 4866 posteriori

572 4901 673 4943 seu
703 4900 738 4938 a
766 4881 1004 4937 veritate
1048 4879 1305 4951 epocha,
1352 4895 1528 4951 quam
1569 4880 1852 4936 obsidioni
1893 4883 2179 4955 Capuana

571 4974 762 5046 Lupus
783 4970 1141 5039 Protospata,
1159 4982 1313 5021 anno
1331 4968 1465 5021 1098
1482 4983 1612 5021 eam
1631 4968 1879 5040 illigans,
1906 4972 2179 5042 assignat,

573 5055 1040 5117 demonstranda
1058 5054 1203 5109 duco
1234 5054 1487 5109 initium.
1504 5056 1853 5112 Romualdus
1874 5059 2183 5116 Salernita-

573 5170 702 5218 nus,
735 5153 935 5205 auctor
965 5164 1196 5220 suppar,
1229 5147 1287 5202 in
1320 5147 1602 5203 Chronico
1635 5149 1707 5203 de
1750 5166 1916 5206 cruce
1949 5153 2186 5224 signatis

576 5236 930 5303 Christianis,
953 5236 1170 5291 bellum
1200 5234 1259 5289 in
1296 5235 1530 5290 Oriente
1562 5238 1766 5291 contra
1791 5237 2053 5295 infideles
2078 5259 2178 5312 ge-

575 5324 854 5391 rentibus,
882 5323 959 5377 sic
989 5323 1184 5377 scribit
1216 5338 1229 5376 ε
1261 5341 1293 5375 α
1325 5323 1615 5395 Ceperunt
1637 5324 2023 5394 Antiochiam,
2056 5329 2183 5383 civi-

576 5416 758 5470 tatem
788 5410 1253 5477 famosissimam,
1279 5408 1337 5464 in
1358 5426 1513 5465 anno
1546 5412 1831 5465 Incarnati
1861 5414 2026 5468 Verbi
2059 5417 2183 5471 mil-

573 5498 777 5555 lesimo
808 5497 1186 5567 nonagesimo
1216 5500 1435 5565 octavo,
1468 5498 1668 5552 Indict.
1691 5516 1774 5566 v1;
1809 5518 1923 5555 »διο
1949 5503 2178 5573 deinde,

570 5584 882 5650 nonnullis,
896 5600 1024 5655 qua
1049 5583 1157 5638 huc
1176 5600 1293 5641 non
1319 5586 1558 5655 faciunt,
1574 5586 1921 5659 interposita,
1941 5592 2178 5668 subjun-

2280 4470 2314 4506 a
2338 4468 2476 4523 rege
2514 4450 2720 4521 anglia
2746 4446 3090 4521 impetrarit,
3106 4448 3382 4501 lectorem
3405 4444 3905 4515 edocuit,subjun-

2280 4541 2366 4611 git
2387 4556 2401 4594 :
2422 4562 2447 4588 ‹‹
2481 4541 2649 4593 Anno
2679 4538 2749 4593 ab
2780 4536 3182 4591 lncarnatione
3198 4534 3317 4588 Filii
3344 4533 3442 4588 Dei
3457 4532 3765 4587 millesimo
3796 4549 3906 4587 no-

2283 4627 2580 4699 nagesimo
2606 4627 2851 4696 septimo
2884 4627 3011 4678 acta
3035 4627 3168 4677 sunt
3190 4623 3331 4688 hac,
3351 4622 3497 4675 feria
3516 4621 3738 4693 quinta,
3763 4637 3906 4691 qua

2280 4715 2388 4771 fuit
2444 4715 2574 4769 ldus
2626 4711 2916 4779 Octobris;
2961 4733 2988 4759 ››
3022 4727 3086 4765 ac
3133 4709 3361 4776 deinde,
3411 4708 3722 4775 nonnullis,
3764 4724 3907 4780 qua

2281 4803 2435 4857 haud
2461 4803 2679 4857 dudum
2708 4804 2835 4873 post
2864 4799 3127 4871 quintam
3156 4798 3442 4852 decimam
3462 4794 3721 4850 Octobris
3736 4795 3905 4853 diem

2282 4908 2437 4945 anno
2464 4891 2616 4945 hisce
2647 4889 2833 4945 verbis
2848 4889 3134 4959 assignato
3158 4890 3321 4958 gesta
3344 4886 3527 4951 fuere,
3556 4883 3907 4955 interjectis,

2284 4977 2464 5034 sancti
2486 4978 2633 5033 illius
2646 4977 2913 5033 antistitis
2934 4976 3062 5043 iter,
3088 4976 3311 5029 Roman
3337 4989 3525 5027 versus
3544 4976 3906 5042 susceptum,

2288 5071 2557 5133 enarrat;
2610 5070 2671 5120 ut
2710 5064 2955 5138 proinde
3003 5065 3111 5119 hoc
3164 5063 3258 5117 ille
3302 5061 3510 5116 eodem
3550 5076 3705 5114 anno
3762 5063 3906 5118 1097

2286 5154 2521 5209 indubie
2557 5153 2632 5208 sit
2673 5169 2968 5225 aggresus.
3019 5153 3197 5206 Porro
3236 5149 3541 5204 Auselmus
3586 5147 3645 5201 in
3687 5147 3908 5205 itinere

2286 5242 2405 5309 illo,
2438 5242 2519 5298 uti
2554 5242 2764 5313 partim
2795 5258 2861 5296 ex
2893 5242 3017 5310 ejus
3049 5240 3199 5305 vita,
3233 5239 3306 5293 ab
3356 5236 3639 5291 Eadmero
3676 5251 3741 5289 ex
3786 5236 3910 5293 dic-

2284 5331 2354 5384 tis
2401 5330 2617 5401 pariter
2663 5329 3000 5399 conscripta
3040 5331 3214 5399 atque
3256 5325 3313 5379 in
3358 5324 3664 5396 prafatum
3705 5325 3907 5396 operis

2284 5418 2467 5473 nostri
2489 5421 2715 5472 tomum
2745 5417 2918 5470 illata
2957 5416 3055 5470 lib.
3083 5432 3144 5481 ιι,
3172 5430 3296 5485 cap.
3334 5415 3388 5477 4,
3421 5410 3632 5482 partim
3663 5427 3694 5464 e
3724 5412 3901 5468 dicta

2284 5505 2556 5571 historia,
2575 5521 2702 5577 qua
2716 5504 2989 5558 eumdem
3012 5503 3361 5557 Eadmerum
3374 5504 3672 5554 auctorem
3693 5498 3897 5570 habet,

2273 5595 2381 5656 lib.
2416 5593 2617 5652 itidem
2650 5610 2710 5661 η,
2743 5609 2867 5666 cap.
2903 5595 2937 5647 2
2965 5594 3024 5647 et
3052 5588 3895 5664 seq.intelligitur,natalitiam
