4014 6052
245 348 344 406 401

1811 338 1992 407 ACTA

3454 348 3567 413 402

246 470 454 527 Christi
484 467 855 525 festivitatem
876 484 1008 523 cum
1020 472 1218 526 sancto
1234 468 1471 544 Hugone
1487 473 1694 528 abbate
1723 472 1855 528 Clu-
1878 483 1935 542 Α
1962 469 2158 526 forent
2176 469 2388 526 comite
2419 464 2792 542 provectioris
2839 465 3047 538 etatis,
3077 473 3135 526 et
3173 475 3429 546 corporis
3458 477 3579 548 pla-

244 559 396 614 niaci
426 557 753 624 celebravit,
801 556 937 611 inde
994 557 1339 629 Lugdunum
1392 576 1727 633 progressus
1753 563 1857 631 est,

1961 574 2169 630 garum
2192 559 2572 630 laborumque
2588 557 2912 628 asperitatis
2931 558 3050 613 viro
3071 559 3439 631 vigilantiore
3454 565 3571 619 exi-

242 648 492 720 hincque
518 646 625 700 iter
655 649 1146 718 prosecutus,cum
1171 646 1407 719 Segusio
1435 649 1665 721 ignotus
1678 652 1863 704 trans-
1962 648 2316 703 stente.Nam
2331 650 2390 702 et
2409 646 2482 701 ab
2505 646 2664 700 omni
2679 645 2928 701 exercitu
2942 647 3065 717 ejus
3081 647 3375 719 vigilantia
3393 651 3579 707 admi-

240 736 420 801 iisset,
452 734 607 806 apud
638 738 902 789 sanctum
942 734 1273 790 Michaelem
1292 736 1363 791 de
1397 736 1563 792 Clusa
1591 737 1650 792 in
1685 736 1859 792 Pede-

242 823 468 878 montio
487 821 768 894 passionis
783 838 849 876 ac
862 823 1298 877 resurrectionis
1318 824 1633 880 Dominica:
1655 825 1860 879 solem-

241 912 340 965 nia
390 910 719 976 celebravit,
762 909 1118 981 feliciterque
1167 910 1662 981 Guibertinorum,
1730 928 1858 985 que

238 1001 458 1070 paratae
479 998 530 1052 ei
563 1000 751 1064 erant,
792 996 1016 1052 evitatis
1066 998 1307 1064 insidiis,
1345 1000 1590 1055 Romam
1618 1000 1857 1055 tandem

240 1087 398 1141 haud
422 1087 640 1141 dudum
669 1088 798 1156 post
822 1086 1102 1155 pervenit.

314 1178 440 1230 652.
471 1175 668 1239 Porro,
705 1173 905 1227 diebus
945 1173 1145 1228 decem
1192 1175 1390 1231 Romae
1418 1175 1743 1242 transactis,
1776 1176 1861 1230 in-

245 1263 458 1317 vitatus
486 1279 520 1316 a
548 1263 790 1329 Joanne,
819 1278 920 1315 suo
952 1261 1089 1315 olim
1117 1263 1269 1333 apud
1303 1265 1542 1318 Beccum
1558 1263 1855 1334 discipulo,

243 1354 382 1405 tunc
415 1366 547 1405 vero
572 1350 781 1404 abbate
804 1348 995 1403 Sancti
1015 1349 1323 1406 Salvatoris
1352 1368 1531 1423 prope
1548 1352 1854 1417 Telesium,

244 1439 453 1493 urbem
482 1438 541 1491 in
557 1443 710 1492 terra
740 1438 972 1505 laboris,
991 1438 1060 1491 ad
1084 1455 1216 1493 eum
1240 1439 1645 1508 divertit;cum
1662 1443 1857 1495 autem

243 1527 315 1581 ab
346 1528 455 1582 hoc
484 1526 544 1580 in
572 1525 763 1580 villam
785 1527 1119 1580 monasterii
1152 1528 1258 1593 sui,
1295 1529 1532 1583 nomine
1555 1528 1855 1597 Sclaviam,

242 1614 302 1669 in
334 1615 543 1669 vicimo
573 1617 773 1668 monte
802 1614 994 1680 sitam,
1030 1615 1233 1669 ductus
1280 1616 1503 1683 fuisset,
1536 1617 1730 1689 ibique
1761 1618 1857 1672 ali-

241 1707 460 1774 quanto
479 1702 754 1774 temporis
768 1702 951 1773 spatio
974 1701 1319 1771 degisset,ad
1333 1705 1857 1777 ducemBogerium

1962 736 2172 790 rationi
2188 738 2331 801 erat,
2358 750 2675 806 omnesque
2689 734 2746 789 in
2766 735 2888 805 ejus
2905 735 3167 807 exemplo
3188 735 3577 809 vigilantiores

1961 823 2408 878 reddebantur.»
2438 824 2521 876 Ita
2532 823 2809 878 hactenus
2823 825 3031 891 textus,
3046 824 3142 895 qui
3156 824 3471 882 Malaterraa
3485 844 3578 883 ex-

1958 914 2049 967 tra
2062 928 2302 966 omnem
2331 910 2779 966 controversiam
2813 914 2916 980 est;
2938 912 3068 967 huic
3081 915 3433 986 autem,qum
3454 915 3573 971 dic-

1958 1003 2083 1054 tum
2108 999 2239 1054 libri
2255 999 2444 1070 quarti
2469 1015 2595 1070 cap.
2619 1002 2687 1052 26
2706 999 3297 1072 terminant,qu£eque
3321 1018 3396 1057 an
3407 1003 3573 1058 Mala-

1959 1091 2127 1142 terraa
2144 1087 2278 1153 sint,
2299 1087 2392 1142 hic
2410 1087 2741 1159 quaerimus,
2767 1087 3006 1142 recitata
3027 1105 3187 1142 num.
3220 1090 3469 1159 prmced.
3501 1090 3573 1145 de

1961 1174 2350 1247 impregnata
2380 1178 2515 1229 ante
2541 1174 2796 1245 Capuam
2825 1175 3089 1231 Adelasia
3116 1177 3291 1231 verba
3309 1177 3571 1249 proxime

1957 1262 2300 1329 subdantur,
2329 1280 2392 1317 ac
2424 1262 2636 1317 deinde
2682 1263 2939 1334 sequitur
2986 1268 3156 1334 caput
3186 1268 3273 1330 27,
3308 1265 3463 1336 quod
3491 1264 3573 1320 ita

1957 1350 2293 1404 inchoatur:
2329 1373 2356 1401 ‹‹
2371 1350 2513 1405 Cum
2544 1349 2652 1404 ista
2670 1354 3097 1422 aguntur,papa
3111 1352 3371 1407 Urbanus
3392 1353 3569 1407 collo-

1958 1437 2158 1510 quium
2182 1437 2339 1492 ducis
2364 1441 2421 1491 et
2448 1437 2673 1492 comitis
2702 1438 3034 1492 desiderans
3073 1455 3106 1492 a
3130 1440 3312 1494 Roma
3328 1436 3569 1512 pregre;

1958 1525 2141 1579 diens.
2172 1525 2451 1596 Capuam,
2478 1525 2574 1579 ubi
2599 1525 2989 1579 obsessionem
3011 1528 3311 1595 tenebant,
3331 1528 3508 1583 venit.
3539 1550 3570 1578 ››

1956 1613 2087 1667 Tale
2118 1616 2222 1679 est,
2251 1613 2407 1684 quod
2436 1612 2688 1667 historiae
2712 1611 2914 1667 Siculae
2938 1613 3069 1667 libri
3095 1614 3279 1684 quarti
3301 1618 3473 1686 caput
3502 1620 3569 1671 27

1958 1700 2113 1772 apud
2138 1701 2501 1755 Malaterram
2547 1700 2742 1755 habet.
2778 1700 3035 1768 initium;
3074 1718 3270 1756 verum
3298 1703 3423 1773 quis
3449 1718 3568 1758 non

241 1790 498 1857 accessit,
533 1790 652 1860 qui,
682 1790 742 1843 in
759 1790 958 1844 castris
977 1794 1113 1844 ante
1141 1793 1393 1861 Capuam
1415 1794 1702 1847 obsessam
1724 1797 1859 1848 tunc
1885 1810 1934 1868 Β
1957 1788 2241 1859 videt,per
2257 1788 2427 1842 verba
2450 1788 2521 1842 de
2546 1788 2930 1859 imprzegnata
2953 1788 3013 1842 in
3046 1788 3243 1842 castris
3275 1793 3408 1843 ante
3463 1790 3566 1844 Ca-

237 1877 902 1949 versans,insignemque
926 1877 1028 1931 viri
1046 1879 1412 1933 sanctitatem
1430 1880 1853 1950 edoctus,cum,

240 1971 304 2020 ut
340 1966 414 2020 ad
442 1983 502 2020 se
548 1966 788 2033 veniret,
848 1966 1135 2021 invitarat.
1192 1968 1274 2021 lta
1311 1966 1435 2021 fere
1466 1972 1751 2038 quantum
1781 1968 1856 2024 ad

241 2053 643 2120 substantiam,
680 2056 743 2107 ut
765 2054 890 2124 jam
920 2055 1143 2119 monui,
1178 2054 1515 2122 Eadmerus,
1548 2056 1759 2127 partim
1794 2056 1853 2110 in

242 2141 569 2212 censoripta
589 2158 622 2194 a
650 2158 707 2195 se
725 2140 780 2196 S.
797 2142 1051 2195 Anselmi
1072 2142 1217 2208 Vita,
1247 2143 1458 2212 partim
1491 2143 1547 2196 in
1566 2142 1856 2197 Novarum

244 2230 469 2300 Anglia:
524 2228 770 2283 Historia
814 2228 953 2283 locis
993 2246 1165 2301 supra
1210 2230 1331 2283 citt.
1385 2230 1513 2284 Jam
1543 2247 1677 2284 vero
1723 2246 1855 2286 cum

244 2318 575 2383 Anselmus,
625 2318 772 2370 teste
805 2316 1112 2383 Eadmero,
1148 2322 1381 2371 auctore
1431 2335 1499 2372 ex
1531 2317 1693 2371 dictis
1723 2335 1855 2390 syn-

243 2404 487 2470 chrono,
519 2408 895 2476 sanctumque
924 2406 1080 2459 hunc
1106 2406 1422 2460 antistitem
1454 2406 1511 2460 in
1529 2406 1733 2460 itinere
1758 2406 1855 2464 illo

240 2493 539 2559 comitate,
570 2509 722 2547 anno
758 2494 914 2560 £097,
938 2509 1138 2547 mense
1169 2493 1399 2548 Octobri
1432 2511 1498 2547 ex
1515 2494 1722 2564 Anglia
1752 2495 1859 2550 Ro-

240 2596 402 2634 mam
429 2597 621 2634 versus
636 2580 745 2634 iter
766 2579 1096 2650 arripuerit,
1118 2597 1302 2652 eoque
1316 2582 1468 2635 haud
1487 2581 1705 2635 dudum
1729 2585 1858 2653 post

240 2666 678 2721 resurrectionis
733 2667 1050 2722 Dominicaa
1093 2669 1322 2723 festum.
1359 2668 1516 2739 quod
1553 2668 1693 2722 anni
1722 2672 1853 2722 £097

240 2754 552 2809 Octobrem
598 2753 859 2826 proxime
892 2755 1135 2826 excepit,
1188 2755 1495 2827 appulerit,
1525 2773 1630 2810 nec
1673 2757 1853 2810 multo

244 2845 378 2914 post
398 2841 476 2897 ad
506 2842 822 2913 Rogerium
841 2843 1069 2910 ducem,
1100 2844 1195 2914 qui
1230 2860 1344 2897 una
1374 2860 1501 2898 cum
1533 2847 1736 2915 patruo
1756 2859 1857 2898 suo

242 2929 455 2985 comite
490 2930 1127 3002 Rogerio,cognatoque
1144 2930 1425 2985 Richardo
1451 2932 1706 3003 Capuam
1723 2934 1859 2988 tunc

1957 1892 2131 1948 puam
2150 1875 2436 1941 Adelasia,
2460 1892 2587 1946 quae
2609 1874 2717 1929 hoc
2756 1875 2910 1929 inter
2953 1880 3010 1929 et
3028 1876 3340 1931 Malaterraa
3367 1876 3569 1948 genui-

1958 1980 2121 2032 num,
2158 1981 2330 2035 quem
2355 1964 2483 2034 jam
2508 1963 2760 2029 recitavi,
2795 1980 3083 2034 quemque
3114 1967 3285 2035 caput
3308 1964 3570 2034 proxime

1954 2051 2288 2123 praecedens
2316 2051 2665 2123 suppeditat,
2691 2055 2910 2105 textum
2926 2051 3368 2122 interjiciuntur,
3391 2052 3571 2107 conti-

1956 2145 2193 2194 nentem
2224 2139 2518 2209 scriptoris
2553 2140 2722 2208 hujus
2752 2139 3145 2193 narrationem
3172 2140 3568 2211 perturbatam

1956 2228 2118 2282 reddi
2136 2244 2201 2281 ac
2216 2227 2485 2282 divisam?
2502 2227 2666 2290 Quod
2688 2244 2820 2281 cum
2839 2229 2918 2280 ita
2934 2227 3138 2293 sit,nec
3167 2227 3398 2282 vitiosus
3423 2227 3567 2282 adeo

1957 2316 2017 2371 in
2029 2315 2333 2370 narrandis
2346 2316 2515 2369 rebus
2530 2315 2735 2370 modus
2753 2315 3174 2370 inMalaterram
3191 2315 3475 2387 quadrare
3496 2315 3571 2370 vi-

1958 2404 2218 2470 deatur,v
2233 2404 2373 2458 erba
2387 2404 2482 2458 illa
2496 2421 2614 2458 non
2635 2403 2762 2473 ipsi,
2782 2404 2881 2457 sed
2912 2404 3108 2475 inepto
3125 2403 3473 2470 adnotatori,
3507 2406 3571 2457 ut

1946 2491 2075 2562 jam
2115 2492 2249 2558 dixi,
2278 2492 2649 2546 attribuenda
2689 2495 2841 2548 sunt.
2884 2492 2955 2546 Ut
2983 2509 3074 2546 res
3102 2492 3315 2547 certior
3344 2492 3568 2559 evadat,

1949 2579 2165 2650 juverit
2194 2596 2325 2634 eam
2356 2580 2467 2635 alio
2496 2579 2683 2633 adhuc
2713 2583 3061 2652 argumento
3090 2580 3370 2635 firmasse.

2028 2671 2151 2723 654.
2186 2670 2486 2724 Malaterra
2516 2669 2573 2722 in
2603 2669 2940 2739 prmfatione
2957 2670 3052 2724 lib.
3083 2686 3121 2724 ιι
3146 2670 3334 2742 operis
3358 2669 3570 2734 sui,seu

1955 2756 2211 2811 historias
2244 2756 2445 2811 Sicula:
2467 2773 2501 2810 a
2526 2774 2584 2811 sc
2599 2757 2956 2828 conscriptae,
2975 2761 3305 2829 temperum
3322 2774 3443 2812 sese
3463 2773 3565 2812 an-

1958 2862 2285 2916 norumque
2313 2845 2581 2899 ordinem
2606 2845 2667 2899 in
2708 2846 2997 2900 narrando
3026 2849 3382 2900 servaturum
3399 2845 3565 2917 polli-

1959 2932 2121 2999 citus,
2155 2933 2213 2986 id
2243 2932 2430 3003 ipsum
2461 2948 2582 2986 sese
2619 2933 2924 2999 facturum,
2948 2933 3045 2986 lib.
3077 2949 3293 3005 1v,cap.
3327 2935 3392 2987 £8
3412 2932 3559 3003 ejus-

241 3018 567 3084 obsidedat,
603 3018 926 3085 accesserit,
955 3036 1019 3072 ex
1052 3019 1116 3072 iis
1149 3035 1308 3086 sane,
1350 3036 1477 3090 quae
1531 3020 1856 3087 Anselmus,
1886 3058 1932 3116 Ο
1960 3021 2094 3076 dem
2120 3020 2310 3092 operis
2332 3020 2544 3074 iterum
2561 3020 3193 3092 profitetur;postquam
3217 3023 3568 3075 autemtem-

247 3110 453 3160 auctor
473 3105 634 3160 omni
653 3106 988 3178 exceptione
1000 3105 1092 3159 hic
1108 3106 1316 3175 major,
1334 3108 1630 3161 memoriae
1647 3106 1857 3177 prodit,

241 3194 664 3249 consectarium
688 3197 793 3260 est,
821 3197 886 3248 ut
916 3194 1107 3266 Capua
1133 3211 1288 3248 anno
1329 3197 1463 3248 £098
1493 3195 1652 3248 omni
1685 3194 1858 3253 dubio

234 3283 440 3354 procul
468 3282 641 3336 fuerit
663 3283 912 3338 obsessa.
946 3283 1131 3353 Atque
1146 3282 1254 3336 hoc
1274 3282 1551 3353 primum,
1587 3282 1744 3353 quod
1763 3281 1859 3337 hic

241 3370 672 3425 ostendendum
706 3374 852 3433 erat,
882 3371 1129 3423 alterum
1178 3374 1282 3437 est,
1318 3373 1381 3423 ut
1420 3370 1614 3435 verba,
1655 3369 1860 3441 quibus

237 3458 298 3512 in
329 3458 520 3512 Sicula
551 3457 825 3512 Gaufredi
847 3457 1162 3513 Malaterraz
1194 3457 1457 3524 historia,
1483 3458 1691 3529 Capuae
1707 3456 1856 3511 obsi-

242 3545 503 3611 dionem,
528 3561 644 3617 qua
676 3546 942 3611 durante,
961 3544 1020 3599 S.
1047 3546 1235 3599 Bruno
1254 3544 1452 3599 comiti
1487 3544 1731 3615 Rogerio
1762 3561 1859 3617 ap-

237 3635 451 3705 paruit,
486 3633 934 3705 imminentique
964 3633 1217 3704 periculo
1252 3650 1384 3687 eum
1434 3633 1660 3705 eripuit,
1703 3650 1856 3689 anno

242 3724 378 3777 1097
415 3721 727 3794 contigisse
758 3721 1064 3788 indicatur,
1086 3721 1379 3791 scriptoris
1392 3722 1562 3792 hujus
1575 3738 1691 3776 non
1714 3738 1855 3791 esse,

238 3811 554 3882 probatum
572 3827 725 3864 nunc
743 3809 899 3863 dem.
924 3809 1110 3863 Verba
1135 3809 1231 3863 illa
1249 3810 1328 3863 ita
1346 3809 1594 3863 habent:
1635 3832 1661 3859 «
1691 3812 1857 3864 Anno

242 3898 562 3953 Dominica:
593 3897 1013 3952 Incarnationis
1047 3899 1179 3952 £097
1214 3896 1292 3951 ibi
1320 3896 1397 3967 (in
1430 3896 1626 3950 castris
1647 3912 1858 3967 nempe

239 3991 375 4041 ante
409 3987 663 4056 Capuam
699 3986 1011 4056 obsessam)
1044 4001 1103 4039 se
1129 3984 1539 4057 impraagnavit
1569 3984 1858 4040 comitissa

241 4073 511 4129 Adelasia
543 4075 615 4130 de
646 4075 859 4129 comite
887 4075 1136 4146 Rogerio
1164 4091 1220 4142 ;››
1238 4074 1360 4129 haac
1392 4078 1610 4140 autem,
1634 4077 1695 4127 ut
1723 4077 1856 4129 ante

248 4179 344 4216 me
375 4162 724 4233 Peregrinus
746 4163 803 4216 in
836 4162 948 4217 suis
974 4162 1048 4216 ad
1075 4161 1193 4233 lupi
1239 4164 1586 4232 protospataa
1618 4160 1855 4216 Chroni-

240 4267 351 4307 con
377 4255 534 4306 recte
581 4251 924 4317 observavit,
978 4250 1229 4321 glossula
1267 4250 1568 4304 dumtaxat
1606 4253 1759 4323 sunt,
1784 4249 1857 4305 ab

1959 3124 2169 3180 porum
2186 3124 2588 3179 annorumque
2618 3108 2677 3161 in
2713 3107 3005 3162 narrando
3019 3107 3208 3162 ordini
3237 3107 3318 3161 ita
3345 3123 3466 3162 sese
3483 3106 3569 3163 bis

1960 3194 2282 3259 obstrinxit,
2325 3195 2530 3249 eodem
2570 3195 2716 3250 libro
2750 3195 3141 3267 quarto,cujus
3164 3211 3289 3266 cap.
3326 3196 3389 3250 £8
3417 3194 3570 3249 hanc

1958 3283 2064 3337 sibi
2094 3282 2513 3353 obligationem
2532 3283 2784 3338 secundo
2806 3282 3231 3354 imposuit,cap.
3266 3285 3334 3337 25
3347 3285 3567 3348 narrat,

1958 3372 2056 3443 qui
2083 3371 2561 3443 comesRogerius
2583 3371 3211 3443 filiam,Hunganorum
3235 3368 3359 3440 regi
3372 3367 3431 3423 in
3449 3384 3570 3423 ma-

1957 3459 2304 3514 trimonium
2359 3459 2604 3526 dederit,
2639 3476 2883 3531 eamque
2918 3460 2987 3513 ab
3019 3457 3281 3524 Henrico,
3336 3456 3569 3511 Leocas-

1957 3548 2133 3602 trensi
2158 3548 2609 3619 episc0p0,anno
2648 3552 2806 3615 £097,
2834 3564 3032 3602 mense
3076 3546 3218 3601 Maio
3252 3545 3311 3599 in
3338 3546 3566 3601 Panno-

1958 3634 2119 3689 niam
2166 3636 2371 3689 itinere
2404 3636 2700 3690 maritimo
2736 3635 2864 3690 duci
2897 3634 3128 3689 curarit.
3181 3634 3262 3688 En
3294 3634 3418 3704 ipsa
3447 3634 3569 3703 ejus

1958 3724 2169 3778 verba:
2202 3746 2229 3772 ‹‹
2251 3726 2418 3777 Anno
2449 3723 2663 3794 itaque,
2698 3723 2905 3793 inquit,
2940 3722 3353 3776 lncarnationis
3382 3721 3568 3775 mille-

1958 3811 2105 3866 simo
2135 3810 2513 3882 nonagesimo
2571 3811 2839 3882 septimo,
2872 3810 3180 3881 apparatis,
3214 3825 3340 3880 quae
3372 3825 3567 3863 neces-

1959 3899 2111 3954 saria
2137 3904 2321 3964 erant,
2355 3916 2552 3953 mense
2605 3899 2748 3952 Maio
2804 3916 2935 3952 cum
2967 3896 3237 3951 trecentis
3291 3896 3568 3950 militibus

1959 4004 2137 4058 usque
2165 3986 2449 4040 Thermas
2481 3986 2803 4040 conducere
2853 3984 2992 4039 facit
3046 3984 3260 4053 (comes
3289 3983 3567 4054 Rogerius

1957 4074 2134 4129 filiam
2153 4074 2653 4147 suam)Henricum
2676 4073 3139 4128 Leocastrensem
3159 4070 3489 4141 episcopum
3509 4073 3569 4124 et

1959 4163 2239 4234 quosdam
2270 4162 2341 4217 de
2361 4162 2623 4217 fidelibus
2655 4160 2785 4226 suis,
2820 4160 3030 4214 abinde
3064 4158 3359 4212 maritimo
3398 4174 3566 4212 cursu

1958 4267 2137 4323 usque
2173 4251 2539 4305 Pannoniam
2573 4267 2702 4303 eum
2758 4250 2951 4320 puella
2979 4247 3290 4319 procedere
3331 4245 3565 4311 faciens,

242 4339 430 4395 otioso
464 4339 810 4394 adnotatore
842 4338 915 4394 ad
942 4339 1171 4411 paginae
1204 4355 1367 4393 oram
1396 4338 1702 4409 adscripta,
1725 4343 1862 4393 etex
1882 4342 1935 4400 D
1961 4340 2077 4412 qui,
2112 4339 2351 4393 navibus
2380 4338 2669 4410 apparatis
2689 4338 2940 4409 puellam
2962 4352 3090 4390 cum
3111 4333 3304 4388 multis
3331 4349 3567 4406 sponsa-

240 4430 353 4484 hac
382 4428 592 4483 deinde
624 4429 683 4483 in
712 4428 900 4498 ipsum
932 4427 1178 4482 auctoris
1208 4431 1430 4481 textum
1463 4427 1536 4481 ab
1587 4426 1857 4498 imperito

240 4516 478 4573 librario
503 4516 800 4572 translata.

312 4607 437 4660 653.
473 4604 532 4659 id
563 4604 640 4660 sic
673 4604 913 4659 ostendo
944 4621 957 4658 :
989 4604 1289 4659 Malaterra
1345 4603 1603 4659 Historia:
1658 4603 1860 4659 Sicula:

239 4693 387 4748 libro
420 4711 493 4761 ιν,
517 4710 646 4766 cap.
676 4695 742 4749 26
766 4693 870 4748 sub
908 4692 1087 4747 finem
1111 4692 1188 4746 sic
1219 4692 1424 4746 habet:
1458 4693 1633 4763 «Ipse
1665 4694 1860 4746 autem

242 4781 761 4853 comes(Bogerius
780 4780 1014 4850 scilicet)
1039 4779 1201 4835 omni
1237 4779 1467 4834 diliculo
1505 4785 1641 4834 ante
1675 4780 1861 4833 lucem

239 4886 503 4941 surgens,
528 4873 841 4940 utrumque
867 4868 1200 4931 exercitum,
1233 4871 1474 4939 pontem
1508 4866 1860 4923 transeundo

248 4982 277 5010 ι(
312 4958 513 5031 (quem
550 4975 822 5030 nempe,»
853 4962 915 5012 ut
945 4958 1207 5013 laudatus
1238 4956 1583 5028 Peregrinus
1612 4958 1737 5012 loco
1762 4956 1858 5011 cit.

240 5050 429 5109 notat,
465 5069 493 5097 «
514 5061 688 5117 super
718 5046 1056 5099 Vulturnum
1070 5048 1486 5112 construxerat,
1506 5048 1568 5099 ut
1580 5060 1680 5099 suo
1707 5060 1862 5099 exer-

242 5156 273 5186 »
312 5136 472 5202 citui,
493 5139 551 5189 et
579 5134 739 5189 ducis
755 5134 981 5206 Rogerii
998 5133 1383 5205 principisque
1414 5133 1679 5188 Richardi
1701 5148 1862 5187 com-

244 5244 274 5273 »
312 5224 526 5289 munis,
563 5221 696 5278 facil
726 5239 867 5294 sque
898 5224 1121 5293 pateret
1169 5221 1277 5288 via,
1330 5221 1425 5293 qui
1456 5224 1613 5276 trans
1642 5221 1861 5275 flumen

244 5332 273 5362 η
308 5311 383 5366 ad
412 5310 868 5382 septentrionem
886 5310 1140 5382 Capuam
1168 5308 1525 5379 obsidebant)
1544 5309 1860 5380 »iuvisens,

249 5404 446 5455 utrum
478 5398 685 5454 attenti
701 5401 891 5453 essent
919 5398 993 5453 ad
1021 5397 1305 5465 excubias,
1345 5396 1525 5451 visum
1540 5397 1861 5451 ibat.Porro

1957 4427 2107 4482 libus
2134 4427 2612 4491 intromittentes,
2647 4425 2783 4480 velis
2836 4426 3007 4478 vento
3049 4421 3390 4488 commissis,
3435 4437 3568 4493 pro-

1959 4532 2127 4588 spera
2157 4532 2299 4569 aura
2314 4516 2492 4569 ﬂante
2508 4530 2610 4585 per
2635 4530 2868 4584 aequora
2884 4513 3147 4566 feruntur
3157 4526 3334 4583 usque
3352 4509 3490 4564 dum
3510 4509 3572 4563 in

1961 4607 2195 4677 portum
2224 4603 2402 4670 Albae,
2423 4602 2520 4673 qui
2539 4602 2688 4672 juris
2714 4617 2920 4672 regum
2953 4600 3319 4670 Ungarorum
3345 4596 3573 4665 est,im-

1962 4708 2116 4763 pune
2148 4691 2516 4762 applicant.»
2555 4689 2703 4755 Haec,
2765 4704 2894 4760 quas
2946 4704 3101 4742 anno
3164 4689 3297 4742 £097
3356 4684 3572 4758 partim

1962 4795 2160 4834 mense
2176 4778 2342 4845 Maio,
2374 4778 2587 4850 partim
2628 4777 2801 4849 paulo
2842 4775 3023 4829 serius
3042 4778 3205 4848 gesta
3233 4777 3385 4839 sunt,
3419 4771 3571 4827 dicto

1962 4866 2053 4921 lic.
2080 4883 2130 4920 ιν
2148 4882 2275 4938 cap.
2306 4870 2372 4921 25
2402 4866 2734 4931 Malaterra;
2768 4863 2865 4935 qui
2895 4866 3090 4918 autem
3144 4878 3337 4916 comes
3393 4859 3577 4929 Roge-

1962 4954 2133 5008 riusa
2164 4953 2470 5020 Richardo,
2518 4952 2779 5023 principe
2826 4954 3119 5005 Aversano’
3164 4951 3223 5004 et
3264 4964 3297 5001 a
3326 4945 3572 5017 Rogerio

1966 5042 2110 5097 duce
2142 5041 2586 5113 consanguineis
2616 5040 2752 5106 suis,
2792 5043 2856 5093 ut
2882 5036 3171 5109 suppetias
3194 5035 3275 5090 eis
3303 5033 3572 5088 adversus

1965 5129 2579 5200 Capuanos,Richardo
2599 5128 2862 5193 rebelles,
2886 5125 3083 5191 ferret,
3107 5122 3279 5177 missa
3294 5120 3470 5175 etiam
3497 5119 3570 5174 ad

1964 5235 2098 5273 eum
2130 5235 2165 5272 a
2198 5217 2443 5289 Rogerio
2467 5216 2608 5270 duce
2624 5231 2797 5269 uxore
2827 5230 2948 5279 sua,
2981 5207 3421 5283 rogatusfuerit,
3444 5223 3571 5278 cap.

1963 5306 2228 5378 proxime
2260 5322 2380 5377 seq.
2432 5303 2686 5375 exponit,
2733 5318 2797 5356 ac
2823 5299 3031 5356 deinde
3062 5298 3267 5353 eodem
3285 5313 3411 5367 cap.
3436 5295 3569 5349 sub-

1957 5394 2172 5466 jungit;
2208 5416 2235 5444 ‹‹
2258 5393 2463 5448 Comes
2475 5395 2669 5446 autem
2688 5390 2902 5461 pietate
2926 5385 3341 5458 consanguinei
3359 5382 3574 5454 princi-

253 5487 363 5561 ipsi
404 5487 617 5542 rubore
644 5487 1164 5558 perfundebantur,
1200 5484 1356 5557 quod
1381 5486 1621 5556 juvenes
1669 5484 1774 5555 ipsi
1808 5489 1865 5539 et
1973 5482 2062 5555 pis
2088 5486 2146 5537 et
2176 5482 2374 5537 multis
2405 5481 2592 5535 verbis
2619 5477 2878 5544 ducisszr,
2913 5476 3017 5531 sibi
3048 5492 3082 5531 a
3114 5474 3255 5530 duce
3271 5472 3571 5561 delegatus,

248 5559 328 5632 ad
357 5593 505 5649 quos
535 5574 878 5647 peculiarius
910 5573 1210 5646 negotium
1241 5572 1543 5642 attinebat,
1572 5572 1867 5644 segniores
1967 5570 2258 5643 legatione
2292 5566 2681 5641 deprecatoris
2702 5571 2760 5623 et
2781 5564 3108 5622 humilitate
3151 5559 3492 5635 exponentis
3523 5560 3591 5639 iis
