4066 6032
412 198 516 255 403

1267 193 1324 249 8.
1355 190 1705 250 BRUNONIS
1734 144 2366 248 CARTHUSIANCRUM
2401 184 2868 242 INSTITUTORIS

3622 184 3736 242 404

407 321 591 376 lectus
621 321 679 373 et
702 332 1023 389 persuasus,
1061 316 1389 385 exercitum,
1432 319 1662 390 qualem
1713 331 2011 388 nunquam
2112 328 2286 384 quam
2312 312 2499 381 Lupus
2524 311 2883 380 Protospata,
2915 323 3070 362 anno
3087 305 3411 379 consignet,
3438 324 3503 362 ac
3535 309 3733 379 proin,

413 412 586 464 antea
611 408 878 463 habuisse
908 404 1281 475 dignoscitur,
1314 407 1385 461 ab
1416 406 1575 461 omni
1604 405 1794 460 Sicilia
1821 409 1875 459 et
1907 404 2011 458 Ca-

410 497 597 552 labria
633 496 768 551 forti
811 494 1056 565 imperio
1104 494 1375 561 conﬂato,
1422 494 1610 567 prima
1646 493 2013 547 hebdomade

411 585 620 657 Agrilis
668 584 917 638 secunda
959 599 1096 654 pace
1144 584 1389 637 Pharum
1436 584 1716 636 transiens
1756 582 2012 634 illorsum

414 674 628 745 (versus
657 672 911 745 Capuam
942 688 1150 742 nempe
1176 689 1293 737 seu,
1328 672 1531 742 quibus
1552 670 1837 743 suppetias
1867 671 2011 723 latu-

413 780 510 817 rus
540 762 681 829 ibat,
702 778 889 815 versus
916 760 1281 825 Richardum,
1300 763 1647 814 Aversanum
1668 758 2009 829 principem,

411 855 469 907 et
499 851 809 921 Rogerium
838 850 1065 909 ducem)
1096 849 1390 903 accelerat.
1427 872 1453 897 »

336 1006 341 1009 _
482 942 606 994 655.
632 940 759 993 Haec
789 939 912 1015 loco
944 938 1039 991 cit.
1066 939 1382 1003 Malaterra,
1426 938 1641 991 ibidem
1676 936 1849 991 etiam
1880 952 2014 990 mox

408 1027 662 1094 tradens,
691 1027 787 1098 qui
804 1027 1106 1097 Bogerius,
1142 1044 1271 1080 cum
1305 1028 1556 1080 Pharum
1600 1042 1797 1079 mense
1833 1024 2014 1095 Aprili

405 1116 739 1187 trajecisset,
761 1131 865 1186 per
887 1115 1207 1169 Calabriam
1226 1118 1281 1168 et
1303 1114 1565 1186 Apuliam
1581 1114 1889 1167 exercitum
1910 1112 2013 1166 du-

405 1203 570 1270 xerit,
604 1204 808 1257 ducem
844 1202 1154 1273 Rogerium
1202 1202 1259 1256 in
1306 1202 1398 1256 via
1448 1202 1679 1256 obvium
1726 1199 2010 1265 habuerit,

405 1292 780 1345 Pentecosten
806 1306 983 1361 prepe
997 1290 1237 1355 ﬂumen,
1259 1313 1284 1339 ‹‹
1307 1289 1579 1344 Sabatum
1608 1311 1634 1337 ››
1658 1288 1871 1354 seu,uti
1894 1288 2013 1358 ipse

404 1378 619 1444 scribit,
635 1400 662 1426 ‹‹
683 1377 999 1432 Sabbatum
1020 1399 1047 1425 »
1075 1381 1361 1444 vocatum,
1383 1376 1713 1442 celebrarit,
1734 1393 1796 1429 ac
1829 1379 2014 1429 castra

404 1466 641 1520 tandem
671 1465 745 1520 ad
775 1465 1028 1535 Capuam
1059 1466 1333 1537 posuerit,
1366 1467 1632 1536 hancqua
1662 1466 1865 1518 urbem
1898 1480 2014 1517 una

403 1570 535 1610 cum
566 1554 707 1608 duce
739 1554 985 1623 Rogerio
1016 1557 1073 1607 et
1104 1554 1388 1609 Richardo
1421 1554 1680 1625 principe
1722 1554 2009 1606 Aversano

2112 405 2175 455 ut
2199 401 2283 454 vel
2314 399 2489 453 verba
2537 397 2607 450 de
2658 396 3042 467 impraegnata
3075 410 3230 448 anno
3279 398 3412 450 1097
3445 395 3503 449 in
3536 396 3739 450 castris

2114 493 2245 544 ante
2276 488 2526 558 Capuam
2557 485 2822 539 Adelasia
2854 500 3028 554 supra
3054 484 3165 537 huc
3189 484 3537 555 transcripta
3557 485 3737 539 Mala—

2114 580 2279 630 terrae
2305 592 2422 629 non
2456 574 2588 639 sint,
2617 574 2701 626 vel
2742 576 2822 637 ut,
2872 572 2915 625 si
2966 570 3092 642 ipsi,
3142 587 3259 625 non
3308 576 3501 625 autem
3532 572 3737 644 inepto

2113 661 2462 727 adnotatori,
2486 661 2736 716 debeant
2763 659 3023 724 attribui,
3050 658 3288 712 errorin
3320 675 3537 713 annum
3572 662 3736 727 1097,

2113 767 2226 822 quo
2276 751 2373 804 illa
2412 749 2761 813 afficiuntur,
2796 746 3166 801 librariorum
3195 746 3328 800 vitio
3364 747 3739 802 oscitantiave

2113 837 2659 910 irrepserit,proque
2688 851 2840 888 anno
2873 834 2968 887 illo
2992 850 3180 887 annus
3206 835 3339 888 1098
3363 833 3570 888 debeat
3600 834 3738 889 sub-

2113 926 2289 980 stitui.
2320 927 2498 979 Porro
2532 924 2735 993 Pagius
2782 923 2839 976 in
2873 921 3102 988 criticis,
3143 922 3525 990 Malaterram,
3555 941 3587 978 a
3618 940 3738 995 quo

2115 1014 2477 1068 obsidionem
2518 1012 2852 1081 Capuanam
2895 1026 3049 1064 anno
3098 1012 3233 1065 1097
3272 1011 3623 1083 consignari,
3657 1013 3737 1068 ob

2116 1105 2439 1156 memorata
2460 1100 2634 1153 verba
2650 1098 2720 1152 de
2740 1099 3126 1169 impraegnata
3152 1100 3288 1151 ante
3316 1098 3571 1169 Capuam
3587 1100 3740 1155 Ada-

2114 1189 2253 1243 lasia
2284 1188 2692 1253 arbitrabatur,
2719 1203 2849 1240 cum
2876 1186 3030 1256 Lupo
3062 1187 3423 1257 Protospata,
3453 1187 3549 1257 qui
3573 1205 3736 1241 eam-

2115 1276 2248 1330 dem
2264 1276 2626 1330 obsidionem
2658 1290 2813 1328 anno
2844 1273 3257 1339 1098innectit,
3277 1272 3334 1326 in
3360 1274 3738 1329 concordiam

2116 1364 2401 1418 adducere
2423 1364 2643 1429 volens,
2675 1361 2845 1415 fuisse
2869 1376 3025 1414 anno
3045 1363 3178 1415 1097
3196 1360 3450 1433 Capuam
3482 1362 3738 1417 obsideri

2114 1456 2382 1523 coeptam,
2409 1468 2677 1522 annoque
2697 1450 2933 1504 demum
2976 1451 3131 1515 1098,
3151 1448 3223 1503 ad
3243 1466 3503 1503 mensem
3525 1451 3739 1505 Maium

2114 1544 2403 1611 provecto,
2457 1542 2845 1609 expugnatam
2898 1536 3156 1591 astruxit.
3206 1536 3447 1604 Verum,
3491 1554 3622 1592 cum
3667 1555 3741 1593 ex

404 1642 728 1710 obsederit;
759 1659 889 1696 cum
913 1646 1126 1707 autem,
1158 1647 1481 1713 postquam,
1513 1643 1667 1714 quod
1697 1658 1850 1695 anno
1880 1643 2010 1694 1097
2037 1652 2086 1709 Β
2106 1628 2229 1697 jam
2262 1628 2425 1681 (“cus
2450 1643 2566 1681 Ποη
2592 1643 2745 1680 anno
2784 1628 2938 1691 4097:
2978 1628 3046 1714 ιη,
3081 1625 3323 1679 ΠοΠΠυῙί
3356 1626 3431 1714 9b
3460 1626 3633 1680 verba
3662 1626 3740 1681 de

402 1748 602 1786 mense
641 1730 783 1785 Maio
814 1734 1039 1801 gestum
1070 1732 1276 1797 fuerat,
1312 1731 1583 1796 narravit,
1618 1730 1862 1800 scriptor
1894 1730 2007 1798 ilte,

403 1820 498 1892 qui
518 1836 638 1873 sese
656 1822 982 1889 temporum
996 1835 1398 1890 annorumque
1412 1819 1679 1873 ordinem
1699 1818 1758 1872 in
1777 1836 2013 1872 narran-

334 1903 341 1908 ’
402 1907 475 1962 do
497 1906 1053 1978 servareprolitetur,
1079 1924 1147 1961 ea
1167 1908 1384 1973 omnia,
1408 1907 1486 1961 uti
1520 1924 1585 1960 ex
1611 1908 1733 1978 jam
1762 1907 1925 1961 dictis
1943 1905 2010 1960 li-

400 1999 556 2067 quet,
590 1995 648 2048 in
679 1995 897 2048 litteras
929 1995 1140 2061 mittat,
1176 1998 1419 2066 Oportet,
1456 1998 1517 2048 ut
1564 1994 1877 2048 secundum
1924 1994 2009 2066 ip-

399 2086 648 2137 sammet
675 2082 1069 2136 narrationem
1098 2083 1219 2152 ejus
1251 2087 1309 2136 et
1338 2083 1567 2154 Aprilis,
1602 2100 1714 2154 quo
1758 2084 2008 2136 Pharum

400 2185 594 2225 comes
619 2170 897 2239 Rogerius
930 2170 1151 2240 trajecit
1175 2175 1231 2224 et
1255 2173 1610 2237 Pentecoste,
1635 2187 1810 2242 quam
1830 2186 2008 2241 prope

399 2256 618 2311 ﬂumen
651 2257 927 2311 Sabatum
957 2258 1282 2323 celebravit,
1317 2259 1620 2329 ipsumque
1652 2259 1796 2312 adeo
1830 2257 2007 2311 etiam

397 2347 646 2416 tempus,
680 2361 791 2417 quo
823 2345 979 2400 brevi
1011 2349 1141 2416 post
1170 2350 1353 2399 castra
1396 2346 1469 2399 ad
1508 2346 1762 2417 Capuam
1794 2346 2003 2416 posuit,

398 2433 715 2505 urbemque
740 2434 887 2487 hanc
919 2433 1160 2500 obsedit,
1198 2449 1312 2487 non
1358 2435 1431 2488 ad
1461 2452 1677 2488 annum
1722 2438 1875 2499 1097,
1909 2433 2008 2487 sed

400 2521 474 2576 ad
504 2522 765 2593 proxime
797 2522 1240 2593 subsequentem
1279 2525 1556 2592 spectent.
1602 2523 1668 2576 Et
1709 2538 1863 2587 vero,
1900 2522 2004 2575 nisi

399 2606 481 2662 ita
506 2625 596 2663 res
626 2609 853 2675 habeat,
888 2610 1187 2666 Malaterra
1217 2627 1408 2663 secum
1456 2611 1699 2681 ipsemet
1747 2626 2007 2681 pugnare

399 2696 509 2751 erit
525 2696 799 2751 dicendus
821 2714 981 2766 ;cum
1004 2698 1184 2765 enim,
1207 2699 1287 2752 uti
1308 2714 1374 2752 ex
1391 2699 1554 2753 dictis
1577 2704 1791 2763 narrat,
1815 2715 2008 2754 comes

398 2783 694 2856 Rogerius,
720 2789 1024 2857 postquam
1052 2787 1301 2840 Pharum
1324 2803 1521 2840 mense
1549 2787 1725 2857 Aprili
1752 2787 2007 2857 trajecis-

397 2874 997 2946 set,Pentecostenque
1011 2891 1188 2947 prope
1209 2876 1424 2929 ﬂumen
1440 2874 1713 2930 Sabatum
1728 2876 2004 2929 celebras-

397 2962 501 3027 set,
551 2960 803 3031 Capuam
853 2963 1160 3030 obsederit,
1208 2962 1251 3015 si
1296 2963 1504 3034 Aprilis
1546 2963 1639 3017 ille
1687 2981 1813 3018 cum
1848 2981 2000 3018 anno

402 3050 558 3115 1097,
592 3065 704 3120 quo
740 3050 953 3104 Pascha
975 3051 1176 3122 quinta
1207 3052 1421 3123 Aprilis
1452 3068 1515 3106 ac
1536 3052 1778 3124 proinde
1804 3054 2006 3106 Pente-

398 3139 594 3191 costen
620 3136 897 3208 vigesima
915 3143 1118 3209 quarta
1140 3139 1267 3193 Maii
1283 3140 1558 3194 celebrari
1580 3140 1823 3211 contigit
1839 3139 2012 3194 fuerit

399 3223 758 3293 conjunctus,
810 3241 1166 3296 consequens
1213 3226 1342 3292 erit,
1392 3230 1454 3280 ut
1490 3227 1647 3291 dicti,
1691 3228 1827 3281 anni
1878 3231 2010 3282 1097

401 3326 600 3365 mense
617 3312 759 3365 Maio
780 3327 972 3365 comes
992 3313 1276 3382 Rogerius
1296 3314 1507 3383 partim
1545 3314 1603 3367 in
1626 3314 1886 3368 Calabria
1916 3319 2013 3369 aut

401 3399 556 3452 certe
579 3398 1038 3468 Apulia,partim
1074 3399 1134 3453 in
1169 3401 1367 3453 castris
1399 3405 1531 3454 ante
1563 3402 1816 3473 Capuam
1844 3403 2011 3456 exsti-

401 3485 557 3539 terit.
575 3485 746 3556 Atqui
771 3486 1072 3540 Malaterra
1092 3488 1245 3541 hunc
1264 3488 1580 3559 principem
1606 3505 1673 3544 eo
1704 3489 1825 3560 ipso
1858 3507 2011 3544 anno

403 3574 463 3626 et
501 3588 701 3627 mense
730 3589 917 3645 neque
961 3573 1020 3627 in
1066 3574 1335 3630 Calabria
1381 3577 1673 3648 Apuliave,
1722 3595 1909 3649 neque
1956 3578 2013 3632 in

403 3660 602 3715 castris
633 3664 766 3716 ante
797 3660 1072 3733 Capuam,
1118 3664 1217 3718 sed
1248 3664 1308 3717 in
1344 3664 1530 3719 Sicilia
1556 3670 1900 3735 prassentem
1930 3667 2014 3721 fa-

404 3748 747 3816 cit,libr01v,
766 3750 1001 3817 scilicet,
1025 3767 1150 3823 cap.
1175 3756 1261 3819 '25,
1287 3756 1348 3806 ut
1358 3753 1480 3824 jam
1497 3754 1684 3819 docui,
1715 3754 2014 3810 memoria:

401 3835 672 3903 prodens,
706 3837 943 3904 absillo,
979 3838 1035 3893 in
1064 3839 1275 3907 Sicilia,
1307 3840 1389 3895 uti
1420 3858 1487 3895 ex
1518 3858 1738 3907 eorum,
1766 3842 2014 3913 quaeibi-

409 3922 540 3978 :lem
573 3925 787 3991 scribit,
828 3929 1096 3980 contextu
1138 3928 1339 3998 liquet,
1376 3932 1510 3981 tunc
1540 3929 1839 3995 existente,
1872 3946 1902 3982 e
1924 3945 2013 3983 re-

326 4028 337 4031 ν
406 4010 579 4081 gione
610 4011 716 4064 hac
740 4011 920 4065 filiam
949 4029 1111 4066 suam
1142 4014 1203 4068 in
1248 4016 1609 4069 Pannoniam
1641 4016 2013 4071 matrimonio

405 4097 572 4167 regni
617 4097 786 4168 hujus
822 4099 947 4169 regi
991 4100 1482 4172 conjungendam,
1522 4104 1726 4157 eodem
1768 4120 1922 4158 anno
1949 4120 2014 4158 ac

2022 2927 2069 2991 α

2113 1716 2397 1787 imprmgn
2412 1719 2506 1769 ata
2537 1728 2692 1769 anno
2724 1714 2821 1767 illo
2855 1717 2989 1767 ante
3019 1713 3272 1783 Capuam
3311 1713 3577 1767 Aialasia
3600 1729 3738 1784 per-

2113 1821 2339 1857 suasum
2369 1803 2473 1857 sibi
2505 1803 2779 1867 habuere,
2813 1801 2912 1854 sed
2938 1816 3089 1855 anno
3124 1803 3256 1855 1098
3272 1801 3603 1873 Capuanam
3637 1803 3742 1857 ob-

2112 1891 2398 1945 sidionem
2441 1890 2731 1955 accidisse,
2770 1889 3016 1959 ipsemet
3044 1888 3347 1943 Malaterra
3374 1889 3566 1943 tradat
3601 1890 3741 1944 scri-

2113 1982 2245 2051 ptor
2275 1980 2368 2033 ille
2400 1978 2775 2049 corrigendus
2798 1980 2901 2030 est.

2184 2069 2307 2120 637.
2344 2067 2509 2131 Quod
2538 2066 2581 2119 si
2615 2065 2773 2120 enim
2796 2065 2916 2136 ipso
2945 2064 3215 2119 standum
3240 2065 3411 2131 foret,
3437 2070 3735 2121 consecta-

2110 2155 2261 2209 rium
2296 2158 2460 2221 esset,
2495 2159 2557 2208 ut
2583 2154 2839 2224 pluribus
2883 2154 3176 2206 mensibus
3204 2154 3475 2224 Capuana
3504 2154 3734 2209 obsidio

2112 2244 2399 2310 tenuerit;
2434 2244 2542 2297 hoc
2574 2246 2768 2296 autem
2803 2258 2835 2295 a
2866 2257 3000 2296 vero
3033 2242 3288 2295 alienum
3322 2259 3441 2295 esse
3483 2246 3730 2307 constat,

2110 2336 2231 2385 tum
2284 2347 2351 2384 ex
2399 2331 2719 2395 Malaterra,
2770 2329 2865 2400 qui
2909 2329 3222 2398 Rogerium
3254 2329 3529 2383 comitem
3575 2345 3733 2385 anno

2113 2420 2248 2473 1098
2267 2435 2446 2489 prope
2466 2419 2684 2471 flumen
2709 2416 2984 2471 Sabatum
3004 2417 3403 2481 Pentecosten,
3428 2433 3554 2487 quin
3571 2434 3731 2471 anno

2110 2508 2217 2562 isto
2240 2507 2298 2559 in
2322 2510 2539 2561 sextam
2558 2505 2844 2559 decimam
2865 2504 2992 2559 Maii
3007 2503 3227 2570 incidit,
3250 2504 3733 2572 celebrasse,tunc

2112 2597 2351 2651 demum
2388 2594 2699 2648 exercitum
2747 2594 2956 2665 Capua:
2999 2593 3333 2647 obsidenda:
3384 2592 3728 2661 admovisse,

2112 2700 2219 2738 nec
2252 2684 2348 2737 diu
2376 2683 2691 2737 admodum
2726 2686 2853 2753 post
2888 2681 3088 2735 urbem
3120 2681 3277 2735 illam
3314 2681 3607 2736 deditione
3633 2698 3730 2737 ac-

2109 2772 2348 2842 cepisse,
2384 2772 2597 2842 partim
2625 2772 2724 2826 lib.
2763 2788 2837 2837 iv,
2872 2785 2996 2840 cap.
3031 2770 3151 2835 cit.,
3184 2769 3419 2841 partim,
3455 2786 3582 2841 qua:
3616 2770 3731 2825 hoc

2112 2860 2372 2930 proxime
2405 2859 2855 2931 excipiunt,cap.
2883 2862 2970 2923 27,
2997 2861 3057 2911 et
3085 2857 3306 2912 duobus
3339 2874 3500 2929 seqq.
3535 2858 3726 2926 docet,

2114 2951 2236 3001 tum
2269 2948 2441 3002 etiam
2475 2963 2541 3001 ex
2580 2946 2898 3001 Romualdo
2940 2945 3304 3000 Salernitano
3349 2949 3408 3000 et
3437 2948 3725 3003 monacho

2111 3036 2429 3091 Cassinensi
2478 3053 2794 3108 anonymo,
2829 3036 2899 3090 ab
2944 3036 3198 3090 Antonio
3234 3035 3561 3091 Caracciolo
3605 3038 3725 3108 pri-

2110 3142 2271 3178 mum
2305 3141 2369 3178 ac
2403 3124 2611 3179 deinde
2643 3142 2676 3179 a
2707 3124 3309 3195 Camillo-Peregrinio
3342 3126 3465 3180 luce
3500 3127 3731 3197 publica

2113 3214 2326 3267 donato
2355 3214 2705 3285 tandemque
2724 3213 3097 3280 aMuratorio,
3124 3213 3334 3267 additis
3355 3214 3528 3269 etiam
3543 3219 3731 3285 poste-

2112 3302 2277 3355 rioris
2302 3302 2470 3371 hujus
2491 3301 2725 3356 editoris
2740 3302 3249 3367 Anuotationibus,
3281 3320 3400 3357 una
3414 3320 3544 3357 cum
3569 3304 3726 3375 Lupo

2115 3392 2451 3460 Protospata
2481 3389 2538 3443 in
2582 3394 2805 3443 tomum
2828 3390 3085 3443 Vrerum
3120 3390 3446 3445 Italicarum
3485 3391 3727 3464 scripto-

2113 3494 2243 3531 rum
2275 3478 2463 3544 illato;
2488 3478 2584 3549 qui
2621 3479 2792 3532 ambo
2823 3478 3077 3550 Capuam
3109 3479 3550 3551 quadragesimo
3573 3481 3726 3535 obsi-

2114 3566 2403 3621 dionisdie
2422 3566 2776 3621 deditionem
2791 3566 3010 3633 fecisse,
3034 3584 3133 3621 seu
3159 3584 3192 3622 a
3208 3567 3607 3640 duceRogerio
3630 3586 3729 3641 pa-

2116 3658 2358 3724 truoque
2399 3655 2520 3724 ejus
2558 3655 2769 3709 comite
2803 3654 3047 3726 Rogerio
3086 3655 3382 3710 subactam
3432 3656 3623 3723 fuisse,
3666 3657 3726 3712 in

2115 3741 2398 3795 chronicis
2427 3742 2538 3795 suis
2560 3742 2769 3797 diserte
2802 3743 3057 3810 tradunt,
3092 3743 3252 3815 prior
3276 3744 3511 3815 quidem
3540 3745 3727 3800 verbis

2116 3846 2278 3883 num.
2313 3832 2417 3883 650
2446 3830 2557 3883 huc
2588 3830 2929 3901 transriptis,
2966 3831 3256 3900 posterior
3283 3848 3417 3886 vero
3447 3832 3599 3887 hisce
3635 3850 3725 3887 se-

2115 3917 2418 3989 quentibus
2442 3934 2492 3972 :«
2516 3919 2633 3973 Dux
2654 3918 2930 3989 Rogerius
2947 3934 3079 3973 cum
3103 3919 3315 3973 comite
3348 3920 3594 3992 Rogerio
3625 3921 3728 3976 Ca-

2114 4021 2288 4076 puam
2311 4022 2414 4076 per
2435 4005 2820 4078 quadraginta
2847 4006 2968 4060 dies
2999 4006 3328 4062 obsidentes
3358 4012 3722 4079 receperunt,

2114 4095 2173 4147 et
2218 4092 2500 4148 Richardo
2556 4093 2792 4148 Jordani
2843 4094 2960 4148 filio
3008 4095 3408 4160 restituerunt,
3450 4116 3477 4145 υ
3524 4097 3725 4152 1811]ωο

406 4200 606 4240 mense
654 4186 757 4240 sub
811 4187 1038 4241 Henrici
1077 4188 1494 4245 Leocastrensis
1545 4191 1796 4263 episcopi
1842 4183 2348 4255 ductquuidcm
2375 4183 2446 4237 ad
2476 4199 2697 4238 ίιηηιιῐι]
2746 4186 2903 4251 1097,
2948 4184 3102 4239 unde
3128 4201 3237 4255 pro
3266 4185 3565 4241 Obsidione
3616 4187 3723 4242 Ca-

405 4272 698 4327 maritimo
729 4273 935 4328 itinere
964 4275 1197 4329 missam
1229 4276 1419 4332 fuisse.

478 4361 731 4414 656Jam
753 4377 907 4426 vero,
927 4378 1056 4417 cum
1075 4364 1196 4418 haec
1217 4364 1296 4418 ita
1315 4366 1591 4433 habeant,
1607 4384 1679 4421 ne
1692 4368 2007 4435 Malaterra,

404 4461 600 4518 quem,
616 4465 743 4519 quae
754 4465 873 4504 sese
892 4449 1043 4505 inter
1059 4456 1339 4523 pugnent,
1353 4453 1659 4526 scripsisse,
1676 4472 1848 4510 nemo
1862 4456 2013 4511 dixe-

401 4532 498 4601 rit,
514 4535 826 4607 Rogerium
846 4539 1141 4605 comitem,
1158 4557 1331 4611 quem
1350 4544 1468 4597 toto
1492 4559 1689 4597 mense
1707 4544 1849 4598 Maio
1873 4545 2010 4598 anni

406 4624 542 4678 1097
574 4628 917 4695 praesentem
944 4626 1003 4679 in
1037 4627 1226 4681 Sicilia
1264 4629 1420 4695 facit,
1456 4647 1523 4685 eo
1557 4630 1678 4703 ipso
1712 4649 1909 4686 mense
1952 4633 2009 4686 in

399 4712 606 4786 Apulia
637 4715 696 4766 et
726 4712 783 4766 in
815 4714 1010 4767 castris
1048 4718 1181 4768 ante
1213 4716 1486 4787 Capuam,
1522 4736 1555 4771 a
1586 4719 1777 4773 Sicilia
1811 4720 2009 4790 procul

399 4800 624 4867 dissitis,
676 4804 1021 4871 praesentem
1068 4802 1265 4857 sistere
1308 4805 1380 4858 sit
1422 4805 1718 4872 dicendus,
1779 4824 2008 4861 necesse

398 4889 638 4944 omnino
667 4891 770 4955 est,
789 4888 849 4942 ut
875 4889 1092 4943 mensis
1109 4891 1335 4960 Aprilis,
1357 4908 1469 4962 quo
1494 4893 1772 4963 Rogerius
1791 4911 2003 4961 comes,

392 4979 457 5031 ut
481 4976 724 5046 scriptor
742 4976 837 5029 ille
860 4980 1077 5043 narrat,
1101 4979 1351 5032 Pharum
1378 4979 1617 5049 trajecit,
1646 4982 2001 5049 Pentecoste,

390 5080 565 5136 quam
582 5080 761 5135 prope
776 5064 994 5119 ﬂumen
1014 5064 1289 5120 Sabatum
1302 5068 2000 5139 eelebravit,tempusque,

387 5167 501 5224 quo
528 5151 684 5206 brevi
704 5155 833 5222 post
859 5152 1111 5222 Capuam
1132 5154 1372 5219 obsedit,
1395 5172 1511 5209 non
1532 5156 1605 5209 ad
1623 5173 1839 5210 annum
1868 5161 1999 5211 1097

383 5237 486 5292 sed
515 5238 589 5292 ad
618 5239 877 5310 proxime
909 5244 1245 5311 sequentem
1274 5241 1448 5295 etiam
1480 5243 1791 5296 secundum
1812 5244 1997 5314 ipsum

380 5324 741 5380 lalaterram
757 5326 1089 5397 spectarint.
1106 5328 1244 5382 Hinc
1264 5345 1438 5399 porro
1452 5329 1580 5399 jum
1604 5332 1993 5402 consequitur,

381 5412 448 5467 ut
489 5410 583 5467 hic
628 5412 870 5484 scriptor
908 5415 1269 5472 obsidionem
1315 5416 1647 5490 Capuanam
1691 5434 1811 5475 non
1854 5419 1989 5492 alio,

2112 4285 2305 4340 puana
2334 4287 2487 4325 anno
2513 4270 2645 4324 huic
2664 4270 2957 4342 affigenda
2982 4288 3099 4326 non
3124 4289 3297 4327 nemo
3314 4272 3464 4326 forte
3496 4278 3723 4345 arguat,

2111 4356 2171 4410 in
2204 4358 2397 4412 codice
2420 4358 2740 4413 Cassinensi
2755 4361 2846 4425 47,
2871 4375 2902 4412 e
2925 4376 3039 4431 quo
3058 4359 3328 4413 monachi
3347 4360 3494 4415 illius
3510 4378 3727 4433 anony-

2110 4445 2193 4501 mi
2206 4445 2528 4500 Chronicon
2544 4463 2577 4500 a
2591 4446 2913 4501 Caracciolo
2925 4446 3175 4519 primum
3192 4447 3551 4515 fuiteditum,
3570 4448 3725 4520 apud

2109 4536 2262 4590 hunc
2279 4534 2720 4589 etMuratorium
2749 4535 3110 4602 referuntur;
3136 4552 3333 4590 verum
3357 4536 3725 4609 Peregrinius

2112 4622 2172 4676 in
2191 4623 2339 4676 hunc
2355 4622 2566 4676 codicis
2589 4623 2738 4676 illius
2770 4624 2961 4677 locum
2985 4623 3065 4679 ita
3086 4623 3379 4679 observat:
3404 4648 3431 4674 ‹‹
3460 4626 3539 4679 De
3557 4641 3722 4679 more

2111 4727 2331 4765 annum
2364 4710 2613 4781 anticipa
2640 4710 2828 4765 Codex
2869 4727 3033 4778 XLVII,
3064 4714 3120 4766 et
3151 4729 3218 4765 ex
3248 4728 3316 4765 eo
3356 4712 3561 4766 editus.
3594 4712 3720 4767 Non

2111 4799 2187 4852 sic
2220 4799 2396 4852 codex
2428 4814 2599 4865 cxcrx,
2624 4798 2681 4851 in
2709 4816 2822 4869 quo
2854 4799 2962 4853 ista
3004 4800 3107 4853 sub
3138 4815 3293 4854 anno
3324 4804 3457 4854 sunt
3489 4802 3643 4855 1098.
3690 4822 3719 4849 ››

2109 4889 2193 4941 Ita
2228 4888 2355 4941 ille:
2392 4887 2598 4958 Capuze
2642 4891 2858 4953 autem,
2892 4888 2972 4941 uti
3003 4905 3069 4942 ex
3112 4888 3200 4956 iis,
3236 4905 3362 4959 quas
3405 4888 3464 4943 in
3514 4905 3613 4944 suo
3643 4888 3720 4943 ad

2108 4975 2429 5030 Chronicon
2458 4975 2597 5029 illud
2625 4976 2847 5031 monito
2880 4976 3089 5047 pratvio
3112 4977 3396 5044 observat,
3414 4976 3577 5032 facile
3589 4993 3723 5048 per-

2104 5064 2328 5136 spicies,
2373 5064 2736 5119 obsidionem
2767 5064 3238 5136 deditionemque
3269 5066 3327 5119 in
3360 5066 3555 5121 codice
3586 5066 3719 5121 Cas-

2102 5153 2314 5206 sinensi
2355 5155 2420 5207 47
2463 5153 2536 5207 ad
2578 5169 2796 5208 annum
2852 5156 2985 5208 1097
3031 5154 3265 5221 referri,
3318 5171 3435 5209 non
3480 5153 3712 5210 laudato

2100 5244 2386 5298 monacho
2417 5259 2733 5314 anonymo,
2768 5241 2865 5313 qui
2908 5243 3117 5297 eodem
3161 5242 3387 5297 circiter
3425 5248 3709 5317 tempore,

2099 5347 2211 5403 quo
2236 5332 2430 5403 Capua
2459 5329 2567 5384 fuit
2597 5329 2847 5397 obsessa,
2876 5329 3090 5398 ﬂoruit,
3117 5330 3217 5386 sed
3242 5330 3477 5387 librario
3508 5347 3708 5387 recen-

2095 5420 2248 5490 tiori,
2296 5419 2414 5493 qui,
2469 5434 2598 5493 quas
2636 5417 2728 5474 hic
2773 5410 2831 5474 in
2876 5418 3096 5476 litteras
3144 5419 3399 5490 miserat,
3449 5436 3555 5493 pro
3602 5436 3705 5477 suo
