  <div class='ocr_page' id='page_1' title='image "/cluster/home/n/w/nwhite01/storage/ocr_20150623/152/hvd.32044054760103/208.png"; bbox 0 0 4066 6032; ppageno 0'>
   <div class='ocr_carea' id='block_1_1' title="bbox 262 254 1868 337">
    <p class='ocr_par' dir='ltr' id='par_1_1' title="bbox 262 254 1868 317">
     <span class='ocr_line' id='line_1_1' title="bbox 262 254 1868 317; baseline 0.014 -22"><span class='ocrx_word' id='word_1_1' title='bbox 262 254 365 309; x_wconf 63' lang='grc'>405</span> <span class='ocrx_word' id='word_1_2' title='bbox 1833 264 1868 317; x_wconf 83' lang='grc' dir='ltr'>Α</span> 
     </span>
    </p>
   </div>
   <div class='ocr_carea' id='block_1_2' title="bbox 1982 254 3588 337">
    <p class='ocr_par' dir='ltr' id='par_1_2' title="bbox 1982 264 3588 337">
     <span class='ocr_line' id='line_1_2' title="bbox 1982 264 3588 337; baseline 0.012 -19"><span class='ocrx_word' id='word_1_3' title='bbox 1982 264 2014 318; x_wconf 54' lang='grc' dir='ltr'><strong>λ</strong></span> <span class='ocrx_word' id='word_1_4' title='bbox 2548 321 2555 327; x_wconf 89' lang='grc'>.</span> <span class='ocrx_word' id='word_1_5' title='bbox 3485 280 3588 337; x_wconf 82' lang='grc'>400</span> 
     </span>
    </p>
   </div>
   <div class='ocr_carea' id='block_1_3' title="bbox 262 378 3592 466">
    <p class='ocr_par' dir='ltr' id='par_1_3' title="bbox 262 378 3592 466">
     <span class='ocr_line' id='line_1_3' title="bbox 262 378 3592 466; baseline 0.007 -33"><span class='ocrx_word' id='word_1_6' title='bbox 262 378 504 435; x_wconf 85' lang='lat' dir='ltr'>arbitrio</span> <span class='ocrx_word' id='word_1_7' title='bbox 557 380 878 452; x_wconf 82' lang='lat' dir='ltr'>digesserit,</span> <span class='ocrx_word' id='word_1_8' title='bbox 920 384 1199 456; x_wconf 90' lang='lat' dir='ltr'>annisque</span> <span class='ocrx_word' id='word_1_9' title='bbox 1254 384 1596 455; x_wconf 75' lang='lat' dir='ltr'>distinxerit,</span> <span class='ocrx_word' id='word_1_10' title='bbox 1639 389 1724 441; x_wconf 91' lang='lat' dir='ltr'>est</span> <span class='ocrx_word' id='word_1_11' title='bbox 1771 386 1873 443; x_wconf 85' lang='lat' dir='ltr'>ad-</span> <span class='ocrx_word' id='word_1_12' title='bbox 1899 386 2247 460; x_wconf 79' lang='lat' dir='ltr'>Adraginta</span> <span class='ocrx_word' id='word_1_13' title='bbox 2278 389 2398 445; x_wconf 91' lang='lat' dir='ltr'>dies</span> <span class='ocrx_word' id='word_1_14' title='bbox 2435 391 2753 449; x_wconf 84' lang='lat' dir='ltr'>obsidionis</span> <span class='ocrx_word' id='word_1_15' title='bbox 2803 393 2858 466; x_wconf 92' lang='lat' dir='ltr'>(a</span> <span class='ocrx_word' id='word_1_16' title='bbox 2898 394 3226 454; x_wconf 80' lang='lat' dir='ltr'>Romualdo</span> <span class='ocrx_word' id='word_1_17' title='bbox 3275 398 3487 456; x_wconf 79' lang='lat' dir='ltr'>scilicet</span> <span class='ocrx_word' id='word_1_18' title='bbox 3525 406 3592 457; x_wconf 89' lang='lat' dir='ltr'>ut</span> 
     </span>
    </p>
   </div>
   <div class='ocr_carea' id='block_1_4' title="bbox 261 468 3585 559">
    <p class='ocr_par' dir='ltr' id='par_1_4' title="bbox 261 468 3585 559">
     <span class='ocr_line' id='line_1_4' title="bbox 261 468 3585 559; baseline 0.007 -37"><span class='ocrx_word' id='word_1_19' title='bbox 261 468 654 524; x_wconf 89' lang='lat' dir='ltr'>scribendum.</span> <span class='ocrx_word' id='word_1_20' title='bbox 684 470 848 535; x_wconf 89' lang='lat' dir='ltr'>Quod</span> <span class='ocrx_word' id='word_1_21' title='bbox 880 488 1011 526; x_wconf 90' lang='lat' dir='ltr'>cum</span> <span class='ocrx_word' id='word_1_22' title='bbox 1040 473 1119 528; x_wconf 88' lang='lat' dir='ltr'>ita</span> <span class='ocrx_word' id='word_1_23' title='bbox 1153 474 1243 539; x_wconf 85' lang='lat' dir='ltr'>sit,</span> <span class='ocrx_word' id='word_1_24' title='bbox 1278 475 1419 530; x_wconf 85' lang='lat' dir='ltr'>nihil</span> <span class='ocrx_word' id='word_1_25' title='bbox 1453 476 1628 531; x_wconf 90' lang='lat' dir='ltr'>etiam</span> <span class='ocrx_word' id='word_1_26' title='bbox 1670 479 1874 532; x_wconf 89' lang='lat' dir='ltr'>contra</span> <span class='ocrx_word' id='word_1_27' title='bbox 1976 492 2150 548; x_wconf 84' lang='lat' dir='ltr'>supra</span> <span class='ocrx_word' id='word_1_28' title='bbox 2178 478 2363 546; x_wconf 90' lang='lat' dir='ltr'>docui,</span> <span class='ocrx_word' id='word_1_29' title='bbox 2389 484 2447 534; x_wconf 90' lang='lat' dir='ltr'>et</span> <span class='ocrx_word' id='word_1_30' title='bbox 2471 497 2763 553; x_wconf 84' lang='lat' dir='ltr'>anonymo</span> <span class='ocrx_word' id='word_1_31' title='bbox 2795 483 3111 539; x_wconf 88' lang='lat' dir='ltr'>Cassinensi</span> <span class='ocrx_word' id='word_1_32' title='bbox 3144 486 3433 559; x_wconf 87' lang='lat' dir='ltr'>assignati)</span> <span class='ocrx_word' id='word_1_33' title='bbox 3467 507 3585 546; x_wconf 91' lang='lat' dir='ltr'>non</span> 
     </span>
    </p>
   </div>
   <div class='ocr_carea' id='block_1_5' title="bbox 260 557 3589 646">
    <p class='ocr_par' dir='ltr' id='par_1_5' title="bbox 260 557 3589 646">
     <span class='ocr_line' id='line_1_5' title="bbox 260 557 3589 646; baseline 0.006 -35"><span class='ocrx_word' id='word_1_34' title='bbox 260 557 623 646; x_wconf 82' lang='lat' dir='ltr'>opinionem,</span> <span class='ocrx_word' id='word_1_35' title='bbox 654 577 768 630; x_wconf 92' lang='lat' dir='ltr'>qua</span> <span class='ocrx_word' id='word_1_36' title='bbox 797 562 1158 616; x_wconf 87' lang='lat' dir='ltr'>obsidionem</span> <span class='ocrx_word' id='word_1_37' title='bbox 1192 563 1525 635; x_wconf 89' lang='lat' dir='ltr'>Capuanam</span> <span class='ocrx_word' id='word_1_38' title='bbox 1554 582 1707 621; x_wconf 90' lang='lat' dir='ltr'>anno</span> <span class='ocrx_word' id='word_1_39' title='bbox 1740 568 1873 621; x_wconf 87' lang='grc'>1098</span> <span class='ocrx_word' id='word_1_40' title='bbox 1975 564 2046 618; x_wconf 88' lang='lat' dir='ltr'>ab</span> <span class='ocrx_word' id='word_1_41' title='bbox 2079 582 2303 622; x_wconf 87' lang='lat' dir='ltr'>accessu</span> <span class='ocrx_word' id='word_1_42' title='bbox 2347 570 2593 638; x_wconf 90' lang='lat' dir='ltr'>comitis,</span> <span class='ocrx_word' id='word_1_43' title='bbox 2634 571 2736 626; x_wconf 90' lang='lat' dir='ltr'>scd</span> <span class='ocrx_word' id='word_1_44' title='bbox 2777 572 2848 627; x_wconf 88' lang='lat' dir='ltr'>ab</span> <span class='ocrx_word' id='word_1_45' title='bbox 2883 572 2995 640; x_wconf 89' lang='lat' dir='ltr'>die,</span> <span class='ocrx_word' id='word_1_46' title='bbox 3031 590 3144 645; x_wconf 89' lang='lat' dir='ltr'>qua</span> <span class='ocrx_word' id='word_1_47' title='bbox 3175 557 3461 646; x_wconf 79' lang='lat' dir='ltr'>principes</span> <span class='ocrx_word' id='word_1_48' title='bbox 3491 577 3589 633; x_wconf 79' lang='lat' dir='ltr'>Ri-</span> 
     </span>
    </p>
   </div>
   <div class='ocr_carea' id='block_1_6' title="bbox 258 645 3588 731">
    <p class='ocr_par' dir='ltr' id='par_1_6' title="bbox 258 645 3588 731">
     <span class='ocr_line' id='line_1_6' title="bbox 258 645 3588 731; baseline 0.006 -32"><span class='ocrx_word' id='word_1_49' title='bbox 258 645 571 716; x_wconf 82' lang='lat' dir='ltr'>affigimus,</span> <span class='ocrx_word' id='word_1_50' title='bbox 604 664 634 701; x_wconf 92' lang='lat' dir='ltr'>e</span> <span class='ocrx_word' id='word_1_51' title='bbox 666 649 953 704; x_wconf 83' lang='lat' dir='ltr'>monacho</span> <span class='ocrx_word' id='word_1_52' title='bbox 985 650 1081 705; x_wconf 92' lang='lat' dir='ltr'>illo</span> <span class='ocrx_word' id='word_1_53' title='bbox 1113 668 1403 723; x_wconf 85' lang='lat' dir='ltr'>anonymo</span> <span class='ocrx_word' id='word_1_54' title='bbox 1447 654 1710 719; x_wconf 87' lang='lat' dir='ltr'>habetur,</span> <span class='ocrx_word' id='word_1_55' title='bbox 1747 671 1870 709; x_wconf 91' lang='lat' dir='ltr'>ma-</span> <span class='ocrx_word' id='word_1_56' title='bbox 1972 653 2216 709; x_wconf 82' lang='lat' dir='ltr'>chardus</span> <span class='ocrx_word' id='word_1_57' title='bbox 2246 658 2309 723; x_wconf 92' lang='lat' dir='ltr'>ll,</span> <span class='ocrx_word' id='word_1_58' title='bbox 2340 657 2435 728; x_wconf 87' lang='lat' dir='ltr'>qui</span> <span class='ocrx_word' id='word_1_59' title='bbox 2456 660 2728 714; x_wconf 84' lang='lat' dir='ltr'>Aversam</span> <span class='ocrx_word' id='word_1_60' title='bbox 2759 661 3087 731; x_wconf 83' lang='lat' dir='ltr'>proximam</span> <span class='ocrx_word' id='word_1_61' title='bbox 3114 662 3319 718; x_wconf 88' lang='lat' dir='ltr'>urbem</span> <span class='ocrx_word' id='word_1_62' title='bbox 3339 645 3588 721; x_wconf 73' lang='lat' dir='ltr'>retinue-</span> 
     </span>
    </p>
   </div>
   <div class='ocr_carea' id='block_1_7' title="bbox 256 736 3585 825">
    <p class='ocr_par' dir='ltr' id='par_1_7' title="bbox 256 736 3585 825">
     <span class='ocr_line' id='line_1_7' title="bbox 256 736 3585 825; baseline 0.006 -38"><span class='ocrx_word' id='word_1_63' title='bbox 256 738 472 805; x_wconf 88' lang='lat' dir='ltr'>netque</span> <span class='ocrx_word' id='word_1_64' title='bbox 501 736 698 791; x_wconf 90' lang='lat' dir='ltr'>adeoa</span> <span class='ocrx_word' id='word_1_65' title='bbox 722 738 878 809; x_wconf 91' lang='lat' dir='ltr'>Lupo</span> <span class='ocrx_word' id='word_1_66' title='bbox 912 739 1269 809; x_wconf 77' lang='lat' dir='ltr'>Protospata,</span> <span class='ocrx_word' id='word_1_67' title='bbox 1303 741 1399 813; x_wconf 88' lang='lat' dir='ltr'>qui</span> <span class='ocrx_word' id='word_1_68' title='bbox 1418 743 1525 797; x_wconf 92' lang='lat' dir='ltr'>hoc</span> <span class='ocrx_word' id='word_1_69' title='bbox 1553 742 1678 813; x_wconf 91' lang='lat' dir='ltr'>ipro</span> <span class='ocrx_word' id='word_1_70' title='bbox 1715 760 1868 799; x_wconf 88' lang='lat' dir='ltr'>anno</span> <span class='ocrx_word' id='word_1_71' title='bbox 1971 745 2080 807; x_wconf 86' lang='lat' dir='ltr'>rat,</span> <span class='ocrx_word' id='word_1_72' title='bbox 2111 742 2364 813; x_wconf 85' lang='lat' dir='ltr'>Capuam</span> <span class='ocrx_word' id='word_1_73' title='bbox 2391 748 2542 801; x_wconf 91' lang='lat' dir='ltr'>solus</span> <span class='ocrx_word' id='word_1_74' title='bbox 2569 748 3096 805; x_wconf 89' lang='lat' dir='ltr'>circumvallaverat</span> <span class='ocrx_word' id='word_1_75' title='bbox 3120 769 3133 820; x_wconf 90' lang='lat'><strong>;</strong></span> <span class='ocrx_word' id='word_1_76' title='bbox 3162 769 3299 807; x_wconf 89' lang='lat' dir='ltr'>nam</span> <span class='ocrx_word' id='word_1_77' title='bbox 3331 752 3585 825; x_wconf 85' lang='lat' dir='ltr'>alioquin</span> 
     </span>
    </p>
   </div>
   <div class='ocr_carea' id='block_1_8' title="bbox 253 820 3583 910">
    <p class='ocr_par' dir='ltr' id='par_1_8' title="bbox 253 820 3583 910">
     <span class='ocr_line' id='line_1_8' title="bbox 253 820 3583 910; baseline 0.007 -36"><span class='ocrx_word' id='word_1_78' title='bbox 253 820 521 877; x_wconf 83' lang='lat' dir='ltr'>bellicam</span> <span class='ocrx_word' id='word_1_79' title='bbox 542 824 701 879; x_wconf 85' lang='lat' dir='ltr'>illam</span> <span class='ocrx_word' id='word_1_80' title='bbox 729 827 1112 896; x_wconf 82' lang='lat' dir='ltr'>Rogeriorum</span> <span class='ocrx_word' id='word_1_81' title='bbox 1143 830 1300 884; x_wconf 74' lang='lat' dir='ltr'>ducis</span> <span class='ocrx_word' id='word_1_82' title='bbox 1316 834 1372 884; x_wconf 92' lang='lat' dir='ltr'>et</span> <span class='ocrx_word' id='word_1_83' title='bbox 1390 832 1615 886; x_wconf 90' lang='lat' dir='ltr'>comitis</span> <span class='ocrx_word' id='word_1_84' title='bbox 1644 832 1872 904; x_wconf 84' lang='lat' dir='ltr'>expedi-</span> <span class='ocrx_word' id='word_1_85' title='bbox 1971 834 2264 902; x_wconf 83' lang='lat' dir='ltr'>receptam</span> <span class='ocrx_word' id='word_1_86' title='bbox 2293 850 2421 888; x_wconf 92' lang='lat' dir='ltr'>eam</span> <span class='ocrx_word' id='word_1_87' title='bbox 2451 835 2642 903; x_wconf 83' lang='lat' dir='ltr'>fuisse,</span> <span class='ocrx_word' id='word_1_88' title='bbox 2676 837 2986 893; x_wconf 90' lang='lat' dir='ltr'>dicendum</span> <span class='ocrx_word' id='word_1_89' title='bbox 3031 844 3135 908; x_wconf 85' lang='lat' dir='ltr'>est,</span> <span class='ocrx_word' id='word_1_90' title='bbox 3164 857 3362 896; x_wconf 89' lang='lat' dir='ltr'>mense</span> <span class='ocrx_word' id='word_1_91' title='bbox 3392 820 3542 896; x_wconf 77' lang='lat' dir='ltr'>Junii</span> <span class='ocrx_word' id='word_1_92' title='bbox 3568 859 3583 910; x_wconf 90' lang='lat'><strong>;</strong></span> 
     </span>
    </p>
   </div>
   <div class='ocr_carea' id='block_1_9' title="bbox 250 908 3586 1001">
    <p class='ocr_par' dir='ltr' id='par_1_9' title="bbox 250 908 3586 1001">
     <span class='ocr_line' id='line_1_9' title="bbox 250 908 3586 1001; baseline 0.007 -38"><span class='ocrx_word' id='word_1_93' title='bbox 250 908 479 965; x_wconf 85' lang='lat' dir='ltr'>tionem</span> <span class='ocrx_word' id='word_1_94' title='bbox 508 915 831 985; x_wconf 85' lang='lat' dir='ltr'>consignat,</span> <span class='ocrx_word' id='word_1_95' title='bbox 866 932 986 970; x_wconf 90' lang='lat' dir='ltr'>non</span> <span class='ocrx_word' id='word_1_96' title='bbox 1018 934 1137 971; x_wconf 88' lang='lat' dir='ltr'>esse</span> <span class='ocrx_word' id='word_1_97' title='bbox 1168 918 1581 973; x_wconf 88' lang='lat' dir='ltr'>recedendum.</span> <span class='ocrx_word' id='word_1_98' title='bbox 1971 920 2125 990; x_wconf 89' lang='lat' dir='ltr'>quod</span> <span class='ocrx_word' id='word_1_99' title='bbox 2159 922 2427 993; x_wconf 86' lang='lat' dir='ltr'>equidem</span> <span class='ocrx_word' id='word_1_100' title='bbox 2457 943 2572 981; x_wconf 91' lang='lat' dir='ltr'>non</span> <span class='ocrx_word' id='word_1_101' title='bbox 2604 930 3069 995; x_wconf 88' lang='lat' dir='ltr'>recusaverim,si</span> <span class='ocrx_word' id='word_1_102' title='bbox 3093 930 3150 984; x_wconf 90' lang='lat' dir='ltr'>in</span> <span class='ocrx_word' id='word_1_103' title='bbox 3185 931 3340 1001; x_wconf 89' lang='lat' dir='ltr'>Lupo</span> <span class='ocrx_word' id='word_1_104' title='bbox 3371 908 3586 986; x_wconf 82' lang='lat' dir='ltr'>mensis</span> 
     </span>
    </p>
   </div>
   <div class='ocr_carea' id='block_1_10' title="bbox 323 1000 3582 1083">
    <p class='ocr_par' dir='ltr' id='par_1_10' title="bbox 323 1000 3582 1083">
     <span class='ocr_line' id='line_1_10' title="bbox 323 1000 3582 1083; baseline 0.006 -30"><span class='ocrx_word' id='word_1_105' title='bbox 323 1000 697 1069; x_wconf 78' lang='lat' dir='ltr'>658.Verum,</span> <span class='ocrx_word' id='word_1_106' title='bbox 715 1002 819 1058; x_wconf 86' lang='lat' dir='ltr'>etsi</span> <span class='ocrx_word' id='word_1_107' title='bbox 846 1004 1079 1075; x_wconf 86' lang='lat' dir='ltr'>quidem</span> <span class='ocrx_word' id='word_1_108' title='bbox 1112 1005 1193 1061; x_wconf 90' lang='lat' dir='ltr'>ita</span> <span class='ocrx_word' id='word_1_109' title='bbox 1222 1012 1503 1078; x_wconf 86' lang='lat' dir='ltr'>quantum</span> <span class='ocrx_word' id='word_1_110' title='bbox 1527 1008 1598 1063; x_wconf 91' lang='lat' dir='ltr'>ad</span> <span class='ocrx_word' id='word_1_111' title='bbox 1626 1025 1868 1076; x_wconf 91' lang='lat' dir='ltr'>annum,</span> <span class='ocrx_word' id='word_1_112' title='bbox 1969 1006 2150 1062; x_wconf 82' lang='lat' dir='ltr'>Martii</span> <span class='ocrx_word' id='word_1_113' title='bbox 2176 1012 2396 1065; x_wconf 85' lang='lat' dir='ltr'>restitui</span> <span class='ocrx_word' id='word_1_114' title='bbox 2424 1014 2630 1069; x_wconf 87' lang='lat' dir='ltr'>debeat</span> <span class='ocrx_word' id='word_1_115' title='bbox 2648 1016 2821 1083; x_wconf 86' lang='lat' dir='ltr'>Junii,</span> <span class='ocrx_word' id='word_1_116' title='bbox 2848 1034 2965 1072; x_wconf 91' lang='lat' dir='ltr'>non</span> <span class='ocrx_word' id='word_1_117' title='bbox 2996 1017 3141 1073; x_wconf 84' lang='lat' dir='ltr'>Maii.</span> <span class='ocrx_word' id='word_1_118' title='bbox 3161 1000 3372 1073; x_wconf 77' lang='lat' dir='ltr'>Verum</span> <span class='ocrx_word' id='word_1_119' title='bbox 3396 1018 3582 1073; x_wconf 86' lang='lat' dir='ltr'>enim-</span> 
     </span>
    </p>
   </div>
   <div class='ocr_carea' id='block_1_11' title="bbox 249 1087 3583 1179">
    <p class='ocr_par' dir='ltr' id='par_1_11' title="bbox 249 1087 3583 1179">
     <span class='ocr_line' id='line_1_11' title="bbox 249 1087 3583 1179; baseline 0.007 -39"><span class='ocrx_word' id='word_1_120' title='bbox 249 1103 367 1158; x_wconf 87' lang='lat' dir='ltr'>quo</span> <span class='ocrx_word' id='word_1_121' title='bbox 392 1087 485 1143; x_wconf 91' lang='lat' dir='ltr'>hic</span> <span class='ocrx_word' id='word_1_122' title='bbox 516 1090 759 1162; x_wconf 89' lang='lat' dir='ltr'>scriptor</span> <span class='ocrx_word' id='word_1_123' title='bbox 798 1092 1005 1163; x_wconf 75' lang='lat' dir='ltr'>Capuae</span> <span class='ocrx_word' id='word_1_124' title='bbox 1037 1095 1390 1150; x_wconf 87' lang='lat' dir='ltr'>deditionem</span> <span class='ocrx_word' id='word_1_125' title='bbox 1421 1097 1745 1168; x_wconf 84' lang='lat' dir='ltr'>consignat,</span> <span class='ocrx_word' id='word_1_126' title='bbox 1780 1114 1871 1152; x_wconf 88' lang='lat' dir='ltr'>res</span> <span class='ocrx_word' id='word_1_127' title='bbox 1970 1111 2103 1150; x_wconf 84' lang='lat' dir='ltr'>vero</span> <span class='ocrx_word' id='word_1_128' title='bbox 2135 1114 2395 1155; x_wconf 86' lang='lat' dir='ltr'>mensem</span> <span class='ocrx_word' id='word_1_129' title='bbox 2422 1102 2681 1157; x_wconf 85' lang='lat' dir='ltr'>Martium</span> <span class='ocrx_word' id='word_1_130' title='bbox 2715 1121 2818 1175; x_wconf 91' lang='lat' dir='ltr'>pro</span> <span class='ocrx_word' id='word_1_131' title='bbox 2856 1105 2997 1161; x_wconf 89' lang='lat' dir='ltr'>Maio</span> <span class='ocrx_word' id='word_1_132' title='bbox 3021 1123 3170 1179; x_wconf 67' lang='lat' dir='ltr'>saepe</span> <span class='ocrx_word' id='word_1_133' title='bbox 3202 1107 3341 1161; x_wconf 91' lang='lat' dir='ltr'>alias</span> <span class='ocrx_word' id='word_1_134' title='bbox 3370 1123 3583 1179; x_wconf 91' lang='lat' dir='ltr'>suppo-</span> 
     </span>
    </p>
   </div>
   <div class='ocr_carea' id='block_1_12' title="bbox 247 1176 3583 1265">
    <p class='ocr_par' dir='ltr' id='par_1_12' title="bbox 247 1176 3583 1265">
     <span class='ocr_line' id='line_1_12' title="bbox 247 1176 3583 1265; baseline 0.006 -35"><span class='ocrx_word' id='word_1_135' title='bbox 247 1176 485 1244; x_wconf 87' lang='lat' dir='ltr'>habeat,</span> <span class='ocrx_word' id='word_1_136' title='bbox 530 1179 696 1233; x_wconf 89' lang='lat' dir='ltr'>aliter</span> <span class='ocrx_word' id='word_1_137' title='bbox 738 1184 938 1236; x_wconf 88' lang='lat' dir='ltr'>tamen</span> <span class='ocrx_word' id='word_1_138' title='bbox 983 1183 1054 1236; x_wconf 90' lang='lat' dir='ltr'>de</span> <span class='ocrx_word' id='word_1_139' title='bbox 1098 1200 1317 1251; x_wconf 85' lang='lat' dir='ltr'>mense,</span> <span class='ocrx_word' id='word_1_140' title='bbox 1361 1185 1448 1239; x_wconf 89' lang='lat' dir='ltr'>cui</span> <span class='ocrx_word' id='word_1_141' title='bbox 1479 1202 1609 1239; x_wconf 90' lang='lat' dir='ltr'>eam</span> <span class='ocrx_word' id='word_1_142' title='bbox 1661 1186 1868 1263; x_wconf 62' lang='lat' dir='ltr'>afﬁgit,</span> <span class='ocrx_word' id='word_1_143' title='bbox 1970 1182 2163 1251; x_wconf 85' lang='lat' dir='ltr'>situm,</span> <span class='ocrx_word' id='word_1_144' title='bbox 2189 1188 2558 1244; x_wconf 85' lang='lat' dir='ltr'>manifestum</span> <span class='ocrx_word' id='word_1_145' title='bbox 2590 1195 2694 1258; x_wconf 90' lang='lat' dir='ltr'>est,</span> <span class='ocrx_word' id='word_1_146' title='bbox 2724 1192 2895 1265; x_wconf 88' lang='lat' dir='ltr'>idque</span> <span class='ocrx_word' id='word_1_147' title='bbox 2926 1210 2993 1247; x_wconf 83' lang='lat' dir='ltr'>ex</span> <span class='ocrx_word' id='word_1_148' title='bbox 3018 1176 3258 1250; x_wconf 29' lang='lat' dir='ltr'>eaiforte</span> <span class='ocrx_word' id='word_1_149' title='bbox 3287 1176 3583 1250; x_wconf 73' lang='lat' dir='ltr'>occasione</span> 
     </span>
    </p>
   </div>
   <div class='ocr_carea' id='block_1_13' title="bbox 248 1265 3582 1352">
    <p class='ocr_par' dir='ltr' id='par_1_13' title="bbox 248 1265 3582 1352">
     <span class='ocr_line' id='line_1_13' title="bbox 248 1265 3582 1352; baseline 0.006 -34"><span class='ocrx_word' id='word_1_150' title='bbox 248 1265 607 1320; x_wconf 74' lang='lat' dir='ltr'>censendum</span> <span class='ocrx_word' id='word_1_151' title='bbox 654 1269 757 1321; x_wconf 90' lang='lat' dir='ltr'>est.</span> <span class='ocrx_word' id='word_1_152' title='bbox 801 1269 1029 1324; x_wconf 87' lang='lat' dir='ltr'>Etenim</span> <span class='ocrx_word' id='word_1_153' title='bbox 1080 1270 1371 1326; x_wconf 89' lang='lat' dir='ltr'>civitatem</span> <span class='ocrx_word' id='word_1_154' title='bbox 1412 1272 1569 1328; x_wconf 86' lang='lat' dir='ltr'>illam</span> <span class='ocrx_word' id='word_1_155' title='bbox 1602 1297 1629 1323; x_wconf 86' lang='lat'><strong>«</strong></span> <span class='ocrx_word' id='word_1_156' title='bbox 1669 1286 1869 1331; x_wconf 88' lang='lat' dir='ltr'>mense</span> <span class='ocrx_word' id='word_1_157' title='bbox 1970 1275 2365 1347; x_wconf 78' lang='lat' dir='ltr'>natum,quod</span> <span class='ocrx_word' id='word_1_158' title='bbox 2386 1279 2626 1334; x_wconf 88' lang='lat' dir='ltr'>nomina</span> <span class='ocrx_word' id='word_1_159' title='bbox 2645 1281 2899 1352; x_wconf 89' lang='lat' dir='ltr'>propria,</span> <span class='ocrx_word' id='word_1_160' title='bbox 2927 1298 3058 1336; x_wconf 92' lang='lat' dir='ltr'>cum</span> <span class='ocrx_word' id='word_1_161' title='bbox 3076 1283 3178 1337; x_wconf 91' lang='lat' dir='ltr'>sub</span> <span class='ocrx_word' id='word_1_162' title='bbox 3196 1283 3582 1338; x_wconf 87' lang='lat' dir='ltr'>Nortmanno-</span> 
     </span>
    </p>
   </div>
   <div class='ocr_carea' id='block_1_14' title="bbox 244 1353 3580 1443">
    <p class='ocr_par' dir='ltr' id='par_1_14' title="bbox 244 1353 3580 1443">
     <span class='ocr_line' id='line_1_14' title="bbox 244 1353 3580 1443; baseline 0.006 -37"><span class='ocrx_word' id='word_1_163' title='bbox 244 1353 449 1408; x_wconf 82' lang='lat' dir='ltr'>Martio</span> <span class='ocrx_word' id='word_1_164' title='bbox 476 1370 505 1408; x_wconf 76' lang='grc' dir='ltr'><strong>θ</strong></span> <span class='ocrx_word' id='word_1_165' title='bbox 533 1356 747 1410; x_wconf 87' lang='lat' dir='ltr'>comite</span> <span class='ocrx_word' id='word_1_166' title='bbox 776 1357 1025 1428; x_wconf 82' lang='lat' dir='ltr'>Rogerio</span> <span class='ocrx_word' id='word_1_167' title='bbox 1057 1362 1541 1432; x_wconf 83' lang='lat' dir='ltr'>comprehensam</span> <span class='ocrx_word' id='word_1_168' title='bbox 1566 1368 1787 1432; x_wconf 74' lang='lat' dir='ltr'>motat;</span> <span class='ocrx_word' id='word_1_169' title='bbox 1808 1365 1865 1420; x_wconf 90' lang='lat' dir='ltr'>id</span> <span class='ocrx_word' id='word_1_170' title='bbox 1968 1376 2098 1416; x_wconf 86' lang='lat' dir='ltr'>rum</span> <span class='ocrx_word' id='word_1_171' title='bbox 2124 1368 2293 1419; x_wconf 65' lang='lat' dir='ltr'>aetate</span> <span class='ocrx_word' id='word_1_172' title='bbox 2325 1367 2667 1437; x_wconf 88' lang='lat' dir='ltr'>capitalibus</span> <span class='ocrx_word' id='word_1_173' title='bbox 2688 1372 3098 1426; x_wconf 85' lang='lat' dir='ltr'>tantummodo</span> <span class='ocrx_word' id='word_1_174' title='bbox 3124 1371 3325 1427; x_wconf 87' lang='lat' dir='ltr'>litteris</span> <span class='ocrx_word' id='word_1_175' title='bbox 3340 1371 3580 1443; x_wconf 89' lang='lat' dir='ltr'>depictis</span> 
     </span>
    </p>
   </div>
   <div class='ocr_carea' id='block_1_15' title="bbox 247 1443 3576 1531">
    <p class='ocr_par' dir='ltr' id='par_1_15' title="bbox 247 1443 3576 1531">
     <span class='ocr_line' id='line_1_15' title="bbox 247 1443 3576 1531; baseline 0.005 -34"><span class='ocrx_word' id='word_1_176' title='bbox 247 1446 445 1498; x_wconf 87' lang='lat' dir='ltr'>autem</span> <span class='ocrx_word' id='word_1_177' title='bbox 463 1443 664 1512; x_wconf 88' lang='lat' dir='ltr'>serius,</span> <span class='ocrx_word' id='word_1_178' title='bbox 683 1462 858 1517; x_wconf 88' lang='lat' dir='ltr'>quam</span> <span class='ocrx_word' id='word_1_179' title='bbox 886 1464 1038 1503; x_wconf 88' lang='lat' dir='ltr'>anno</span> <span class='ocrx_word' id='word_1_180' title='bbox 1061 1451 1195 1504; x_wconf 80' lang='grc'>1098</span> <span class='ocrx_word' id='word_1_181' title='bbox 1221 1450 1294 1504; x_wconf 89' lang='lat' dir='ltr'>ad</span> <span class='ocrx_word' id='word_1_182' title='bbox 1316 1467 1579 1506; x_wconf 88' lang='lat' dir='ltr'>mensem</span> <span class='ocrx_word' id='word_1_183' title='bbox 1600 1453 1863 1510; x_wconf 87' lang='lat' dir='ltr'>Martium</span> <span class='ocrx_word' id='word_1_184' title='bbox 1966 1453 2537 1525; x_wconf 89' lang='lat' dir='ltr'>compendiarentur,</span> <span class='ocrx_word' id='word_1_185' title='bbox 2583 1459 2815 1513; x_wconf 88' lang='lat' dir='ltr'>Martius</span> <span class='ocrx_word' id='word_1_186' title='bbox 2861 1459 3096 1526; x_wconf 86' lang='lat' dir='ltr'>mensis,</span> <span class='ocrx_word' id='word_1_187' title='bbox 3132 1460 3210 1515; x_wconf 92' lang='lat' dir='ltr'>sic</span> <span class='ocrx_word' id='word_1_188' title='bbox 3241 1458 3576 1531; x_wconf 88' lang='lat' dir='ltr'>descriptus,</span> 
     </span>
    </p>
   </div>
   <div class='ocr_carea' id='block_1_16' title="bbox 244 1534 3580 1619">
    <p class='ocr_par' dir='ltr' id='par_1_16' title="bbox 244 1534 3580 1619">
     <span class='ocr_line' id='line_1_16' title="bbox 244 1534 3580 1619; baseline 0.005 -36"><span class='ocrx_word' id='word_1_189' title='bbox 244 1535 541 1603; x_wconf 85' lang='lat' dir='ltr'>provecto,</span> <span class='ocrx_word' id='word_1_190' title='bbox 575 1534 846 1602; x_wconf 85' lang='lat' dir='ltr'>evenisse,</span> <span class='ocrx_word' id='word_1_191' title='bbox 879 1536 1059 1608; x_wconf 88' lang='lat' dir='ltr'>liquet</span> <span class='ocrx_word' id='word_1_192' title='bbox 1083 1541 1206 1593; x_wconf 88' lang='lat' dir='ltr'>tum</span> <span class='ocrx_word' id='word_1_193' title='bbox 1239 1556 1304 1594; x_wconf 82' lang='lat' dir='ltr'>ex</span> <span class='ocrx_word' id='word_1_194' title='bbox 1337 1539 1393 1593; x_wconf 92' lang='lat' dir='ltr'>S.</span> <span class='ocrx_word' id='word_1_195' title='bbox 1418 1542 1694 1610; x_wconf 79' lang='lat' dir='ltr'>Anselmi,</span> <span class='ocrx_word' id='word_1_196' title='bbox 1715 1544 1860 1599; x_wconf 74' lang='lat' dir='ltr'>Can-</span> <span class='ocrx_word' id='word_1_197' title='bbox 1960 1554 2067 1609; x_wconf 93' lang='lat' dir='ltr'>pro</span> <span class='ocrx_word' id='word_1_198' title='bbox 2098 1542 2237 1596; x_wconf 88' lang='lat' dir='ltr'>Maio</span> <span class='ocrx_word' id='word_1_199' title='bbox 2267 1560 2300 1597; x_wconf 87' lang='lat' dir='ltr'>a</span> <span class='ocrx_word' id='word_1_200' title='bbox 2330 1545 2750 1602; x_wconf 85' lang='lat' dir='ltr'>recentioribus</span> <span class='ocrx_word' id='word_1_201' title='bbox 2780 1548 3027 1603; x_wconf 87' lang='lat' dir='ltr'>librariis</span> <span class='ocrx_word' id='word_1_202' title='bbox 3065 1564 3467 1619; x_wconf 63' lang='lat' dir='ltr'>saepenumero</span> <span class='ocrx_word' id='word_1_203' title='bbox 3494 1552 3580 1603; x_wconf 91' lang='lat' dir='ltr'>est</span> 
     </span>
    </p>
   </div>
   <div class='ocr_carea' id='block_1_17' title="bbox 246 1621 3579 1707">
    <p class='ocr_par' dir='ltr' id='par_1_17' title="bbox 246 1621 3579 1707">
     <span class='ocr_line' id='line_1_17' title="bbox 246 1621 3579 1707; baseline 0.005 -32"><span class='ocrx_word' id='word_1_204' title='bbox 246 1621 551 1676; x_wconf 89' lang='lat' dir='ltr'>tuariensis</span> <span class='ocrx_word' id='word_1_205' title='bbox 579 1623 988 1696; x_wconf 88' lang='lat' dir='ltr'>archiepiscopi</span> <span class='ocrx_word' id='word_1_206' title='bbox 1020 1626 1164 1691; x_wconf 87' lang='lat' dir='ltr'>Vita,</span> <span class='ocrx_word' id='word_1_207' title='bbox 1199 1643 1303 1697; x_wconf 90' lang='lat' dir='ltr'>per</span> <span class='ocrx_word' id='word_1_208' title='bbox 1343 1628 1689 1684; x_wconf 87' lang='lat' dir='ltr'>Eadmerum</span> <span class='ocrx_word' id='word_1_209' title='bbox 1721 1648 1858 1686; x_wconf 87' lang='lat' dir='ltr'>con-</span> <span class='ocrx_word' id='word_1_210' title='bbox 1960 1634 2243 1702; x_wconf 84' lang='lat' dir='ltr'>acceptus.</span> <span class='ocrx_word' id='word_1_211' title='bbox 2280 1632 2436 1686; x_wconf 91' lang='lat' dir='ltr'>Sicut</span> <span class='ocrx_word' id='word_1_212' title='bbox 2463 1634 2520 1688; x_wconf 93' lang='lat' dir='ltr'>in</span> <span class='ocrx_word' id='word_1_213' title='bbox 2557 1635 2903 1691; x_wconf 85' lang='lat' dir='ltr'>Kalendario</span> <span class='ocrx_word' id='word_1_214' title='bbox 2927 1636 3148 1707; x_wconf 90' lang='lat' dir='ltr'>antiqui</span> <span class='ocrx_word' id='word_1_215' title='bbox 3162 1636 3336 1691; x_wconf 90' lang='lat' dir='ltr'>etiam</span> <span class='ocrx_word' id='word_1_216' title='bbox 3358 1637 3579 1691; x_wconf 89' lang='lat' dir='ltr'>Brevia-</span> 
     </span>
    </p>
   </div>
   <div class='ocr_carea' id='block_1_18' title="bbox 243 1709 3576 1797">
    <p class='ocr_par' dir='ltr' id='par_1_18' title="bbox 243 1709 3576 1797">
     <span class='ocr_line' id='line_1_18' title="bbox 243 1709 3576 1797; baseline 0.005 -34"><span class='ocrx_word' id='word_1_217' title='bbox 243 1709 479 1782; x_wconf 86' lang='lat' dir='ltr'>scripta,</span> <span class='ocrx_word' id='word_1_218' title='bbox 495 1713 620 1765; x_wconf 90' lang='lat' dir='ltr'>tum</span> <span class='ocrx_word' id='word_1_219' title='bbox 641 1712 817 1766; x_wconf 90' lang='lat' dir='ltr'>etiam</span> <span class='ocrx_word' id='word_1_220' title='bbox 850 1730 915 1767; x_wconf 85' lang='lat' dir='ltr'>ex</span> <span class='ocrx_word' id='word_1_221' title='bbox 946 1714 1229 1769; x_wconf 84' lang='lat' dir='ltr'>Gaufredo</span> <span class='ocrx_word' id='word_1_222' title='bbox 1256 1716 1575 1771; x_wconf 87' lang='lat' dir='ltr'>Malaterra.</span> <span class='ocrx_word' id='word_1_223' title='bbox 1602 1720 1670 1773; x_wconf 91' lang='lat' dir='ltr'>Ut</span> <span class='ocrx_word' id='word_1_224' title='bbox 1700 1719 1760 1774; x_wconf 91' lang='lat' dir='ltr'>id</span> <span class='ocrx_word' id='word_1_225' title='bbox 1792 1737 1858 1774; x_wconf 84' lang='lat' dir='ltr'>ex</span> <span class='ocrx_word' id='word_1_226' title='bbox 1885 1714 1936 1772; x_wconf 93' lang='lat' dir='ltr'><strong>B</strong></span> <span class='ocrx_word' id='word_1_227' title='bbox 1959 1717 2029 1770; x_wconf 90' lang='lat' dir='ltr'>rii</span> <span class='ocrx_word' id='word_1_228' title='bbox 2061 1718 2364 1791; x_wconf 89' lang='lat' dir='ltr'>Campani,</span> <span class='ocrx_word' id='word_1_229' title='bbox 2388 1722 2446 1775; x_wconf 93' lang='lat' dir='ltr'>in</span> <span class='ocrx_word' id='word_1_230' title='bbox 2475 1739 2588 1794; x_wconf 88' lang='lat' dir='ltr'>quo</span> <span class='ocrx_word' id='word_1_231' title='bbox 2624 1723 2835 1777; x_wconf 86' lang='lat' dir='ltr'>festum</span> <span class='ocrx_word' id='word_1_232' title='bbox 2870 1723 2927 1778; x_wconf 98' lang='grc'>8.</span> <span class='ocrx_word' id='word_1_233' title='bbox 2959 1723 3316 1779; x_wconf 67' lang='grc' dir='ltr'>Ροιθηῐίειηω</span> <span class='ocrx_word' id='word_1_234' title='bbox 3336 1724 3576 1797; x_wconf 83' lang='lat' dir='ltr'>virginis</span> 
     </span>
    </p>
   </div>
   <div class='ocr_carea' id='block_1_19' title="bbox 244 1797 3575 1884">
    <p class='ocr_par' dir='ltr' id='par_1_19' title="bbox 244 1797 3575 1884">
     <span class='ocr_line' id='line_1_19' title="bbox 244 1797 3575 1884; baseline 0.005 -33"><span class='ocrx_word' id='word_1_235' title='bbox 244 1797 400 1852; x_wconf 90' lang='lat' dir='ltr'>dicta</span> <span class='ocrx_word' id='word_1_236' title='bbox 427 1800 683 1854; x_wconf 82' lang='lat' dir='ltr'>Anselmi</span> <span class='ocrx_word' id='word_1_237' title='bbox 716 1801 829 1855; x_wconf 89' lang='lat' dir='ltr'>vita</span> <span class='ocrx_word' id='word_1_238' title='bbox 873 1806 1156 1870; x_wconf 85' lang='lat' dir='ltr'>constare,</span> <span class='ocrx_word' id='word_1_239' title='bbox 1187 1804 1375 1874; x_wconf 93' lang='lat' dir='ltr'>primo</span> <span class='ocrx_word' id='word_1_240' title='bbox 1416 1806 1681 1876; x_wconf 87' lang='lat' dir='ltr'>probem,</span> <span class='ocrx_word' id='word_1_241' title='bbox 1711 1808 1855 1863; x_wconf 90' lang='lat' dir='ltr'>Ead-</span> <span class='ocrx_word' id='word_1_242' title='bbox 1957 1823 2264 1879; x_wconf 87' lang='lat' dir='ltr'>perperam</span> <span class='ocrx_word' id='word_1_243' title='bbox 2296 1814 2530 1866; x_wconf 89' lang='lat' dir='ltr'>notatur</span> <span class='ocrx_word' id='word_1_244' title='bbox 2558 1812 2632 1867; x_wconf 89' lang='lat' dir='ltr'>ad</span> <span class='ocrx_word' id='word_1_245' title='bbox 2661 1812 2816 1867; x_wconf 90' lang='lat' dir='ltr'>diem</span> <span class='ocrx_word' id='word_1_246' title='bbox 2848 1815 2912 1867; x_wconf 97' lang='grc'>19</span> <span class='ocrx_word' id='word_1_247' title='bbox 2942 1812 3145 1880; x_wconf 80' lang='lat' dir='ltr'>Martii,</span> <span class='ocrx_word' id='word_1_248' title='bbox 3175 1811 3331 1884; x_wconf 89' lang='lat' dir='ltr'>quod</span> <span class='ocrx_word' id='word_1_249' title='bbox 3366 1813 3575 1868; x_wconf 89' lang='lat' dir='ltr'>colitur</span> 
     </span>
    </p>
   </div>
   <div class='ocr_carea' id='block_1_20' title="bbox 242 1889 2256 1966">
    <p class='ocr_par' dir='ltr' id='par_1_20' title="bbox 242 1889 2256 1966">
     <span class='ocr_line' id='line_1_20' title="bbox 242 1889 2256 1966; baseline 0.004 -25"><span class='ocrx_word' id='word_1_250' title='bbox 242 1904 440 1942; x_wconf 88' lang='lat' dir='ltr'>merus</span> <span class='ocrx_word' id='word_1_251' title='bbox 463 1889 522 1943; x_wconf 92' lang='lat' dir='ltr'>in</span> <span class='ocrx_word' id='word_1_252' title='bbox 556 1890 661 1944; x_wconf 88' lang='lat' dir='ltr'>hac</span> <span class='ocrx_word' id='word_1_253' title='bbox 688 1891 841 1962; x_wconf 92' lang='lat' dir='ltr'>apud</span> <span class='ocrx_word' id='word_1_254' title='bbox 868 1907 971 1945; x_wconf 90' lang='lat' dir='ltr'>nos</span> <span class='ocrx_word' id='word_1_255' title='bbox 1000 1894 1144 1946; x_wconf 90' lang='lat' dir='ltr'>tom.</span> <span class='ocrx_word' id='word_1_256' title='bbox 1180 1894 1223 1946; x_wconf 88' lang='lat' dir='ltr'>ll</span> <span class='ocrx_word' id='word_1_257' title='bbox 1257 1893 1466 1963; x_wconf 86' lang='lat' dir='ltr'>Aprilis</span> <span class='ocrx_word' id='word_1_258' title='bbox 1504 1911 1636 1966; x_wconf 83' lang='lat' dir='ltr'>pag.</span> <span class='ocrx_word' id='word_1_259' title='bbox 1669 1898 1771 1950; x_wconf 89' lang='lat'>886</span> <span class='ocrx_word' id='word_1_260' title='bbox 1799 1901 1858 1952; x_wconf 90' lang='lat' dir='ltr'>et</span> <span class='ocrx_word' id='word_1_261' title='bbox 1959 1896 2025 1947; x_wconf 89' lang='grc'>19</span> <span class='ocrx_word' id='word_1_262' title='bbox 2049 1895 2196 1951; x_wconf 89' lang='lat' dir='ltr'>Maii.</span> <span class='ocrx_word' id='word_1_263' title='bbox 2225 1916 2256 1949; x_wconf 69' lang='grc' dir='ltr'>ι)</span> 
     </span>
    </p>
   </div>
   <div class='ocr_carea' id='block_1_21' title="bbox 240 1977 3570 2059">
    <p class='ocr_par' dir='ltr' id='par_1_21' title="bbox 240 1977 3570 2059">
     <span class='ocr_line' id='line_1_21' title="bbox 240 1977 3570 2059; baseline 0.004 -28"><span class='ocrx_word' id='word_1_264' title='bbox 240 1993 388 2048; x_wconf 89' lang='lat' dir='ltr'>seq.,</span> <span class='ocrx_word' id='word_1_265' title='bbox 422 1977 873 2033; x_wconf 82' lang='lat' dir='ltr'>Resurrectionis</span> <span class='ocrx_word' id='word_1_266' title='bbox 903 1980 1216 2035; x_wconf 66' lang='lat' dir='ltr'>Dominicaz</span> <span class='ocrx_word' id='word_1_267' title='bbox 1248 1982 1479 2048; x_wconf 85' lang='lat' dir='ltr'>festum,</span> <span class='ocrx_word' id='word_1_268' title='bbox 1517 1983 1673 2055; x_wconf 88' lang='lat' dir='ltr'>quod</span> <span class='ocrx_word' id='word_1_269' title='bbox 1699 2002 1852 2040; x_wconf 90' lang='lat' dir='ltr'>anno</span> <span class='ocrx_word' id='word_1_270' title='bbox 2027 1985 2150 2038; x_wconf 86' lang='lat'><strong>660.</strong></span> <span class='ocrx_word' id='word_1_271' title='bbox 2182 1987 2263 2040; x_wconf 87' lang='lat' dir='ltr'>ita</span> <span class='ocrx_word' id='word_1_272' title='bbox 2292 1986 2407 2053; x_wconf 90' lang='lat' dir='ltr'>ille,</span> <span class='ocrx_word' id='word_1_273' title='bbox 2439 1986 2703 2042; x_wconf 88' lang='lat' dir='ltr'>nonnihil</span> <span class='ocrx_word' id='word_1_274' title='bbox 2732 1986 2989 2059; x_wconf 88' lang='lat' dir='ltr'>quidem,</span> <span class='ocrx_word' id='word_1_275' title='bbox 3017 1990 3079 2042; x_wconf 87' lang='lat' dir='ltr'>ut</span> <span class='ocrx_word' id='word_1_276' title='bbox 3106 1988 3231 2059; x_wconf 91' lang='lat' dir='ltr'>jam</span> <span class='ocrx_word' id='word_1_277' title='bbox 3250 1986 3472 2055; x_wconf 91' lang='lat' dir='ltr'>monui,</span> <span class='ocrx_word' id='word_1_278' title='bbox 3496 2004 3570 2044; x_wconf 90' lang='lat' dir='ltr'>an</span> 
     </span>
    </p>
   </div>
   <div class='ocr_carea' id='block_1_22' title="bbox 244 2065 3571 2147">
    <p class='ocr_par' dir='ltr' id='par_1_22' title="bbox 244 2065 3571 2147">
     <span class='ocr_line' id='line_1_22' title="bbox 244 2065 3571 2147; baseline 0.004 -28"><span class='ocrx_word' id='word_1_279' title='bbox 244 2067 383 2120; x_wconf 88' lang='grc'>1098</span> <span class='ocrx_word' id='word_1_280' title='bbox 414 2065 474 2120; x_wconf 92' lang='lat' dir='ltr'>in</span> <span class='ocrx_word' id='word_1_281' title='bbox 504 2066 841 2137; x_wconf 86' lang='lat' dir='ltr'>vigesimam</span> <span class='ocrx_word' id='word_1_282' title='bbox 868 2070 1127 2123; x_wconf 84' lang='lat' dir='ltr'>octavam</span> <span class='ocrx_word' id='word_1_283' title='bbox 1149 2068 1329 2124; x_wconf 85' lang='lat' dir='ltr'>Martii</span> <span class='ocrx_word' id='word_1_284' title='bbox 1353 2069 1573 2137; x_wconf 84' lang='lat' dir='ltr'>incidit,</span> <span class='ocrx_word' id='word_1_285' title='bbox 1600 2088 1659 2125; x_wconf 91' lang='lat' dir='ltr'>se</span> <span class='ocrx_word' id='word_1_286' title='bbox 1681 2072 1851 2127; x_wconf 90' lang='lat' dir='ltr'>simul</span> <span class='ocrx_word' id='word_1_287' title='bbox 1951 2087 2057 2142; x_wconf 90' lang='lat' dir='ltr'>pro</span> <span class='ocrx_word' id='word_1_288' title='bbox 2087 2088 2284 2127; x_wconf 88' lang='lat' dir='ltr'>mense</span> <span class='ocrx_word' id='word_1_289' title='bbox 2296 2074 2515 2142; x_wconf 90' lang='lat' dir='ltr'>Martio,</span> <span class='ocrx_word' id='word_1_290' title='bbox 2541 2092 2654 2146; x_wconf 88' lang='lat' dir='ltr'>quo</span> <span class='ocrx_word' id='word_1_291' title='bbox 2678 2075 2735 2129; x_wconf 91' lang='lat' dir='ltr'>in</span> <span class='ocrx_word' id='word_1_292' title='bbox 2752 2075 2889 2147; x_wconf 87' lang='lat' dir='ltr'>Lupi</span> <span class='ocrx_word' id='word_1_293' title='bbox 2912 2076 3268 2146; x_wconf 56' lang='lat' dir='ltr'>Protospata</span> <span class='ocrx_word' id='word_1_294' title='bbox 3288 2075 3571 2131; x_wconf 89' lang='lat' dir='ltr'>Chronico</span> 
     </span>
    </p>
   </div>
   <div class='ocr_carea' id='block_1_23' title="bbox 238 2154 3569 2234">
    <p class='ocr_par' dir='ltr' id='par_1_23' title="bbox 238 2154 3569 2234">
     <span class='ocr_line' id='line_1_23' title="bbox 238 2154 3569 2234; baseline 0.003 -27"><span class='ocrx_word' id='word_1_295' title='bbox 238 2169 306 2208; x_wconf 87' lang='lat' dir='ltr'>ac</span> <span class='ocrx_word' id='word_1_296' title='bbox 346 2154 403 2208; x_wconf 90' lang='grc'>8.</span> <span class='ocrx_word' id='word_1_297' title='bbox 434 2154 772 2210; x_wconf 81' lang='lat' dir='ltr'>Anselmum</span> <span class='ocrx_word' id='word_1_298' title='bbox 802 2156 862 2209; x_wconf 91' lang='lat' dir='ltr'>in</span> <span class='ocrx_word' id='word_1_299' title='bbox 896 2156 952 2210; x_wconf 92' lang='lat' dir='ltr'>S.</span> <span class='ocrx_word' id='word_1_300' title='bbox 975 2156 1257 2211; x_wconf 87' lang='lat' dir='ltr'>Michaelis</span> <span class='ocrx_word' id='word_1_301' title='bbox 1288 2159 1571 2225; x_wconf 63' lang='lat' dir='ltr'>coenobio,</span> <span class='ocrx_word' id='word_1_302' title='bbox 1597 2160 1652 2214; x_wconf 90' lang='lat' dir='ltr'>in</span> <span class='ocrx_word' id='word_1_303' title='bbox 1681 2161 1848 2217; x_wconf 88' lang='lat' dir='ltr'>ditio-</span> <span class='ocrx_word' id='word_1_304' title='bbox 1953 2159 2145 2230; x_wconf 88' lang='lat' dir='ltr'>Capua</span> <span class='ocrx_word' id='word_1_305' title='bbox 2174 2165 2340 2231; x_wconf 90' lang='lat' dir='ltr'>capta</span> <span class='ocrx_word' id='word_1_306' title='bbox 2371 2167 2660 2230; x_wconf 89' lang='lat' dir='ltr'>narratur,</span> <span class='ocrx_word' id='word_1_307' title='bbox 2692 2163 3064 2234; x_wconf 90' lang='lat' dir='ltr'>reponendus</span> <span class='ocrx_word' id='word_1_308' title='bbox 3095 2164 3169 2218; x_wconf 88' lang='lat' dir='ltr'>sit</span> <span class='ocrx_word' id='word_1_309' title='bbox 3204 2163 3398 2230; x_wconf 89' lang='lat' dir='ltr'>Maius,</span> <span class='ocrx_word' id='word_1_310' title='bbox 3438 2164 3569 2219; x_wconf 84' lang='lat' dir='ltr'>sub-</span> 
     </span>
    </p>
   </div>
   <div class='ocr_carea' id='block_1_24' title="bbox 236 2242 3566 2323">
    <p class='ocr_par' dir='ltr' id='par_1_24' title="bbox 236 2242 3566 2323">
     <span class='ocr_line' id='line_1_24' title="bbox 236 2242 3566 2323; baseline 0.003 -27"><span class='ocrx_word' id='word_1_311' title='bbox 236 2259 311 2296; x_wconf 91' lang='lat' dir='ltr'>ne</span> <span class='ocrx_word' id='word_1_312' title='bbox 341 2242 777 2298; x_wconf 88' lang='lat' dir='ltr'>Pedemontana</span> <span class='ocrx_word' id='word_1_313' title='bbox 817 2245 947 2311; x_wconf 91' lang='lat' dir='ltr'>sito,</span> <span class='ocrx_word' id='word_1_314' title='bbox 995 2246 1335 2313; x_wconf 85' lang='lat' dir='ltr'>celebrasse,</span> <span class='ocrx_word' id='word_1_315' title='bbox 1362 2248 1605 2302; x_wconf 83' lang='lat' dir='ltr'>Romam</span> <span class='ocrx_word' id='word_1_316' title='bbox 1640 2249 1849 2304; x_wconf 90' lang='lat' dir='ltr'>deinde</span> <span class='ocrx_word' id='word_1_317' title='bbox 1950 2245 2235 2317; x_wconf 90' lang='lat' dir='ltr'>dubitans,</span> <span class='ocrx_word' id='word_1_318' title='bbox 2253 2250 2534 2322; x_wconf 90' lang='lat' dir='ltr'>simulque</span> <span class='ocrx_word' id='word_1_319' title='bbox 2556 2255 2752 2305; x_wconf 90' lang='lat' dir='ltr'>tamen</span> <span class='ocrx_word' id='word_1_320' title='bbox 2771 2252 2828 2306; x_wconf 92' lang='lat' dir='ltr'>in</span> <span class='ocrx_word' id='word_1_321' title='bbox 2847 2252 3566 2323; x_wconf 67' lang='lat' dir='ltr'>opinionem,quaaMartio</span> 
     </span>
    </p>
   </div>
   <div class='ocr_carea' id='block_1_25' title="bbox 236 2330 3562 2411">
    <p class='ocr_par' dir='ltr' id='par_1_25' title="bbox 236 2330 3562 2411">
     <span class='ocr_line' id='line_1_25' title="bbox 236 2330 3562 2411; baseline 0.003 -27"><span class='ocrx_word' id='word_1_322' title='bbox 236 2330 557 2397; x_wconf 82' lang='lat' dir='ltr'>advenisse,</span> <span class='ocrx_word' id='word_1_323' title='bbox 597 2331 797 2386; x_wconf 91' lang='lat' dir='ltr'>decem</span> <span class='ocrx_word' id='word_1_324' title='bbox 825 2332 1026 2387; x_wconf 91' lang='lat' dir='ltr'>diebus</span> <span class='ocrx_word' id='word_1_325' title='bbox 1053 2333 1268 2388; x_wconf 89' lang='lat' dir='ltr'>ibidem</span> <span class='ocrx_word' id='word_1_326' title='bbox 1301 2336 1621 2403; x_wconf 88' lang='lat' dir='ltr'>transactis,</span> <span class='ocrx_word' id='word_1_327' title='bbox 1648 2336 1706 2391; x_wconf 90' lang='lat' dir='ltr'>in</span> <span class='ocrx_word' id='word_1_328' title='bbox 1740 2342 1850 2393; x_wconf 87' lang='lat' dir='ltr'>ter-</span> <span class='ocrx_word' id='word_1_329' title='bbox 1944 2334 2152 2390; x_wconf 89' lang='lat' dir='ltr'>Maium</span> <span class='ocrx_word' id='word_1_330' title='bbox 2185 2338 2445 2392; x_wconf 90' lang='lat' dir='ltr'>substitui</span> <span class='ocrx_word' id='word_1_331' title='bbox 2487 2340 2729 2394; x_wconf 92' lang='lat' dir='ltr'>omnino</span> <span class='ocrx_word' id='word_1_332' title='bbox 2762 2340 2901 2406; x_wconf 84' lang='lat' dir='ltr'>vult,</span> <span class='ocrx_word' id='word_1_333' title='bbox 2936 2339 3122 2411; x_wconf 82' lang='lat' dir='ltr'>magis</span> <span class='ocrx_word' id='word_1_334' title='bbox 3170 2339 3562 2411; x_wconf 90' lang='lat' dir='ltr'>propendens,</span> 
     </span>
    </p>
   </div>
   <div class='ocr_carea' id='block_1_26' title="bbox 233 2418 3560 2498">
    <p class='ocr_par' dir='ltr' id='par_1_26' title="bbox 233 2418 3560 2498">
     <span class='ocr_line' id='line_1_26' title="bbox 233 2418 3560 2498; baseline 0.003 -26"><span class='ocrx_word' id='word_1_335' title='bbox 233 2434 363 2474; x_wconf 89' lang='lat' dir='ltr'>ram</span> <span class='ocrx_word' id='word_1_336' title='bbox 399 2418 634 2474; x_wconf 91' lang='lat' dir='ltr'>Laboris</span> <span class='ocrx_word' id='word_1_337' title='bbox 664 2421 737 2474; x_wconf 90' lang='lat' dir='ltr'>ad</span> <span class='ocrx_word' id='word_1_338' title='bbox 760 2419 817 2474; x_wconf 92' lang='lat' dir='ltr'>S.</span> <span class='ocrx_word' id='word_1_339' title='bbox 842 2420 1150 2475; x_wconf 84' lang='lat' dir='ltr'>Salvatoris</span> <span class='ocrx_word' id='word_1_340' title='bbox 1179 2424 1617 2491; x_wconf 88' lang='lat' dir='ltr'>monasterium,</span> <span class='ocrx_word' id='word_1_341' title='bbox 1642 2427 1848 2497; x_wconf 84' lang='lat' dir='ltr'>acujus</span> <span class='ocrx_word' id='word_1_342' title='bbox 1946 2423 2214 2496; x_wconf 87' lang='lat' dir='ltr'>hincque,</span> <span class='ocrx_word' id='word_1_343' title='bbox 2260 2432 2322 2482; x_wconf 89' lang='lat' dir='ltr'>ut</span> <span class='ocrx_word' id='word_1_344' title='bbox 2367 2446 2498 2484; x_wconf 89' lang='lat' dir='ltr'>eam</span> <span class='ocrx_word' id='word_1_345' title='bbox 2535 2433 2785 2497; x_wconf 89' lang='lat' dir='ltr'>tueatur,</span> <span class='ocrx_word' id='word_1_346' title='bbox 2833 2429 3035 2483; x_wconf 88' lang='lat' dir='ltr'>urbem</span> <span class='ocrx_word' id='word_1_347' title='bbox 3075 2428 3431 2498; x_wconf 88' lang='lat' dir='ltr'>Capuanam,</span> <span class='ocrx_word' id='word_1_348' title='bbox 3472 2428 3560 2482; x_wconf 89' lang='lat' dir='ltr'>cui</span> 
     </span>
    </p>
   </div>
   <div class='ocr_carea' id='block_1_27' title="bbox 234 2508 3560 2583">
    <p class='ocr_par' dir='ltr' id='par_1_27' title="bbox 234 2508 3560 2583">
     <span class='ocr_line' id='line_1_27' title="bbox 234 2508 3560 2583; baseline 0.003 -22"><span class='ocrx_word' id='word_1_349' title='bbox 234 2508 470 2575; x_wconf 83' lang='lat' dir='ltr'>abbate,</span> <span class='ocrx_word' id='word_1_350' title='bbox 509 2526 611 2564; x_wconf 92' lang='lat' dir='ltr'>suo</span> <span class='ocrx_word' id='word_1_351' title='bbox 654 2509 792 2564; x_wconf 88' lang='lat' dir='ltr'>olim</span> <span class='ocrx_word' id='word_1_352' title='bbox 834 2510 1137 2583; x_wconf 87' lang='lat' dir='ltr'>discipulo,</span> <span class='ocrx_word' id='word_1_353' title='bbox 1184 2511 1532 2567; x_wconf 90' lang='lat' dir='ltr'>amicissime</span> <span class='ocrx_word' id='word_1_354' title='bbox 1577 2514 1847 2570; x_wconf 89' lang='lat' dir='ltr'>invitatus</span> <span class='ocrx_word' id='word_1_355' title='bbox 1946 2512 2276 2569; x_wconf 75' lang='lat' dir='ltr'>obsidendze</span> <span class='ocrx_word' id='word_1_356' title='bbox 2309 2517 2623 2571; x_wconf 87' lang='lat' dir='ltr'>exercitum</span> <span class='ocrx_word' id='word_1_357' title='bbox 2668 2533 2836 2571; x_wconf 88' lang='lat' dir='ltr'>suum</span> <span class='ocrx_word' id='word_1_358' title='bbox 2881 2518 3035 2570; x_wconf 88' lang='lat' dir='ltr'>certe</span> <span class='ocrx_word' id='word_1_359' title='bbox 3086 2518 3222 2569; x_wconf 87' lang='lat' dir='ltr'>ante</span> <span class='ocrx_word' id='word_1_360' title='bbox 3270 2514 3560 2570; x_wconf 88' lang='lat' dir='ltr'>decimam</span> 
     </span>
    </p>
   </div>
   <div class='ocr_carea' id='block_1_28' title="bbox 233 2596 3548 2678">
    <p class='ocr_par' dir='ltr' id='par_1_28' title="bbox 233 2596 3548 2678">
     <span class='ocr_line' id='line_1_28' title="bbox 233 2596 3548 2678; baseline 0.003 -28"><span class='ocrx_word' id='word_1_361' title='bbox 233 2596 447 2663; x_wconf 84' lang='lat' dir='ltr'>fuerat,</span> <span class='ocrx_word' id='word_1_362' title='bbox 476 2596 791 2665; x_wconf 89' lang='lat' dir='ltr'>divertisse,</span> <span class='ocrx_word' id='word_1_363' title='bbox 817 2615 883 2653; x_wconf 91' lang='lat' dir='ltr'>ac</span> <span class='ocrx_word' id='word_1_364' title='bbox 900 2599 1139 2653; x_wconf 91' lang='lat' dir='ltr'>tandem</span> <span class='ocrx_word' id='word_1_365' title='bbox 1170 2600 1237 2654; x_wconf 89' lang='lat' dir='ltr'>ad</span> <span class='ocrx_word' id='word_1_366' title='bbox 1275 2601 1582 2671; x_wconf 81' lang='lat' dir='ltr'>Rogerium</span> <span class='ocrx_word' id='word_1_367' title='bbox 1616 2602 1841 2671; x_wconf 91' lang='lat' dir='ltr'>ducem,</span> <span class='ocrx_word' id='word_1_368' title='bbox 1946 2605 2161 2657; x_wconf 84' lang='lat' dir='ltr'>sextam</span> <span class='ocrx_word' id='word_1_369' title='bbox 2197 2605 2322 2658; x_wconf 90' lang='lat' dir='ltr'>Maii</span> <span class='ocrx_word' id='word_1_370' title='bbox 2351 2605 2528 2673; x_wconf 91' lang='lat' dir='ltr'>diem,</span> <span class='ocrx_word' id='word_1_371' title='bbox 2554 2607 2634 2660; x_wconf 93' lang='lat' dir='ltr'>uti</span> <span class='ocrx_word' id='word_1_372' title='bbox 2669 2623 2735 2660; x_wconf 83' lang='lat' dir='ltr'>ex</span> <span class='ocrx_word' id='word_1_373' title='bbox 2758 2622 2931 2678; x_wconf 87' lang='lat' dir='ltr'>supra</span> <span class='ocrx_word' id='word_1_374' title='bbox 2960 2604 3125 2659; x_wconf 89' lang='lat' dir='ltr'>dictis</span> <span class='ocrx_word' id='word_1_375' title='bbox 3155 2602 3323 2659; x_wconf 84' lang='lat' dir='ltr'>facile</span> <span class='ocrx_word' id='word_1_376' title='bbox 3349 2607 3435 2658; x_wconf 91' lang='lat' dir='ltr'>est</span> <span class='ocrx_word' id='word_1_377' title='bbox 3456 2606 3548 2659; x_wconf 92' lang='lat' dir='ltr'>col</span> 
     </span>
    </p>
   </div>
   <div class='ocr_carea' id='block_1_29' title="bbox 232 2682 3555 2763">
    <p class='ocr_par' dir='ltr' id='par_1_29' title="bbox 232 2682 3555 2763">
     <span class='ocr_line' id='line_1_29' title="bbox 232 2682 3555 2763; baseline 0.002 -24"><span class='ocrx_word' id='word_1_378' title='bbox 232 2685 609 2757; x_wconf 85' lang='lat' dir='ltr'>quiCapuam</span> <span class='ocrx_word' id='word_1_379' title='bbox 631 2688 1168 2759; x_wconf 89' lang='lat' dir='ltr'>obsidebat,quique</span> <span class='ocrx_word' id='word_1_380' title='bbox 1186 2691 1502 2756; x_wconf 85' lang='lat' dir='ltr'>cum,utad</span> <span class='ocrx_word' id='word_1_381' title='bbox 1523 2708 1581 2745; x_wconf 91' lang='lat' dir='ltr'>se</span> <span class='ocrx_word' id='word_1_382' title='bbox 1602 2692 1842 2760; x_wconf 84' lang='lat' dir='ltr'>veniret,</span> <span class='ocrx_word' id='word_1_383' title='bbox 1945 2688 2144 2761; x_wconf 84' lang='lat' dir='ltr'>ligere,</span> <span class='ocrx_word' id='word_1_384' title='bbox 2179 2682 2454 2763; x_wconf 83' lang='lat' dir='ltr'>Rogerius</span> <span class='ocrx_word' id='word_1_385' title='bbox 2498 2710 2692 2747; x_wconf 90' lang='lat' dir='ltr'>comes</span> <span class='ocrx_word' id='word_1_386' title='bbox 2736 2709 2851 2747; x_wconf 91' lang='lat' dir='ltr'>non</span> <span class='ocrx_word' id='word_1_387' title='bbox 2904 2690 3178 2758; x_wconf 88' lang='lat' dir='ltr'>admovit,</span> <span class='ocrx_word' id='word_1_388' title='bbox 3210 2706 3243 2744; x_wconf 88' lang='lat' dir='ltr'>a</span> <span class='ocrx_word' id='word_1_389' title='bbox 3270 2689 3555 2746; x_wconf 86' lang='lat' dir='ltr'>Richardo</span> 
     </span>
    </p>
   </div>
   <div class='ocr_carea' id='block_1_30' title="bbox 229 2774 3551 2851">
    <p class='ocr_par' dir='ltr' id='par_1_30' title="bbox 229 2774 3551 2851">
     <span class='ocr_line' id='line_1_30' title="bbox 229 2774 3551 2851; baseline 0.002 -24"><span class='ocrx_word' id='word_1_390' title='bbox 229 2774 426 2846; x_wconf 84' lang='lat' dir='ltr'>rogari</span> <span class='ocrx_word' id='word_1_391' title='bbox 466 2775 735 2845; x_wconf 88' lang='lat' dir='ltr'>jusserat,</span> <span class='ocrx_word' id='word_1_392' title='bbox 783 2776 1077 2830; x_wconf 84' lang='lat' dir='ltr'>accessisse</span> <span class='ocrx_word' id='word_1_393' title='bbox 1125 2777 1535 2850; x_wconf 88' lang='lat' dir='ltr'>aliquantoque</span> <span class='ocrx_word' id='word_1_394' title='bbox 1568 2780 1844 2851; x_wconf 86' lang='lat' dir='ltr'>temporis</span> <span class='ocrx_word' id='word_1_395' title='bbox 1944 2778 2202 2849; x_wconf 88' lang='lat' dir='ltr'>principe</span> <span class='ocrx_word' id='word_1_396' title='bbox 2239 2782 2527 2835; x_wconf 85' lang='lat' dir='ltr'>Aversano</span> <span class='ocrx_word' id='word_1_397' title='bbox 2558 2780 3047 2835; x_wconf 90' lang='lat' dir='ltr'>circumvallatam</span> <span class='ocrx_word' id='word_1_398' title='bbox 3074 2778 3551 2843; x_wconf 85' lang='lat' dir='ltr'>fuisse,etatem-</span> 
     </span>
    </p>
   </div>
   <div class='ocr_carea' id='block_1_31' title="bbox 228 2863 3552 2939">
    <p class='ocr_par' dir='ltr' id='par_1_31' title="bbox 228 2863 3552 2939">
     <span class='ocr_line' id='line_1_31' title="bbox 228 2863 3552 2939; baseline 0.002 -23"><span class='ocrx_word' id='word_1_399' title='bbox 228 2863 415 2934; x_wconf 90' lang='lat' dir='ltr'>spatio</span> <span class='ocrx_word' id='word_1_400' title='bbox 450 2864 603 2935; x_wconf 90' lang='lat' dir='ltr'>apud</span> <span class='ocrx_word' id='word_1_401' title='bbox 633 2881 766 2919; x_wconf 92' lang='lat' dir='ltr'>eum</span> <span class='ocrx_word' id='word_1_402' title='bbox 797 2864 1091 2931; x_wconf 89' lang='lat' dir='ltr'>mansisse,</span> <span class='ocrx_word' id='word_1_403' title='bbox 1135 2866 1431 2920; x_wconf 55' lang='lat' dir='ltr'>memoria!</span> <span class='ocrx_word' id='word_1_404' title='bbox 1474 2868 1683 2937; x_wconf 92' lang='lat' dir='ltr'>prodit.</span> <span class='ocrx_word' id='word_1_405' title='bbox 1716 2869 1843 2924; x_wconf 86' lang='lat' dir='ltr'>Jam</span> <span class='ocrx_word' id='word_1_406' title='bbox 1942 2879 2104 2935; x_wconf 89' lang='lat' dir='ltr'>pore,</span> <span class='ocrx_word' id='word_1_407' title='bbox 2134 2882 2247 2936; x_wconf 86' lang='lat' dir='ltr'>quo</span> <span class='ocrx_word' id='word_1_408' title='bbox 2278 2867 2385 2921; x_wconf 90' lang='lat' dir='ltr'>hoc</span> <span class='ocrx_word' id='word_1_409' title='bbox 2412 2868 2627 2922; x_wconf 86' lang='lat' dir='ltr'>factum</span> <span class='ocrx_word' id='word_1_410' title='bbox 2659 2871 2763 2935; x_wconf 92' lang='lat' dir='ltr'>est,</span> <span class='ocrx_word' id='word_1_411' title='bbox 2785 2885 2901 2923; x_wconf 93' lang='lat' dir='ltr'>non</span> <span class='ocrx_word' id='word_1_412' title='bbox 2926 2871 3120 2923; x_wconf 91' lang='lat' dir='ltr'>autem</span> <span class='ocrx_word' id='word_1_413' title='bbox 3142 2867 3215 2923; x_wconf 91' lang='lat' dir='ltr'>ab</span> <span class='ocrx_word' id='word_1_414' title='bbox 3242 2883 3461 2939; x_wconf 81' lang='lat' dir='ltr'>eo,quo</span> <span class='ocrx_word' id='word_1_415' title='bbox 3478 2868 3552 2923; x_wconf 91' lang='lat' dir='ltr'>ad</span> 
     </span>
    </p>
   </div>
   <div class='ocr_carea' id='block_1_32' title="bbox 179 2952 3547 3028">
    <p class='ocr_par' dir='ltr' id='par_1_32' title="bbox 179 2952 3547 3028">
     <span class='ocr_line' id='line_1_32' title="bbox 179 2952 3547 3028; baseline 0.004 -32"><span class='ocrx_word' id='word_1_416' title='bbox 179 2989 187 2996; x_wconf 90' lang='lat'>.</span> <span class='ocrx_word' id='word_1_417' title='bbox 227 2967 383 3018; x_wconf 75' lang='lat' dir='ltr'>vero,</span> <span class='ocrx_word' id='word_1_418' title='bbox 404 2952 705 3006; x_wconf 84' lang='lat' dir='ltr'>cumidita</span> <span class='ocrx_word' id='word_1_419' title='bbox 725 2952 814 3019; x_wconf 85' lang='lat' dir='ltr'>sit,</span> <span class='ocrx_word' id='word_1_420' title='bbox 838 2952 1628 3028; x_wconf 81' lang='lat' dir='ltr'>nec,siannolO98jaminde</span> <span class='ocrx_word' id='word_1_421' title='bbox 1650 2957 1841 3012; x_wconf 85' lang='lat' dir='ltr'>aMar-</span> <span class='ocrx_word' id='word_1_422' title='bbox 1865 2999 1910 3028; x_wconf 59' lang='grc' dir='ltr'><strong>η</strong></span> <span class='ocrx_word' id='word_1_423' title='bbox 1941 2956 2126 3006; x_wconf 87' lang='lat' dir='ltr'>castra</span> <span class='ocrx_word' id='word_1_424' title='bbox 2157 2970 2284 3008; x_wconf 87' lang='lat' dir='ltr'>cum</span> <span class='ocrx_word' id='word_1_425' title='bbox 2318 2956 2563 3010; x_wconf 86' lang='lat' dir='ltr'>exercitu</span> <span class='ocrx_word' id='word_1_426' title='bbox 2596 2974 2696 3011; x_wconf 91' lang='lat' dir='ltr'>suo</span> <span class='ocrx_word' id='word_1_427' title='bbox 2750 2956 3026 3026; x_wconf 73' lang='lat' dir='ltr'>Rogcrius</span> <span class='ocrx_word' id='word_1_428' title='bbox 3063 2972 3259 3010; x_wconf 86' lang='lat' dir='ltr'>comes</span> <span class='ocrx_word' id='word_1_429' title='bbox 3293 2956 3547 3027; x_wconf 90' lang='lat' dir='ltr'>primum</span> 
     </span>
    </p>
   </div>
   <div class='ocr_carea' id='block_1_33' title="bbox 226 3040 3546 3116">
    <p class='ocr_par' dir='ltr' id='par_1_33' title="bbox 226 3040 3546 3116">
     <span class='ocr_line' id='line_1_33' title="bbox 226 3040 3546 3116; baseline 0.002 -23"><span class='ocrx_word' id='word_1_430' title='bbox 226 3040 306 3095; x_wconf 92' lang='lat' dir='ltr'>tio</span> <span class='ocrx_word' id='word_1_431' title='bbox 329 3040 689 3095; x_wconf 87' lang='lat' dir='ltr'>deditionem</span> <span class='ocrx_word' id='word_1_432' title='bbox 716 3040 909 3113; x_wconf 87' lang='lat' dir='ltr'>Capua</span> <span class='ocrx_word' id='word_1_433' title='bbox 937 3042 1182 3107; x_wconf 82' lang='lat' dir='ltr'>fecisset,</span> <span class='ocrx_word' id='word_1_434' title='bbox 1229 3042 1286 3097; x_wconf 92' lang='lat' dir='ltr'>S.</span> <span class='ocrx_word' id='word_1_435' title='bbox 1331 3044 1655 3109; x_wconf 82' lang='lat' dir='ltr'>Anselmus,</span> <span class='ocrx_word' id='word_1_436' title='bbox 1691 3046 1837 3100; x_wconf 91' lang='lat' dir='ltr'>Can-</span> <span class='ocrx_word' id='word_1_437' title='bbox 1867 3040 1911 3056; x_wconf 64' lang='grc' dir='ltr'><em>υ</em></span> <span class='ocrx_word' id='word_1_438' title='bbox 1938 3042 2189 3109; x_wconf 85' lang='lat' dir='ltr'>accessit,</span> <span class='ocrx_word' id='word_1_439' title='bbox 2223 3044 2603 3115; x_wconf 86' lang='lat' dir='ltr'>quadraginta</span> <span class='ocrx_word' id='word_1_440' title='bbox 2633 3044 2772 3112; x_wconf 86' lang='lat' dir='ltr'>dies,</span> <span class='ocrx_word' id='word_1_441' title='bbox 2802 3044 3006 3116; x_wconf 84' lang='lat' dir='ltr'>quibus</span> <span class='ocrx_word' id='word_1_442' title='bbox 3024 3061 3092 3098; x_wconf 85' lang='lat' dir='ltr'>ex</span> <span class='ocrx_word' id='word_1_443' title='bbox 3112 3044 3414 3098; x_wconf 82' lang='lat' dir='ltr'>Romualdi</span> <span class='ocrx_word' id='word_1_444' title='bbox 3445 3043 3546 3098; x_wconf 88' lang='lat' dir='ltr'>Sa-</span> 
     </span>
    </p>
   </div>
   <div class='ocr_carea' id='block_1_34' title="bbox 221 3128 3547 3204">
    <p class='ocr_par' dir='ltr' id='par_1_34' title="bbox 221 3128 3547 3204">
     <span class='ocr_line' id='line_1_34' title="bbox 221 3128 3547 3204; baseline 0.001 -21"><span class='ocrx_word' id='word_1_445' title='bbox 221 3128 568 3183; x_wconf 84' lang='lat' dir='ltr'>tbuariensis</span> <span class='ocrx_word' id='word_1_446' title='bbox 584 3129 1164 3200; x_wconf 89' lang='lat' dir='ltr'>archiepiscopus,qui</span> <span class='ocrx_word' id='word_1_447' title='bbox 1182 3146 1246 3183; x_wconf 80' lang='lat' dir='ltr'>ex</span> <span class='ocrx_word' id='word_1_448' title='bbox 1260 3131 1384 3200; x_wconf 86' lang='lat' dir='ltr'>jam</span> <span class='ocrx_word' id='word_1_449' title='bbox 1404 3130 1569 3185; x_wconf 83' lang='lat' dir='ltr'>dictis</span> <span class='ocrx_word' id='word_1_450' title='bbox 1583 3133 1835 3189; x_wconf 82' lang='lat' dir='ltr'>obsidio-</span> <span class='ocrx_word' id='word_1_451' title='bbox 1936 3130 2207 3185; x_wconf 88' lang='lat' dir='ltr'>lernitani</span> <span class='ocrx_word' id='word_1_452' title='bbox 2238 3135 2295 3185; x_wconf 90' lang='lat' dir='ltr'>ct</span> <span class='ocrx_word' id='word_1_453' title='bbox 2324 3133 2597 3204; x_wconf 81' lang='lat' dir='ltr'>anonymi</span> <span class='ocrx_word' id='word_1_454' title='bbox 2619 3133 2988 3199; x_wconf 91' lang='lat' dir='ltr'>Cassinensis,</span> <span class='ocrx_word' id='word_1_455' title='bbox 3008 3132 3352 3203; x_wconf 90' lang='lat' dir='ltr'>scriptorum</span> <span class='ocrx_word' id='word_1_456' title='bbox 3374 3147 3547 3203; x_wconf 89' lang='lat' dir='ltr'>supra</span> 
     </span>
    </p>
   </div>
   <div class='ocr_carea' id='block_1_35' title="bbox 221 3216 3542 3292">
    <p class='ocr_par' dir='ltr' id='par_1_35' title="bbox 221 3216 3542 3292">
     <span class='ocr_line' id='line_1_35' title="bbox 221 3216 3542 3292; baseline 0.002 -22"><span class='ocrx_word' id='word_1_457' title='bbox 221 3216 573 3288; x_wconf 68' lang='lat' dir='ltr'>niCapuanm</span> <span class='ocrx_word' id='word_1_458' title='bbox 591 3216 1379 3288; x_wconf 86' lang='lat' dir='ltr'>aliquandiuinterfuit,nu|lo</span> <span class='ocrx_word' id='word_1_459' title='bbox 1400 3218 1749 3287; x_wconf 90' lang='lat' dir='ltr'>modoei,uti</span> <span class='ocrx_word' id='word_1_460' title='bbox 1768 3239 1834 3276; x_wconf 83' lang='lat' dir='ltr'>ex</span> <span class='ocrx_word' id='word_1_461' title='bbox 1934 3218 2320 3285; x_wconf 83' lang='lat' dir='ltr'>laudatorum,</span> <span class='ocrx_word' id='word_1_462' title='bbox 2369 3220 2721 3288; x_wconf 88' lang='lat' dir='ltr'>testimonio,</span> <span class='ocrx_word' id='word_1_463' title='bbox 2764 3220 2985 3276; x_wconf 89' lang='lat' dir='ltr'>obsidio</span> <span class='ocrx_word' id='word_1_464' title='bbox 3029 3221 3299 3292; x_wconf 86' lang='lat' dir='ltr'>Capuana</span> <span class='ocrx_word' id='word_1_465' title='bbox 3336 3221 3542 3289; x_wconf 89' lang='lat' dir='ltr'>tenuit,</span> 
     </span>
    </p>
   </div>
   <div class='ocr_carea' id='block_1_36' title="bbox 221 3305 3542 3381">
    <p class='ocr_par' dir='ltr' id='par_1_36' title="bbox 221 3305 3542 3381">
     <span class='ocr_line' id='line_1_36' title="bbox 221 3305 3542 3381; baseline 0.001 -20"><span class='ocrx_word' id='word_1_466' title='bbox 221 3307 514 3373; x_wconf 90' lang='lat' dir='ltr'>omnibus,</span> <span class='ocrx_word' id='word_1_467' title='bbox 532 3322 563 3360; x_wconf 90' lang='lat' dir='ltr'>e</span> <span class='ocrx_word' id='word_1_468' title='bbox 585 3305 778 3360; x_wconf 85' lang='lat' dir='ltr'>Sancti</span> <span class='ocrx_word' id='word_1_469' title='bbox 803 3307 970 3376; x_wconf 88' lang='lat' dir='ltr'>hujus</span> <span class='ocrx_word' id='word_1_470' title='bbox 992 3306 1259 3360; x_wconf 84' lang='lat' dir='ltr'>antistitis</span> <span class='ocrx_word' id='word_1_471' title='bbox 1284 3307 1397 3361; x_wconf 90' lang='lat' dir='ltr'>vita</span> <span class='ocrx_word' id='word_1_472' title='bbox 1422 3309 1599 3363; x_wconf 90' lang='lat' dir='ltr'>modo</span> <span class='ocrx_word' id='word_1_473' title='bbox 1626 3309 1834 3365; x_wconf 85' lang='lat' dir='ltr'>addnc-</span> <span class='ocrx_word' id='word_1_474' title='bbox 1934 3308 2325 3363; x_wconf 90' lang='lat' dir='ltr'>numerandos</span> <span class='ocrx_word' id='word_1_475' title='bbox 2341 3325 2481 3376; x_wconf 90' lang='lat' dir='ltr'>esse,</span> <span class='ocrx_word' id='word_1_476' title='bbox 2498 3308 3127 3381; x_wconf 88' lang='lat' dir='ltr'>pronuntians.Verum</span> <span class='ocrx_word' id='word_1_477' title='bbox 3162 3308 3419 3380; x_wconf 91' lang='lat' dir='ltr'>Capuam</span> <span class='ocrx_word' id='word_1_478' title='bbox 3436 3326 3542 3365; x_wconf 91' lang='lat' dir='ltr'>nec</span> 
     </span>
    </p>
   </div>
   <div class='ocr_carea' id='block_1_37' title="bbox 214 3393 3538 3469">
    <p class='ocr_par' dir='ltr' id='par_1_37' title="bbox 214 3393 3538 3469">
     <span class='ocr_line' id='line_1_37' title="bbox 214 3393 3538 3469; baseline 0.001 -20"><span class='ocrx_word' id='word_1_479' title='bbox 214 3397 308 3461; x_wconf 87' lang='lat' dir='ltr'>tis,</span> <span class='ocrx_word' id='word_1_480' title='bbox 335 3394 577 3467; x_wconf 86' lang='lat' dir='ltr'>quisque</span> <span class='ocrx_word' id='word_1_481' title='bbox 605 3393 769 3449; x_wconf 84' lang='lat' dir='ltr'>facile</span> <span class='ocrx_word' id='word_1_482' title='bbox 807 3394 1109 3466; x_wconf 82' lang='lat' dir='ltr'>intelliget,</span> <span class='ocrx_word' id='word_1_483' title='bbox 1138 3394 1413 3450; x_wconf 86' lang='lat' dir='ltr'>interesse</span> <span class='ocrx_word' id='word_1_484' title='bbox 1445 3397 1741 3467; x_wconf 88' lang='lat' dir='ltr'>potuisset,</span> <span class='ocrx_word' id='word_1_485' title='bbox 1770 3398 1834 3453; x_wconf 83' lang='lat' dir='ltr'>fit</span> <span class='ocrx_word' id='word_1_486' title='bbox 1934 3398 2067 3450; x_wconf 90' lang='lat' dir='ltr'>ante</span> <span class='ocrx_word' id='word_1_487' title='bbox 2084 3396 2310 3452; x_wconf 88' lang='lat' dir='ltr'>comitis</span> <span class='ocrx_word' id='word_1_488' title='bbox 2325 3398 2875 3469; x_wconf 79' lang='lat' dir='ltr'>Rogeriiadventum</span> <span class='ocrx_word' id='word_1_489' title='bbox 2896 3398 3538 3469; x_wconf 84' lang='lat' dir='ltr'>circumvallatam,nec,</span> 
     </span>
    </p>
   </div>
   <div class='ocr_carea' id='block_1_38' title="bbox 211 3484 3541 3559">
    <p class='ocr_par' dir='ltr' id='par_1_38' title="bbox 211 3484 3541 3559">
     <span class='ocr_line' id='line_1_38' title="bbox 211 3484 3541 3559; baseline 0.001 -19"><span class='ocrx_word' id='word_1_490' title='bbox 211 3501 353 3540; x_wconf 89' lang='lat' dir='ltr'>sane</span> <span class='ocrx_word' id='word_1_491' title='bbox 385 3501 452 3539; x_wconf 84' lang='lat' dir='ltr'>ex</span> <span class='ocrx_word' id='word_1_492' title='bbox 486 3484 612 3549; x_wconf 90' lang='lat' dir='ltr'>hac,</span> <span class='ocrx_word' id='word_1_493' title='bbox 640 3484 836 3538; x_wconf 88' lang='lat' dir='ltr'>comiti</span> <span class='ocrx_word' id='word_1_494' title='bbox 860 3484 1105 3555; x_wconf 84' lang='lat' dir='ltr'>Rogerio</span> <span class='ocrx_word' id='word_1_495' title='bbox 1138 3501 1291 3539; x_wconf 91' lang='lat' dir='ltr'>anno</span> <span class='ocrx_word' id='word_1_496' title='bbox 1324 3488 1456 3540; x_wconf 89' lang='grc'>1098</span> <span class='ocrx_word' id='word_1_497' title='bbox 1478 3502 1673 3541; x_wconf 90' lang='lat' dir='ltr'>mense</span> <span class='ocrx_word' id='word_1_498' title='bbox 1691 3488 1829 3541; x_wconf 86' lang='lat' dir='ltr'>Mar-</span> <span class='ocrx_word' id='word_1_499' title='bbox 1933 3488 2198 3539; x_wconf 89' lang='lat' dir='ltr'>currente</span> <span class='ocrx_word' id='word_1_500' title='bbox 2228 3485 2413 3540; x_wconf 91' lang='lat' dir='ltr'>adhuc</span> <span class='ocrx_word' id='word_1_501' title='bbox 2446 3503 2644 3541; x_wconf 89' lang='lat' dir='ltr'>mense</span> <span class='ocrx_word' id='word_1_502' title='bbox 2659 3487 2821 3554; x_wconf 82' lang='lat' dir='ltr'>Maio,</span> <span class='ocrx_word' id='word_1_503' title='bbox 2846 3504 2959 3558; x_wconf 89' lang='lat' dir='ltr'>quo</span> <span class='ocrx_word' id='word_1_504' title='bbox 2977 3487 3193 3542; x_wconf 89' lang='lat' dir='ltr'>adeam</span> <span class='ocrx_word' id='word_1_505' title='bbox 3209 3487 3475 3559; x_wconf 87' lang='lat' dir='ltr'>princeps</span> <span class='ocrx_word' id='word_1_506' title='bbox 3494 3488 3541 3543; x_wconf 91' lang='lat' dir='ltr'>is</span> 
     </span>
    </p>
   </div>
   <div class='ocr_carea' id='block_1_39' title="bbox 210 3572 3538 3648">
    <p class='ocr_par' dir='ltr' id='par_1_39' title="bbox 210 3572 3538 3648">
     <span class='ocr_line' id='line_1_39' title="bbox 210 3572 3538 3648; baseline 0.001 -21"><span class='ocrx_word' id='word_1_507' title='bbox 210 3574 295 3628; x_wconf 88' lang='lat' dir='ltr'>tio</span> <span class='ocrx_word' id='word_1_508' title='bbox 341 3573 599 3644; x_wconf 89' lang='lat' dir='ltr'>Capuam</span> <span class='ocrx_word' id='word_1_509' title='bbox 642 3589 762 3627; x_wconf 89' lang='lat' dir='ltr'>sese</span> <span class='ocrx_word' id='word_1_510' title='bbox 807 3588 924 3627; x_wconf 94' lang='lat' dir='ltr'>non</span> <span class='ocrx_word' id='word_1_511' title='bbox 972 3572 1276 3637; x_wconf 90' lang='lat' dir='ltr'>dedidisse,</span> <span class='ocrx_word' id='word_1_512' title='bbox 1318 3574 1559 3628; x_wconf 91' lang='lat' dir='ltr'>omnino</span> <span class='ocrx_word' id='word_1_513' title='bbox 1611 3574 1829 3646; x_wconf 89' lang='lat' dir='ltr'>perspi-</span> <span class='ocrx_word' id='word_1_514' title='bbox 1933 3576 2119 3626; x_wconf 89' lang='lat' dir='ltr'>castra</span> <span class='ocrx_word' id='word_1_515' title='bbox 2149 3573 2667 3641; x_wconf 79' lang='lat' dir='ltr'>p0suit,subactam</span> <span class='ocrx_word' id='word_1_516' title='bbox 2694 3575 3213 3648; x_wconf 67' lang='lat' dir='ltr'>fuisse,exiis,quaa</span> <span class='ocrx_word' id='word_1_517' title='bbox 3238 3574 3538 3631; x_wconf 86' lang='lat' dir='ltr'>Malaterra</span> 
     </span>
    </p>
   </div>
   <div class='ocr_carea' id='block_1_40' title="bbox 209 3660 3537 3734">
    <p class='ocr_par' dir='ltr' id='par_1_40' title="bbox 209 3660 3537 3734">
     <span class='ocr_line' id='line_1_40' title="bbox 209 3660 3537 3734; baseline 0 -17"><span class='ocrx_word' id='word_1_518' title='bbox 209 3679 408 3717; x_wconf 91' lang='lat' dir='ltr'>cuum.</span> <span class='ocrx_word' id='word_1_519' title='bbox 444 3662 553 3715; x_wconf 80' lang='lat' dir='ltr'>Nec</span> <span class='ocrx_word' id='word_1_520' title='bbox 587 3661 778 3715; x_wconf 91' lang='lat' dir='ltr'>minus</span> <span class='ocrx_word' id='word_1_521' title='bbox 806 3661 863 3715; x_wconf 90' lang='lat' dir='ltr'>id</span> <span class='ocrx_word' id='word_1_522' title='bbox 893 3679 961 3716; x_wconf 86' lang='lat' dir='ltr'>ex</span> <span class='ocrx_word' id='word_1_523' title='bbox 988 3662 1294 3717; x_wconf 86' lang='lat' dir='ltr'>Malaterra</span> <span class='ocrx_word' id='word_1_524' title='bbox 1323 3662 1691 3717; x_wconf 86' lang='lat' dir='ltr'>manifestum</span> <span class='ocrx_word' id='word_1_525' title='bbox 1710 3662 1835 3717; x_wconf 65' lang='grc' dir='ltr'>δί’ῐί-</span> <span class='ocrx_word' id='word_1_526' title='bbox 1933 3660 2191 3714; x_wconf 71' lang='lat' dir='ltr'>Historize</span> <span class='ocrx_word' id='word_1_527' title='bbox 2218 3660 2419 3715; x_wconf 67' lang='lat' dir='ltr'>Sicula:</span> <span class='ocrx_word' id='word_1_528' title='bbox 2446 3662 2545 3715; x_wconf 91' lang='lat' dir='ltr'>lib.</span> <span class='ocrx_word' id='word_1_529' title='bbox 2575 3679 2650 3729; x_wconf 79' lang='lat' dir='ltr'>iv,</span> <span class='ocrx_word' id='word_1_530' title='bbox 2696 3677 2821 3733; x_wconf 93' lang='lat' dir='ltr'>cap.</span> <span class='ocrx_word' id='word_1_531' title='bbox 2854 3665 2921 3718; x_wconf 87' lang='lat'><strong>26</strong></span> <span class='ocrx_word' id='word_1_532' title='bbox 2954 3666 3012 3717; x_wconf 90' lang='lat' dir='ltr'>et</span> <span class='ocrx_word' id='word_1_533' title='bbox 3036 3662 3186 3717; x_wconf 92' lang='lat' dir='ltr'>binis</span> <span class='ocrx_word' id='word_1_534' title='bbox 3219 3679 3380 3734; x_wconf 89' lang='lat' dir='ltr'>seqq.</span> <span class='ocrx_word' id='word_1_535' title='bbox 3414 3679 3537 3718; x_wconf 82' lang='lat' dir='ltr'>me-</span> 
     </span>
    </p>
   </div>
   <div class='ocr_carea' id='block_1_41' title="bbox 209 3748 3540 3824">
    <p class='ocr_par' dir='ltr' id='par_1_41' title="bbox 209 3748 3540 3824">
     <span class='ocr_line' id='line_1_41' title="bbox 209 3748 3540 3824; baseline -0 -18"><span class='ocrx_word' id='word_1_536' title='bbox 209 3752 383 3806; x_wconf 87' lang='lat' dir='ltr'>citur.</span> <span class='ocrx_word' id='word_1_537' title='bbox 417 3752 559 3805; x_wconf 91' lang='lat' dir='ltr'>Cum</span> <span class='ocrx_word' id='word_1_538' title='bbox 585 3750 764 3818; x_wconf 89' lang='lat' dir='ltr'>enim,</span> <span class='ocrx_word' id='word_1_539' title='bbox 794 3750 876 3806; x_wconf 91' lang='lat' dir='ltr'>uti</span> <span class='ocrx_word' id='word_1_540' title='bbox 907 3751 1110 3821; x_wconf 87' lang='lat' dir='ltr'>exjam</span> <span class='ocrx_word' id='word_1_541' title='bbox 1135 3752 1298 3805; x_wconf 89' lang='lat' dir='ltr'>dictis</span> <span class='ocrx_word' id='word_1_542' title='bbox 1327 3752 1571 3824; x_wconf 90' lang='lat' dir='ltr'>scriptor</span> <span class='ocrx_word' id='word_1_543' title='bbox 1594 3752 1684 3806; x_wconf 91' lang='lat' dir='ltr'>hic</span> <span class='ocrx_word' id='word_1_544' title='bbox 1716 3770 1834 3809; x_wconf 87' lang='lat' dir='ltr'>me-</span> <span class='ocrx_word' id='word_1_545' title='bbox 1932 3748 2829 3820; x_wconf 66' lang='lat' dir='ltr'>morizeprodit,concludendum</span> <span class='ocrx_word' id='word_1_546' title='bbox 2843 3749 3333 3822; x_wconf 88' lang='lat' dir='ltr'>apparet.Etenim</span> <span class='ocrx_word' id='word_1_547' title='bbox 3354 3751 3540 3822; x_wconf 82' lang='lat' dir='ltr'>Roge-</span> 
     </span>
    </p>
   </div>
   <div class='ocr_carea' id='block_1_42' title="bbox 211 3836 3536 3913">
    <p class='ocr_par' dir='ltr' id='par_1_42' title="bbox 211 3836 3536 3913">
     <span class='ocr_line' id='line_1_42' title="bbox 211 3836 3536 3913; baseline -0.001 -19"><span class='ocrx_word' id='word_1_548' title='bbox 211 3840 421 3894; x_wconf 73' lang='lat' dir='ltr'>morim</span> <span class='ocrx_word' id='word_1_549' title='bbox 442 3839 635 3911; x_wconf 89' lang='lat' dir='ltr'>prodit</span> <span class='ocrx_word' id='word_1_550' title='bbox 664 3838 941 3910; x_wconf 82' lang='lat' dir='ltr'>Rogerius</span> <span class='ocrx_word' id='word_1_551' title='bbox 961 3856 1156 3893; x_wconf 91' lang='lat' dir='ltr'>comes</span> <span class='ocrx_word' id='word_1_552' title='bbox 1176 3856 1293 3894; x_wconf 90' lang='lat' dir='ltr'>non</span> <span class='ocrx_word' id='word_1_553' title='bbox 1311 3840 1485 3910; x_wconf 87' lang='lat' dir='ltr'>prius,</span> <span class='ocrx_word' id='word_1_554' title='bbox 1502 3858 1675 3913; x_wconf 90' lang='lat' dir='ltr'>quam</span> <span class='ocrx_word' id='word_1_555' title='bbox 1699 3858 1828 3898; x_wconf 87' lang='lat' dir='ltr'>cum</span> <span class='ocrx_word' id='word_1_556' title='bbox 1929 3836 2046 3891; x_wconf 92' lang='lat' dir='ltr'>rius</span> <span class='ocrx_word' id='word_1_557' title='bbox 2070 3854 2284 3904; x_wconf 90' lang='lat' dir='ltr'>comes,</span> <span class='ocrx_word' id='word_1_558' title='bbox 2317 3838 2393 3891; x_wconf 89' lang='lat' dir='ltr'>uti</span> <span class='ocrx_word' id='word_1_559' title='bbox 2423 3837 2638 3891; x_wconf 91' lang='lat' dir='ltr'>ibidem</span> <span class='ocrx_word' id='word_1_560' title='bbox 2668 3838 2710 3893; x_wconf 89' lang='lat' dir='ltr'>is</span> <span class='ocrx_word' id='word_1_561' title='bbox 2743 3837 2993 3909; x_wconf 89' lang='lat' dir='ltr'>scriptor</span> <span class='ocrx_word' id='word_1_562' title='bbox 3028 3840 3246 3905; x_wconf 85' lang='lat' dir='ltr'>narrat,</span> <span class='ocrx_word' id='word_1_563' title='bbox 3265 3854 3395 3892; x_wconf 91' lang='lat' dir='ltr'>cum</span> <span class='ocrx_word' id='word_1_564' title='bbox 3417 3854 3536 3892; x_wconf 88' lang='lat' dir='ltr'>ver-</span> 
     </span>
    </p>
   </div>
   <div class='ocr_carea' id='block_1_43' title="bbox 213 3925 3531 3998">
    <p class='ocr_par' dir='ltr' id='par_1_43' title="bbox 213 3925 3531 3998">
     <span class='ocr_line' id='line_1_43' title="bbox 213 3925 3531 3998; baseline 0 -17"><span class='ocrx_word' id='word_1_565' title='bbox 213 3928 621 3995; x_wconf 88' lang='lat' dir='ltr'>Pentecosten,</span> <span class='ocrx_word' id='word_1_566' title='bbox 660 3944 786 3998; x_wconf 64' lang='lat' dir='ltr'>quas</span> <span class='ocrx_word' id='word_1_567' title='bbox 823 3943 977 3983; x_wconf 89' lang='lat' dir='ltr'>anno</span> <span class='ocrx_word' id='word_1_568' title='bbox 1022 3930 1156 3982; x_wconf 86' lang='grc'>1098</span> <span class='ocrx_word' id='word_1_569' title='bbox 1190 3928 1247 3982; x_wconf 91' lang='lat' dir='ltr'>in</span> <span class='ocrx_word' id='word_1_570' title='bbox 1279 3931 1497 3982; x_wconf 82' lang='lat' dir='ltr'>sextam</span> <span class='ocrx_word' id='word_1_571' title='bbox 1543 3929 1827 3986; x_wconf 89' lang='lat' dir='ltr'>decimam</span> <span class='ocrx_word' id='word_1_572' title='bbox 1928 3942 2021 3980; x_wconf 88' lang='lat' dir='ltr'>sus</span> <span class='ocrx_word' id='word_1_573' title='bbox 2035 3926 2299 3997; x_wconf 84' lang='lat' dir='ltr'>Apuliam</span> <span class='ocrx_word' id='word_1_574' title='bbox 2332 3943 2362 3980; x_wconf 91' lang='lat' dir='ltr'>e</span> <span class='ocrx_word' id='word_1_575' title='bbox 2393 3926 2656 3981; x_wconf 85' lang='lat' dir='ltr'>Calabria</span> <span class='ocrx_word' id='word_1_576' title='bbox 2687 3925 3006 3980; x_wconf 84' lang='lat' dir='ltr'>exercitum</span> <span class='ocrx_word' id='word_1_577' title='bbox 3028 3926 3282 3993; x_wconf 90' lang='lat' dir='ltr'>duceret,</span> <span class='ocrx_word' id='word_1_578' title='bbox 3302 3925 3531 3981; x_wconf 90' lang='lat' dir='ltr'>obvium</span> 
     </span>
    </p>
   </div>
   <div class='ocr_carea' id='block_1_44' title="bbox 212 4013 3534 4086">
    <p class='ocr_par' dir='ltr' id='par_1_44' title="bbox 212 4013 3534 4086">
     <span class='ocr_line' id='line_1_44' title="bbox 212 4013 3534 4086; baseline -0 -16"><span class='ocrx_word' id='word_1_579' title='bbox 212 4016 341 4070; x_wconf 81' lang='lat' dir='ltr'>Maii</span> <span class='ocrx_word' id='word_1_580' title='bbox 374 4016 530 4069; x_wconf 91' lang='lat' dir='ltr'>diem</span> <span class='ocrx_word' id='word_1_581' title='bbox 557 4015 778 4081; x_wconf 88' lang='lat' dir='ltr'>incidit,</span> <span class='ocrx_word' id='word_1_582' title='bbox 800 4031 981 4086; x_wconf 90' lang='lat' dir='ltr'>prope</span> <span class='ocrx_word' id='word_1_583' title='bbox 1008 4016 1227 4071; x_wconf 82' lang='lat' dir='ltr'>flumen</span> <span class='ocrx_word' id='word_1_584' title='bbox 1260 4015 1535 4071; x_wconf 89' lang='lat' dir='ltr'>Sabatum</span> <span class='ocrx_word' id='word_1_585' title='bbox 1554 4019 1830 4074; x_wconf 88' lang='lat' dir='ltr'>celebras-</span> <span class='ocrx_word' id='word_1_586' title='bbox 1927 4013 2032 4069; x_wconf 90' lang='lat' dir='ltr'>sibi</span> <span class='ocrx_word' id='word_1_587' title='bbox 2064 4014 2216 4086; x_wconf 89' lang='lat' dir='ltr'>apud</span> <span class='ocrx_word' id='word_1_588' title='bbox 2248 4015 2465 4069; x_wconf 86' lang='lat' dir='ltr'>Liscum</span> <span class='ocrx_word' id='word_1_589' title='bbox 2490 4015 2692 4069; x_wconf 83' lang='lat' dir='ltr'>habuit</span> <span class='ocrx_word' id='word_1_590' title='bbox 2728 4015 2933 4069; x_wconf 89' lang='lat' dir='ltr'>ducem</span> <span class='ocrx_word' id='word_1_591' title='bbox 2958 4014 3293 4085; x_wconf 83' lang='lat' dir='ltr'>Rogerium,</span> <span class='ocrx_word' id='word_1_592' title='bbox 3325 4016 3534 4069; x_wconf 90' lang='lat' dir='ltr'>tracta-</span> 
     </span>
    </p>
   </div>
   <div class='ocr_carea' id='block_1_45' title="bbox 214 4102 3537 4176">
    <p class='ocr_par' dir='ltr' id='par_1_45' title="bbox 214 4102 3537 4176">
     <span class='ocr_line' id='line_1_45' title="bbox 214 4102 3537 4176; baseline 0.001 -20"><span class='ocrx_word' id='word_1_593' title='bbox 214 4106 323 4169; x_wconf 87' lang='lat' dir='ltr'>set,</span> <span class='ocrx_word' id='word_1_594' title='bbox 358 4103 565 4175; x_wconf 63' lang='lat' dir='ltr'>Capuae</span> <span class='ocrx_word' id='word_1_595' title='bbox 596 4104 928 4159; x_wconf 56' lang='lat' dir='ltr'>obsidenda:</span> <span class='ocrx_word' id='word_1_596' title='bbox 954 4105 1147 4176; x_wconf 89' lang='lat' dir='ltr'>copias</span> <span class='ocrx_word' id='word_1_597' title='bbox 1176 4105 1517 4173; x_wconf 85' lang='lat' dir='ltr'>admoverit,</span> <span class='ocrx_word' id='word_1_598' title='bbox 1552 4107 1605 4160; x_wconf 92' lang='lat' dir='ltr'>ei</span> <span class='ocrx_word' id='word_1_599' title='bbox 1647 4108 1828 4163; x_wconf 84' lang='lat' dir='ltr'>enim-</span> <span class='ocrx_word' id='word_1_600' title='bbox 1928 4106 2102 4174; x_wconf 90' lang='lat' dir='ltr'>tuque</span> <span class='ocrx_word' id='word_1_601' title='bbox 2140 4121 2261 4158; x_wconf 88' lang='lat' dir='ltr'>sese</span> <span class='ocrx_word' id='word_1_602' title='bbox 2294 4103 2445 4157; x_wconf 93' lang='lat' dir='ltr'>inter</span> <span class='ocrx_word' id='word_1_603' title='bbox 2490 4104 2708 4170; x_wconf 90' lang='lat' dir='ltr'>habito,</span> <span class='ocrx_word' id='word_1_604' title='bbox 2752 4103 2845 4157; x_wconf 90' lang='lat' dir='ltr'>hic</span> <span class='ocrx_word' id='word_1_605' title='bbox 2888 4103 3123 4175; x_wconf 91' lang='lat' dir='ltr'>quidem</span> <span class='ocrx_word' id='word_1_606' title='bbox 3157 4102 3405 4170; x_wconf 88' lang='lat' dir='ltr'>Melfam,</span> <span class='ocrx_word' id='word_1_607' title='bbox 3442 4102 3537 4158; x_wconf 90' lang='lat' dir='ltr'>ille</span> 
     </span>
    </p>
   </div>
   <div class='ocr_carea' id='block_1_46' title="bbox 201 4190 3537 4264">
    <p class='ocr_par' dir='ltr' id='par_1_46' title="bbox 201 4190 3537 4264">
     <span class='ocr_line' id='line_1_46' title="bbox 201 4190 3537 4264; baseline 0 -19"><span class='ocrx_word' id='word_1_608' title='bbox 201 4209 341 4247; x_wconf 87' lang='lat' dir='ltr'>vero</span> <span class='ocrx_word' id='word_1_609' title='bbox 369 4192 661 4247; x_wconf 87' lang='lat' dir='ltr'>civitatem</span> <span class='ocrx_word' id='word_1_610' title='bbox 692 4194 842 4247; x_wconf 90' lang='lat' dir='ltr'>hanc</span> <span class='ocrx_word' id='word_1_611' title='bbox 861 4194 986 4264; x_wconf 91' lang='lat' dir='ltr'>jam</span> <span class='ocrx_word' id='word_1_612' title='bbox 1018 4193 1153 4247; x_wconf 90' lang='lat' dir='ltr'>inde</span> <span class='ocrx_word' id='word_1_613' title='bbox 1180 4194 1252 4248; x_wconf 91' lang='lat' dir='ltr'>ab</span> <span class='ocrx_word' id='word_1_614' title='bbox 1278 4194 1411 4249; x_wconf 93' lang='lat' dir='ltr'>anni</span> <span class='ocrx_word' id='word_1_615' title='bbox 1446 4194 1595 4248; x_wconf 91' lang='lat' dir='ltr'>illius</span> <span class='ocrx_word' id='word_1_616' title='bbox 1625 4211 1824 4251; x_wconf 90' lang='lat' dir='ltr'>mense</span> <span class='ocrx_word' id='word_1_617' title='bbox 1924 4208 2060 4254; x_wconf 82' lang='lat' dir='ltr'>vero</span> <span class='ocrx_word' id='word_1_618' title='bbox 2092 4193 2478 4247; x_wconf 86' lang='lat' dir='ltr'>Beneventum</span> <span class='ocrx_word' id='word_1_619' title='bbox 2492 4209 2685 4247; x_wconf 81' lang='lat' dir='ltr'>versus</span> <span class='ocrx_word' id='word_1_620' title='bbox 2718 4190 3247 4258; x_wconf 86' lang='lat' dir='ltr'>movitexercitum;</span> <span class='ocrx_word' id='word_1_621' title='bbox 3271 4191 3537 4264; x_wconf 86' lang='lat' dir='ltr'>utproin-</span> 
     </span>
    </p>
   </div>
   <div class='ocr_carea' id='block_1_47' title="bbox 202 4279 3535 4352">
    <p class='ocr_par' dir='ltr' id='par_1_47' title="bbox 202 4279 3535 4352">
     <span class='ocr_line' id='line_1_47' title="bbox 202 4279 3535 4352; baseline 0 -18"><span class='ocrx_word' id='word_1_622' title='bbox 202 4280 409 4335; x_wconf 79' lang='lat' dir='ltr'>Martio</span> <span class='ocrx_word' id='word_1_623' title='bbox 441 4281 697 4335; x_wconf 84' lang='lat' dir='ltr'>deditam</span> <span class='ocrx_word' id='word_1_624' title='bbox 731 4297 847 4336; x_wconf 91' lang='lat' dir='ltr'>non</span> <span class='ocrx_word' id='word_1_625' title='bbox 889 4282 1085 4350; x_wconf 84' lang='lat' dir='ltr'>fuisse,</span> <span class='ocrx_word' id='word_1_626' title='bbox 1126 4299 1157 4336; x_wconf 87' lang='lat' dir='ltr'>e</span> <span class='ocrx_word' id='word_1_627' title='bbox 1196 4283 1497 4337; x_wconf 89' lang='lat' dir='ltr'>Malaterra</span> <span class='ocrx_word' id='word_1_628' title='bbox 1538 4279 1899 4339; x_wconf 87' lang='lat' dir='ltr'>indubita—D</span> <span class='ocrx_word' id='word_1_629' title='bbox 1926 4280 2369 4351; x_wconf 87' lang='lat' dir='ltr'>dc,properante</span> <span class='ocrx_word' id='word_1_630' title='bbox 2394 4282 2517 4352; x_wconf 89' lang='lat' dir='ltr'>jam</span> <span class='ocrx_word' id='word_1_631' title='bbox 2541 4281 2610 4335; x_wconf 89' lang='lat' dir='ltr'>ad</span> <span class='ocrx_word' id='word_1_632' title='bbox 2641 4280 2898 4351; x_wconf 84' lang='lat' dir='ltr'>Capuam</span> <span class='ocrx_word' id='word_1_633' title='bbox 2924 4279 3301 4336; x_wconf 88' lang='lat' dir='ltr'>obsidendam</span> <span class='ocrx_word' id='word_1_634' title='bbox 3325 4280 3535 4335; x_wconf 89' lang='lat' dir='ltr'>comite</span> 
     </span>
    </p>
   </div>
   <div class='ocr_carea' id='block_1_48' title="bbox 204 4368 3536 4439">
    <p class='ocr_par' dir='ltr' id='par_1_48' title="bbox 204 4368 3536 4439">
     <span class='ocr_line' id='line_1_48' title="bbox 204 4368 3536 4439; baseline 0.001 -18"><span class='ocrx_word' id='word_1_635' title='bbox 204 4370 333 4422; x_wconf 88' lang='lat' dir='ltr'>tum</span> <span class='ocrx_word' id='word_1_636' title='bbox 361 4373 467 4423; x_wconf 90' lang='lat' dir='ltr'>est.</span> <span class='ocrx_word' id='word_1_637' title='bbox 1926 4368 2193 4439; x_wconf 82' lang='lat' dir='ltr'>Rogerio,</span> <span class='ocrx_word' id='word_1_638' title='bbox 2217 4370 2290 4423; x_wconf 90' lang='lat' dir='ltr'>ad</span> <span class='ocrx_word' id='word_1_639' title='bbox 2312 4369 2597 4424; x_wconf 86' lang='lat' dir='ltr'>civitatem</span> <span class='ocrx_word' id='word_1_640' title='bbox 2624 4369 2773 4424; x_wconf 90' lang='lat' dir='ltr'>banc</span> <span class='ocrx_word' id='word_1_641' title='bbox 2804 4369 3067 4424; x_wconf 90' lang='lat' dir='ltr'>nondum</span> <span class='ocrx_word' id='word_1_642' title='bbox 3095 4371 3536 4423; x_wconf 89' lang='lat' dir='ltr'>castrametare-</span> 
     </span>
    </p>
   </div>
   <div class='ocr_carea' id='block_1_49' title="bbox 280 4455 3536 4534">
    <p class='ocr_par' dir='ltr' id='par_1_49' title="bbox 280 4455 3536 4534">
     <span class='ocr_line' id='line_1_49' title="bbox 280 4455 3536 4534; baseline 0 -24"><span class='ocrx_word' id='word_1_643' title='bbox 280 4459 406 4511; x_wconf 82' lang='lat'>659.</span> <span class='ocrx_word' id='word_1_644' title='bbox 438 4459 557 4522; x_wconf 76' lang='lat' dir='ltr'>Ast,</span> <span class='ocrx_word' id='word_1_645' title='bbox 591 4458 834 4531; x_wconf 86' lang='lat' dir='ltr'>inquies,</span> <span class='ocrx_word' id='word_1_646' title='bbox 876 4459 1003 4531; x_wconf 89' lang='lat' dir='ltr'>quis</span> <span class='ocrx_word' id='word_1_647' title='bbox 1052 4476 1189 4532; x_wconf 84' lang='lat' dir='ltr'>ergo</span> <span class='ocrx_word' id='word_1_648' title='bbox 1231 4476 1335 4532; x_wconf 92' lang='lat' dir='ltr'>pro</span> <span class='ocrx_word' id='word_1_649' title='bbox 1381 4461 1604 4528; x_wconf 88' lang='lat' dir='ltr'>Martio,</span> <span class='ocrx_word' id='word_1_650' title='bbox 1649 4478 1824 4534; x_wconf 90' lang='lat' dir='ltr'>quem</span> <span class='ocrx_word' id='word_1_651' title='bbox 1924 4461 2020 4512; x_wconf 89' lang='lat' dir='ltr'>tur</span> <span class='ocrx_word' id='word_1_652' title='bbox 2048 4457 2204 4512; x_wconf 90' lang='lat' dir='ltr'>ducis</span> <span class='ocrx_word' id='word_1_653' title='bbox 2233 4456 2463 4529; x_wconf 83' lang='lat' dir='ltr'>Rogerii</span> <span class='ocrx_word' id='word_1_654' title='bbox 2498 4458 2797 4523; x_wconf 84' lang='lat' dir='ltr'>exercitus,</span> <span class='ocrx_word' id='word_1_655' title='bbox 2832 4474 2945 4529; x_wconf 90' lang='lat' dir='ltr'>quo</span> <span class='ocrx_word' id='word_1_656' title='bbox 2984 4473 3113 4512; x_wconf 90' lang='lat' dir='ltr'>eam</span> <span class='ocrx_word' id='word_1_657' title='bbox 3145 4455 3412 4529; x_wconf 91' lang='lat' dir='ltr'>princeps</span> <span class='ocrx_word' id='word_1_658' title='bbox 3442 4457 3536 4512; x_wconf 84' lang='lat' dir='ltr'>Ri-</span> 
     </span>
    </p>
   </div>
   <div class='ocr_carea' id='block_1_50' title="bbox 200 4543 3537 4622">
    <p class='ocr_par' dir='ltr' id='par_1_50' title="bbox 200 4543 3537 4622">
     <span class='ocr_line' id='line_1_50' title="bbox 200 4543 3537 4622; baseline 0 -23"><span class='ocrx_word' id='word_1_659' title='bbox 200 4543 367 4599; x_wconf 88' lang='lat' dir='ltr'>urbis</span> <span class='ocrx_word' id='word_1_660' title='bbox 393 4544 677 4616; x_wconf 67' lang='lat' dir='ltr'>Capuanaa</span> <span class='ocrx_word' id='word_1_661' title='bbox 698 4546 977 4602; x_wconf 88' lang='lat' dir='ltr'>deditioni</span> <span class='ocrx_word' id='word_1_662' title='bbox 995 4548 1181 4621; x_wconf 88' lang='lat' dir='ltr'>Lupus</span> <span class='ocrx_word' id='word_1_663' title='bbox 1197 4550 1537 4619; x_wconf 89' lang='lat' dir='ltr'>Protospata</span> <span class='ocrx_word' id='word_1_664' title='bbox 1553 4550 1823 4622; x_wconf 84' lang='lat' dir='ltr'>assignat,</span> <span class='ocrx_word' id='word_1_665' title='bbox 1926 4546 2190 4612; x_wconf 89' lang='lat' dir='ltr'>chardus,</span> <span class='ocrx_word' id='word_1_666' title='bbox 2221 4545 2485 4616; x_wconf 90' lang='lat' dir='ltr'>proprias</span> <span class='ocrx_word' id='word_1_667' title='bbox 2528 4562 2593 4601; x_wconf 83' lang='lat' dir='ltr'>ex</span> <span class='ocrx_word' id='word_1_668' title='bbox 2642 4545 2918 4613; x_wconf 90' lang='lat' dir='ltr'>dicendis,</span> <span class='ocrx_word' id='word_1_669' title='bbox 2948 4545 3155 4617; x_wconf 89' lang='lat' dir='ltr'>quibus</span> <span class='ocrx_word' id='word_1_670' title='bbox 3195 4544 3254 4599; x_wconf 90' lang='lat' dir='ltr'>id</span> <span class='ocrx_word' id='word_1_671' title='bbox 3291 4545 3537 4613; x_wconf 82' lang='lat' dir='ltr'>fecisset,</span> 
     </span>
    </p>
   </div>
   <div class='ocr_carea' id='block_1_51' title="bbox 201 4632 3538 4708">
    <p class='ocr_par' dir='ltr' id='par_1_51' title="bbox 201 4632 3538 4708">
     <span class='ocr_line' id='line_1_51' title="bbox 201 4632 3538 4708; baseline 0.001 -22"><span class='ocrx_word' id='word_1_672' title='bbox 201 4632 424 4687; x_wconf 89' lang='lat' dir='ltr'>mensis</span> <span class='ocrx_word' id='word_1_673' title='bbox 460 4634 933 4691; x_wconf 81' lang='lat' dir='ltr'>substituendus?</span> <span class='ocrx_word' id='word_1_674' title='bbox 950 4636 1156 4707; x_wconf 82' lang='lat' dir='ltr'>Pagius</span> <span class='ocrx_word' id='word_1_675' title='bbox 1182 4636 1239 4690; x_wconf 92' lang='lat' dir='ltr'>in</span> <span class='ocrx_word' id='word_1_676' title='bbox 1269 4636 1485 4692; x_wconf 89' lang='lat' dir='ltr'>Criticis</span> <span class='ocrx_word' id='word_1_677' title='bbox 1506 4637 1579 4692; x_wconf 89' lang='lat' dir='ltr'>ad</span> <span class='ocrx_word' id='word_1_678' title='bbox 1608 4653 1827 4692; x_wconf 90' lang='lat' dir='ltr'>annum</span> <span class='ocrx_word' id='word_1_679' title='bbox 1927 4634 2476 4708; x_wconf 81' lang='lat' dir='ltr'>copiassnfﬁcientes</span> <span class='ocrx_word' id='word_1_680' title='bbox 2488 4632 2642 4689; x_wconf 90' lang='lat' dir='ltr'>haud</span> <span class='ocrx_word' id='word_1_681' title='bbox 2660 4633 3396 4701; x_wconf 89' lang='lat' dir='ltr'>habens,circumvallatam</span> <span class='ocrx_word' id='word_1_682' title='bbox 3412 4634 3538 4704; x_wconf 89' lang='lat' dir='ltr'>jam</span> 
     </span>
    </p>
   </div>
   <div class='ocr_carea' id='block_1_52' title="bbox 208 4722 3539 4799">
    <p class='ocr_par' dir='ltr' id='par_1_52' title="bbox 208 4722 3539 4799">
     <span class='ocr_line' id='line_1_52' title="bbox 208 4722 3539 4799; baseline -0 -22"><span class='ocrx_word' id='word_1_683' title='bbox 208 4722 764 4788; x_wconf 80' lang='lat' dir='ltr'>lO98,Henscheuius</span> <span class='ocrx_word' id='word_1_684' title='bbox 784 4724 840 4778; x_wconf 91' lang='lat' dir='ltr'>in</span> <span class='ocrx_word' id='word_1_685' title='bbox 855 4723 1828 4799; x_wconf 70' lang='lat' dir='ltr'>suisinEadmeriNovorumAnglite</span> <span class='ocrx_word' id='word_1_686' title='bbox 1927 4729 2052 4780; x_wconf 90' lang='lat' dir='ltr'>tum</span> <span class='ocrx_word' id='word_1_687' title='bbox 2083 4726 2280 4779; x_wconf 89' lang='lat' dir='ltr'>tenere</span> <span class='ocrx_word' id='word_1_688' title='bbox 2312 4723 2581 4796; x_wconf 91' lang='lat' dir='ltr'>potuerit.</span> <span class='ocrx_word' id='word_1_689' title='bbox 2602 4724 2779 4777; x_wconf 90' lang='lat' dir='ltr'>Porro</span> <span class='ocrx_word' id='word_1_690' title='bbox 2810 4738 3005 4777; x_wconf 82' lang='lat' dir='ltr'>comes</span> <span class='ocrx_word' id='word_1_691' title='bbox 3033 4722 3333 4794; x_wconf 80' lang='lat' dir='ltr'>Rogerius,</span> <span class='ocrx_word' id='word_1_692' title='bbox 3360 4723 3539 4776; x_wconf 91' lang='lat' dir='ltr'>Bene-</span> 
     </span>
    </p>
   </div>
   <div class='ocr_carea' id='block_1_53' title="bbox 200 4810 3544 4887">
    <p class='ocr_par' dir='ltr' id='par_1_53' title="bbox 200 4810 3544 4887">
     <span class='ocr_line' id='line_1_53' title="bbox 200 4810 3544 4887; baseline -0 -22"><span class='ocrx_word' id='word_1_693' title='bbox 200 4810 423 4865; x_wconf 91' lang='lat' dir='ltr'>librum</span> <span class='ocrx_word' id='word_1_694' title='bbox 462 4827 521 4877; x_wconf 84' lang='grc' dir='ltr'>ιι,</span> <span class='ocrx_word' id='word_1_695' title='bbox 549 4816 723 4883; x_wconf 83' lang='lat' dir='ltr'>cap.2</span> <span class='ocrx_word' id='word_1_696' title='bbox 743 4813 1235 4881; x_wconf 86' lang='lat' dir='ltr'>annotationibus,</span> <span class='ocrx_word' id='word_1_697' title='bbox 1257 4813 1466 4885; x_wconf 87' lang='lat' dir='ltr'>aliique</span> <span class='ocrx_word' id='word_1_698' title='bbox 1492 4814 1701 4869; x_wconf 89' lang='lat' dir='ltr'>eruditi</span> <span class='ocrx_word' id='word_1_699' title='bbox 1724 4832 1828 4887; x_wconf 92' lang='lat' dir='ltr'>pro</span> <span class='ocrx_word' id='word_1_700' title='bbox 1929 4816 2120 4879; x_wconf 88' lang='lat' dir='ltr'>vento,</span> <span class='ocrx_word' id='word_1_701' title='bbox 2153 4829 2283 4867; x_wconf 93' lang='lat' dir='ltr'>cum</span> <span class='ocrx_word' id='word_1_702' title='bbox 2316 4811 2609 4883; x_wconf 88' lang='lat' dir='ltr'>aliquanto</span> <span class='ocrx_word' id='word_1_703' title='bbox 2650 4810 2930 4883; x_wconf 90' lang='lat' dir='ltr'>temporis</span> <span class='ocrx_word' id='word_1_704' title='bbox 2960 4810 3142 4884; x_wconf 90' lang='lat' dir='ltr'>spatio</span> <span class='ocrx_word' id='word_1_705' title='bbox 3181 4827 3363 4882; x_wconf 91' lang='lat' dir='ltr'>prope</span> <span class='ocrx_word' id='word_1_706' title='bbox 3392 4811 3544 4864; x_wconf 90' lang='lat' dir='ltr'>hanc</span> 
     </span>
    </p>
   </div>
   <div class='ocr_carea' id='block_1_54' title="bbox 201 4897 3542 4972">
    <p class='ocr_par' dir='ltr' id='par_1_54' title="bbox 201 4897 3542 4972">
     <span class='ocr_line' id='line_1_54' title="bbox 201 4897 3542 4972; baseline -0.001 -17"><span class='ocrx_word' id='word_1_707' title='bbox 201 4898 351 4955; x_wconf 74' lang='lat' dir='ltr'>Maio</span> <span class='ocrx_word' id='word_1_708' title='bbox 398 4900 808 4969; x_wconf 87' lang='lat' dir='ltr'>pronuntiant;</span> <span class='ocrx_word' id='word_1_709' title='bbox 844 4902 1157 4972; x_wconf 80' lang='lat' dir='ltr'>Pereginus</span> <span class='ocrx_word' id='word_1_710' title='bbox 1205 4918 1339 4957; x_wconf 90' lang='lat' dir='ltr'>vero</span> <span class='ocrx_word' id='word_1_711' title='bbox 1385 4903 1444 4957; x_wconf 90' lang='lat' dir='ltr'>in</span> <span class='ocrx_word' id='word_1_712' title='bbox 1494 4903 1608 4957; x_wconf 89' lang='lat' dir='ltr'>suis</span> <span class='ocrx_word' id='word_1_713' title='bbox 1638 4903 1695 4957; x_wconf 93' lang='lat' dir='ltr'>in</span> <span class='ocrx_word' id='word_1_714' title='bbox 1730 4904 1832 4957; x_wconf 90' lang='lat' dir='ltr'>Lu-</span> <span class='ocrx_word' id='word_1_715' title='bbox 1931 4901 2131 4956; x_wconf 91' lang='lat' dir='ltr'>urbem</span> <span class='ocrx_word' id='word_1_716' title='bbox 2159 4899 2449 4955; x_wconf 71' lang='lat' dir='ltr'>refecisset</span> <span class='ocrx_word' id='word_1_717' title='bbox 2478 4900 2818 4968; x_wconf 88' lang='lat' dir='ltr'>exercitum,</span> <span class='ocrx_word' id='word_1_718' title='bbox 2867 4916 3125 4966; x_wconf 89' lang='lat' dir='ltr'>movens,</span> <span class='ocrx_word' id='word_1_719' title='bbox 3160 4898 3232 4952; x_wconf 92' lang='lat' dir='ltr'>ad</span> <span class='ocrx_word' id='word_1_720' title='bbox 3265 4897 3542 4952; x_wconf 90' lang='lat' dir='ltr'>Sabatum</span> 
     </span>
    </p>
   </div>
   <div class='ocr_carea' id='block_1_55' title="bbox 203 4986 3548 5061">
    <p class='ocr_par' dir='ltr' id='par_1_55' title="bbox 203 4986 3548 5061">
     <span class='ocr_line' id='line_1_55' title="bbox 203 4986 3548 5061; baseline -0 -19"><span class='ocrx_word' id='word_1_721' title='bbox 203 5005 349 5061; x_wconf 91' lang='lat' dir='ltr'>pum</span> <span class='ocrx_word' id='word_1_722' title='bbox 382 4989 779 5059; x_wconf 87' lang='lat' dir='ltr'>Protospatam</span> <span class='ocrx_word' id='word_1_723' title='bbox 813 4991 1303 5058; x_wconf 88' lang='lat' dir='ltr'>annotationibus,</span> <span class='ocrx_word' id='word_1_724' title='bbox 1326 5008 1396 5044; x_wconf 93' lang='lat' dir='ltr'>an</span> <span class='ocrx_word' id='word_1_725' title='bbox 1426 4992 1625 5047; x_wconf 86' lang='lat' dir='ltr'>Junius</span> <span class='ocrx_word' id='word_1_726' title='bbox 1652 4991 1829 5046; x_wconf 88' lang='lat' dir='ltr'>etiam</span> <span class='ocrx_word' id='word_1_727' title='bbox 1931 4988 2166 5043; x_wconf 87' lang='lat' dir='ltr'>ﬂuvium</span> <span class='ocrx_word' id='word_1_728' title='bbox 2181 4991 2618 5043; x_wconf 89' lang='lat' dir='ltr'>castrametatus</span> <span class='ocrx_word' id='word_1_729' title='bbox 2644 4991 2749 5055; x_wconf 89' lang='lat' dir='ltr'>est,</span> <span class='ocrx_word' id='word_1_730' title='bbox 2785 5004 3035 5059; x_wconf 90' lang='lat' dir='ltr'>cumque</span> <span class='ocrx_word' id='word_1_731' title='bbox 3072 4986 3148 5040; x_wconf 94' lang='lat' dir='ltr'>ibi</span> <span class='ocrx_word' id='word_1_732' title='bbox 3181 4986 3548 5041; x_wconf 90' lang='lat' dir='ltr'>Pentecostes</span> 
     </span>
    </p>
   </div>
   <div class='ocr_carea' id='block_1_56' title="bbox 200 5072 3544 5151">
    <p class='ocr_par' dir='ltr' id='par_1_56' title="bbox 200 5072 3544 5151">
     <span class='ocr_line' id='line_1_56' title="bbox 200 5072 3544 5151; baseline -0.001 -20"><span class='ocrx_word' id='word_1_733' title='bbox 200 5076 406 5132; x_wconf 81' lang='lat' dir='ltr'>Martio</span> <span class='ocrx_word' id='word_1_734' title='bbox 450 5078 508 5132; x_wconf 93' lang='lat' dir='ltr'>in</span> <span class='ocrx_word' id='word_1_735' title='bbox 549 5080 902 5150; x_wconf 57' lang='lat' dir='ltr'>Protospata</span> <span class='ocrx_word' id='word_1_736' title='bbox 952 5079 1023 5133; x_wconf 91' lang='lat' dir='ltr'>de</span> <span class='ocrx_word' id='word_1_737' title='bbox 1067 5080 1273 5151; x_wconf 66' lang='lat' dir='ltr'>Capuae</span> <span class='ocrx_word' id='word_1_738' title='bbox 1321 5080 1616 5136; x_wconf 88' lang='lat' dir='ltr'>deditione</span> <span class='ocrx_word' id='word_1_739' title='bbox 1650 5083 1827 5147; x_wconf 87' lang='lat' dir='ltr'>textu,</span> <span class='ocrx_word' id='word_1_740' title='bbox 1929 5077 2473 5145; x_wconf 87' lang='lat' dir='ltr'>festum,annoillo,</span> <span class='ocrx_word' id='word_1_741' title='bbox 2501 5077 2595 5149; x_wconf 90' lang='lat' dir='ltr'>qui</span> <span class='ocrx_word' id='word_1_742' title='bbox 2621 5077 2728 5131; x_wconf 87' lang='lat' dir='ltr'>fuit</span> <span class='ocrx_word' id='word_1_743' title='bbox 2759 5094 2824 5131; x_wconf 85' lang='lat' dir='ltr'>ex</span> <span class='ocrx_word' id='word_1_744' title='bbox 2864 5091 3035 5146; x_wconf 92' lang='lat' dir='ltr'>supra</span> <span class='ocrx_word' id='word_1_745' title='bbox 3069 5073 3234 5129; x_wconf 91' lang='lat' dir='ltr'>dictis</span> <span class='ocrx_word' id='word_1_746' title='bbox 3266 5091 3300 5128; x_wconf 89' lang='lat' dir='ltr'>a</span> <span class='ocrx_word' id='word_1_747' title='bbox 3338 5072 3544 5129; x_wconf 89' lang='lat' dir='ltr'>Christi</span> 
     </span>
    </p>
   </div>
   <div class='ocr_carea' id='block_1_57' title="bbox 206 5159 3546 5240">
    <p class='ocr_par' dir='ltr' id='par_1_57' title="bbox 206 5159 3546 5240">
     <span class='ocr_line' id='line_1_57' title="bbox 206 5159 3546 5240; baseline -0.001 -21"><span class='ocrx_word' id='word_1_748' title='bbox 206 5183 383 5238; x_wconf 88' lang='lat' dir='ltr'>supra</span> <span class='ocrx_word' id='word_1_749' title='bbox 412 5167 522 5221; x_wconf 88' lang='lat' dir='ltr'>huc</span> <span class='ocrx_word' id='word_1_750' title='bbox 553 5169 916 5240; x_wconf 82' lang='lat' dir='ltr'>transcripta,</span> <span class='ocrx_word' id='word_1_751' title='bbox 948 5186 1064 5225; x_wconf 92' lang='lat' dir='ltr'>non</span> <span class='ocrx_word' id='word_1_752' title='bbox 1097 5170 1275 5240; x_wconf 91' lang='lat' dir='ltr'>possit</span> <span class='ocrx_word' id='word_1_753' title='bbox 1298 5169 1584 5237; x_wconf 90' lang='lat' dir='ltr'>substitui,</span> <span class='ocrx_word' id='word_1_754' title='bbox 1620 5170 1832 5224; x_wconf 85' lang='lat' dir='ltr'>subdu—</span> <span class='ocrx_word' id='word_1_755' title='bbox 1930 5166 2234 5221; x_wconf 85' lang='lat' dir='ltr'>Nativitate</span> <span class='ocrx_word' id='word_1_756' title='bbox 2270 5168 2427 5233; x_wconf 82' lang='grc'>1098,</span> <span class='ocrx_word' id='word_1_757' title='bbox 2460 5167 2519 5221; x_wconf 91' lang='lat' dir='ltr'>in</span> <span class='ocrx_word' id='word_1_758' title='bbox 2538 5169 2757 5221; x_wconf 82' lang='lat' dir='ltr'>sextam</span> <span class='ocrx_word' id='word_1_759' title='bbox 2775 5164 3060 5221; x_wconf 90' lang='lat' dir='ltr'>decimam</span> <span class='ocrx_word' id='word_1_760' title='bbox 3088 5162 3214 5218; x_wconf 88' lang='lat' dir='ltr'>Maii</span> <span class='ocrx_word' id='word_1_761' title='bbox 3234 5159 3546 5218; x_wconf 85' lang='lat' dir='ltr'>dieminci-</span> 
     </span>
    </p>
   </div>
   <div class='ocr_carea' id='block_1_58' title="bbox 206 5249 3555 5330">
    <p class='ocr_par' dir='ltr' id='par_1_58' title="bbox 206 5249 3555 5330">
     <span class='ocr_line' id='line_1_58' title="bbox 206 5249 3555 5330; baseline -0.003 -19"><span class='ocrx_word' id='word_1_762' title='bbox 206 5255 376 5311; x_wconf 87' lang='lat' dir='ltr'>bitat.</span> <span class='ocrx_word' id='word_1_763' title='bbox 401 5256 485 5311; x_wconf 91' lang='lat' dir='ltr'>lta</span> <span class='ocrx_word' id='word_1_764' title='bbox 510 5256 667 5311; x_wconf 88' lang='lat' dir='ltr'>enim</span> <span class='ocrx_word' id='word_1_765' title='bbox 698 5258 913 5313; x_wconf 91' lang='lat' dir='ltr'>ibidem</span> <span class='ocrx_word' id='word_1_766' title='bbox 945 5257 1142 5312; x_wconf 89' lang='lat' dir='ltr'>scribit</span> <span class='ocrx_word' id='word_1_767' title='bbox 1176 5275 1188 5312; x_wconf 88' lang='lat'>:</span> <span class='ocrx_word' id='word_1_768' title='bbox 1225 5281 1252 5308; x_wconf 88' lang='grc'><strong>‹‹</strong></span> <span class='ocrx_word' id='word_1_769' title='bbox 1289 5259 1483 5330; x_wconf 89' lang='lat' dir='ltr'>Capua</span> <span class='ocrx_word' id='word_1_770' title='bbox 1515 5259 1710 5330; x_wconf 89' lang='lat' dir='ltr'>itaque</span> <span class='ocrx_word' id='word_1_771' title='bbox 1740 5276 1829 5313; x_wconf 91' lang='lat' dir='ltr'>re-</span> <span class='ocrx_word' id='word_1_772' title='bbox 1933 5255 2075 5310; x_wconf 91' lang='lat' dir='ltr'>dens</span> <span class='ocrx_word' id='word_1_773' title='bbox 2104 5255 2468 5319; x_wconf 86' lang='lat' dir='ltr'>celebrasset,</span> <span class='ocrx_word' id='word_1_774' title='bbox 2494 5271 2599 5309; x_wconf 92' lang='lat' dir='ltr'>nec</span> <span class='ocrx_word' id='word_1_775' title='bbox 2630 5254 2727 5309; x_wconf 90' lang='lat' dir='ltr'>diu</span> <span class='ocrx_word' id='word_1_776' title='bbox 2758 5270 2879 5326; x_wconf 92' lang='lat' dir='ltr'>pos,</span> <span class='ocrx_word' id='word_1_777' title='bbox 2908 5255 2970 5306; x_wconf 92' lang='lat' dir='ltr'>ut</span> <span class='ocrx_word' id='word_1_778' title='bbox 3002 5254 3266 5325; x_wconf 86' lang='lat' dir='ltr'>apparet,</span> <span class='ocrx_word' id='word_1_779' title='bbox 3291 5268 3321 5304; x_wconf 90' lang='lat' dir='ltr'>e</span> <span class='ocrx_word' id='word_1_780' title='bbox 3350 5249 3555 5330; x_wconf 81' lang='lat' dir='ltr'>legatis</span> 
     </span>
    </p>
   </div>
   <div class='ocr_carea' id='block_1_59' title="bbox 212 5324 3563 5420">
    <p class='ocr_par' dir='ltr' id='par_1_59' title="bbox 212 5324 3563 5420">
     <span class='ocr_line' id='line_1_59' title="bbox 212 5324 3563 5420; baseline -0.002 -21"><span class='ocrx_word' id='word_1_781' title='bbox 212 5350 488 5418; x_wconf 89' lang='lat' dir='ltr'>cuperata</span> <span class='ocrx_word' id='word_1_782' title='bbox 513 5349 619 5415; x_wconf 90' lang='lat' dir='ltr'>est,</span> <span class='ocrx_word' id='word_1_783' title='bbox 649 5348 711 5401; x_wconf 90' lang='lat' dir='ltr'>ut</span> <span class='ocrx_word' id='word_1_784' title='bbox 739 5347 924 5415; x_wconf 88' lang='lat' dir='ltr'>citius,</span> <span class='ocrx_word' id='word_1_785' title='bbox 956 5349 1214 5403; x_wconf 83' lang='lat' dir='ltr'>extremo</span> <span class='ocrx_word' id='word_1_786' title='bbox 1246 5364 1450 5402; x_wconf 89' lang='lat' dir='ltr'>mense</span> <span class='ocrx_word' id='word_1_787' title='bbox 1474 5346 1640 5414; x_wconf 90' lang='lat' dir='ltr'>Maio,</span> <span class='ocrx_word' id='word_1_788' title='bbox 1660 5351 1830 5420; x_wconf 90' lang='lat' dir='ltr'>atque</span> <span class='ocrx_word' id='word_1_789' title='bbox 1933 5359 2077 5415; x_wconf 90' lang='lat' dir='ltr'>quos</span> <span class='ocrx_word' id='word_1_790' title='bbox 2119 5343 2193 5397; x_wconf 91' lang='lat' dir='ltr'>ad</span> <span class='ocrx_word' id='word_1_791' title='bbox 2229 5344 2530 5417; x_wconf 89' lang='lat' dir='ltr'>Capuanos</span> <span class='ocrx_word' id='word_1_792' title='bbox 2559 5342 2815 5411; x_wconf 88' lang='lat' dir='ltr'>miserat,</span> <span class='ocrx_word' id='word_1_793' title='bbox 2851 5340 3007 5395; x_wconf 92' lang='lat' dir='ltr'>nullo</span> <span class='ocrx_word' id='word_1_794' title='bbox 3049 5343 3227 5399; x_wconf 90' lang='lat' dir='ltr'>modo</span> <span class='ocrx_word' id='word_1_795' title='bbox 3271 5339 3442 5395; x_wconf 87' lang='lat' dir='ltr'>hosce</span> <span class='ocrx_word' id='word_1_796' title='bbox 3470 5324 3563 5391; x_wconf 80' lang='lat' dir='ltr'>ve1</span> 
     </span>
    </p>
   </div>
   <div class='ocr_carea' id='block_1_60' title="bbox 211 5421 3568 5509">
    <p class='ocr_par' dir='ltr' id='par_1_60' title="bbox 211 5421 3568 5509">
     <span class='ocr_line' id='line_1_60' title="bbox 211 5421 3568 5509; baseline -0.003 -19"><span class='ocrx_word' id='word_1_797' title='bbox 211 5432 522 5508; x_wconf 81' lang='lat' dir='ltr'>ingruente</span> <span class='ocrx_word' id='word_1_798' title='bbox 565 5439 782 5506; x_wconf 67' lang='lat' dir='ltr'>aestate,</span> <span class='ocrx_word' id='word_1_799' title='bbox 812 5434 1160 5494; x_wconf 87' lang='lat' dir='ltr'>numerandi</span> <span class='ocrx_word' id='word_1_800' title='bbox 1190 5451 1323 5491; x_wconf 91' lang='lat' dir='ltr'>cum</span> <span class='ocrx_word' id='word_1_801' title='bbox 1357 5435 1662 5491; x_wconf 89' lang='lat' dir='ltr'>videantur</span> <span class='ocrx_word' id='word_1_802' title='bbox 1692 5453 1831 5509; x_wconf 87' lang='lat' dir='ltr'>qua-</span> <span class='ocrx_word' id='word_1_803' title='bbox 1936 5431 2093 5505; x_wconf 88' lang='lat' dir='ltr'>pacis</span> <span class='ocrx_word' id='word_1_804' title='bbox 2114 5430 2353 5490; x_wconf 90' lang='lat' dir='ltr'>consilia</span> <span class='ocrx_word' id='word_1_805' title='bbox 2375 5431 2709 5500; x_wconf 88' lang='lat' dir='ltr'>admittere,</span> <span class='ocrx_word' id='word_1_806' title='bbox 2735 5432 2821 5488; x_wconf 86' lang='lat' dir='ltr'>vel</span> <span class='ocrx_word' id='word_1_807' title='bbox 2836 5444 2968 5486; x_wconf 88' lang='lat' dir='ltr'>cum</span> <span class='ocrx_word' id='word_1_808' title='bbox 2995 5432 3257 5505; x_wconf 86' lang='lat' dir='ltr'>principe</span> <span class='ocrx_word' id='word_1_809' title='bbox 3279 5421 3568 5483; x_wconf 81' lang='lat' dir='ltr'>Richardo</span> 
     </span>
    </p>
   </div>
  </div>
