4066 6032
411 246 513 303 407

1267 242 1323 299 S.
1351 242 1696 300 BRUNONIS
1728 234 2362 301 CARTHUSIANORUM
2402 241 2868 301 INSTlTUTORIS

3632 246 3744 308 403

408 368 477 424 in
510 368 768 440 gratiam
809 368 951 423 velle
968 368 1585 436 redire,intellexisset,
1609 384 1742 424 cum
1774 368 2022 424 exercitu
2049 378 2103 437 Α
2127 365 2249 421 aliis
2298 383 2473 438 supra
2523 368 2635 422 huc
2677 367 3036 439 transeriptis
3083 368 3259 423 etiam
3312 372 3569 424 vocetur.
3610 371 3748 428 lam

410 457 653 511 tandem
676 455 931 528 Capuam
964 457 1295 513 obsessurus
1316 456 1615 529 Capuanos
1639 457 1785 511 ﬂues
1813 458 1900 511 est
1929 457 2017 511 in-

418 560 663 616 gressus.

482 635 606 688 66l.
639 633 785 688 Audi
814 633 1016 703 modo,
1058 651 1185 707 quae
1216 640 1497 707 praeterea
1540 635 1651 688 huc
1700 633 2018 705 spectantia

410 738 534 793 cap.
565 724 632 778 26
659 722 957 778 Malaterra
986 723 1366 795 suppeditet.«
1393 726 1485 790 At,
1509 722 1695 795 inquit
1715 722 1786 776 de
1807 722 2016 777 comite

411 810 680 881 Rogerio,
708 810 807 866 ubi
834 811 1039 882 legatis
1058 812 1538 881 regredientibus,
1562 810 2013 881 cos(Capuanos)

409 899 493 953 nil
516 898 728 966 moliri,
758 898 860 953 sed
890 915 1122 971 prorsus
1151 900 1208 954 in
1236 899 1459 954 malitia
1488 916 1591 953 sua
1618 898 1863 971 superbe
1891 914 2019 970 per-

409 984 609 1041 sistere
654 987 834 1054 audit,
878 986 1015 1042 inde
1056 988 1111 1057 (a
1150 987 1319 1042 ﬂuvio
1364 986 1594 1057 Sabato)
1644 1003 2017 1042 commovens

410 1073 710 1145 Capuanos
750 1074 895 1129 ﬂues
932 1075 1214 1147 pervadit,
1263 1092 1375 1148 quo
1422 1074 1650 1129 diliculo
1689 1091 1821 1129 cum
1858 1075 2017 1130 mille

406 1163 643 1218 armatis
657 1163 969 1217 exercitum
986 1165 1318 1234 prmcedens
1341 1164 1415 1219 ad
1436 1164 1643 1219 urbem
1658 1163 2013 1234 (Capuanam

407 1251 638 1323 nempe)
671 1251 911 1319 accedit,
941 1255 1224 1307 extractos
1256 1253 1532 1324 plurimos
1563 1252 1891 1306 militariter
1914 1252 2015 1307 de-

398 1339 584 1410 jectos
606 1340 1230 1407 domnoseindiﬁcavit,
1250 1342 1576 1411 multosque
1590 1338 2017 1410 ampliuslcesis-

403 1430 509 1494 set,
540 1427 597 1481 ni
618 1428 814 1498 pulvis,
838 1445 1120 1500 equorum
1151 1428 1391 1499 pedibus
1406 1429 1697 1493 excitatus,
1722 1432 1779 1482 et
1796 1432 2013 1483 avento

404 1514 853 1570 condensissime
892 1516 1160 1587 agitatus,
1194 1516 1622 1570 intercessisset.
1658 1515 1750 1570 Sic
1789 1516 1862 1570 ad
1895 1534 2013 1571 cas-

407 1607 494 1658 tra
523 1620 624 1658 sua
654 1620 912 1657 reversus
960 1606 1021 1659 in
1072 1605 1391 1660 crastinum
1438 1622 1568 1659 cum
1610 1608 1733 1661 toto
1766 1605 2016 1659 exercitu

2124 471 2277 521 vero,
2306 471 2437 510 cum
2468 455 2712 526 principi
2745 456 3030 512 Richardo
3053 473 3260 528 parum
3289 457 3638 528 admodum,
3662 462 3751 516 uti

2120 560 2185 597 ex
2208 545 2333 614 jam
2368 545 2530 599 dictis
2570 545 2813 611 videtur,
2843 563 2877 599 a
2907 545 3088 617 copiis
3128 546 3304 600 fuerit
3340 552 3748 621 prospectum,

2120 630 2373 701 Capuam
2395 635 2529 687 ante
2554 632 2781 687 comitis
2809 633 3038 705 Rogerii
3060 633 3133 688 ad
3157 650 3288 688 eam
3308 634 3624 690 adventum
3645 638 3755 693 abs

2118 718 2237 785 illo,
2271 719 2359 773 cui
2392 737 2579 792 neque
2610 723 2733 775 tum
2762 739 2827 775 ex
2864 721 3029 775 dictis
3068 721 3227 776 ducis
3259 723 3493 794 Rogerii
3524 725 3752 780 exerci-

2116 809 2206 861 tus
2237 807 2457 871 aderat,
2502 809 3015 875 circumvallatam,
3044 809 3240 877 fuisse,
3272 826 3480 882 parum
3523 814 3748 868 verosi-

2117 894 2254 950 mile
2285 898 2545 967 apparet.

2188 983 2311 1036 663.
2328 982 2467 1036 Hinc
2492 998 2664 1053 porro
2680 982 2805 1053 jam
2824 983 3212 1055 consequitur,
3248 989 3313 1039 ut
3331 985 3746 1042 verosimiliter

2118 1068 2388 1140 Capuana
2419 1069 2640 1124 obsidio
2670 1073 2803 1124 tunc
2819 1070 3096 1141 primum,
3114 1087 3247 1126 cum
3274 1072 3403 1127 urbi
3419 1073 3551 1127 huic
3579 1091 3747 1129 exer-

2117 1159 2292 1214 citum
2324 1175 2519 1212 comes
2551 1160 2827 1229 Rogerius
2847 1160 3212 1227 admovisset,
3246 1161 3480 1216 initium
3511 1179 3748 1235 accepe-

2114 1247 2210 1315 rit,
2244 1265 2306 1302 ac
2339 1248 2505 1320 proin
2539 1251 2602 1303 ut
2628 1265 2826 1303 mense
2848 1249 3015 1315 Maio,
3048 1266 3179 1304 cum
3206 1250 3285 1304 sic
3315 1267 3384 1304 ex
3410 1251 3577 1306 dictis
3596 1256 3736 1307 ante

2116 1338 2334 1389 sextam
2368 1335 2655 1391 decimam
2685 1337 2896 1391 mensis
2921 1337 3090 1407 hujus
3120 1338 3276 1392 diem
3308 1339 3583 1395 inchoata
3615 1357 3740 1395 non

2114 1424 2308 1491 fuerit,
2361 1424 2595 1496 diesque
2641 1426 3032 1497 quadraginta
3083 1427 3356 1493 tenuerit,
3399 1429 3474 1482 ad
3519 1428 3744 1485 exitum

2116 1512 2363 1567 adducta
2392 1529 2511 1567 non
2529 1514 2720 1567 fuerit.
2750 1514 2982 1580 Verum,
3009 1514 3214 1568 demus
3238 1515 3415 1570 etiam
3431 1516 3740 1588 tantisper,

2117 1616 2151 1654 a
2182 1601 2441 1673 principe
2471 1602 2751 1656 Richardo
2786 1602 3041 1673 Capuam
3081 1606 3215 1657 ante
3247 1603 3475 1659 comitis
3506 1605 3746 1676 Rogerii

403 1692 529 1747 urbi
557 1709 615 1746 se
639 1692 972 1747 viciniorem
1003 1694 1352 1748 conferensa
1371 1694 1683 1749 Meridiana
1711 1696 1882 1765 plaga
1912 1694 2014 1747 ob-
2045 1693 2095 1751 B
2117 1689 2190 1744 ad
2221 1707 2355 1744 eum
2383 1707 2513 1744 cum
2532 1691 2782 1744 exercitu
2796 1707 2897 1745 suo
2920 1708 3210 1746 accessum
3235 1692 3738 1748 circumvallatam

401 1780 625 1836 sidione
654 1782 965 1836 vallandoa
982 1781 1108 1852 ripa
1130 1781 1406 1837 Orientali
1434 1800 1611 1853 usque
1635 1782 1706 1836 ad
1742 1782 2015 1838 Occiden-

399 1870 576 1925 talem
597 1869 794 1939 cingit.
828 1869 1017 1924 »Cum
1047 1886 1186 1940 ergo
1221 1869 1497 1940 Capuani,
1529 1870 1611 1924 uti
1640 1887 1707 1924 ex
1738 1870 1823 1924 his
1848 1870 2016 1924 Mala-

398 1960 570 2013 terrse
594 1957 781 2011 verbis
812 1957 1171 2028 intelligitur,
1193 1958 1251 2011 in
1270 1958 1544 2013 comitem
1571 1957 2016 2029 Rogerium,qui

400 2044 476 2100 ad
496 2060 699 2099 eorum
726 2044 950 2111 urbem,
972 2048 1288 2115 antequam
1312 2047 1627 2100 exercitum
1655 2064 1821 2101 suum
1845 2047 1895 2100 ei
1915 2047 2019 2101 ad-

400 2130 688 2198 movisset,
722 2132 878 2185 mille
910 2132 1185 2186 duntaxat
1229 2134 1511 2187 militibus
1556 2135 1797 2205 stipatus
1837 2151 2018 2188 acces-

404 2222 580 2285 cerat,
630 2223 914 2274 armatam
961 2220 1211 2275 militum
1261 2239 1503 2276 manum
1543 2223 1860 2287 emiserint,
1907 2222 2015 2276 cir-

402 2308 806 2362 cumvallatam
835 2307 1090 2379 Capuam
1111 2311 1235 2362 tum
1255 2309 1518 2363 nondum
1545 2310 1736 2377 fuisse,
1753 2313 2013 2382 apparet.

401 2396 490 2450 Ad
514 2396 635 2450 haec
647 2413 778 2451 cum
798 2396 1099 2452 Malaterra
1123 2397 1396 2453 comitem
1429 2398 2019 2469 Rogerium,exercitu

404 2500 505 2539 suo
539 2500 735 2556 capuze
759 2484 884 2556 jam
912 2486 1170 2553 admoto,
1200 2487 1271 2540 ab
1294 2486 1561 2540 orientali
1587 2488 1735 2541 hanc
1760 2488 2020 2542 occiden-

405 2570 625 2643 talique
653 2573 825 2644 plaga
845 2573 1106 2640 cinxisse,
1133 2574 1319 2629 verbis
1349 2574 1611 2644 proxime
1634 2575 1882 2630 recitatis
1904 2578 2018 2632 tra-

405 2657 523 2726 dat,
546 2659 747 2731 hisque
774 2661 1093 2732 sequentia,
1121 2663 1287 2716 «Dux
1308 2665 1501 2716 autem
1529 2665 1586 2717 et
1609 2662 2021 2733 princepscum

405 2760 506 2799 suo
536 2746 788 2801 exercitu
815 2748 886 2800 ab
918 2747 1241 2818 aquilonari
1272 2751 1436 2818 parte
1468 2748 1795 2804 obsidentes
1818 2750 2021 2805 urbem

404 2833 652 2888 tendunt
683 2835 1051 2907 prmgravari,
1068 2852 1238 2890 »mox
1258 2836 1586 2908 subjungat,
1604 2836 1848 2893 innuere
1867 2838 2019 2893 vide-

403 2924 517 2990 tur,
546 2922 799 2995 Capuam
828 2940 897 2978 eo
923 2924 1044 2996 ipso
1078 2929 1363 2996 tempore,
1385 2943 1499 2998 quo
1524 2944 1654 2981 eam
1682 2944 1716 2981 a
1747 2927 2020 2982 meridio-

402 3010 521 3066 nali
551 3014 609 3065 et
639 3012 981 3067 occidentali
1013 3014 1185 3085 plaga
1214 3031 1409 3069 comes
1448 3016 1728 3086 Rogerius
1759 3016 1955 3083 cinxit,
1989 3033 2024 3070 a

404 3099 837 3169 septentrionali
871 3102 1041 3173 plaga
1073 3118 1177 3172 per
1205 3102 1409 3156 ducem
1441 3103 1754 3173 Rogerium
1782 3106 1840 3158 et
1862 3104 2020 3174 prin-

402 3186 592 3258 cipem
621 3188 970 3243 Richardum
1000 3190 1418 3244 circumdatam
1450 3190 1707 3261 primum
1742 3191 2022 3259 fuisse;ut

402 3273 647 3344 proinde
678 3275 838 3329 illam
878 3276 969 3329 hic
1007 3280 1144 3330 ante
1184 3277 1411 3331 cornitis
1460 3278 1689 3349 Rogerii
1732 3295 2020 3334 accessum

403 3359 839 3416 circumvalasse
871 3364 1158 3432 putandus
1188 3380 1306 3417 non
1339 3365 1428 3420 sit.

478 3449 601 3504 662.
619 3449 687 3502 Et
716 3465 849 3504 vero
874 3450 1123 3522 principi
1151 3450 1455 3519 Bichardo,
1480 3456 1541 3507 ut
1563 3452 1622 3507 id
1647 3456 1769 3509 tum
1788 3454 2021 3524 faceret,

406 3536 587 3608 copia:
618 3536 967 3592 sufﬁcientes
993 3538 1165 3592 fuisse
1188 3555 1304 3594 non
1318 3540 1605 3595 videntur.
1629 3543 2023 3615 Praeterquam

407 3624 591 3693 enim,
641 3625 798 3697 quod
835 3626 1021 3681 solam
1068 3628 1363 3695 Aversam,
1410 3646 1769 3702 parvumque
1812 3632 2022 3687 civitati

405 3714 539 3770 huic
568 3713 933 3785 adjacentem
960 3718 1250 3771 terrarum
1277 3720 1528 3773 tractum
1559 3719 1663 3773 sub
1694 3719 1910 3775 ditioue
1922 3738 2024 3776 sua

406 3805 652 3868 teneret,
683 3802 986 3859 Malaterra
1012 3804 1200 3859 verbis
1216 3804 1345 3875 jam
1380 3823 1531 3861 nunc
1561 3806 1812 3861 recitatis
1846 3806 2022 3863 etiam

405 3889 529 3946 haec
548 3891 809 3963 proxime
828 3892 919 3962 adi
930 3892 1093 3964 ungit
1107 3909 1155 3947 ;‹‹
1176 3895 1355 3948 Porro
1374 3911 1589 3961 comes,
1605 3896 1764 3965 cujus
1785 3897 2022 3951 consilio

408 3994 612 4034 omnes
637 3978 1004 4045 incedebant,
1033 3980 1167 4050 quia
1183 3981 1499 4048 sollicitior,
1517 3982 1653 4052 quia
1684 3982 2026 4053 prudentior

406 4063 469 4118 in
501 4063 769 4118 omnibus
800 4065 1041 4136 agendis
1067 4065 1342 4137 vigilandi
1376 4085 1512 4122 cura
1538 4072 1682 4137 erat,
1704 4074 1944 4141 pontem
1958 4088 2026 4126 ex

407 4150 581 4222 lignis
602 4150 830 4222 erigens
861 4152 940 4207 ita
970 4156 1129 4208 trans
1156 4154 1376 4210 ﬂumen
1394 4156 1759 4227 (Vulturnum
1794 4159 2023 4231 nempe)

2116 1778 2307 1845 fuisse,
2340 1795 2445 1832 nec
2469 1778 2548 1833 sic
2578 1778 2867 1833 civitatem
2908 1778 3067 1832 illam
3096 1796 3296 1834 mense
3320 1780 3465 1836 Maio
3489 1780 3743 1835 deditio-

2117 1882 2254 1919 nem
2286 1865 2507 1933 fecisse,
2541 1866 2868 1920 verosimile
2907 1867 3131 1921 evadet.
3165 1867 3310 1922 Cum
3340 1868 3519 1934 enim,
3553 1868 3637 1922 uti
3674 1886 3747 1923 ex

2116 1970 2289 2026 supra
2322 1953 2486 2008 dictis
2529 1954 2729 2025 liquet,
2772 1971 2965 2008 comes
3005 1955 3284 2026 Rogerius
3340 1956 3414 2011 ad
3457 1955 3745 2012 Sabatum

2118 2042 2355 2096 ﬂuxium
2382 2059 2416 2096 a
2444 2043 2764 2097 Benevento
2788 2043 2942 2098 haud
2968 2045 3743 2114 procul,sextadecimaMaii

2118 2131 2230 2196 die,
2261 2131 2318 2184 in
2351 2147 2522 2201 quam
2560 2147 2713 2184 anno
2741 2134 2874 2185 1098
2906 2132 3242 2186 Pentecoste
3274 2132 3744 2201 incidebat,cum

2117 2219 2368 2274 exercitu
2399 2235 2500 2274 suo
2526 2219 2839 2285 substiteri,
2856 2220 3080 2290 hocque
3110 2220 3324 2274 festum
3352 2220 3571 2275 ibidem
3597 2222 3747 2276 cele-

2118 2306 2318 2373 brarit,
2336 2324 2442 2361 nec
2459 2307 2653 2360 statim
2685 2310 2815 2378 post
2846 2323 2977 2361 cum
3000 2307 3210 2361 eodem
3232 2308 3368 2362 inde
3401 2309 3648 2364 movisse
3668 2309 3747 2364 vi-

2119 2394 2342 2463 deatur,
2374 2395 2449 2449 ad
2477 2394 2732 2465 Capuam
2761 2412 2894 2449 eum
2919 2400 3054 2449 ante
3077 2396 3415 2467 vigesimam
3439 2397 3563 2451 Maii
3581 2397 3743 2452 diem

2118 2486 2303 2537 castra
2346 2499 2463 2537 non
2514 2483 2795 2553 posuisse,
2841 2483 3341 2537 verosimillimum
3367 2488 3640 2555 apparet;
3675 2490 3742 2539 ut

2120 2570 2386 2640 proinde,
2414 2570 2458 2624 si
2483 2570 2618 2624 urbs
2657 2571 2801 2639 haec,
2834 2575 3100 2625 currente
3142 2571 3329 2625 adhuc
3376 2572 3544 2638 Maio,
3585 2572 3749 2627 dedi-

2122 2659 2345 2713 tionem
2375 2658 2595 2725 fecerit,
2630 2659 3052 2713 consectarium
3067 2659 3326 2713 futurum
3343 2659 3437 2727 sit,
3461 2664 3524 2714 ut
3539 2660 3744 2715 diebus

2124 2745 2399 2800 duntaxat
2441 2746 2645 2800 decem
2694 2746 2921 2801 circiter
2973 2745 3259 2800 obsidioni
3300 2748 3423 2819 ejus
3461 2747 3744 2803 interesse

2123 2849 2317 2888 comes
2360 2833 2635 2904 Rogerius
2682 2834 2955 2906 potuerit.
3000 2835 3211 2889 Verum
3241 2834 3441 2891 diebus
3492 2836 3744 2908 amplius

2123 2922 2325 2976 decem
2355 2923 2572 2977 bellicas
2597 2923 2688 2976 isti
2713 2923 3063 2995 expeditioni
3087 2923 3410 2993 principem
3441 2924 3605 2979 illum
3637 2923 3743 2979 ad-
3844 2978 3847 2981 λ

2120 3010 2312 3076 fuisse,
2347 3029 2412 3065 ex
2454 3011 2541 3078 iis,
2571 3029 2698 3083 qua:
2730 3016 2852 3066 tum
2890 3012 3192 3067 Malaterra
3234 3013 3496 3068 Historias
3536 3013 3746 3069 Siculas

2121 3100 2221 3155 lib.
2248 3116 2324 3166 1v,
2357 3117 2482 3172 cap.
2516 3103 2581 3154 26
2614 3105 2672 3155 et
2698 3100 2846 3155 binis
2875 3117 3061 3172 seqq.,
3095 3105 3219 3155 tum
3243 3102 3559 3156 Eadmerus
3586 3102 3644 3157 in
3678 3102 3738 3157 S.

2120 3186 2376 3242 Anselmi
2410 3188 2834 3242 Cantuariensis
2856 3188 3271 3261 archiepiscopi
3302 3189 3449 3258 Vita,
3469 3190 3623 3261 apud
3639 3207 3751 3246 nos

2121 3280 2265 3331 tom.
2300 3278 2343 3330 ll
2372 3278 2559 3348 Aprils
2588 3294 2721 3349 pag.
2756 3280 2881 3345 887,
2937 3294 3100 3346 num,
3133 3280 3200 3333 45
3241 3282 3299 3333 et
3340 3296 3485 3351 seq.,
3519 3295 3751 3334 memo-

2123 3366 2222 3421 riae
2271 3367 2546 3437 produnt,
2601 3366 2981 3421 munifestum
3032 3372 3292 3440 apparet.
3345 3368 3416 3422 Ut
3459 3384 3588 3439 quas
3631 3369 3750 3424 huc

2124 3454 2441 3526 spectantia
2481 3455 2781 3510 Malaterra
2817 3456 2940 3510 loco
2986 3456 3081 3509 cit.
3122 3456 3472 3528 suppeditat,
3504 3473 3751 3529 remque

2125 3541 2520 3614 minus,quam
2537 3560 2664 3615 quae
2687 3533 3003 3598 Eadnierus
3021 3544 3302 3615 suggerit,
3320 3544 3566 3600 dilucide
3587 3545 3749 3599 evin-

2124 3634 2282 3698 cunt,
2313 3631 2606 3686 brevitatis
2639 3649 2778 3704 ergo
2796 3632 3088 3701 omittam,
3114 3633 3450 3705 posterioris
3468 3633 3752 3689 duntaxat

2124 3720 2415 3791 scriptoris
2445 3721 2613 3791 hujus
2652 3723 2845 3788 verba,
2883 3738 2987 3777 nec
3032 3721 3141 3776 nisi
3187 3739 3315 3794 qua:
3361 3723 3472 3777 huc
3522 3723 3751 3794 potissi-

2124 3824 2287 3863 mum
2318 3809 2558 3874 faciunt,
2593 3810 2753 3864 lubet
2782 3810 3190 3864 transcribere.

2196 3900 2321 3952 664.
2346 3900 2659 3969 Postquam
2690 3899 2905 3971 itaque,
2939 3898 2994 3953 S.
3021 3900 3382 3966 Anselmum,
3422 3902 3485 3955 ut
3525 3900 3600 3955 ad
3629 3901 3738 3956 du-

2125 4001 2252 4039 cem
2282 3987 2499 4058 Apuliaa
2515 3987 2851 4057 Rogerium,
2876 3986 3148 4057 Capuana
3173 3987 3473 4042 obsidione
3496 4004 3741 4059 occupa-

2125 4078 2273 4143 tum,
2302 4076 2375 4129 ad
2405 4091 2582 4146 quam
2621 4074 3050 4147 expeditionem
3078 4076 3368 4143 bellicam,
3402 4081 3466 4131 ut
3490 4078 3593 4145 ait,
3622 4078 3737 4133 Ro—

2126 4162 2315 4233 gerius
2346 4161 2552 4217 Sicilia:
2583 4180 2778 4219 comes
2794 4166 2975 4219 multa
2988 4163 3413 4219 Saracenorum
3446 4166 3626 4221 millia
3640 4165 3743 4221 ad-

411 4239 715 4307 ordinavit,
768 4243 830 4294 ut
868 4258 969 4296 suo
1010 4242 1283 4297 exercitui
1321 4248 1382 4320 et
1427 4245 1602 4314 ducis,
1651 4247 1833 4301 libero
1865 4248 2024 4303 aditu
2049 4250 2101 4307 D
2125 4249 2383 4318 duxerat,
2417 4251 2585 4322 eique
2618 4253 2860 4324 proinde
2889 4256 3012 4306 tum
3036 4253 3739 4319 intererat,seseconferre

408 4329 667 4401 patente,
699 4327 866 4382 ﬂeret
908 4330 1206 4397 transitus,
1247 4332 1437 4403 sicque
1481 4334 1616 4388 urbs
1663 4335 1734 4389 ab
1780 4340 2023 4406 utroque

408 4415 660 4471 exercitu
696 4417 756 4471 in
788 4420 1016 4472 tantum
1050 4436 1323 4492 Oppressa
1353 4426 1458 4488 est,
1487 4427 1550 4477 ut
1578 4424 1736 4478 nulla
1762 4441 1829 4478 ex
1859 4429 2022 4495 parte

410 4504 572 4560 arida
595 4506 680 4561 vel
711 4506 931 4577 liquida
976 4509 1313 4579 egrediendi
1362 4514 1485 4566 tuto
1522 4515 1625 4567 velr
1654 4513 2021 4584 ingrediendi

409 4591 596 4647 aditus
619 4597 862 4665 pateret.
881 4614 910 4646 ››
928 4595 1086 4650 Hisce
1109 4600 1303 4652 autem
1322 4615 1352 4652 e
1369 4600 1573 4668 verbis,
1591 4603 1788 4672 utpote
1817 4602 2022 4673 quibus

404 4681 705 4737 Malaterra
735 4682 878 4738 duos
924 4683 1201 4740 duntaxat
1222 4688 1522 4756 exercitus,
1551 4691 1801 4744 alterum
1837 4691 2021 4762 Roge-

406 4771 493 4828 rio
522 4772 738 4839 comiti,
783 4774 1031 4827 alterum
1064 4775 1310 4846 Rogerio
1340 4776 1469 4831 duci
1500 4782 1829 4848 parentem,
1863 4795 2021 4834 com-

406 4865 716 4928 memoret,
761 4861 1153 4933 colligendum
1197 4867 1458 4934 apparet,
1501 4882 1712 4936 paucas
1746 4867 2024 4923 duntaxat

406 4949 598 5023 copias
623 4949 866 5023 principi
894 4949 1198 5018 Richardo,
1219 4952 1317 5023 qui
1337 4956 1558 5021 tamen,
1586 4970 1726 5026 quas
1746 4956 2017 5025 habebat,

402 5039 560 5095 haud
602 5037 775 5093 dubie
821 5054 1023 5093 omnes
1064 5038 1186 5093 fere
1231 5040 1305 5094 ad
1356 5042 1784 5113 expeditionem
1835 5045 2016 5113 illam,

404 5126 563 5200 quod
603 5127 739 5181 felix
788 5127 955 5197 hujus
984 5142 1272 5181 successus
1321 5129 1573 5183 maxime
1605 5130 1756 5185 illius
1777 5132 2016 5190 interes-

401 5217 509 5282 set,
557 5215 878 5281 adduxerit,
925 5215 982 5268 in
1042 5215 1198 5270 ducis
1249 5216 1477 5287 Rogerii
1524 5219 1775 5273 exercitu
1824 5221 2014 5290 fuisse,

399 5303 539 5358 licet
566 5302 804 5357 interim
834 5303 925 5357 hic
956 5307 1077 5358 tam
1108 5305 1396 5373 Richardi,
1430 5307 1585 5378 quod
1623 5308 1899 5363 nimirum
1922 5312 2019 5366 ali-

2125 4338 2481 4409 dignaretur,
2510 4341 2812 4395 invitatum
2839 4342 3031 4407 fuisse,
3065 4341 3261 4413 paucis
3294 4343 3571 4410 narravit,
3601 4359 3741 4397 mox

2123 4427 2315 4483 subdit
2339 4446 2387 4482 ;‹‹
2415 4429 2814 4495 Ascendimus,
2838 4429 3044 4484 ivimus
3065 4433 3123 4485 et
3142 4430 3335 4503 plures
3356 4431 3415 4485 in
3440 4431 3741 4486 obsidione

2124 4516 2243 4572 dies
2272 4517 2589 4589 exegimus,
2637 4518 2848 4572 remoti
2878 4518 2936 4572 in
2968 4520 3234 4575 tentoriis
3263 4538 3298 4576 a
3326 4518 3651 4590 frequentia
3683 4524 3744 4576 et

2120 4607 2373 4660 tumultu
2396 4607 2816 4677 perstrepentis
2860 4608 3160 4663 exercitus.
3210 4610 3345 4664 Erat
3383 4612 3599 4675 autem,
3638 4609 3738 4664 ubi

2122 4710 2372 4762 eramus,
2403 4695 2671 4765 quaedam
2697 4696 2995 4750 ecclesiola
3015 4698 3245 4766 penitus
3267 4698 3492 4752 deserta
3510 4699 3567 4750 et
3569 4696 3741 4767 juxta

2122 4781 2331 4837 ostium
2348 4783 2599 4837 cisterna
2611 4783 2855 4855 desuper
2874 4783 3361 4857 dirupta,magnaa
3378 4784 3740 4855 profundita-

2122 4870 2197 4924 tis
2224 4870 2446 4924 hiatum
2462 4887 2564 4924 sua
2586 4870 2916 4940 diruptione
2944 4872 3329 4942 prastendens.
3352 4873 3415 4926 In
3433 4888 3548 4944 qua
3560 4873 3741 4927 eccle-

2122 4959 2207 5014 sia
2227 4960 2381 5013 velut
2405 4959 2463 5013 in
2503 4976 2757 5025 camera,
2780 4975 2887 5030 pro
2917 4960 3063 5013 velle
3085 4961 3589 5027 conversabamur,
3610 4963 3737 5017 tam

2122 5047 2320 5119 quieti,
2349 5064 2525 5119 quam
2558 5046 2718 5118 operi
2748 5046 2808 5101 in
2834 5063 2903 5102 ea
2923 5047 3312 5119 indulgentes,
3341 5051 3399 5101 et
3428 5047 3633 5102 ducem
3651 5048 3737 5119 ip-

2118 5152 2247 5191 sum
2272 5153 2403 5190 cum
2430 5136 2541 5191 suis
2572 5136 2871 5190 nobiscum
2903 5136 3138 5208 singulis
3169 5136 3390 5204 diebus,
3419 5140 3482 5190 ut
3510 5137 3739 5192 voleba-

2117 5241 2267 5291 mus,
2308 5226 2367 5280 in
2414 5229 2691 5297 promptu
2720 5225 3021 5280 habentes.
3057 5225 3319 5289 Quadam
3362 5241 3497 5281 vero
3541 5229 3733 5295 nocte,

2116 5331 2248 5370 cum
2273 5315 2332 5370 in
2355 5332 2424 5369 ea
2447 5314 2856 5381 dormiremus,
2872 5314 3115 5385 contigit
3142 5316 3482 5369 Anselmum
3501 5314 3586 5368 sui
3604 5330 3733 5369 cor-

398 5406 544 5465 quas
582 5392 781 5446 sallem
830 5393 922 5446 hic
957 5392 1222 5463 princeps
1275 5394 1467 5466 copias
1510 5394 1569 5448 in
1614 5394 1711 5448 illo
1752 5395 2013 5468 haberet,
2113 5402 2270 5475 poris
2301 5403 2639 5458 necessitate
2671 5402 2897 5457 silentio
2936 5420 3191 5475 surgere,
3225 5405 3305 5471 et,
3336 5419 3409 5457 ne
3443 5402 3730 5475 inquieta-

399 5493 583 5558 quam
616 5478 846 5551 Rogerii
888 5480 1047 5536 ducis
1090 5482 1370 5539 exercitus
1412 5501 1447 5540 a
1482 5484 1784 5541 Malaterra
1829 5486 2014 5545 verbis
2112 5507 2439 5563 remur,suo
2462 5507 2627 5548 more
2645 5491 2803 5549 lento
2814 5491 3278 5562 pedeadostium
3298 5491 3735 5558 teudere.Quod
