4066 6032
219 242 334 296 409

1808 261 1991 323 ACTA

217 384 359 423 cum
383 370 606 437 exisset,
621 373 1004 432 etimmemor
1023 373 1201 435 foveae
1224 398 1327 454 per
1349 385 1687 444 tenebrasin
1708 408 1843 462 par-

218 459 346 513 tem
380 458 716 528 divertisset,
747 464 804 518 iu
837 468 1190 536 profundum
1207 473 1410 530 cecidit
1432 478 1687 535 clamosa
1708 458 1841 539 voce

3457 291 3564 345 410

1866 397 1922 454 Α
1948 411 2063 448 non
2097 398 2532 468 complectatur,
2563 401 2754 472 Capua
2784 403 2894 458 hoc
2923 421 3142 485 mense,
3171 409 3450 467 stantibus
3465 414 3556 483 iis,

1942 499 2068 553 qua
2091 485 2288 539 Petrus
2307 487 2586 543 Diaconus
2606 493 2664 543 et
2689 491 3007 548 Eadmerus
3028 495 3305 565 scribunt,
3323 502 3558 558 subacta

216 546 487 602 cadendo
512 548 706 606 dicens
740 570 751 607 :
782 553 991 610 Sancta
1019 558 1225 613 Maria!
1261 563 1348 616 Ad
1379 581 1553 635 quem
1585 571 1840 629 sonitum
1940 546 2095 626 haud
2121 573 2312 628 fuerit.

214 651 332 688 nos
360 652 424 689 ac
450 637 586 693 socii
614 641 812 708 nostri,
848 643 940 714 qui
965 645 1022 698 in
1049 648 1310 704 tentoriis
1329 653 1719 725 quiescebant,
1743 677 1841 716 ex-

213 725 541 794 pergefacti
571 727 728 782 lectis
757 731 1131 800 posilivimus,
1153 745 1514 796 accurrentes
1536 746 1835 803 hominem

213 810 278 864 in
308 813 598 882 profundo
618 815 882 885 vidimus,
903 825 960 874 et
983 838 1098 892 pra
1124 824 1331 881 timore
1353 829 1522 886 simul
1548 838 1603 887 et
1625 852 1836 907 angus-

207 898 301 952 tia
328 901 518 955 cordis
539 904 849 962 exanimati
878 908 1000 963 fere
1031 929 1248 967 sumus.
1283 915 1448 979 Quod
1497 921 1618 991 ipse
1651 898 1837 995 perci-

208 987 404 1058 piens,
428 1007 560 1045 mox
589 992 775 1049 levato
796 997 1000 1068 capite,
1019 1001 1175 1055 vultu
1197 1003 1476 1073 jucundo,
1499 987 1707 1066 intuitu
1732 1031 1833 1068 no-

208 1077 306 1132 bis
335 1076 905 1146 iunuit,nillasionis
935 1103 1058 1142 sese
1085 1104 1439 1162 perpessum.
1470 1098 1833 1156 Descenden-

207 1167 303 1220 tes
335 1165 511 1236 igitur
549 1169 784 1239 quidam
817 1188 885 1227 ex
921 1177 1129 1231 nostris
1160 1195 1226 1232 ex
1258 1182 1439 1238 altera
1470 1191 1630 1256 parte
1663 1188 1836 1259 ipsius

209 1254 544 1326 pracipitii,
594 1274 706 1328 qua
752 1259 842 1314 via
886 1266 1010 1316 erat
1055 1254 1485 1337 descendendi,
1505 1254 1826 1334 eduxerunt

207 1358 351 1396 cum
375 1361 408 1397 a
433 1343 557 1398 loco
579 1362 785 1401 sanum
813 1351 1052 1407 omnino
1083 1357 1254 1426 atque
1287 1358 1660 1418 incolumem.

201 1457 212 1468 -
285 1431 415 1484 665.
448 1453 475 1480 «
508 1431 655 1523 Cum
679 1439 813 1523 post
861 1437 984 1492 hac
1024 1441 1172 1496 sedis
1217 1449 1543 1515 apostolica
1577 1453 1832 1523 pontifex

207 1519 481 1574 Urbanus
507 1519 602 1574 illo
625 1521 978 1592 adventaret,
1008 1528 1058 1581 ei
1085 1529 1156 1584 ab
1193 1533 1456 1590 1\nselmo
1485 1541 1542 1591 et
1561 1519 1834 1613 principi-

207 1607 319 1662 bus
361 1608 535 1662 totius
574 1611 852 1666 exercitus
910 1616 1140 1671 obviam
1194 1619 1338 1675 itum
1391 1607 1569 1692 esset,
1610 1607 1830 1700 ingenti

2010 663 2132 715 666.
2169 663 2235 715 Et
2266 665 2413 718 hanc
2443 666 2677 737 quidem
2709 668 3020 736 civitatem,
3057 688 3257 727 mense
3285 676 3425 730 Maio
3461 679 3560 733 ad-

1938 749 2047 802 huc
2087 756 2375 819 currente,
2419 753 2774 810 deditionem
2823 774 2938 812 non
2981 759 3198 828 fecisse,
3242 762 3417 818 fusius
3465 765 3559 820 hic

1938 837 2336 910 operioiusque
2369 843 2612 911 probare
2649 846 2819 911 volui,
2847 850 2971 901 tum
3002 851 3063 901 ut
3089 865 3263 920 quam
3295 853 3557 922 proxime

1934 925 2059 978 fieri
2098 931 2305 997 potest,
2344 931 2756 1001 apparitionis;
2787 951 2900 1005 qua
2934 936 3213 990 comitem
3242 939 3556 1012 Rogerium

1937 1015 2380 1084 praesentissimo
2411 1019 2662 1087 periculo
2678 1020 2936 1089 Sanctus,
2955 1039 3052 1077 seu
3075 1025 3280 1095 potius,
3304 1031 3366 1081 ut
3385 1046 3558 1100 supra

1937 1100 2174 1169 dictum,
2209 1107 2310 1158 sub
2339 1107 2508 1176 hujus
2549 1109 2734 1177 specie
2777 1112 3015 1181 angelus
3047 1115 3276 1182 exemit,
3327 1120 3556 1188 tempus

1937 1194 2222 1258 noscatur,
2239 1195 2364 1247 tum
2383 1197 2443 1247 ut
2470 1212 2572 1266 pro
2588 1197 2807 1263 Martio,
2840 1199 2925 1251 cui
2953 1201 3162 1269 Capua
3187 1202 3546 1260 deditionem

1935 1268 2123 1339 Lupus
2155 1273 2492 1344 Protospata
2523 1274 2728 1345 afﬁgit,
2754 1294 2872 1331 non
2902 1268 3129 1343 Maium,
3159 1281 3259 1335 sed
3285 1283 3546 1350 Junium,

1935 1361 2032 1411 aut
2057 1358 2255 1425 etiam,
2281 1361 2435 1430 quod
2469 1366 2660 1416 tamen
2693 1365 2882 1418 minus
2911 1367 3344 1437 placet,Julium
3374 1388 3546 1442 repo-

1935 1446 2191 1500 nendum
2225 1464 2364 1515 esse,
2387 1453 2598 1520 pateat,
2617 1452 2807 1523 sicque
2832 1454 2904 1508 ob
2932 1472 3211 1524 mensem,
3230 1474 3342 1528 quo
3365 1459 3555 1513 civita-

1932 1533 2003 1586 tis
2033 1534 2178 1589 illius
2209 1538 2564 1593 deditionem
2599 1541 2892 1607 accidisse,
2928 1544 3156 1614 Rogerii
3204 1547 3430 1600 comitis
3463 1547 3547 1600 di-

1932 1625 2146 1693 ploma',
2176 1625 2378 1680 ultimo
2409 1627 2515 1681 huc
2550 1631 2983 1700 transcriptum,
3004 1632 3196 1704 exigit,
3220 1639 3548 1706 suspectum

205 1695 526 1750 mundialis
557 1697 756 1767 gloria
805 1716 1021 1773 pompa
1051 1713 1385 1775 prosecutus
1425 1712 1624 1768 ductus
1657 1695 1741 1771 eisi,
1769 1718 1829 1773 in
1853 1727 1901 1784 Β
1931 1710 1988 1764 id
2016 1729 2131 1766 non
2158 1713 2458 1768 habeatur.
2480 1716 2621 1770 Cum
2645 1695 2823 1783 enim,
2853 1695 2978 1773 sese
3003 1695 3125 1786 (adi
3145 1695 3462 1794 num.‘648)
3490 1725 3548 1779 in

204 1785 556 1852 tentorium,
581 1788 733 1858 quod
751 1789 916 1860 juxta
943 1810 1046 1847 nos
1077 1795 1180 1850 sibi
1211 1800 1432 1854 caeteris
1464 1805 1830 1860 excellentius

204 1874 593 1930 constitutum
621 1881 761 1932 erat.
794 1878 1020 1952 Sicque,
1053 1884 1234 1939 donec
1267 1887 1463 1944 civitas
1495 1891 1552 1945 in
1584 1893 1831 1950 deditio-

204 1980 349 2018 nem
383 1965 630 2032 transiit,
651 1966 871 2022 obsidio
900 1969 1047 2024 illius
1073 1972 1375 2030 dominum
1412 1995 1620 2049 papam
1645 1985 1830 2037 etAn-

203 2053 460 2107 selmum
493 2053 704 2109 vicinos
734 2055 951 2124 habuit,
986 2058 1065 2114 ita
1110 2065 1170 2115 ut
1200 2063 1419 2119 familia
1451 2071 1827 2141 utrorumque

202 2141 396 2212 magis
424 2141 714 2197 videretur
743 2162 876 2213 una,
906 2163 1080 2217 quam
1114 2151 1260 2219 dua,
1300 2172 1403 2208 nec
1453 2156 1617 2210 facile
1647 2160 1828 2229 quivis

203 2229 528 2284 declinaret
557 2234 615 2284 et
637 2249 871 2304 papam,
898 2235 994 2306 qui
1027 2255 1144 2292 non
1178 2239 1484 2298 diverteret
1517 2245 1590 2298 ad
1622 2249 1827 2302 Ansel-

199 2333 391 2371 mum.
428 2319 583 2390 Papa
612 2337 863 2392 namque
899 2325 1196 2381 colebatur
1219 2346 1252 2382 a
1285 2332 1522 2400 cunctis,
1546 2339 1825 2404 quemad-

201 2405 450 2460 modum
481 2411 645 2478 pater
675 2413 732 2463 et
758 2414 951 2478 pastor
984 2417 1338 2485 communis;
1375 2421 1823 2481 Anselmusvero

201 2493 555 2565 diligebatur
579 2497 650 2552 ab
672 2499 960 2566 omnibus,
993 2501 1137 2556 sicut
1178 2505 1353 2560 homo
1410 2516 1740 2566 mansuetus
1769 2518 1826 2569 et

201 2581 380 2649 mitis,
411 2585 470 2636 et
498 2584 587 2638 cui
610 2602 711 2640 suo
733 2586 954 2656 judicio
979 2590 1124 2644 nihil
1157 2593 1520 2652 debebatura
1546 2601 1764 2670 quovis.
1796 2625 1822 2651 »

201 2668 348 2724 Cum
384 2687 548 2742 ergo,
583 2672 662 2726 uti
693 2674 878 2730 verbis
915 2676 1008 2731 hic
1035 2677 1166 2747 jam
1202 2682 1455 2736 recitatis
1509 2668 1825 2743 Eadmerus

198 2757 393 2826 docet,
427 2758 485 2813 S.
513 2762 836 2829 Anselmus,
867 2765 962 2835 qui
999 2769 1155 2833 tunc,
1190 2769 1270 2823 uti
1310 2770 1466 2826 idem
1508 2775 1824 2833 Eadmerus

199 2849 372 2916 paulo
397 2851 532 2902 ante
564 2849 895 2916 tradidit,in
923 2852 978 2906 S.
1015 2853 1323 2912 Salvatoris
1353 2875 1533 2932 prepe
1561 2863 1820 2921 Telesam

196 2936 536 2990 monasterii
568 2937 698 2991 villa
723 2937 942 2994 Sclavia
960 2943 1311 3013 versabatur,
1332 2964 1364 3000 a
1387 2949 1630 3020 Rogerio
1653 2953 1815 3021 duce,

197 3026 260 3077 ut
284 3024 360 3077 ad
391 3040 450 3078 se
495 3025 567 3079 ad
597 3030 782 3081 castra
812 3033 947 3082 ante
981 3029 1234 3102 Capuam
1267 3035 1506 3103 veniret,
1543 3039 1814 3097 invitatus

197 3110 448 3165 fueritin
481 3112 654 3180 hisce,
685 3115 890 3185 quibus
912 3120 1058 3185 tum,
1087 3122 1228 3174 teste
1260 3121 1468 3178 iterum
1501 3128 1670 3196 paulo
1689 3133 1817 3198 post

198 3201 374 3254 verba
390 3201 514 3270 jam
547 3202 786 3258 recitata
813 3205 1117 3274 Eadmero,
1145 3226 1339 3264 comes
1370 3213 1645 3286 Rogerius
1676 3217 1818 3272 inte-

195 3292 371 3355 rerat,
401 3304 506 3358 per
535 3291 725 3359 plures
755 3291 875 3346 dies
903 3294 1074 3348 fuerit
1108 3302 1384 3367 moratus,
1408 3306 1536 3370 post
1558 3304 1726 3359 hosce
1745 3305 1816 3360 ad

195 3376 404 3430 eadem
434 3381 618 3432 castra
645 3379 959 3435 Urbanusll
979 3399 1127 3454 papa
1156 3390 1538 3455 accesserit,et
1556 3408 1685 3445 cum
1701 3395 1814 3447 An-

192 3463 599 3528 selmo,donec
617 3466 837 3522 obsidio
876 3468 1168 3526 deditione
1199 3473 1354 3529 urbis
1382 3477 1812 3546 terminaretur,

194 3550 416 3606 ibidem
444 3553 740 3620 manserit,
767 3555 1078 3612 Eadmerus
1096 3576 1253 3624 sane,
1287 3562 1426 3616 dum
1446 3564 1566 3618 hac
1595 3568 1812 3634 omnia,

196 3637 445 3694 durante
488 3640 785 3696 obsidione
830 3644 1122 3716 Capuana,
1156 3653 1554 3722 prasenteque
1602 3653 1814 3708 comite

196 3725 468 3798 Rogerio,
511 3729 776 3784 accidisse
829 3732 1025 3800 tradit,
1069 3734 1267 3790 diebus
1320 3739 1567 3810 amplius
1613 3741 1814 3796 decem

197 3814 562 3870 obsidionem
593 3816 772 3884 illam,
807 3835 939 3874 cum
971 3821 1021 3874 ei
1045 3821 1172 3891 jam
1203 3825 1478 3893 praefatus
1508 3844 1701 3883 comes
1734 3829 1816 3884 in-

199 3902 456 3970 teresset,
475 3904 738 3971 tenuisse,
756 3907 995 3962 omnino
1019 3908 1271 3965 indicare
1292 3913 1534 3981 videtur,
1563 3917 1812 3971 maxime

199 4004 329 4045 cum
348 3991 536 4045 verbis
559 3993 818 4064 proxime
839 3995 1089 4050 recitatis
1121 4002 1402 4055 nonnulla
1426 4002 1600 4058 etiam
1615 4005 1815 4075 adjun-

201 4083 317 4149 gat,
336 4081 543 4152 quibus
558 4083 919 4151 Anselmum,
954 4085 1198 4140 durante
1228 4088 1546 4156 obsidione,
1573 4091 1630 4145 in
1656 4093 1813 4148 ducis

201 4169 538 4240 cornitisque
587 4171 782 4225 castris
832 4172 1167 4244 frequenter
1198 4174 1389 4243 fuisse,
1425 4193 1540 4232 non
1575 4181 1813 4237 obscure

1933 1798 2201 1869 Capuana
2234 1803 2534 1857 obsidione
2569 1828 2594 1853 α
2643 1806 2914 1859 Kalendis
2961 1808 3138 1861 Martii
3192 1831 3218 1857 »
3247 1811 3544 1878 exstitisse,

1930 1887 2206 1958 Rogerius
2236 1906 2427 1944 comes
2449 1892 2507 1944 in
2526 1893 2621 1946 illo
2641 1894 2912 1960 affirmet,
2938 1896 3140 1966 hicque
3172 1902 3346 1964 certe,
3368 1900 3447 1952 uti
3480 1917 3547 1953 ex

1921 1975 2046 2044 jam
2077 1993 2252 2046 supra
2282 1977 2444 2031 dictis
2469 1979 2669 2050 liquet,
2697 1985 2831 2034 ante
2855 1986 3073 2036 sextam
3111 1983 3398 2040 decimam
3419 1986 3545 2041 Maii

1929 2063 2136 2134 Capua
2167 2065 2494 2120 obsidenda
2528 2068 2844 2123 exercitum
2893 2086 3011 2123 non
3063 2072 3387 2127 admoverit
3415 2091 3539 2141 seu,

1926 2153 2080 2224 quod
2097 2153 2304 2207 eodem
2331 2154 2552 2221 recidit,
2569 2155 2625 2209 in
2649 2156 2889 2210 civitatis
2907 2159 3073 2228 hujus
3095 2160 3394 2215 obsidione
3419 2179 3536 2217 non

1925 2239 2117 2306 fuerit,
2151 2257 2286 2295 sane
2313 2258 2416 2312 pro
2449 2243 2667 2309 Martio,
2715 2245 2874 2314 cujus
2923 2247 3196 2300 Kalendis
3225 2266 3323 2301 seu
3355 2250 3547 2321 prima

1925 2327 2017 2382 die
2064 2329 2123 2382 in
2168 2329 2464 2385 obsidione
2503 2332 2774 2403 Capuana
2803 2351 2923 2388 sese
2964 2335 3240 2391 exstitisse
3282 2338 3381 2403 ait,
3426 2356 3542 2394 non

1923 2415 2115 2482 Maius,
2145 2417 2244 2471 sed
2273 2419 2471 2473 Junius
2502 2424 2599 2474 aut
2625 2421 2773 2475 forte
2802 2421 2979 2475 etiam
3009 2423 3187 2478 Julius
3217 2425 3390 2480 debet
3409 2428 3543 2481 sub-

1925 2503 2102 2558 stitui.
2128 2505 2205 2559 Ne
2232 2523 2364 2561 vero
2396 2507 2470 2562 ob
2501 2508 2837 2563 chronicum
2852 2509 3014 2564 illum
3037 2528 3295 2566 errorem
3326 2513 3540 2568 instru-

1926 2597 2190 2648 mentum
2223 2595 2383 2661 illud,
2408 2598 2560 2650 velut
2580 2598 2835 2669 spurium
2850 2601 3394 2673 supposititiumque
3413 2603 3539 2674 quis

1925 2682 2164 2751 rejiciat,
2197 2683 2350 2738 unde
2377 2689 2534 2739 ortus
2554 2686 2600 2739 is
2619 2703 2739 2740 esse
2760 2691 2952 2758 queat,
2987 2705 3162 2759 reque
3187 2691 3364 2744 etiam
3380 2707 3542 2745 vero-

1925 2768 2189 2824 similiter
2218 2775 2376 2826 ortus
2403 2772 2494 2838 sit,
2518 2790 2764 2844 expono.
2786 2774 2927 2829 Cum
2953 2793 3046 2830 sus
3058 2777 3536 2833 Nortmamorum

1923 2861 2112 2925 atate,
2143 2861 2205 2913 ut
2234 2861 2596 2932 Peregrinius
2639 2862 2698 2916 in
2745 2863 2858 2917 suis
2889 2864 2946 2917 in
3004 2865 3142 2935 Lupi
3183 2867 3536 2938 Protospata

1921 2944 2244 3002 Chronicon
2275 2950 2746 3004 annotationibus
2764 2968 2938 3023 supra
2954 2952 3388 3018 docet,nomina
3403 2970 3534 3025 pro-

1920 3034 2045 3104 pria
2075 3035 2410 3106 capitalibus
2438 3039 2846 3092 tantummodo
2873 3039 3074 3094 litteris
3105 3040 3341 3111 depictis
3372 3057 3538 3096 com-

1917 3123 2326 3193 pendiarentus
2353 3124 2475 3178 ﬁeri
2507 3128 2713 3195 potest,
2743 3128 2922 3181 uthoc
2940 3128 3115 3182 modo
3140 3129 3374 3196 mensis,
3395 3145 3531 3200 quo,

1918 3227 2037 3266 sese
2051 3211 2107 3265 in
2126 3212 2396 3282 Capuana
2412 3213 2708 3268 obsidione
2730 3214 3026 3281 exstitisse,
3045 3216 3322 3287 Rogerius
3339 3233 3536 3272 comes

1918 3299 1977 3352 in
2005 3299 2155 3354 dicto
2183 3300 2498 3372 diplomate
2514 3301 2786 3368 afﬁrmat,
2815 3305 3223 3360 tantummodo
3250 3305 3424 3360 fuerit
3444 3323 3536 3360 ex-

1916 3403 2160 3457 pressus,
2178 3392 2350 3459 utque
2379 3389 2608 3456 deinde,
2630 3391 2857 3460 capitali
2879 3391 3199 3460 illalittera,
3229 3411 3343 3464 qua
3363 3411 3535 3449 men-

1917 3475 1991 3528 sis
2019 3475 2119 3528 iste
2147 3480 2271 3529 erat
2302 3493 2617 3547 expressus,
2649 3481 2733 3533 vel
2766 3483 3039 3534 vetustate
3077 3481 3135 3534 in
3168 3483 3530 3552 autographa

1919 3576 2102 3625 exesa,
2136 3565 2222 3617 vel
2254 3579 2386 3617 casu
2427 3566 2699 3635 quopiam
2749 3566 2976 3634 detrita,
3023 3567 3292 3623 librarius
3337 3570 3530 3624 minus

1916 3649 2153 3720 peritus,
2186 3650 2284 3720 qui
2312 3650 2371 3704 id
2401 3651 2775 3718 describebat,
2808 3670 2876 3707 eo
2908 3655 3054 3720 loco,
3099 3671 3212 3725 quo
3252 3656 3528 3726 litteram,

1916 3753 2092 3808 quam
2133 3740 2232 3790 aut
2271 3739 2426 3809 quod
2457 3739 2578 3793 fere
2611 3739 2821 3794 detrita
2848 3745 3015 3808 esset,
3049 3747 3148 3796 aut
3193 3744 3366 3797 etiam
3411 3760 3531 3814 pra

1914 3824 2119 3879 forma
2145 3825 2545 3897 singularitate
2577 3828 2771 3898 legere
2818 3845 2933 3883 non
2975 3834 3220 3900 poterat,
3254 3831 3530 3886 exstitisse

1913 3917 2012 3968 aut
2042 3913 2226 3968 adhuc
2257 3915 2495 3970 existere
2518 3917 3038 3985 animadvertebat,
3060 3918 3130 3972 ad
3149 3935 3347 3973 vocem
3366 3942 3394 3969 «
3421 3921 3527 3975 Ka-

1912 4001 2115 4068 lendis,
2151 4024 2178 4052 »
2197 4007 2259 4057 ut
2287 4020 2522 4058 sensum
2555 4007 2895 4076 compleret,
2914 4029 2942 4055 «
2971 4006 3151 4060 Martii
3175 4027 3201 4054 ››
3228 4005 3523 4076 adjecerit,

1912 4094 2068 4144 ratus
2098 4091 2312 4146 scilicet
2331 4092 2468 4164 Lupi
2497 4095 2872 4165 Protospata,
2887 4095 2972 4164 cui
2983 4111 3046 4148 us
3061 4094 3384 4149 Chronicon
3408 4095 3530 4152 for-

1913 4196 2014 4232 san
2034 4181 2269 4251 legerat,
2285 4181 2622 4236 auctoritate
2646 4200 2709 4237 ac
2727 4183 2840 4237 ﬁde
2859 4183 3146 4238 civitatem
3171 4183 3524 4254 Capuanam,

200 4253 436 4311 indicat.
477 4258 603 4313 Jam
637 4276 792 4327 vero,
841 4278 972 4316 cum
1019 4263 1142 4316 hac
1185 4263 1262 4317 ita
1305 4265 1579 4332 habeant,
1614 4268 1813 4324 diebus
1835 4295 1886 4353 D
1915 4269 2072 4338 cujus
2105 4269 2390 4324 obsidioni
2421 4287 2542 4324 sese
2575 4271 2926 4337 interfuisse,
2958 4273 3082 4327 loco
3115 4273 3210 4327 illo
3249 4273 3523 4328 comitem

202 4344 447 4414 amplius
473 4345 671 4401 decem
698 4348 981 4419 Capuana
1005 4350 1287 4405 obsidioni
1322 4353 1596 4425 Rogerius
1619 4373 1811 4411 comes

200 4433 624 4489 verosimillime
675 4436 1020 4514 interfuerit,
1066 4455 1129 4492 ac
1179 4441 1372 4510 proin,
1425 4443 1558 4498 dato
1609 4446 1808 4515 etiam,

201 4517 360 4573 illam
380 4526 512 4577 ante
532 4524 699 4595 hujus
724 4541 1008 4580 accessum
1032 4526 1318 4597 inceptam
1335 4529 1461 4599 jam
1479 4531 1670 4600 fuisse,
1694 4551 1810 4589 non

197 4603 398 4665 fecisse
429 4615 648 4680 tamen,
670 4630 868 4668 mense
899 4614 1039 4669 Maio
1073 4615 1258 4670 adhuc
1293 4622 1814 4693 currente,Capua-

199 4716 301 4754 nos
335 4699 686 4755 deditionem
718 4718 785 4756 ex
813 4703 899 4770 iis,
919 4720 1046 4774 qua
1060 4704 1376 4761 Eadmerus
1409 4712 1627 4776 narrat,
1653 4727 1813 4765 vero-

196 4787 555 4842 simillimum
588 4789 794 4857 adhuc,
828 4807 900 4844 ne
928 4790 1140 4859 dicam,
1159 4793 1547 4851 indubitatum
1577 4798 1704 4852 erit.
1724 4799 1810 4853 Ad

197 4875 340 4943 hac,
361 4893 477 4931 non
501 4894 698 4945 verno,
732 4879 830 4933 sed
862 4880 1054 4935 astivo
1081 4884 1343 4952 tempore
1372 4884 1809 4956 Capuamfuisse

195 4966 513 5032 subactam,
547 4968 746 5021 Petrus
771 4967 1051 5022 Diaconus
1082 4969 1141 5024 in
1177 4970 1460 5028 Chronico
1491 4973 1807 5031 Cassiuensi

199 5052 290 5108 lib.
329 5071 399 5119 iv,
433 5070 557 5124 cap.
601 5056 664 5109 10
697 5055 884 5123 docet,
925 5056 1089 5127 eique
1126 5059 1301 5112 etiam
1346 5061 1680 5131 Eadmerus,
1719 5068 1806 5118 ut-

197 5146 328 5210 pote
355 5141 410 5196 S.
454 5143 753 5197 Anselsum
789 5143 846 5196 in
879 5145 1006 5198 villa
1029 5144 1264 5215 Sclavia,
1299 5151 1356 5202 et
1385 5167 1498 5220 qua
1524 5151 1596 5206 ad
1626 5157 1810 5208 castra

199 5234 326 5286 ante
360 5232 612 5303 Capuam
645 5250 680 5287 a
710 5233 852 5287 duce
885 5234 1128 5304 Rogerio
1170 5236 1438 5291 invitatus
1468 5238 1596 5301 fuit,
1625 5243 1805 5298 atatis

200 5321 456 5392 tempore
483 5338 601 5375 esse
644 5324 934 5376 versatum
991 5322 1050 5376 in
1094 5324 1275 5378 sancti
1320 5326 1488 5396 hujus
1533 5330 1804 5387 antistitis

198 5411 342 5477 apud
373 5426 480 5465 nos
512 5409 638 5465 Vita
662 5426 824 5464 num.
865 5411 933 5465 43
972 5411 1226 5479 tradens,
1254 5413 1616 5485 suffragatur.
1653 5418 1801 5483 Qua-

196 5512 276 5565 re,
310 5513 445 5554 cum
473 5497 682 5556 Maium
712 5497 907 5555 stricte
935 5499 1226 5570 loquendo
1265 5501 1525 5560 aestivum
1569 5506 1800 5582 tempus

1914 4358 2223 4429 Rogerium
2254 4375 2577 4416 asseverare
2605 4361 3339 4427 observabat,deditionem
3363 4378 3526 4416 men-

1912 4465 1970 4500 se
2006 4447 2205 4501 Martio
2228 4448 2445 4502 fecisse.

1984 4538 2106 4591 667.
2133 4537 2208 4589 At
2233 4551 2388 4603 vero,
2422 4535 2786 4606 inquies,etsi
2817 4536 3055 4608 quidem
3075 4537 3250 4593 modo
3270 4537 3398 4610 jam
3428 4556 3525 4596 ex-

1913 4624 2096 4696 posito
2129 4623 2346 4679 factum
2373 4640 2492 4678 esse
2519 4628 2712 4696 queat,
2731 4629 2792 4679 ut
2813 4642 2980 4680 error
3003 4626 3326 4694 ehronicus,
3354 4645 3530 4701 supra

1914 4717 2164 4780 notatus,
2197 4712 2256 4766 in
2282 4712 2541 4784 proxime
2567 4713 2871 4769 recitatum
2915 4715 3145 4785 Rogerii
3181 4715 3406 4771 comitis
3438 4717 3528 4771 di-

1910 4803 2107 4873 ploma
2135 4818 2234 4856 seu
2267 4801 2454 4871 potius
2477 4802 2646 4873 hujus
2676 4804 2791 4858 sive
2823 4804 3230 4875 apographum
3273 4804 3388 4858 sive
3427 4821 3523 4859 ec-

1909 4892 2198 4962 graphum
2229 4890 2544 4960 irrepserit,
2561 4891 2620 4946 id
2643 4894 2840 4946 tamen
2874 4908 3004 4946 vere
3036 4891 3116 4945 ita
3146 4891 3521 4961 factumesse,

1911 4980 2065 5034 nullo
2097 4981 2442 5050 argumento
2471 4979 2753 5034 indiciove
2774 4983 2858 5034 sat
2875 4981 3031 5034 certo
3050 4982 3239 5050 potest
3269 4979 3520 5048 probari.

1909 5066 2132 5134 Fateor,
2172 5067 2250 5120 sic
2290 5067 2504 5136 habet;
2555 5084 2751 5121 verum
2789 5066 2834 5122 si
2869 5083 2986 5120 non
3035 5065 3154 5131 illo,
3207 5066 3317 5120 alio
3366 5071 3521 5122 certe

1908 5155 2104 5222 modo,
2138 5171 2252 5226 quo
2279 5156 2339 5209 in
2365 5155 2714 5210 documenta
2751 5153 2926 5209 etiam
2954 5153 3176 5208 sincera
3200 5170 3299 5208 seu
3331 5154 3520 5226 potius

1906 5243 2114 5298 horum
2146 5245 2669 5316 ecgraphaerrores
2686 5242 2870 5298 illabsi
2894 5245 3522 5309 noscuntur,memora—

1904 5333 2028 5386 tum
2062 5347 2323 5386 errorem
2355 5332 2412 5386 in
2445 5331 2897 5385 instrumentum
2928 5330 3070 5386 illud
3097 5329 3388 5399 irrepsisse
3419 5345 3529 5382 ne-

1904 5436 2056 5476 cesse
2084 5424 2190 5488 est,
2220 5437 2354 5478 cum
2395 5419 2666 5493 equidem
2698 5425 2755 5476 et
2787 5423 2942 5475 nullo
2975 5437 3210 5492 prorsus
3241 5419 3377 5487 alio,
3410 5433 3536 5489 quo

1904 5525 2010 5581 pro
2030 5514 2317 5584 suspecto,
2331 5509 2545 5568 nedum
2558 5521 2665 5576 pro
2682 5513 2834 5566 certe
2851 5509 3067 5584 spurio,
3083 5508 3286 5568 haberi
3296 5507 3562 5573 debeat,
