4066 6032
423 262 518 319 411

1279 256 1335 312 S.
1382 254 1722 313 BRUNONIS
1755 251 2387 311 CARTHWANORUM
2434 251 2899 308 INSTITUTORIS

3646 254 3762 306 412

416 383 553 438 vitio
582 383 824 451 laboret,
857 385 915 437 et
939 400 973 437 a
994 381 1365 454 scriptoribus
1385 400 1560 455 quam
1591 381 1875 455 plurimis,
1905 383 2030 435 tan-
2050 381 2106 441 Α
2128 381 2278 451 patos
2306 377 2586 435 Chronico
2618 377 2692 433 ad
2738 393 2959 432 annum
3008 377 3143 431 1098
3183 373 3505 442 subnexuit,
3550 375 3621 429 de
3663 375 3762 430 di—

420 488 595 545 quam
626 472 944 544 genuinum
962 488 1027 526 ac
1051 472 1358 537 sincerum,
1388 472 1670 537 laudetur,
1693 488 1798 525 nec
1818 471 1890 525 ab
1914 470 2028 524 ullo

421 576 673 632 prorsus,
707 560 863 632 quod
893 561 1092 627 sciam,
1125 559 1435 630 rejiciatur.
1456 560 1647 613 Restat
1672 558 1869 624 modo,
1892 560 1954 611 ut
1972 556 2031 611 id

420 664 539 703 non
563 665 715 703 anno
747 651 901 717 1098,
934 666 1047 721 quo
1076 649 1329 721 Capuam
1352 647 1604 702 obsideri
1634 646 1908 717 contigit;
1929 645 2028 700 sed

421 753 575 791 anno
611 740 765 804 1099,
800 737 998 793 datum
1039 737 1359 792 ostendam.
1410 736 1847 791 Monumentum
1888 733 2030 788 illud

419 826 741 898 antiquum,
774 845 873 882 seu
900 828 1105 900 potius,
1132 845 1162 882 e
1185 845 1298 899 quo
1324 827 1380 881 id
1410 827 1766 899 transcripsi,
1806 828 2032 880 exstans

419 914 479 969 in
512 916 927 988 Chronologico
949 918 1319 987 diplomatica
1364 917 1435 971 de
1478 917 1535 972 S.
1584 918 1850 971 Brunone
1891 915 2035 969 Mor-

420 1002 588 1059 kmsii
608 1004 973 1072 Diatribams,
1006 1005 1155 1060 illius
1198 1006 1599 1078 apographum
1621 1005 1701 1060 ita
1724 1004 1827 1059 sub
1854 1003 2032 1057 finem

419 1091 635 1148 habet:
670 1112 702 1146 α
747 1094 860 1148 Hoc
910 1093 1269 1165 privilegium
1315 1094 1593 1166 scriptum
1647 1096 1733 1147 est
1782 1090 2030 1147 secundo

419 1180 633 1237 mensis
656 1181 893 1253 Augusti
911 1198 1064 1237 anno
1082 1183 1154 1236 ab
1178 1183 1578 1238 lncarnatione
1592 1181 1821 1238 Domini
1852 1180 2034 1234 mille-

417 1266 563 1323 simo
592 1270 968 1341 nonagesimo
991 1287 1168 1338 nono,
1199 1271 1511 1326 indictione
1548 1271 1827 1343 septima;
1861 1290 1888 1317 »
1926 1267 2032 1322 fuit

415 1355 631 1428 itaque,
646 1357 705 1413 in
724 1358 883 1429 cujus
905 1360 1184 1431 epocham
1206 1358 2026 1431 hicinquirendum,diploma,

418 1460 536 1500 non
564 1463 717 1502 anno
754 1449 908 1514 1098,
937 1465 1037 1503 seu
1069 1448 1276 1502 eodem
1323 1464 1499 1513 anno,
1544 1463 1657 1518 quo
1699 1446 1893 1516 Capua
1922 1444 2031 1498 fuit

420 1532 669 1602 obsessa,
699 1535 799 1590 sed
839 1552 1013 1602 anno,
1048 1535 1143 1607 qui
1190 1534 1551 1590 obsidionem
1588 1535 1737 1588 hanc
1767 1532 2028 1604 proxime

421 1621 664 1693 excepit,
701 1625 835 1678 1099
879 1641 913 1677 a
955 1623 1166 1677 comite
1207 1623 1452 1695 Rogerio
1499 1623 1556 1678 S.
1589 1621 1842 1677 Brunoni
1890 1637 2026 1676 con-

2130 468 2405 537 plomate,
2435 468 2493 521 in
2516 466 2675 535 cujus
2704 466 2987 537 epocham
3012 463 3106 518 hic
3126 463 3490 534 inquirimus,
3510 479 3763 534 sequen-

2130 559 2249 610 tem
2279 556 2473 610 scribit
2502 555 2560 610 in
2591 555 2832 609 modum
2860 572 2872 608 :
2899 576 2925 603 «
2959 556 3033 607 At
3064 554 3172 607 hoc
3192 552 3316 622 ipso
3346 551 3405 605 in
3432 551 3759 623 diplomate

2131 644 2285 698 aliud
2315 643 2565 698 insidere
2584 645 2886 706 mendum,
2902 642 3333 714 legendumque
3355 641 3412 695 in
3432 657 3499 695 eo
3516 640 3753 712 opinor,

2132 732 2443 803 Rogerium
2477 748 2768 787 reversum
2793 756 2820 783 ‹‹
2851 731 3141 803 Vigesima
3172 746 3329 785 nona
3358 729 3509 784 Junii
3536 729 3760 784 mensis

2135 820 2586 893 «.Squillacium,
2629 842 2656 869 »
2695 837 2810 876 non
2864 820 3017 886 Julii,
3053 842 3083 870 «
3144 818 3251 873 nisi
3301 817 3481 872 mavis
3531 837 3560 867 ι
3593 834 3761 873 nona

2135 933 2162 960 ‹‹
2194 909 2662 980 Julii.perhabita
2692 909 2897 980 Capuae
2928 907 3251 974 civitate,et
3266 924 3369 978 per
3390 906 3757 979 quindenam

2134 1019 2167 1052 «
2197 998 2533 1054 continuam
2560 997 2730 1053 fuisse
2770 996 2988 1052 ibidem
3022 997 3383 1051 inﬁrmatum
3410 1013 3424 1065 ;
3457 1016 3485 1046 »
3518 995 3758 1069 privile-

2131 1089 2407 1160 giumque
2429 1087 2624 1143 fecisse
2658 1110 2685 1138 «
2726 1087 2817 1141 die
2852 1091 2885 1141 2
2915 1086 3156 1158 Augusti
3187 1102 3341 1141 anno
3375 1086 3447 1141 ab
3478 1087 3753 1139 lncarna-

2135 1198 2164 1226 «
2192 1176 2349 1232 tione
2380 1175 2611 1231 Domini
2636 1177 2769 1230 1098
2798 1174 3111 1230 indictione
3134 1192 3191 1229 v1
3224 1195 3252 1223 »
3280 1174 3452 1246 (male
3483 1172 3754 1228 nonnulli

2130 1265 2309 1320 edunt
2327 1264 2642 1319 indictione
2671 1263 2765 1334 vu)
2786 1285 2813 1312 ‹‹
2833 1262 3218 1318 conﬁrmante
3243 1263 3467 1318 Joanne
3497 1261 3752 1333 Squilla-

2133 1374 2160 1402 «
2191 1352 2372 1407 censis
2393 1352 2542 1407 sedis
2567 1350 2855 1423 episcopo,
2884 1350 3174 1406 residente
3207 1351 3372 1423 juxta
3396 1351 3551 1406 fores
3569 1350 3757 1404 eccle-

2131 1464 2159 1491 «
2192 1442 2308 1496 sies.
2350 1464 2377 1491 ›)

2198 1534 2319 1585 669.
2357 1554 2384 1581 ‹‹
2413 1532 2525 1585 Nec
2558 1548 2689 1586 cum
2721 1531 2842 1587 viro
2870 1531 3039 1587 docto
3089 1529 3456 1586 sentiendum
3487 1533 3592 1597 est,
3625 1529 3750 1600 pri-

2126 1617 2395 1691 vilegium
2411 1621 2476 1675 da
2488 1623 2608 1675 tum
2628 1620 2863 1693 quidem
2876 1621 2931 1675 in
2948 1637 3101 1675 anno
3117 1618 3523 1685 1098,minime
3540 1622 3750 1673 tamen

417 1725 659 1765 cessum.
704 1711 913 1770 Verum
953 1712 1115 1778 duos,
1158 1711 1254 1783 qui
1294 1712 1459 1767 nobis
1497 1711 1590 1765 hic
1631 1711 2025 1775 adversantur,
2055 1721 2104 1778 Β
2127 1708 2381 1779 Capuam
2409 1709 2719 1776 obsessam,
2754 1713 3184 1780 receptamque,
3219 1710 3280 1761 ut
3331 1708 3520 1779 Lupus
3549 1706 3749 1779 perhi-

414 1797 719 1869 scriptores
739 1800 920 1870 probe
969 1799 1222 1853 eruditos
1251 1799 1501 1867 invenio,
1531 1799 1866 1855 Michaelem
1900 1814 2028 1852 mo-

415 1885 667 1941 nachum
697 1902 869 1956 supra
893 1887 1077 1941 adhuc
1103 1888 1399 1942 laudatum
1428 1890 1485 1941 et
1515 1887 1820 1943 Camillum
1854 1888 2028 1941 Pere-

415 1972 669 2043 grinium
696 1974 757 2028 in
784 1974 896 2028 suis
921 1976 995 2030 ad
1024 1975 1247 2046 Lupum
1274 1976 1672 2046 Protospatam
1705 1974 2028 2029 annotatio-

417 2059 605 2115 nibus.
637 2063 715 2116 Ac
741 2063 898 2134 prior
927 2064 1184 2134 quidem,
1219 2063 1322 2118 etsi
1354 2063 1464 2117 alio
1495 2081 1668 2129 anno,
1703 2080 1878 2136 quam
1910 2078 2023 2135 quo

418 2147 609 2219 Capua
627 2150 731 2204 fuit
744 2151 990 2218 obsessa,
1022 2152 1341 2223 diplomata
1353 2152 1552 2206 datum
1568 2152 1781 2218 velit,id
1800 2156 2020 2218 tamen,

414 2250 545 2291 cum
577 2237 744 2292 simul
773 2238 927 2293 urbis
952 2239 1121 2309 hujus
1156 2239 1477 2294 obsidinem
1511 2257 1663 2294 anno
1708 2241 1840 2294 1097
1883 2240 2025 2294 acci-

416 2322 562 2380 disse
579 2328 1072 2395 contendat,anno
1103 2330 1236 2382 1098
1259 2328 1459 2383 datum
1482 2331 1666 2399 putat;
1690 2328 1811 2382 hinc
1828 2330 2023 2383 autem

412 2411 465 2467 ei
496 2413 658 2468 sedet
680 2414 984 2481 sententia,
1001 2417 1175 2488 quod,
1199 2419 1260 2470 ut
1274 2416 1371 2485 ait,
1392 2416 1450 2471 in
1485 2415 1814 2488 diplomatis
1827 2432 2024 2470 exem-

407 2501 745 2574 plari,quod
769 2503 829 2558 in
862 2504 999 2559 actis
1028 2521 1272 2560 camerae
1304 2505 1476 2576 regia:
1508 2508 1849 2573 asservatur,
1866 2521 2020 2560 anno

410 2591 545 2645 1098
599 2591 799 2646 datum
829 2592 887 2647 id
916 2592 1105 2662 fuisse,
1131 2593 1356 2665 legerit.
1387 2593 1595 2648 Verum
1629 2593 1702 2647 sit
1727 2593 1808 2647 ita
1840 2610 1852 2647 :
1888 2608 2019 2647 cum

406 2677 676 2750 equidem
689 2680 843 2735 idem
859 2681 1306 2737 instrumentum
1326 2685 1383 2736 et
1399 2681 1649 2737 secunda
1666 2681 1903 2753 Augusti
1917 2681 2018 2735 die

404 2768 463 2820 et
482 2766 794 2824 indictione
808 2771 1053 2840 septima
1069 2770 1241 2825 etiam
1256 2771 1445 2827 notari
1472 2772 1740 2837 fateatur,
1758 2786 2016 2824 errorem

403 2852 465 2909 in
494 2857 726 2912 laudato
758 2874 794 2912 a
821 2875 879 2913 se
910 2875 1154 2913 camera:
1174 2859 1348 2931 regia:
1375 2858 1690 2929 exemplari
1722 2859 1807 2912 vel
1833 2875 2016 2930 quan-

406 2944 530 2998 tum
559 2944 633 2999 ad
663 2962 904 3014 annum,
947 2948 1031 3001 vel
1083 2952 1364 3019 quantum
1394 2948 1467 3003 ad
1496 2947 1872 3002 indictionem
1917 2963 2019 3001 cu-

402 3030 543 3088 bare
573 3033 840 3102 fateatur,
870 3052 1100 3090 necesse
1132 3040 1235 3091 est.

476 3123 600 3177 668.
635 3123 863 3178 Etenim
888 3125 961 3178 ab
992 3124 1126 3179 anni
1156 3127 1289 3179 1097
1320 3123 1511 3196 prima
1536 3122 1893 3196 Septembris
1925 3123 2017 3177 die

402 3226 579 3281 usque
592 3212 665 3265 ad
683 3213 819 3266 anni
846 3215 980 3268 1098
998 3212 1251 3283 primam
1265 3212 1465 3266 itidem
1480 3211 1838 3282 Septembris
1858 3212 2014 3266 diem

400 3295 638 3351 indictio
670 3302 846 3359 sexta,
875 3304 933 3353 et
963 3317 996 3354 a
1022 3301 1211 3371 prima
1240 3299 1449 3354 iterum
1487 3301 1656 3370 hujus
1686 3299 2018 3371 posterioris

404 3384 541 3439 anni
574 3384 926 3457 Septembris
958 3387 1049 3441 die
1081 3405 1259 3459 usque
1292 3388 1365 3442 ad
1389 3388 1639 3459 primam
1654 3388 1854 3442 itidem
1878 3386 2016 3441 anni

406 3474 544 3528 1099
566 3462 1087 3544 Septembrisdicm
1121 3474 1357 3530 indictio
1390 3476 1633 3549 septima
1662 3476 1930 3544 cucurrit;
1955 3478 2018 3529 ut

399 3560 644 3632 proinde
674 3562 1002 3634 diplomatis
1028 3580 1271 3619 camera;
1303 3564 1478 3636 regiae
1511 3567 1828 3637 exemplar,
1857 3564 2015 3636 quod

402 3647 657 3703 Michaeli
689 3651 973 3706 monacho
1012 3652 1202 3723 legere
1230 3651 1430 3706 datum
1461 3652 1587 3719 fuit,
1624 3653 1918 3724 quodque,
1954 3654 2016 3706 ut

401 3735 502 3806 ait,
532 3737 783 3794 secunda
802 3740 1037 3812 Augusti
1065 3756 1220 3795 anno
1251 3742 1406 3808 1098,
1434 3740 1747 3796 indictione
1769 3741 2015 3814 septima

400 3825 681 3899 signatur,
696 3844 916 3883 annum
936 3845 1067 3885 cum
1091 3828 1406 3884 indictione
1420 3846 1536 3884 non
1567 3829 2012 3885 convenientem

2126 1797 2243 1863 bet,
2271 1798 2475 1852 eodem
2500 1814 2675 1865 anno,
2695 1798 2794 1852 sed
2808 1814 2961 1853 anno
2984 1795 3372 1864 antecedenti,
3396 1796 3539 1849 sicut
3566 1795 3752 1849 habet

2125 1884 2437 1939 Gaufredus
2465 1887 2784 1953 Malaterra,
2808 1886 2903 1958 qui
2934 1887 3122 1956 ejusce
3150 1883 3464 1939 obsidionis
3476 1888 3749 1954 tempore

2127 1995 2159 2025 «
2188 1975 2462 2041 afﬁrmat,
2489 1974 2564 2029 ibi
2592 1975 3037 2046 impraagnatam
3069 1974 3126 2027 in
3157 1988 3309 2027 anno
3329 1974 3462 2027 1097
3494 1971 3751 2026 comitis-

2127 2086 2154 2113 «
2191 2080 2315 2118 sam
2346 2063 2669 2118 Adelesiam
2712 2063 2781 2117 de
2813 2063 3022 2119 comite
3063 2060 3349 2133 Rogerio;
3387 2082 3415 2109 ››
3446 2059 3622 2127 haud,
3655 2059 3751 2114 in-

2124 2168 2320 2222 quam,
2338 2169 2522 2206 annus
2535 2151 2649 2206 dati
2669 2151 3000 2224 diplomatis
3019 2152 3091 2205 ab
3115 2167 3267 2206 anno
3289 2150 3574 2221 Capuana:
3590 2148 3748 2203 obsi-

2125 2240 2312 2294 dionis
2336 2239 2789 2311 azgrotantisque
2804 2238 3029 2294 comitis
3048 2238 3278 2311 Rogerii
3297 2237 3745 2309 distinguendus

2121 2326 2379 2395 videtur;
2413 2345 2519 2383 nec
2548 2345 2743 2382 comes
2783 2329 3111 2383 ultroneam
3137 2327 3323 2382 'suam
3354 2325 3740 2380 donationem

2121 2420 2251 2486 post
2279 2421 2600 2487 susceptum
2634 2416 2981 2470 beneﬁcium
3029 2415 3087 2469 in
3138 2431 3357 2469 annum
3390 2416 3734 2486 sequentem

2122 2504 2419 2571 distulisse,
2439 2506 2594 2558 nulla
2610 2504 2842 2559 interim
2865 2503 3121 2575 exposita
3142 2503 3425 2574 ejusmodi
3444 2501 3739 2557 dilationis

2120 2592 2435 2657 occasione,
2470 2609 2580 2663 que
2605 2609 2742 2646 sane
2773 2593 2933 2647 nulla
2957 2608 2969 2645 :
3004 2591 3143 2663 quin
3172 2590 3290 2646 imo
3312 2589 3736 2645 convenientis-

2120 2680 2262 2735 sime
2295 2680 2623 2748 dixerimus,
2651 2697 2766 2735 non
2789 2681 3044 2735 revoluto
3067 2695 3173 2733 nec
3192 2678 3548 2734 universario
3575 2694 3734 2732 anno

2119 2768 2429 2839 Rogerium
2458 2768 2689 2824 rediisse
2721 2768 3092 2839 Squillacium
3113 2785 3128 2835 ;
3152 2768 3251 2822 sed
3268 2784 3398 2821 cum
3421 2765 3675 2837 primum
3698 2782 3735 2821 e

2120 2857 2311 2928 Capua
2336 2858 2466 2912 illuc
2497 2858 2717 2929 appulit
2747 2873 2811 2911 ac
2845 2873 2947 2929 per
2962 2856 3352 2911 valetudinem
3375 2854 3733 2925 valuit,pra3-

2078 2977 2088 3016 -_
2116 2944 2299 2999 fatum
2326 2944 2687 3016 privilegium
2723 2940 3043 3000 indulsisse.
3089 2966 3116 2994 ››
3146 2945 3231 2997 Ita
3260 2945 3535 2998 hactenus
3564 2943 3739 2997 Pere-

2117 3033 2338 3104 grinius
2363 3033 2620 3104 diploma
2643 3050 2743 3087 seu
2777 3032 3142 3104 privilegium
3173 3048 3241 3087 eo
3271 3031 3393 3103 ipso
3416 3048 3591 3098 anno,
3611 3047 3732 3102 quo

2118 3120 2310 3192 Capua
2328 3139 2360 3175 a
2389 3122 2598 3176 comite
2614 3120 2859 3193 Rogerio
2875 3120 2984 3175 fuit
3006 3122 3255 3187 obsessa,
3287 3121 3454 3192 eique
3477 3119 3731 3187 reddita,

2118 3208 2175 3264 S.
2209 3210 2461 3263 Brunoni
2493 3209 2691 3263 datum
2724 3209 2915 3276 fuisse,
2960 3208 3191 3275 idcirco,
3237 3212 3299 3262 ut
3336 3211 3593 3279 apparet,
3621 3223 3730 3277 po-

2116 3298 2421 3365 tissimum,
2456 3316 2528 3353 ne
2551 3298 2739 3352 dicam
2771 3298 2958 3364 unice,
2990 3297 3367 3362 contendens,
3402 3296 3578 3368 quod,
3609 3295 3731 3366 pri-

2116 3387 2388 3458 vilegium
2442 3387 2601 3453 illud,
2648 3386 2858 3442 Sancto
2912 3389 3109 3441 nostro
3150 3403 3183 3441 a
3214 3385 3426 3441 comite
3479 3385 3730 3457 Rogerio

2116 3476 2263 3548 grati
2287 3475 2466 3531 animi
2493 3492 2655 3547 ergo,
2683 3476 2859 3547 quod,
2880 3493 2946 3530 eo
2970 3478 3285 3547 apparente
3312 3475 3728 3545 monenteque,

2115 3564 2516 3636 gravissimum
2549 3564 2869 3637 periculum
2899 3566 3032 3618 ante
3061 3564 3316 3635 Capuam
3349 3561 3636 3627 evasisset,
3656 3562 3724 3616 1i-

2115 3652 2468 3707 beralissime
2499 3669 2855 3720 concessum,
2883 3669 3038 3706 anno
3069 3650 3316 3721 amplius
3346 3653 3475 3722 post
3502 3650 3725 3704 beneﬁ-

2113 3741 2265 3796 cium
2298 3744 2594 3813 acceptum
2636 3742 2861 3813 integro
2893 3758 2926 3795 a
2958 3739 3214 3811 principe
3262 3738 3382 3806 illo,
3416 3738 3476 3792 in
3509 3740 3729 3795 Bruno-

2114 3846 2246 3884 nem
2282 3830 2501 3902 Optime
2540 3829 2742 3884 affecto
2776 3846 2840 3883 ac
2868 3827 3117 3883 maxime
3141 3828 3441 3894 benevolo,
3477 3827 3723 3882 dilatum

297 3970 300 3974 .
398 3916 690 3987 praeferat,
719 3921 894 3988 utque
925 3917 1093 3983 adeo,
1125 3933 1256 3971 cum
1286 3917 1346 3971 in
1387 3917 1539 3971 notis
1578 3917 1863 3972 chronicis
1890 3933 2010 3971 esse
2110 3918 2299 3985 fuisse,
2331 3917 2653 3973 verosimile
2681 3918 2836 3972 haud
2879 3918 3113 3989 putarit,
3155 3917 3233 3972 ita
3267 3915 3478 3971 scilicet
3501 3934 3573 3971 an
3600 3915 3721 3971 imo

399 4004 907 4074 corruptum,hinc
924 4008 1165 4071 constet,
1181 4021 1284 4075 per
1306 4021 1427 4059 sese
1444 4021 1665 4059 annum
1690 4005 1876 4072 nobis,
1894 4020 2008 4077 quo
2110 4010 2493 4079 comparatus,
2526 4007 2681 4079 quod
2709 4007 2927 4060 nullam
2959 4006 3177 4072 comiti,
3219 4005 3295 4061 ob
3326 4021 3501 4076 quam
3527 4005 3587 4059 in
3621 4021 3725 4059 an-

400 4106 533 4144 vere
561 4090 759 4145 datum
790 4091 984 4159 fuerit,
1007 4094 1228 4146 certum
1258 4095 1430 4164 atque
1454 4092 1843 4148 indubitatum
1876 4093 2007 4148 red-
2109 4110 2249 4148 num
2276 4094 2335 4148 id
2364 4093 2639 4160 differret,
2672 4111 2792 4149 esse
2818 4094 3068 4166 potuisse
3097 4110 3351 4162 causam,
3383 4092 3718 4161 crediderit,

400 4176 536 4233 dere
568 4194 686 4233 non
724 4179 920 4250 possit.
957 4179 1121 4244 Quod
1161 4196 1293 4234 cum
1332 4180 1414 4235 ita
1451 4179 1543 4248 sit,
1579 4181 2007 4254 Rogeriumque
2109 4186 2207 4237 aut
2243 4185 2419 4250 certe,
2468 4198 2738 4254 quasnam
2779 4182 2857 4237 illi
2898 4198 3018 4236 esse
3055 4182 3326 4254 potuerit,
3369 4181 3527 4236 haud
3554 4196 3717 4235 com-

397 4265 656 4338 diploma
681 4268 932 4323 secunda
955 4267 1193 4340 Augusti
1216 4268 1307 4323 die
1337 4268 1636 4341 ipsiusmet
1664 4269 1823 4337 anni,
1848 4271 2009 4341 cujus
2030 4284 2083 4341 1)
2108 4270 2340 4343 pererit.
2368 4271 2600 4338 Verum,
2632 4271 2737 4325 etsi
2780 4271 3017 4343 quidem
3059 4287 3256 4325 comes
3285 4287 3352 4325 eo
3380 4270 3503 4341 ipso
3535 4286 3718 4337 anno,

398 4353 513 4425 (adi
541 4371 701 4411 num.
737 4354 861 4428 638)
888 4357 1165 4427 vigesima
1204 4373 1360 4411 nona
1402 4358 1531 4411 Julii
1571 4358 1685 4427 die,
1726 4375 1792 4412 ac
1840 4358 2005 4430 proin
2110 4374 2222 4429 quo
2252 4360 2325 4413 ab
2352 4359 2649 4414 obsidione
2683 4360 2952 4429 Capuana
2974 4358 3543 4431 rediit,privilegium
3576 4358 3720 4412 illud

394 4441 577 4496 tribus
604 4447 828 4499 tantum
843 4445 1043 4500 diebus
1062 4445 1596 4517 ante,Squillacium
1619 4464 1685 4500 ex
1709 4446 2007 4501 obsidione

399 4528 688 4601 Capuana,
737 4550 889 4589 anno
934 4552 1000 4589 ex
1045 4534 1210 4589 dictis
1272 4536 1405 4589 1098
1457 4534 1629 4601 facta,
1670 4536 2003 4603 advenerat,

393 4618 649 4675 Brunoni
680 4620 1047 4694 impertiisse,
1093 4639 1299 4695 parum
1341 4623 1671 4678 verosimile
1703 4627 2003 4695 appareat,

395 4708 546 4763 notis
578 4710 880 4791 chronicis,
914 4728 1062 4783 quae,
1094 4728 1205 4782 quo
1247 4715 1513 4784 tempore
1550 4711 2004 4767 instrumentum

392 4797 532 4853 illud
563 4799 763 4854 datum
795 4815 891 4853 seu
911 4799 1016 4853 scri
1024 4802 1187 4870 ptum
1219 4800 1410 4867 fuerit,
1430 4799 1488 4854 in
1509 4800 1679 4871 hujus
1705 4801 1814 4855 huc
1840 4803 2000 4855 tran-

391 4887 603 4957 scripto
646 4904 677 4942 e
728 4887 1031 4943 Morkcnsii
1075 4887 1905 4961 Chronologico-diplomatica
1934 4889 2004 4943 de

392 4972 755 5030 S..Brunone
793 4975 1047 5030 Diatriba
1086 4976 1399 5046 exemplari
1435 4976 1690 5049 signant,
1733 4976 2004 5032 standum

390 5065 552 5133 puto,
575 5062 749 5134 idque
780 5063 1023 5133 proinde
1049 5079 1225 5130 anno,
1254 5063 1334 5117 uti
1362 5064 1421 5117 in
1450 5065 1561 5118 hoc
1594 5067 1828 5119 notatur
1865 5067 2000 5119 1099

392 5147 593 5204 datum
618 5150 1047 5218 fuisse.Verum,
1073 5154 1135 5205 ut
1155 5152 1227 5206 ad
1256 5151 1560 5207 Camillum
1579 5153 2003 5225 Peregrinium,

390 5238 490 5310 qui
517 5238 771 5311 Capuam
813 5257 966 5295 anno
1020 5243 1153 5296 1098
1194 5258 1229 5295 a
1273 5241 1483 5296 comite
1524 5242 1795 5313 Rogerio,
1830 5242 2003 5297 fuisse

393 5326 707 5395 obsessam,
752 5328 1074 5400 eodemque
1100 5345 1253 5384 anno
1301 5329 1579 5400 diploma,
1621 5329 1693 5384 de
1743 5346 1857 5401 quo
1892 5330 2003 5397 hic,

391 5411 603 5469 Sancto
633 5420 830 5473 nostro
857 5433 892 5472 a
920 5415 1177 5489 principe
1208 5416 1303 5471 illo
1349 5433 1685 5473 concessum
1715 5418 1856 5486 vult,
1879 5418 2006 5490 jam

389 5500 644 5572 veniam,
675 5503 769 5561 hic
792 5504 853 5562 in
882 5503 1379 5576 annotationibus,
1415 5523 1558 5579 quas
1596 5506 1738 5578 Lupi
1773 5507 2004 5564 Protos-

2108 4447 2528 4519 amplissimum
2576 4447 2633 4501 S.
2684 4447 2935 4502 Brunoni
2990 4446 3271 4517 impertiri
3325 4445 3722 4518 paratissimus

2107 4535 2298 4602 fuerit,
2330 4552 2506 4608 reque
2539 4536 2712 4590 etiam
2750 4536 2892 4605 ipsa,
2928 4536 2972 4589 si
3013 4536 3261 4590 liberum
3299 4534 3359 4589 id
3395 4535 3445 4589 ei
3476 4533 3721 4589 omnino

2106 4624 2320 4691 fuisset,
2351 4624 2507 4678 haud
2539 4624 2709 4678 dubie
2750 4624 3140 4695 impertiisset,
3178 4623 3468 4677 rationem
3498 4627 3719 4689 tamen,

2108 4714 2179 4768 ob
2211 4728 2385 4784 quam
2417 4712 2474 4766 id
2505 4716 2640 4767 tunc
2684 4729 2801 4767 non
2847 4713 3067 4779 fecerit,
3102 4713 3417 4783 ipsummet
3465 4712 3725 4784 diploma

2105 4817 2203 4854 seu
2224 4800 2585 4872 privilegium
2618 4801 2898 4872 suggerit.

2175 4890 2298 4942 670.
2332 4889 2553 4943 Etenim
2596 4889 2655 4943 in
2694 4889 2803 4943 hoc
2845 4888 3121 4960 Rogerius
3158 4904 3353 4943 comes
3398 4888 3511 4961 (adi
3550 4904 3721 4943 num.

2105 4976 2229 5047 638)
2280 4976 2349 5031 de
2402 4995 2481 5045 se,
2525 4994 2656 5032 cum
2693 4978 2945 5049 primum
2993 4978 3064 5031 ab
3101 4977 3399 5032 obsidione
3451 4977 3726 5049 Capuana

2107 5064 2477 5137 Squillacium
2505 5070 2651 5120 esset
2677 5083 2958 5133 reversus,
2999 5068 3080 5120 ita
3117 5064 3373 5137 loquitur
3406 5082 3418 5120 :
3445 5088 3473 5115 «
3505 5064 3723 5135 Rogavi

2107 5171 2333 5226 quoque
2366 5155 2444 5221 (S.
2478 5157 2810 5210 Brunonem
2857 5155 3140 5223 videlicet)
3169 5154 3485 5221 humiliter,
3520 5157 3583 5208 ut
3609 5170 3716 5225 pro

2106 5242 2203 5298 Dei
2234 5259 2434 5299 amore
2480 5243 2537 5297 in
2580 5248 2737 5298 terra
2776 5243 3069 5315 Squillacii
3104 5260 3332 5297 sumere
3385 5243 3728 5314 dignaretur

2106 5333 2296 5403 largos
2325 5332 2602 5400 redditus,
2642 5348 2783 5405 quos
2809 5332 3104 5387 donabam
3131 5349 3143 5386 :
3181 5348 3433 5387 renuens
3461 5332 3554 5386 ille
3586 5332 3729 5387 reci-

2102 5436 2242 5495 pere
2263 5420 2510 5489 dicebat,
2530 5421 2687 5494 quod
2708 5421 2780 5476 ad
2792 5421 2903 5475 hoc
2919 5421 3163 5477 domum
3189 5420 3275 5476 sui
3302 5419 3486 5476 Patris
3505 5436 3728 5476 meam-

2105 5524 2219 5582 que
2242 5506 2561 5577 dimiserat,
2602 5509 2666 5565 ut
2699 5525 2735 5565 a
2771 5507 2975 5566 mundi
3007 5510 3179 5566 rebus
3206 5511 3513 5565 extraneas
3535 5508 3726 5566 deser-
