4014 6052
247 310 356 366 413

1828 308 2009 366 ACTA

3470 323 3578 379 414

250 429 591 486 viretlibere
612 431 729 486 Deo
753 446 874 487 suo.
909 431 1007 488 Hic
1036 431 1226 486 fuerat
1252 430 1310 487 in
1356 432 1478 487 tota
1508 447 1641 487 mea
1689 431 1865 487 domo
1886 433 1945 494 Α
1971 429 2270 503 episcopus
2310 431 2655 504 Regitanus;
2702 436 2832 504 post
2886 451 3061 506 quem
3111 437 3385 509 Rogerius
3441 442 3575 513 dux,

253 520 416 592 quasi
448 520 668 591 primus
691 522 747 574 et
778 538 1044 592 magnus.
1066 520 1323 576 Tandem
1353 520 1442 574 vix
1497 537 1628 575 cum
1661 537 1728 575 eo
1760 520 1867 574 im-

252 612 482 681 petrare
514 609 695 680 potui,
724 613 789 664 ut
818 609 994 681 gratis
1016 609 1401 681 acquiesceret
1430 625 1658 663 sumere
1686 608 1870 663 modi-

253 713 386 751 cum
419 714 630 751 munus
661 714 881 751 meum.
916 720 943 746 ››
979 697 1346 771 Quoditaque
1378 697 1501 768 ipso
1536 700 1863 764 ann01098,

252 802 368 857 quo
419 786 611 856 Capua
638 786 868 840 obsessa
897 786 1243 857 subactaque
1275 804 1309 840 a
1356 786 1565 841 comite
1618 786 1864 857 Rogerio

248 874 378 941 fuit,
410 874 852 944 amplissimum,
889 874 958 928 de
985 890 1098 944 quo
1126 874 1217 928 hic
1249 875 1412 930 nobis
1446 891 1658 940 sermo,
1691 874 1863 945 privi-

252 961 471 1033 legium
504 961 561 1015 S.
615 961 869 1017 Brunoni
917 978 1249 1016 concessum
1281 980 1314 1016 a
1363 962 1573 1017 comite
1617 962 1861 1034 Rogerio

248 1066 368 1104 non
401 1050 590 1115 fuerit,
623 1050 684 1104 in
716 1068 885 1104 causa
909 1050 1037 1117 fuit,
1074 1068 1191 1105 non
1239 1050 1351 1118 hic,
1402 1051 1501 1105 sed
1530 1050 1776 1122 ipsemet
1800 1050 1857 1106 8.

248 1140 462 1205 Bruno,
511 1139 609 1210 qui
642 1138 924 1193 nimirum
956 1138 1296 1194 donationes
1345 1139 1698 1211 largissimas
1726 1139 1862 1194 libe-

246 1226 698 1299 ralissimasque,
733 1227 859 1295 sibi,
897 1232 1032 1282 tunc
1059 1228 1130 1281 ab
1170 1228 1280 1282 hoc
1311 1227 1568 1300 principe
1617 1228 1857 1294 oblatas,

246 1316 497 1370 noluerit
530 1315 1038 1388 accipere,quique
1068 1316 1329 1384 tandem,
1355 1333 1486 1371 cum
1513 1316 1726 1371 scilicet
1755 1334 1858 1371 an-

245 1420 353 1458 nus
384 1405 632 1476 amplius
664 1405 892 1477 integer
921 1421 955 1459 a
984 1407 1270 1476 tempore,
1308 1421 1422 1476 quo
1450 1405 1555 1459 sibi
1583 1422 1616 1459 a
1648 1406 1857 1461 comite

248 1492 497 1564 Rogerio
536 1493 877 1548 donationes
903 1492 1013 1548 illa:
1046 1492 1335 1564 Squillacii
1369 1494 1576 1548 oblatae
1606 1493 1856 1561 fuerant,

247 1584 397 1635 esset
417 1582 662 1653 elapsus,
687 1581 1025 1654 quampiam
1049 1583 1255 1636 harum
1286 1585 1511 1653 partem
1542 1583 1601 1636 in
1650 1599 1709 1637 se
1752 1601 1856 1655 pu-

1969 520 2121 574 Fallo
2191 520 2551 576 Castauensis
2611 521 2909 593 episcopus
2961 525 3019 578 et
3079 541 3242 598 pasz
3296 528 3574 599 vicarius;

1966 608 2297 679 Arnulphus
2355 608 2697 664 Cusentinus
2756 612 3238 686 archiepiscopus,
3295 617 3573 673 Tustenus

1967 696 2163 767 episc.,
2196 696 2373 752 Guidu
2419 698 2651 753 Roberti
2714 698 2869 753 ducis
2902 700 3066 755 filius.
3100 722 3128 750 ››
3192 704 3578 761 Donationem

1964 785 2115 838 hanc
2146 790 2436 840 memorat
2469 803 2699 857 quoque
2756 788 2815 841 in
2850 788 3106 845 Historiae
3161 791 3578 849 Carthusiensis

1965 873 2276 943 Prospectu
2301 890 2436 945 pag.
2476 877 2538 928 14
2572 874 2846 929 Camillus
2868 876 3103 932 Tutinus
3136 895 3150 945 ;
3185 896 3407 948 verum,
3441 898 3575 937 cum

1964 960 2299 1032 diplomata,
2356 979 2469 1033 quo
2512 962 2658 1017 facta
2687 980 2720 1017 a
2750 962 2993 1020 Suriano
3036 967 3300 1034 traditur,
3347 969 3420 1023 ad
3449 986 3579 1024 ma-

1964 1066 2106 1105 num
2126 1066 2244 1105 non
2283 1050 2375 1116 sit,
2408 1051 2575 1121 plura
2607 1052 2676 1106 de
2706 1052 2812 1106 hac
2839 1053 3051 1108 addere
3095 1057 3421 1111 consultum
3452 1075 3572 1115 non

1963 1138 2131 1206 duco,
2165 1155 2228 1193 ac
2254 1139 2423 1209 proin
2450 1139 2521 1194 ad
2548 1139 2659 1194 alia
2687 1142 3052 1212 progredior.

2033 1229 2155 1282 672.
2212 1227 2487 1282 Surianus
2530 1228 2589 1281 in
2645 1229 2758 1283 suis
2796 1228 2855 1283 in
2879 1234 3205 1287 contextam
3247 1250 3281 1287 a
3317 1233 3482 1290 Surio
3510 1234 3568 1291 S.

1962 1315 2243 1370 Brunonis
2261 1315 2447 1370 Vitam
2477 1316 2962 1373 Annotationibus
2994 1335 3114 1389 pas.
3157 1324 3257 1376 172
3282 1322 3403 1376 haec
3423 1321 3571 1377 Surii

1961 1404 2031 1458 de
2050 1404 2259 1459 Sancto
2275 1405 2476 1459 verba“
2487 1405 2700 1460 Crebro
2714 1406 2787 1460 ad
2801 1423 2929 1461 eos»
2942 1408 3570 1478 (religiosasCarthusiaa

1956 1492 2428 1564 Majorisincolas)
2447 1492 2687 1564 scripsit,
2714 1494 2793 1548 ita
2813 1498 3272 1551 commentatur:
3297 1518 3325 1547 ‹‹
3355 1497 3568 1552 Cum...

1961 1580 2031 1635 de
2065 1581 2155 1635 die
2176 1580 2235 1635 in
2268 1582 2421 1637 diem
2441 1580 2767 1636 ditl'erretur
2784 1582 2831 1653 ej
2842 1601 2907 1637 us
2927 1583 3006 1655 (S.
3032 1584 3314 1639 Brunonis
3335 1587 3567 1659 nempe)

246 1669 394 1725 blico
418 1668 802 1725 instrumento
817 1669 1119 1725 transcribi
1146 1687 1300 1741 aegre
1323 1671 1675 1726 consenserit
1696 1670 1860 1735 Quod
1959 1668 2196 1736 reditus,
2216 1669 2464 1724 mittitur
2482 1669 2556 1723 ad
2574 1686 2706 1723 eum
2730 1669 3057 1724 Landuinus
3072 1671 3230 1743 prior
3243 1689 3311 1727 ex
3335 1672 3571 1728 Carthu-

241 1756 287 1812 si
317 1775 423 1829 pro
456 1758 735 1830 vigesima
763 1775 916 1813 nona
961 1758 1093 1813 Julii
1127 1758 1241 1827 die,
1277 1776 1390 1829 qua
1441 1762 1573 1831 post
1630 1763 1860 1831 captam
1886 1752 1936 1809 B
1957 1756 2058 1823 sia,
2089 1756 2185 1828 qui
2211 1775 2342 1812 cum
2361 1775 2428 1812 eo
2456 1758 2689 1813 comitia
2703 1758 3135 1829 quodammodo
3157 1760 3566 1831 auspicaretur,

244 1844 501 1918 Capuam
526 1847 803 1918 Rogerius
827 1846 1201 1919 Squillacium
1224 1846 1281 1900 in
1306 1846 1621 1918 diplomate
1655 1847 1861 1903 dicitur
1957 1848 2014 1899 et
2041 1846 2331 1901 conferret
2363 1846 2433 1900 de
2462 1846 2766 1900 universali
2792 1845 3019 1901 Ordinis
3053 1847 3343 1903 instituto.
3378 1849 3445 1903 Et
3473 1849 3568 1904 ille

240 1951 523 2002 reversus,
556 1936 693 2006 poni
724 1939 936 2007 posset,
981 1938 1046 1990 ut
1102 1935 1434 2006 Peregrinio
1466 1936 1672 2007 placet,
1700 1936 1857 2007 vige-
1958 1933 2191 2004 quidem
2211 1934 2438 2006 magnis
2457 1934 2758 1988 itineribus
2786 1934 2860 1988 ad
2891 1936 3327 2007 eumprofectus
3343 1953 3474 1991 cum
3496 1953 3566 2006 eo

242 2021 390 2076 sima
416 2038 576 2077 nona
603 2022 775 2089 Junii,
810 2025 907 2076 aut
938 2021 1113 2076 etiam
1143 2039 1299 2077 nona
1343 2022 1474 2076 Julii
1497 2022 1636 2088 dies,
1670 2023 1855 2077 neuti-
1956 2022 2218 2089 contulit,
2251 2025 2535 2093 quantum
2558 2039 2649 2077 res
2675 2025 2974 2093 ettempus
2999 2024 3389 2094 patiebantur,
3412 2042 3568 2081 cum-

236 2127 414 2183 quam
442 2127 580 2164 sane
621 2111 810 2180 ipsum
855 2112 962 2165 hoc
991 2110 1465 2177 instrumentum,
1521 2128 1634 2182 quo
1665 2111 1856 2167 minus
1956 2126 2066 2181 que
2097 2110 2325 2182 regredi
2348 2111 2608 2182 coepisset
2627 2111 2854 2177 itinere,
2873 2128 2987 2183 quo
3014 2116 3271 2179 venerat,
3290 2112 3564 2168 inciditin

234 2214 389 2253 anno
428 2201 562 2253 1098
584 2199 785 2253 datum
815 2198 1170 2265 crederetur,
1221 2198 1648 2255 characteribus
1682 2201 1852 2254 chro-

236 2286 377 2341 nicis
430 2285 537 2341 sibi
573 2286 802 2341 inclusis
832 2287 1114 2354 obstaret;
1146 2303 1349 2341 verum
1379 2303 1513 2341 cum
1555 2287 1762 2342 cubare
1793 2288 1852 2344 in

233 2373 635 2429 instrumentis
655 2374 905 2447 antiquis
918 2375 1240 2441 errores,de
1253 2376 1459 2447 quibus
1476 2392 1593 2430 non
1610 2377 1852 2432 omnino

232 2466 461 2518 constat
490 2463 918 2519 admittendum
949 2480 1066 2518 non
1103 2463 1196 2530 sit,
1224 2481 1330 2518 nec
1359 2464 1419 2518 in
1442 2464 1851 2533 instrinnento,

232 2550 305 2604 de
332 2567 446 2623 quo
478 2551 591 2615 hic,
625 2551 968 2623 vigesimam
1000 2568 1218 2606 nonam
1248 2552 1378 2606 Julii
1412 2569 1720 2625 perperam
1753 2570 1853 2609 no-

228 2638 340 2693 tari
371 2639 634 2693 alicunde
666 2642 910 2707 constet,
941 2639 1274 2709 Peregrinio
1301 2641 1479 2696 hacin
1500 2658 1562 2695 re
1588 2641 1851 2696 assentiri

1954 2215 2158 2253 manus
2187 2199 2494 2270 antipapaa,
2518 2216 2551 2253 a
2582 2216 2695 2270 quo
2719 2216 2850 2253 cum
2869 2200 3037 2254 nullis
3060 2200 3323 2271 precibus
3340 2204 3437 2255 aut
3454 2201 3562 2256 mi-

1954 2286 2041 2341 nis
2070 2287 2275 2342 adduci
2302 2290 2512 2357 posset,
2530 2288 2930 2359 utlegitimum
2949 2288 3283 2360 pontiﬁcem
3297 2293 3559 2362 negaret,

1954 2375 2012 2429 in
2040 2376 2403 2430 teterrimum
2416 2392 2712 2431 carcerum
2728 2377 2853 2447 conj
2863 2380 3019 2431 ectus
3036 2379 3139 2444 est,
3155 2377 3252 2431 ubi
3274 2381 3332 2432 et
3350 2378 3561 2433 exstin-

1953 2467 2074 2519 ctus
2096 2468 2201 2533 est,
2234 2482 2428 2520 veram
2458 2465 2518 2519 in
2551 2465 2757 2520 Christi
2794 2466 3069 2521 vicarium
3108 2469 3346 2521 testatus
3385 2467 3563 2524 fideli-

1952 2555 2132 2608 tatem
2151 2554 2226 2608 ad
2239 2554 2507 2608 ultimum
2524 2571 2702 2625 usque
2713 2553 3034 2625 spiritum.»
3057 2554 3264 2623 Itaille;
3284 2571 3351 2609 ac
3368 2555 3558 2627 primo

1951 2642 2184 2714 quidem
2211 2643 2572 2697 Lauduinum
2604 2642 2677 2697 ad
2710 2643 2767 2697 S.
2810 2645 3118 2698 Brunonen
3150 2643 3206 2698 in
3235 2640 3559 2700 Calabriam

231 2742 352 2781 non
378 2743 632 2798 possum,
662 2727 833 2799 idque
848 2744 967 2782 non
985 2731 1120 2782 ante
1136 2745 1356 2783 annum
1385 2732 1518 2784 1099
1550 2730 1751 2784 datum
1776 2730 1848 2784 ob
1950 2731 2193 2797 venisse,
2233 2731 2459 2797 litteras,
2502 2731 2773 2803 praesenti
2805 2735 2832 2801 §
2884 2731 3202 2800 ricitandaz,
3263 2749 3405 2804 quas
3455 2750 3561 2805 per

227 2815 485 2869 rationes
508 2817 633 2887 jam
667 2816 942 2871 adductas
969 2816 1509 2884 existimo,maxime
1548 2834 1679 2873 cum
1693 2835 1847 2874 anno
1948 2819 2121 2885 hunc,
2140 2835 2270 2873 cum
2291 2818 2363 2872 ad
2385 2820 2669 2890 majorem
2689 2819 3049 2874 Carthusiam
3074 2820 3559 2887 reverteretur,ad

227 2902 329 2958 illo
350 2904 504 2976 apud
522 2904 831 2960 Surianum
855 2904 1029 2959 etiam
1050 2905 1326 2976 signetur,
1353 2907 1653 2979 ipsumque
1670 2909 1846 2962 etiam
1946 2925 2077 2964 suos
2106 2908 2166 2962 in
2195 2909 2301 2962 hac
2318 2912 2750 2963 commorantes
2770 2908 3072 2978 discipulos
3108 2907 3349 2963 Sanctus
3378 2908 3553 2977 misit,

227 2994 661 3064 autographnm
703 2994 913 3048 eodem
952 3010 1107 3049 anno
1152 2996 1437 3063 notatum,
1472 2997 1848 3067 quemadmo-
1877 2995 2333 3095 Cindubitatum
2373 2995 2495 3067 ipso
2521 2996 2717 3050 statim
2745 2996 2829 3050 sui
2879 2995 3041 3051 initio
3086 2996 3323 3054 faciunt.
3368 2996 3557 3061 Quare

226 3080 389 3147 dum,
406 3099 534 3153 quae
556 3099 791 3137 meeum
808 3081 1222 3137 Carthusianus
1250 3081 1587 3136 Parisiensis
1610 3082 1849 3153 saepissi-

228 3184 326 3222 me
354 3170 667 3224 laudatuse
703 3169 892 3242 quarti
921 3169 1220 3225 annalium
1268 3170 1763 3226 Carthusiensium
1782 3172 1849 3226 1i-

228 3256 319 3310 bri
350 3258 628 3312 hactenus
656 3275 773 3313 non
821 3259 1056 3330 vulgati,
1091 3259 1247 3330 quod
1288 3259 1361 3313 ad
1386 3259 1557 3313 Vallis
1574 3260 1672 3315 Dei
1708 3260 1846 3315 Car-

225 3344 482 3399 tbusiam
543 3349 786 3417 spectat,
839 3346 1157 3419 exemplari
1211 3347 1688 3413 communicavit,
1749 3366 1844 3402 ex-

226 3436 429 3504 cerpta
461 3450 556 3488 me
577 3434 808 3500 docent,
833 3433 1103 3489 Serverus
1125 3435 1406 3505 aNeapoli
1429 3434 1845 3491 invenerit.Nec

223 3522 331 3587 est,
354 3521 507 3592 quod
526 3523 712 3576 adhuc
740 3539 1001 3594 oppones
1041 3522 1351 3595 Rogerium
1384 3524 1659 3579 comitem
1690 3542 1843 3580 anno

231 3610 366 3663 1098
398 3607 691 3681 Squillacii
718 3610 1017 3678 exstitisse,
1060 3610 1452 3683 diplomaque,
1480 3611 1552 3666 de
1578 3629 1692 3684 quo
1715 3613 1843 3683 jam

224 3696 605 3769 disputatum,
639 3699 930 3771 Squillacii
961 3700 1137 3755 etiam
1158 3701 1357 3755 datum
1378 3702 1597 3768 notari;
1621 3702 1758 3774 quid
1781 3704 1841 3758 ni

222 3787 383 3841 enim
439 3787 716 3859 Rogerius
746 3804 901 3843 anno
937 3789 1094 3856 1098,
1123 3788 1455 3861 iterumque
1508 3806 1660 3845 anno
1704 3793 1839 3847 1099

222 3872 519 3946 Squillacii
551 3892 671 3930 esse
693 3875 988 3947 potuerit?

222 3963 251 4030 §
283 3962 414 4016 XLI.
444 3962 649 4034 pacem
676 3965 837 4019 etiam
888 3963 1179 4034 Rogerium
1227 3966 1529 4020 benevolum
1564 3968 1626 4022 in
1652 3985 1706 4021 se
1740 3970 1835 4023 ite-

291 4050 415 4086 rum
430 4032 671 4105 _S:anctus
701 4032 989 4105 experitur,
1017 4038 1208 4090 visitur
1228 4054 1260 4090 α
1290 4036 1575 4091 Landuino
1607 4036 1837 4092 Cartim-

287 4105 386 4179 δρᾷ
413 4103 655 4179 Μαίονίεὲ
694 4103 898 4179 priore,
922 4122 1123 4179 perque
1166 4108 1325 4173 hunc,
1358 4125 1512 4179 quem
1561 4126 1696 4178 aegre
1723 4128 1754 4163 a
1784 4128 1836 4165 se

290 4173 537 4237 dimittit,
584 4175 655 4229 ad
690 4173 990 4231 Carthasim
1025 4173 1233 4245 fratres
1261 4173 1465 4232 litteras
1492 4173 1693 4234 scribit.
1727 4180 1835 4236 Hae

286 4262 400 4322 una
431 4263 554 4322 cum
592 4246 799 4314 litteris,
838 4248 909 4301 ad
933 4247 1283 4320 Radulplmm
1332 4249 1570 4305 Viridem
1597 4253 1810 4322 scriptis

284 4315 371 4370 hic
389 4316 787 4387 producuntur.

285 4404 541 4459 672.Non
582 4407 812 4460 tantum
840 4408 970 4478 post
996 4407 1364 4463 obsidionem
1397 4409 1827 4480 Capuanam,in

214 4508 406 4563 quaex
420 4492 586 4547 dictis
612 4495 1062 4566 praesentissimo
1094 4496 1371 4567 periculo,
1400 4497 1742 4553 facientibus
1769 4500 1829 4555 id

211 4579 406 4635 Sancti
421 4581 863 4650 meritis,comes
882 4584 1159 4655 Rogerius
1174 4585 1363 4641 fuerat
1374 4585 1828 4658 liberatus,prin-

208 4668 401 4740 cipem
420 4670 572 4723 hunc
585 4668 657 4724 de
688 4687 837 4726 novo
867 4671 1196 4726 beneficum
1225 4689 1367 4744 erga
1394 4690 1455 4728 se
1483 4674 1660 4729 sensit
1688 4674 1827 4730 San-

206 4759 329 4811 ctus
360 4760 575 4825 noster;
610 4775 810 4813 verum
848 4758 1213 4831 etiam,cujus
1248 4759 1342 4815 ille
1390 4764 1626 4831 patruus
1678 4766 1822 4832 erat,

203 4844 731 4915 Apuliaa,Calabriaa
753 4849 812 4900 et
828 4846 1031 4903 Siciliae
1057 4847 1262 4903 ducem
1279 4849 1823 4920 Rogerium.«Anno

206 4933 365 4999 1099,
402 4952 429 4980 ››
463 4933 653 5005 inquit
681 4933 956 4989 Surianus
1006 4934 1065 4990 in
1099 4936 1212 4989 suis
1265 4936 1338 4990 ad
1368 4938 1750 5008 conscriptam
1790 4957 1825 4993 a

203 5016 371 5074 Surio
395 5020 589 5075 Sancti
605 5020 792 5076 Vitam
815 5021 1299 5077 Annotationibus
1343 5039 1475 5095 pag.
1510 5026 1635 5093 400,
1671 5049 1695 5075 ‹‹
1720 5027 1825 5082 Ro-

201 5107 395 5179 gerius
425 5109 537 5163 dux
564 5109 805 5179 Apuliae,
826 5109 1101 5165 Calabriae
1131 5114 1189 5164 et
1210 5109 1437 5180 Siciliae,
1466 5129 1620 5169 anno
1650 5114 1820 5169 duca-

197 5195 288 5249 tus
320 5194 407 5248 sui
434 5212 524 5249 xxv
556 5196 715 5250 dedit
752 5196 1001 5251 ecclesiae
1034 5196 1093 5251 8.
1122 5197 1333 5265 Mariae,
1366 5216 1496 5270 quae
1527 5200 1587 5254 in
1621 5217 1818 5257 eremo

198 5281 307 5336 sita
330 5286 437 5350 est,
459 5285 606 5351 loco,
643 5283 740 5355 qui
766 5284 836 5339 ab
868 5284 1075 5340 incolis
1102 5285 1296 5340 Turris
1324 5286 1817 5357 dicitur,villanos,

202 5384 347 5441 quos
378 5371 535 5442 apud
566 5371 942 5443 Squillacium
972 5373 1245 5442 habebat,
1272 5391 1379 5446 pro
1414 5375 1515 5430 Dei
1536 5392 1735 5432 amore
1764 5380 1822 5432 et

196 5455 267 5512 ll.
332 5457 639 5525 Brunonis,
695 5458 792 5530 qui
828 5461 1180 5517 monasterio
1236 5465 1506 5533 prmerat,
1550 5479 1818 5521 reveren-

199 5544 300 5601 tia.
364 5544 680 5620 Diplomati
743 5547 1200 5622 subscripserunt
1273 5550 1574 5625 Rogerius,
1630 5552 1818 5611 archi-

1947 3084 2138 3157 elogii,
2159 3100 2271 3156 quo
2288 3102 2321 3139 a
2344 3085 2670 3155 primorum
2688 3087 2936 3155 quatuor
2960 3085 3271 3140 Carthusise
3292 3085 3553 3157 priorum

1947 3173 2335 3245 Chronologo,
2373 3174 2487 3228 ﬁde
2542 3191 2609 3227 ex
2662 3173 2827 3227 dictis
2892 3175 2920 3242 §
2981 3174 3153 3245 longe
3192 3174 3552 3246 dignissimo,

1947 3262 2100 3332 apud
2131 3262 2425 3316 Labbeum
2462 3264 2606 3315 tom.
2645 3265 2666 3316 1
2705 3261 3056 3316 Bibliotheca
3079 3278 3242 3316 novae
3269 3261 3551 3318 librorum

1946 3368 2091 3432 mss.‘
2116 3367 2247 3432 p‘ag.
2279 3349 2737 3432 Q39‘tan'duinus
2767 3352 3348 3432 ornatur,seqpentia
3378 3351 3549 3432 dese-

1944 3422 2131 3476 cundo
2146 3422 2253 3475 hoc
2276 3421 2585 3475 Carthusiae
2604 3422 2703 3492 Mai
2714 3423 2826 3475 oris
2840 3422 3031 3491 priore
3047 3421 3238 3476 verba:
3267 3421 3553 3487 «Quicum

1946 3511 2018 3565 ad
2032 3509 2371 3581 magistrum
2393 3509 2726 3564 Brunonem
2744 3511 3030 3581 pergeret,
3046 3508 3247 3565 incidit
3262 3510 3318 3564 in
3346 3528 3553 3566 manus

1943 3597 2573 3664 Guibertischismatici,
2612 3620 2638 3646 »
2660 3598 2739 3652 ita
2770 3597 2983 3652 debent
2998 3597 3262 3670 intelligi,
3303 3601 3364 3653 ut
3380 3600 3551 3655 simul

1943 3685 2221 3743 Landuini
2243 3686 2315 3740 ad
2356 3686 2412 3740 S.
2452 3688 2784 3740 Brunonem
2830 3702 3142 3753 accessum,
3174 3687 3549 3759 ejusdemque

1940 3776 2011 3831 ab
2040 3774 2150 3829 hoc
2169 3774 2423 3829 reditum
2460 3791 2555 3828 seu
2590 3775 2797 3841 totum,
2831 3774 2987 3845 quod
3017 3774 3197 3828 sancti
3255 3774 3439 3829 Patris
3462 3775 3549 3829 sui

1937 3863 2156 3919 visendi
2185 3879 2356 3918 causa
2384 3862 2714 3916 Landuinus
2742 3860 3009 3927 confecit,
3032 3862 3142 3916 iter
3157 3864 3545 3933 complectan-

1936 3957 2049 4009 tur.
2086 3952 2229 4008 Cum
2259 3950 2438 4018 enim,
2468 3950 2549 4005 uti
2580 3949 2736 4005 idem
2768 3949 3165 4021 Cbronelogus
3204 3950 3543 4018 docet,Lan-

1936 4042 2161 4109 duinus,
2209 4041 2268 4096 in
2294 4039 2547 4095 Guiberti
2604 4038 2891 4111 antipapaa
2942 4055 3147 4092 manus
3172 4037 3424 4111 illapsus,
3484 4039 3542 4095 in

1934 4148 2245 4198 carcerem,
2273 4131 2333 4185 in
2363 4147 2476 4203 quo
2509 4129 2668 4196 abiit,
2694 4129 2867 4184 fuerit
2905 4129 3220 4199 conjectus,
3249 4133 3542 4186 consecta-

1932 4220 2086 4275 rium
2116 4219 2288 4287 foret,
2321 4222 2383 4273 ut
2420 4219 2494 4273 ad
2527 4218 2861 4273 Brunonem
2893 4216 2954 4272 in
2982 4217 3351 4274 Turritanam
3382 4219 3542 4276 Cala-

1816 4294 1829 4320 ’
1855 4289 2068 4363 Dbriae
2090 4324 2351 4362 eremum
2380 4324 2495 4362 non
2550 4305 2895 4377 pervenerit,
2942 4305 2987 4360 si
3032 4323 3164 4361 cum
3217 4306 3274 4361 in
3314 4306 3541 4378 itinere,

1929 4400 1993 4452 ut
2021 4402 2283 4452 sanctum
2326 4399 2557 4451 Patrem
2616 4413 2783 4450 suum
2836 4395 3126 4464 inviseret,
3161 4412 3352 4451 versus
3392 4397 3543 4452 hanc

1928 4488 2095 4553 esset,
2126 4485 2184 4538 in
2217 4502 2424 4547 manus
2452 4484 2707 4539 Guiberti
2740 4483 3027 4551 inciderit,
3064 4487 3127 4538 ut
3155 4485 3393 4540 recitata
3418 4487 3541 4540 lau-

1927 4574 2045 4629 dati
2076 4572 2415 4643 chronologi
2439 4571 2614 4628 verba
2642 4572 2835 4643 prima
2863 4572 3055 4627 fronte
3108 4572 3430 4644 signiﬁcare
3455 4574 3538 4629 vi-

1925 4663 2154 4718 dentur.

1995 4755 2118 4807 675.
2155 4751 2321 4816 Quod
2344 4752 2539 4806 autem
2555 4749 2629 4804 ad
2650 4766 2902 4817 causam,
2924 4749 2996 4806 ob
3014 4767 3189 4822 quam
3208 4750 3537 4810 Landuinus

1924 4841 2261 4913 longissimo
2274 4839 2869 4912 periculosissimoque
2898 4839 3145 4895 intinere
3163 4840 3235 4895 ad
3257 4839 3533 4896 Sanctum

1924 4929 1983 4983 in
2011 4928 2333 4983 Calabriam
2368 4926 2607 4995 venerit,
2641 4944 2794 4982 nunc
2810 4931 3048 5000 spectat,
3073 4928 3238 4983 idille
3268 4946 3385 4984 non
3402 4932 3532 4983 tan-

1922 5021 2068 5086 tum,
2095 5020 2157 5071 ut
2186 5034 2319 5071 cum
2343 5018 2539 5071 sancto
2575 5016 2907 5071 Patriarcha
2949 5017 3020 5072 de
3053 5019 3350 5072 communi
3379 5018 3529 5088 vita),

1922 5108 2076 5179 quod
2088 5106 2776 5178 sequebantur,‘instituto
2797 5107 3105 5175 conferret,
3138 5123 3336 5162 verum
3354 5107 3532 5164 etiam

1922 5198 2003 5261 ut,
2022 5195 2063 5249 si
2081 5195 2204 5249 ﬁeri
2225 5211 2455 5266 quoquo
2473 5194 2649 5250 modo
2664 5197 2913 5266 posset,e
2931 5194 3191 5249 Calabria
3207 5195 3283 5250 ad
3296 5196 3534 5252 Carthu-

1920 5283 2063 5339 siam
2079 5286 2343 5337 sanctum
2366 5282 2561 5337 Virum
2574 5282 2898 5349 reduceret,
2932 5283 3365 5340 verosimillime
3378 5286 3528 5341 fece-

1918 5371 2013 5426 rit.
2046 5373 2129 5426 Ita
2160 5371 2302 5425 mihi
2335 5388 2673 5443 persuasum
2700 5371 2906 5439 habeo,
2939 5374 3064 5426 tum
3094 5372 3251 5445 quod
3289 5374 3533 5430 Landui-

1920 5460 2389 5533 nus,aliique,qui
2410 5460 2512 5516 sub
2527 5476 2595 5516 eo
2617 5459 2676 5514 in
2690 5459 2900 5531 majori
2926 5459 3224 5516 Carthusia
3240 5461 3528 5536 vivebant,

1919 5549 2171 5623 religiosi
2200 5547 2307 5605 viri
2330 5566 2560 5606 summo
2592 5548 2775 5605 sancti
2789 5550 2976 5607 Patris
3002 5549 3090 5608 sui
3117 5549 3424 5625 desiderio,
3446 5554 3534 5613 uti
