4066 6032
452 304 555 360 415

1304 314 1360 368 8.
1396 314 1739 372 ΒΒΗΝΟΝΙ8
1780 317 2411 379 CARTHUSIANORUM
2448 324 2913 385 INSTITUTORIS

3665 340 3774 397 416

448 442 515 481 ex
547 426 712 483 dictis
730 428 802 484 de
833 429 1167 536 illorum,ob
1189 436 1735 509 hujusabsentiame
1755 442 2057 496 Carthusia
2080 448 2130 505 Α
2155 450 2351 501 sancto
2376 449 2546 505 Patro
2577 456 2865 524 exceptus,
2881 456 3321 529 utquelongiori
3344 461 3624 533 temporis
3640 479 3774 536 spa-

442 530 668 571 recessu
685 518 1062 576 manifestum
1081 526 1682 595 est,tenerentur,tum
1701 530 1857 601 quod
1878 530 2053 587 Sanc-

444 606 535 659 tus
554 606 789 677 scriptas
805 608 878 663 ad
906 609 1336 683 hosce,quas,ut
1358 616 1485 686 jam
1516 618 1650 684 dixi,
1670 635 1773 689 per
1805 619 2054 674 Landui-

443 709 586 748 num
616 695 793 756 misit,
818 696 1080 771 infraque
1103 700 1358 773 integras
1371 705 1479 758 huc
1500 707 2056 773 transcribam,litte-

442 798 534 835 ras
560 782 641 837 ita
670 786 974 842 concludat
1006 806 1018 842 :
1048 812 1075 839 ‹‹
1105 791 1183 845 De
1235 808 1351 860 me,
1376 793 1601 861 fratres,
1637 796 1856 863 scitote,
1911 813 2052 867 quo-

444 869 602 925 niam
632 872 773 926 mihi
805 874 1038 930 unicum
1075 883 1205 949 post
1230 881 1413 935 Deum
1445 885 1528 937 est
1580 883 1928 938 desiderium
1959 902 2051 939 ve-

444 958 643 1014 niendi
669 962 741 1016 ad
775 979 872 1017 vos
916 968 972 1018 et
1016 965 1245 1022 videndi
1279 986 1395 1024 vos.
1447 971 1531 1038 Et,
1566 972 1798 1043 quando
1825 976 2048 1043 potero,

444 1061 619 1117 opere
650 1048 1001 1121 adimplebo,
1032 1055 1148 1109 Deo
1176 1056 1265 1126 adj
1278 1061 1484 1112 uvante
1508 1077 1568 1126 ;»
1603 1060 1806 1131 quibus
1825 1060 2055 1115 everbis

442 1139 703 1206 apparet,
732 1137 1005 1195 Sanctum
1028 1159 1061 1195 a
1092 1143 1204 1198 suis
1238 1146 1548 1202 Carthusia
1581 1148 1993 1219 discipulis,aut
2011 1147 2056 1203 si

443 1224 641 1291 mavis,
667 1225 877 1280 borum
902 1230 1141 1285 nomine
1168 1249 1203 1286 a
1248 1234 1566 1302 Landuino,
1602 1239 1663 1289 ut
1695 1236 1768 1290 ad
1797 1237 1947 1290 hanc
1971 1253 2057 1290 re-

437 1316 1052 1385 verteretur,rogatum
1075 1318 1669 1389 fuisse.Landuinum,
1706 1328 1766 1378 ut
1798 1325 2052 1378 reditum

442 1399 513 1453 ad
536 1399 896 1457 Carthusiam
926 1404 981 1457 S.
1013 1407 1265 1462 Brunoni
1289 1411 1575 1477 suaderet,
1599 1412 1671 1465 ad
1690 1412 2057 1466 Turritanam

444 1486 719 1543 Calabria
743 1507 1003 1546 eremum
1019 1495 1235 1551 venisse
1266 1498 1561 1551 Zanottius
1591 1516 1818 1570 quoque
1842 1500 1898 1553 in
1927 1517 2059 1555 con-

443 1577 602 1629 texta
633 1593 665 1629 a
692 1594 749 1631 se
767 1581 946 1633 sancti
977 1583 1321 1638 Patriarcha
1354 1586 1479 1639 Vita
1503 1603 1627 1658 cap.
1653 1592 1719 1642 29
1744 1589 2052 1651 existimat;

443 1667 501 1718 et
532 1668 685 1718 recte
709 1667 966 1737 quidem,
1000 1672 1079 1724 uti
1108 1689 1171 1725 ex
1176 1672 1302 1742 jam
1336 1674 1499 1727 dictis
1532 1680 1806 1745 apparet;
1832 1693 2053 1743 verum,

2155 531 2234 587 tio
2266 535 2419 606 apud
2450 554 2583 592 eum
2603 538 2661 593 in
2675 540 2979 597 Turritana
2994 560 3194 599 eremo
3208 531 3560 603 commorari
3575 531 3773 618 vellet,

2157 621 2481 678 enixissime
2495 630 2751 697 rogatus,
2766 630 3165 687 dilectissimos
3181 633 3606 693 sibiCarthusia
3619 639 3782 694 inco-

2156 708 2258 775 las,
2294 727 2365 764 ne
2390 711 2732 770 diuturniori
2759 734 2861 772 sua
2890 719 3150 775 absentia
3186 738 3283 776 eos
3304 723 3610 796 afﬂigeret,
3645 743 3777 781 ma-

2154 796 2260 850 luit
2288 799 2553 869 revisere,
2596 821 2714 859 nec
2746 804 2827 860 illi
2857 809 3183 864 revertendi
3211 810 3284 864 ad
3300 812 3472 867 hosce
3505 813 3780 884 Sanctus,

2155 885 2258 938 etsi
2285 885 2342 941 id
2355 904 2421 941 ex
2448 890 2791 948 obedientia
2810 893 3038 963 virtute,
3059 914 3173 968 qua
3198 898 3385 953 virum
3406 901 3513 955 sibi
3535 902 3780 957 tenebat

2154 972 2516 1114 gbstarictum,
2548 977 2737 1035 facere
2760 982 3054 1052 potuisset,
3083 984 3418 1063 facultatem
3451 989 3632 1043 noluit
3676 1007 3780 1044 ne-

2196 1060 2261 1098 ar
2302 1086 2314 1098 .

2196 1060 2314 1098 are.

2228 1135 2352 1189 675.
2389 1136 2512 1199 Qua
2542 1138 2735 1209 itaque
2763 1140 3235 1212 Landuinum,ad
3268 1162 3327 1200 se
3354 1145 3413 1200 in
3444 1146 3773 1203 Calabriam

2156 1222 2506 1292 venientem,
2539 1228 2755 1282 amoris
2783 1245 2846 1282 ac
2880 1230 3297 1288 benevolentia
3349 1233 3774 1305 signiﬁcatione

2157 1317 2477 1381 exceperat,
2501 1315 2704 1369 eadem
2721 1317 2880 1370 illum
2898 1334 3001 1373 ase
3017 1319 3252 1386 dimisit,
3270 1322 3482 1378 tradita
3500 1324 3573 1391 ei,
3593 1341 3775 1396 quam

2156 1400 2776 1476 scripserat,quamque
2792 1406 3314 1477 Landuinum,cum
3328 1410 3386 1465 in
3410 1411 3774 1468 Carthusiam

2156 1492 2333 1545 redux
2355 1495 2520 1557 esset,
2552 1493 2832 1563 religiosis
2859 1495 3240 1565 hujusincolis
3259 1498 3396 1552 dare
3419 1500 3685 1567 debebat,
3710 1501 3775 1554 in

2158 1596 2365 1633 manus
2395 1580 2653 1650 epistola.
2674 1580 2882 1635 Verum
2901 1583 3250 1652 Landuinus,
3269 1602 3401 1641 cum
3423 1587 3779 1660 eadem,qua

2154 1668 2226 1721 ad
2253 1667 2525 1721 Sanctum
2569 1673 2821 1736 venerat,
2861 1671 2950 1725 via
2986 1671 3345 1729 Carthusiam
3373 1680 3690 1747 repeteret,
3734 1694 3773 1731 a

446 1752 602 1822 quod
633 1753 795 1808 addit
817 1755 886 1809 de
918 1757 1095 1819 fratre
1110 1776 1384 1815 converso
1407 1762 1479 1816 ad
1501 1762 1862 1818 Carthusiam
1885 1769 2058 1820 antea
2084 1755 2132 1811 B
2155 1756 2408 1809 Guiberti
2440 1756 2726 1828 antipapa
2744 1759 3121 1814 sectatoribus
3134 1766 3331 1832 captus
3350 1766 3454 1829 est,
3471 1764 3543 1818 ab
3564 1764 3771 1837 iisque,

442 1856 573 1895 cum
597 1842 800 1898 litteris
822 1862 855 1898 a
877 1847 1143 1901 Brunone
1173 1865 1203 1902 e
1234 1850 1499 1905 Calabria
1532 1852 1729 1919 misso,
1777 1869 1907 1907 cum
1941 1870 2054 1925 quo

439 1927 623 1983 isthuc
650 1936 973 1988 revertente
1004 1935 1076 1988 ad
1097 1940 1360 1992 sanctum
1376 1941 1605 1993 Patrem
1625 1958 1791 1995 suum
1810 1942 2054 1995 Landui-

441 2034 547 2072 nus
579 2035 699 2073 sese
721 2022 1048 2090 contulerit,
1084 2025 1320 2096 antiquo
1353 2031 1523 2081 certa
1551 2028 1684 2082 ﬁdei
1708 2045 2053 2084 monumen-

440 2107 498 2161 to
532 2123 637 2161 nec
666 2107 786 2178 ipse
818 2110 1015 2165 ﬁrmat
1041 2128 1147 2167 nec
1181 2131 1289 2185 ego
1323 2115 1556 2171 ﬁrmare
1590 2118 1915 2189 queo.Citat
1929 2119 2052 2190 qui-

441 2192 597 2262 dem,
625 2198 687 2249 ut
716 2213 867 2268 sape
920 2200 1077 2265 alias,
1105 2201 1161 2254 in
1196 2202 1454 2258 inferiori
1510 2206 1739 2275 pagina
1789 2207 2053 2278 margine

438 2282 810 2339 Mouumenta
841 2286 1116 2344 Calabria
1152 2307 1311 2357 mss.,
1342 2308 1542 2346 verum
1595 2310 1721 2365 qua
1748 2295 2053 2367 qualiaque

440 2369 537 2425 illa
558 2372 965 2445 sint,nuspiam
1011 2378 1203 2432 edicit.
1258 2380 1380 2435 lino
1415 2397 1545 2436 vero
1602 2398 1690 2447 ea,
1723 2386 1942 2453 utpote,
1978 2401 2051 2439 an

444 2476 572 2531 qua
605 2468 865 2529 narrant,
899 2482 1033 2520 vera
1064 2466 1196 2533 sint,
1222 2468 1486 2524 dubitare
1513 2486 1655 2536 sese,
1700 2471 1941 2527 subinde
1964 2472 2050 2526 in-

440 2547 656 2617 dicans,
686 2567 791 2621 pro
813 2556 984 2607 certa
1012 2554 1467 2629 indubitataque
1511 2558 1645 2613 ﬁdei
1690 2559 2052 2615 documentis

440 2650 546 2690 nec
577 2637 821 2709 ipsemet
850 2640 1112 2697 habuisse
1144 2643 1387 2699 videtur.

507 2726 629 2780 674.
679 2727 911 2797 Verum,
945 2731 1050 2785 etsi
1073 2732 1130 2787 id
1161 2733 1241 2787 ita
1268 2734 1498 2802 habeat,
1550 2736 1913 2791 Landuinum
1960 2740 2046 2793 ta-

434 2812 594 2881 men,
627 2818 689 2869 ut
704 2817 922 2885 pariter
951 2818 1169 2875 ibidem
1201 2826 1420 2890 narrat,
1458 2839 1491 2877 a
1524 2823 1581 2879 S.
1617 2824 1884 2880 Brunone
1905 2826 2048 2880 ami-

430 2899 655 2957 cissime
679 2903 850 2960 fuisse
886 2911 1211 2977 exceptum,
1248 2927 1421 2965 nemo
1454 2915 1561 2978 est,
1596 2912 1691 2983 qui
1721 2917 1954 2968 revocet
1982 2914 2045 2967 in

429 2986 777 3058 dubium,uti
796 2993 1251 3051 etiamSanctum
1270 2997 1488 3053 interet
1517 2998 1680 3055 illum
1714 3000 1784 3055 de
1813 3000 2048 3056 Carthu-

430 3075 604 3132 siana
622 3079 749 3134 vita
769 3081 1031 3137 instituto
1052 3084 1226 3139 fuisse
1242 3089 1573 3141 tractatum.
1604 3087 1786 3143 Silent
1808 3089 2044 3160 quidem

428 3163 499 3220 de
548 3166 699 3224 hisce
758 3171 1065 3241 scriptores
1119 3174 1371 3246 antiqui;
1404 3192 1606 3231 verum
1650 3180 2042 3249 praterquam

427 3255 581 3325 quod
595 3256 825 3325 horum,
848 3263 911 3312 ut
926 3260 1136 3315 similia
1152 3263 1483 3331 credantur,
1503 3264 1903 3319 testimonium
1922 3283 2040 3320 non

423 3343 822 3413 requiratur,a
855 3345 1063 3402 Sancto
1086 3365 1219 3403 cum
1236 3350 1532 3405 Landuino
1558 3352 1628 3406 de
1653 3352 2040 3408 Carthusiensi

424 3427 683 3484 instituto
710 3432 993 3504 hujusque
1010 3434 1069 3489 in
1103 3435 1400 3490 Carthusia
1420 3440 1794 3494 sectatoribus
1823 3456 2040 3495 sermo-

424 3530 525 3570 nes
548 3516 776 3573 habitos
803 3520 993 3588 fuisse,
1028 3521 1204 3577 ﬁdem
1234 3522 1371 3577 facit
1384 3524 1511 3594 jam
1542 3525 1627 3579 bis
1652 3527 1882 3581 laudata
1914 3528 2039 3600 epi—

419 3603 567 3658 stola
590 3621 766 3678 quam
781 3624 887 3678 per
903 3613 1292 3665 revertentem
1312 3612 1386 3666 ad
1403 3612 1765 3669 Carthusiam
1793 3616 1942 3669 Laud
1953 3616 2035 3670 ui-

422 3708 564 3747 num
577 3694 735 3749 misit
750 3696 822 3751 ad
843 3697 1044 3752 suosin
1066 3698 1173 3753 hac
1189 3706 1620 3757 commorantes
1643 3703 2036 3774 discipulosJu

422 3797 490 3836 ea
520 3782 701 3851 enim,
730 3784 800 3839 de
822 3786 1091 3858 religiosa
1107 3788 1319 3844 horum
1344 3790 1488 3859 Vita,
1516 3791 1801 3863 diciplina
1819 3793 2032 3864 rigore,

415 3872 739 3944 sanctisque
767 3875 1027 3930 moribus
1042 3893 1162 3931 sese
1187 3879 1465 3933 nonnulla
1485 3896 1515 3933 e
1538 3880 1833 3934 Landuino
1865 3881 2033 3935 intel-

412 3957 612 4015 lexisse
643 3961 878 4029 indicat,
913 3966 974 4017 ut
1007 3980 1139 4018 eam
1170 3966 1450 4020 evolventi
1474 3970 1746 4037 patescct.
1782 3968 1893 4021 Nec
1924 3969 2031 4023 mi-

413 4062 521 4100 nus
541 4063 609 4101 ex
638 4048 843 4103 eadem
875 4051 1134 4121 patescit,
1170 4052 1534 4108 Landuinum
1582 4071 1615 4108 a
1647 4053 1708 4109 8.
1743 4056 2029 4124 Brunone,

415 4147 533 4186 non
564 4149 723 4188 secus
752 4140 924 4208 atque
976 4138 1440 4194 amantissimum
1476 4141 1659 4195 ﬁlium
1689 4160 1722 4197 a
1750 4147 1914 4214 patre
1943 4161 2033 4199 ex-

416 4223 648 4292 ceptum
698 4222 891 4279 fuisse.
935 4226 1017 4281 En
1050 4227 1242 4295 verba,
1279 4228 1488 4300 quaid
1524 4229 1896 4286 manifestum
1946 4232 2031 4288 fa-

2157 1842 2312 1915 quod
2343 1844 2494 1898 hunc
2520 1861 2624 1916 pro
2680 1846 2943 1917 legitimo
2977 1848 3181 1904 Christi
3216 1850 3275 1905 in
3335 1851 3501 1906 terris
3558 1853 3772 1908 vicario

2156 1932 2337 1986 nollet
2366 1950 2699 2004 agnoscere,
2733 1935 2789 1988 in
2820 1939 3036 1990 tetrum
3066 1954 3358 1993 carcerem
3389 1941 3772 2011 conjectus,in

2155 2036 2269 2092 quo
2300 2020 2492 2075 inedia
2504 2026 2876 2094 consumptus
2897 2025 3501 2099 occubuit.Pracipua,
3516 2045 3643 2100 qua
3658 2030 3772 2084 huc

2155 2112 2444 2178 spectant,
2501 2110 2825 2180 primorum
2866 2116 3113 2183 quatuor
3141 2114 3451 2170 Carthusia
3505 2118 3771 2187 priorum

2155 2196 2489 2269 chronologi
2513 2200 2703 2264 verba,
2729 2217 2900 2272 supra
2940 2202 3066 2271 jam
3094 2203 3353 2270 recitata,
3404 2205 3613 2260 iterum
3654 2206 3772 2261 huc

2155 2286 2495 2353 transcribo,
2526 2304 2639 2358 quo
2668 2304 2734 2341 ex
2754 2288 2842 2342 his
2872 2290 3124 2345 maxime
3156 2291 3479 2347 innotescat
3511 2297 3767 2364 tempus,

2154 2389 2265 2444 quo
2293 2373 2519 2427 circiter
2543 2375 2669 2429 etS.
2691 2376 2878 2431 Bruno
2889 2377 3016 2447 jam
3048 2384 3434 2435 memoratam
3461 2381 3769 2452 epistolam

2153 2453 2460 2534 scripserit,
2493 2466 2550 2517 et
2575 2464 2903 2519 Landuinus
2929 2484 3059 2521 eum
3086 2467 3144 2521 in
3176 2468 3450 2523 Calabria
3466 2486 3663 2525 eremo
3680 2470 3770 2525 in-

2150 2549 2361 2617 viserit,
2395 2556 2637 2623 postque
2664 2571 2694 2607 a
2724 2554 2979 2609 Guiberti
3009 2556 3233 2610 asseclis
3261 2560 3459 2627 captus
3490 2557 3645 2613 diem
3666 2575 3766 2613 ex-

2149 2641 2425 2707 tremum,
2475 2641 2685 2696 eximio
2699 2644 2870 2713 plane
2912 2643 2970 2697 in
2989 2645 3188 2699 sedem
3219 2647 3593 2716 apostolicam
3623 2647 3766 2702 ﬁdei

2147 2729 2345 2783 relicto
2401 2732 2686 2801 exemplo,
2718 2731 2777 2785 in
2834 2748 3060 2787 carcere
3114 2735 3399 2789 clauserit.
3451 2728 3608 2790 Hunc
3657 2737 3768 2791 ita—

2147 2834 2257 2890 que
2289 2818 2532 2889 scriptor
2564 2820 2657 2874 ille
2696 2819 2766 2874 de
2800 2820 3095 2877 Landuino
3120 2823 3431 2878 scribidtin
3476 2824 3716 2880 modum
3746 2844 3762 2881 :

2148 2907 2387 2961 «lncidit
2402 2908 2454 2960 in
2472 2908 2942 2963 manusGuiberti
2959 2911 3492 2984 schismatici,quod
3508 2915 3762 2969 multum

2144 2993 2440 3049 horrebat.
2473 2995 2756 3051 Adversus
2793 2998 2952 3068 cujus
2982 2998 3169 3053 minas
3222 3003 3279 3054 et
3315 3001 3756 3072 promissiones,

2144 3081 2305 3135 dolos
2335 3085 2393 3135 et
2420 3082 2742 3150 violentias,
2790 3084 2981 3140 divina
3028 3086 3271 3157 juvante
3305 3087 3512 3158 gratia,
3562 3088 3756 3142 modis

2145 3169 2412 3223 omnibus
2443 3172 2827 3241 perseveravit
2845 3172 3105 3228 intlexus.
3138 3175 3318 3238 Quem
3341 3175 3400 3228 in
3424 3192 3525 3230 suo
3548 3175 3760 3230 defun-

2144 3261 2300 3312 ctum
2320 3275 2514 3313 errore
2530 3260 2980 3331 lacrymabiliter
2994 3263 3236 3334 planxit,
3262 3264 3407 3319 adeo
3430 3268 3491 3318 ut
3513 3264 3762 3319 circum-

2142 3346 2422 3400 stantibus
2441 3352 2800 3417 argueretur,
2830 3350 2986 3419 quod
3006 3367 3139 3404 eum
3159 3351 3343 3417 ﬂeret,
3372 3369 3405 3405 a
3435 3352 3595 3421 cujus
3618 3368 3756 3423 per-

2139 3433 2404 3487 versitate
2436 3434 2742 3489 Ecclesiam
2764 3453 2927 3491 suam
2955 3437 3159 3493 Christi
3181 3439 3409 3494 bonitas
3432 3440 3755 3510 liberasset.

2140 3522 2272 3575 Post
2305 3522 2425 3592 ejus
2453 3522 2640 3577 obitus
2669 3525 2983 3595 septimum
3012 3527 3166 3581 diem
3190 3528 3367 3580 etiam
3402 3528 3523 3597 ipse
3550 3527 3758 3582 defun-

2138 3612 2259 3664 ctus
2289 3615 2395 3676 est,
2424 3610 2756 3682 positusque
2776 3612 2834 3666 in
2849 3616 3202 3670 monasterio
3230 3616 3286 3669 S.
3307 3616 3552 3670 Andrea
3566 3616 3639 3669 ad
3655 3632 3757 3687 pe-

2138 3698 2273 3752 dem
2307 3699 2520 3753 montis
2540 3698 2798 3771 Siraptis,
2828 3702 2917 3754 cui
2949 3702 3197 3756 vicinum
3232 3708 3317 3757 est
3347 3707 3619 3769 castrum,
3649 3704 3751 3758 ubi

2135 3788 2333 3858 captus
2365 3786 2421 3839 in
2472 3786 2729 3841 custodia
2779 3790 3100 3843 tenebatur.
3136 3812 3163 3838 η
3222 3792 3544 3845 Landuinus
3582 3807 3753 3863 ergo,

2136 3878 2217 3929 uti
2242 3875 2393 3928 hisce
2414 3874 2600 3929 verbis
2621 3875 2864 3947 scriptor
2880 3878 2994 3944 illc,
3023 3878 3135 3932 ﬁde
3172 3880 3366 3951 utique
3384 3897 3449 3935 ex
3479 3879 3642 3933 dictis
3662 3880 3755 3934 di-

2134 3964 2462 4037 gnissimus,
2492 3963 2883 4019 indubitatum
2898 3966 3053 4032 facit,
3073 3967 3318 4039 septimo
3349 3967 3753 4040 postGuiberti

2134 4052 2422 4123 antipapa
2456 4052 2679 4106 obitum
2705 4052 2794 4106 die
2819 4070 2848 4107 e
2870 4069 3121 4123 carcere,
3150 4056 3208 4110 in
3237 4072 3434 4128 quem,
3451 4056 3604 4128 quod
3622 4057 3755 4110 ale-

2133 4140 2321 4212 gitimi
2352 4141 2518 4210 Papa
2565 4140 2823 4211 partibus
2854 4141 3146 4197 discedere
3186 4160 3303 4199 non
3335 4145 3522 4211 vellet,
3554 4144 3753 4199 fuerat

2132 4229 2445 4299 conjectus,
2469 4228 2543 4282 ad
2576 4228 2891 4284 Dominum
2916 4231 3204 4301 migravit.

418 4309 597 4365 ciunt.
621 4333 648 4361 «
670 4312 1028 4381 Fratrem...,
1057 4316 1246 4388 inquit
1267 4316 1528 4384 Sanctus,
1556 4319 1905 4375 Landwinun
1935 4338 2033 4376 no-
2056 4390 2058 4394 ⁴

2204 4322 2327 4371 676.
2352 4317 2536 4381 Quam
2570 4318 2643 4370 ob
2664 4334 2812 4384 rem,
2854 4336 2984 4372 cum
3012 4320 3314 4375 Guibertus
3342 4322 3633 4393 antipapa,
3667 4320 3749 4375 ad

418 4396 639 4453 hiscum
673 4400 930 4457 detinere
958 4405 1108 4458 volui
1139 4409 1381 4477 prepter
1397 4424 1599 4478 graves
1626 4413 1683 4463 et
1704 4410 2033 4464 crebrasin-

414 4484 719 4541 ﬁrmitates
759 4494 1002 4558 nostras;
1030 4493 1131 4547 sed
1166 4494 1299 4565 quia
1326 4494 1431 4548 sibi
1462 4495 1601 4550 nihil
1627 4514 1855 4566 sanum,
1890 4498 2031 4553 nihil

406 4572 754 4644 jucundum,
801 4578 944 4633 nihil
968 4580 1133 4636 vitale
1166 4586 1224 4636 et
1250 4583 1388 4637 utile
1424 4583 1545 4638 sine
1577 4585 1738 4639 vobis
1778 4588 2027 4656 reputat,

416 4676 535 4715 non
585 4664 889 4736 acquievit,
949 4672 1275 4739 protestans
1330 4671 1472 4725 mihi
1528 4671 1585 4725 in
1640 4673 2028 4743 lacrymarum

302 4746 311 4755 ’
413 4747 575 4805 fonte
595 4768 698 4823 pro
713 4753 1214 4825 vobisemauante,
1239 4762 1297 4812 et
1326 4759 1580 4830 suspiriis
1609 4761 2029 4833 multis,quanti

416 4840 570 4911 apud
599 4857 734 4895 eum
751 4842 890 4910 sitis,
922 4848 979 4898 et
1007 4862 1182 4917 quam
1206 4847 1465 4918 perfecta
1491 4848 1769 4903 charitate
1789 4867 1886 4905 vos
1910 4850 2032 4904 dili-

415 4930 535 4998 gat.
572 4929 732 4985 Unde
759 4932 1118 4988 coactionem
1135 4936 1359 4989 nullam
1376 4936 1564 4992 facere
1590 4937 1839 5003 volui,ne
1864 4939 2033 4993 lade-

413 5031 541 5071 rem
572 5034 707 5072 eum
739 5023 839 5073 aut
866 5037 984 5089 vos,
1013 5038 1154 5093 quos
1168 5023 1535 5079 charissimos
1552 5041 1655 5097 pro
1688 5026 1895 5081 merito
1919 5027 2028 5081 vir-

412 5106 604 5161 tutum
630 5112 947 5164 vestrarum
984 5111 1190 5167 habeo.
1244 5133 1271 5162 ››
1307 5115 1389 5167 lta
1415 5112 1658 5169 Sanctus
1692 5131 1704 5169 :
1756 5114 1852 5186 qui
1895 5132 2029 5170 vero

416 5210 569 5249 nunc
598 5213 828 5252 summo
857 5214 1057 5254 amore
1084 5217 1148 5255 ac
1169 5201 1573 5256 benevolentia
1599 5218 1716 5256 non
1746 5202 2030 5276 excepisse

416 5282 728 5338 arbitretur
756 5285 940 5355 illum,
972 5305 1145 5359 quem
1163 5289 1318 5360 apud
1350 5306 1429 5357 se,
1458 5290 1723 5360 gravibus
1747 5291 1871 5361 jam
1898 5292 2032 5345 assi-

417 5369 655 5442 duisque
681 5372 823 5440 fere,
858 5379 920 5429 ut
946 5377 1119 5430 verba
1143 5377 1382 5432 recitata
1403 5377 1579 5432 ﬁdem
1607 5378 1843 5446 faciunt,
1877 5379 2032 5433 inﬁr-

418 5459 719 5516 mitatibus
746 5463 1165 5532 conﬂictatum,
1187 5468 1311 5520 tam
1342 5466 1589 5521 libenter
1642 5467 1979 5523 detinuisset
2002 5468 2030 5523 7

418 5545 635 5603 Verum
665 5550 1013 5621 Landuinus,
1039 5554 1168 5608 utut
1178 5553 1455 5612 benevole
1485 5556 1629 5612 adeo
1644 5572 1708 5611 ac
1721 5560 2030 5612 amantera

2132 4407 2205 4461 ad
2226 4423 2444 4461 annum
2473 4408 2607 4459 1100
2634 4406 2841 4476 Pagius
2869 4424 2930 4459 1n
2965 4407 3184 4462 Criticis
3214 4426 3280 4463 ex
3304 4410 3539 4480 Hugone
3562 4411 3747 4464 Flavi-

2132 4494 2385 4549 niacensi
2419 4493 2606 4559 docet,
2639 4510 2793 4548 anno
2818 4499 2833 4548 l
2854 4498 2972 4562 100,
2996 4497 3237 4551 concilio
3257 4498 3748 4569 Valentino,quod

2129 4583 2237 4636 hoc
2269 4582 2390 4652 ipso
2426 4596 2579 4635 anno
2616 4584 2670 4634 ll
2711 4582 2832 4635 Kal.
2894 4582 3172 4651 Octobris,
3204 4585 3261 4637 id
3307 4588 3413 4653 est,
3448 4585 3749 4657 trigesima

2131 4668 2487 4741 Septembris
2514 4667 2604 4721 die
2638 4666 2995 4735 inchoatum,
3050 4672 3322 4742 brevique
3348 4676 3480 4742 post
3512 4672 3745 4725 ﬁnitum

2130 4757 2257 4824 fuit,
2292 4758 2556 4824 durante,
2607 4756 2721 4809 vita
2775 4758 3002 4812 functus
3029 4759 3120 4824 sit,
3170 4776 3525 4832 consequens
3551 4764 3637 4814 est
3680 4763 3750 4814 ut

2133 4845 2479 4913 Landuinus,
2510 4850 2709 4918 utpote
2729 4847 2822 4918 qui
2844 4851 3065 4918 septem
3089 4847 3366 4903 duntaxat
3395 4848 3596 4903 diebus
3609 4847 3745 4902 Gui-

2130 4934 2294 4989 berto
2325 4934 2498 4990 fuerit
2523 4941 2829 5010 superstes,
2860 4952 3014 4991 anno
3043 4939 3198 5003 H00,
3256 4954 3457 4992 mense
3509 4936 3747 4991 Octobri

2132 5025 2605 5091 currente,vitam
2622 5026 2770 5079 hanc
2788 5024 3096 5079 mortalem
3110 5042 3240 5079 cum
3255 5025 3572 5080 immortali
3587 5042 3749 5080 com-

2132 5112 2391 5166 mutarit.
2408 5114 2679 5167 Attamen
2701 5112 3055 5179 Landuinus,
3079 5112 3750 5184 utieChronologico-di-

2129 5199 2442 5269 plomatica
2472 5200 2778 5256 Morkensii
2812 5201 2882 5255 de
2907 5200 2963 5255 S.
2990 5202 3256 5255 Brunone
3280 5202 3535 5256 Diatriba
3560 5201 3743 5270 disco,

2136 5292 2200 5344 14
2217 5289 2571 5362 Septembris
2585 5291 2812 5357 Obiisse,
2832 5289 2890 5343 in
2909 5290 3224 5345 Carthusia
3237 5291 3561 5362 Mcnologio
3580 5293 3749 5345 nota-

2130 5381 2241 5432 tur.
2279 5379 2345 5433 Et
2375 5395 2508 5433 vero
2540 5395 2671 5433 cum
2707 5379 2961 5450 Hugonis
2988 5379 3421 5434 Flaviniacensis
3470 5383 3675 5445 textus,
3708 5395 3746 5433 e

2131 5483 2244 5539 quo
2273 5471 2524 5541 tempus,
2541 5484 2654 5540 quo
2673 5468 2972 5523 Guibertus
2991 5468 3495 5543 pseudo-pontifex
3508 5468 3744 5537 obierit,

2132 5556 2259 5613 loco
2289 5557 2387 5612 cit.
2423 5557 2629 5629 Pagius
2685 5557 2907 5627 deﬁnit,
2942 5559 3127 5614 verbis
3154 5558 3329 5627 hisce,
3391 5579 3422 5613 ς
3448 5561 3512 5615 In
3554 5559 3744 5632 spatio
