4014 6052
301 339 408 404 417

1878 343 2059 401 ACTA

3519 363 3624 423 418

300 470 604 544 temporis,
637 488 752 545 quo
788 471 1195 530 Valentinense
1225 474 1579 530 celebratum
1612 474 1699 528 est
1718 470 1907 562 conci-
1931 474 1987 531 A
2011 488 2126 527 non
2150 472 2647 562 obiit,pragressi,
2672 479 2952 552 temporis
2964 478 3217 555 spatium
3229 485 3364 543 satis
3383 487 3625 562 longum

302 563 467 629 lium,
503 561 646 617 obiit
680 562 995 630 Wibertus,
1018 582 1049 614 δ
1085 563 1363 618 duntaxat
1404 566 1647 629 constet,
1696 561 1907 626 nescio,

303 668 379 706 an
402 651 563 721 Hugo
584 649 665 704 ita
686 654 937 721 nequeat
958 651 1223 722 intelligi,
1240 652 1643 717 ut,Wibertum
1667 668 1764 705 seu
1780 649 1912 703 Gui-

302 740 535 794 hertum
561 739 897 810 antipapam
930 756 999 794 eo
1031 740 1257 794 circiter
1270 744 1555 812 tempore,
1575 756 1688 811 quo
1706 739 1909 793 Valen-

302 828 529 882 tinense
546 828 899 881 celebratum
917 827 1023 881 fuit
1037 829 1366 896 concilium,
1383 845 1414 883 e
1437 828 1571 882 vivis
1592 826 1912 894 excessisse,

301 915 691 987 significatum
706 915 983 970 duntaxat
1007 917 1267 985 voluerit;
1290 916 1445 989 quod
1471 916 1515 970 si
1539 919 1733 970 autem
1754 916 1915 985 Hugo

301 1004 384 1058 ita
414 1006 588 1075 queat
626 1002 889 1075 intelligi,
923 1003 1259 1058 Guibertum
1286 1004 1535 1075 septima
1561 1001 1918 1074 Septembris

304 1092 418 1158 die,
434 1108 549 1163 quo
570 1091 814 1164 scriptor
836 1091 929 1146 ille
951 1108 1083 1146 cum
1111 1093 1433 1163 Menologio
1452 1090 1837 1147 Carthusiensi
1858 1089 1917 1144 in

303 1180 676 1235 concordiam
701 1180 1035 1247 adducatur,
1052 1180 1280 1247 obiisse,
1305 1179 1415 1234 erit
1446 1177 1921 1235 dicendum.Utut

302 1269 397 1335 sit,
416 1271 639 1322 certum
656 1267 928 1339 equidem
950 1285 1014 1322 ex
1035 1267 1186 1323 dicto
1212 1268 1467 1340 Hugonis
1485 1265 1920 1322 Flaviniacensis

304 1359 464 1411 textu
494 1357 601 1423 est,
625 1355 963 1410 Guibertum
996 1356 1336 1428 antipapam
1369 1372 1434 1410 ac
1461 1355 1630 1426 proin
1663 1371 1729 1409 ex
1758 1353 1920 1408 dictis

305 1446 483 1499 etiam
510 1442 871 1498 Landuinum
895 1461 1048 1498 anno
1071 1447 1208 1498 1100
1221 1444 1451 1510 obiisse,
1482 1445 1918 1514 huncque,cum

304 1533 368 1588 id
395 1532 621 1599 accidit,
645 1532 1135 1602 adSeptembrem
1169 1535 1229 1587 ut
1256 1532 1567 1587 minimum
1600 1531 1770 1585 fuisse
1792 1546 1921 1602 pro-

306 1624 555 1676 vectum.
588 1622 716 1674 Jam
751 1637 907 1687 vero,
942 1638 1074 1674 cum
1106 1620 1163 1674 id
1201 1621 1280 1675 ita
1320 1621 1413 1686 sit,
1451 1636 1811 1691 consequens
1836 1621 1922 1672 est

309 1713 374 1764 ut
400 1712 554 1764 certe
585 1708 784 1776 serius,
818 1725 994 1780 quam
1044 1724 1201 1762 anno
1246 1711 1402 1775 1100,
1444 1724 1551 1762 nec
1589 1705 1921 1762 Landuinus

2010 561 2380 629 constituant,
2401 567 2460 618 ut
2481 582 2549 620 eo
2574 566 2905 624 Landuinus
2931 572 2988 626 S.
3019 573 3375 641 Brunonem,
3393 577 3450 631 in
3474 561 3629 635 Cala-

2012 648 2150 702 bria
2190 667 2385 705 eremo
2426 658 2770 722 versantem,
2812 658 3075 728 invisere,
3100 663 3432 734 aliquandiu
3478 668 3631 739 apud

2017 752 2150 790 eum
2166 740 2471 805 morari,ac
2484 742 2542 794 in
2560 744 2747 799 reditu
2765 745 2975 800 deinde
2989 749 3061 802 ad
3080 749 3440 807 Carthusiam
3455 771 3489 808 a
3505 754 3630 809 Gui-

2014 824 2177 879 berto
2202 830 2398 898 captus
2425 831 2598 902 atque
2623 831 2681 885 in
2703 849 2993 888 carcerem
3030 838 3323 908 conjectus
3351 840 3545 896 inedia
3570 842 3630 898 in

2015 913 2123 968 hoc
2154 914 2391 970 interire
2429 920 2699 988 potuerit,
2735 920 2972 976 dubium
3003 925 3145 979 mihi
3173 926 3492 983 admodum
3523 934 3628 999 est,

2017 1017 2249 1056 annone
2282 1006 2439 1070 1099,
2460 1022 2533 1060 an
2564 1010 2855 1079 sequentis
2872 1011 3037 1066 initio
3058 1013 3387 1070 Landuinus
3411 1018 3630 1074 Bruno-

2018 1106 2153 1144 nem
2182 1091 2456 1160 inviserit,
2480 1094 2815 1167 litterasque
2836 1099 2929 1152 hic
2943 1100 3013 1153 ad
3028 1101 3335 1171 primavos
3352 1121 3484 1160 suos
3496 1106 3630 1162 Car-

2018 1178 2221 1232 thusia
2261 1180 2570 1252 discipulos
2618 1200 2723 1255 per
2765 1186 2926 1240 illum
2958 1187 3168 1243 horum
3200 1191 3478 1261 priorem,
3512 1210 3547 1249 a
3572 1210 3634 1251 se

2020 1265 2353 1335 abeuntem,
2387 1269 2627 1325 miserit.
2665 1272 2908 1346 Quoquo
2931 1277 3107 1332 modo
3134 1276 3369 1334 interim
3408 1297 3500 1335 res
3528 1283 3631 1338 ha-

2018 1352 2529 1427 beat,eaequidem
2555 1362 2638 1414 vel
2656 1377 2810 1416 anno
2838 1366 2970 1418 1099
2985 1367 3068 1419 vel
3085 1367 3346 1435 proxime
3372 1370 3635 1441 sequenti

2020 1456 2084 1493 ac
2115 1442 2281 1513 proin
2321 1445 2497 1499 etiam
2529 1463 2648 1501 non
2682 1448 2865 1515 citius,
2898 1467 3073 1522 quam
3113 1468 3266 1507 anno
3302 1457 3458 1523 1099,
3486 1457 3639 1512 facta

2020 1545 2161 1596 esse,
2186 1531 2320 1585 satis
2350 1548 2416 1586 ex
2449 1533 2574 1604 jam
2598 1536 2760 1591 dictis
2792 1538 2976 1609 liquit.
3009 1541 3196 1611 Atque
3226 1541 3360 1596 hinc
3387 1548 3489 1611 est,
3519 1560 3638 1599 car-

2021 1635 2093 1673 ne
2125 1619 2197 1673 ab
2229 1620 2432 1675 ordine
2463 1623 2757 1692 chronico,
2797 1644 2971 1697 quem
3000 1633 3283 1699 quantum
3318 1631 3442 1685 fieri
3476 1649 3634 1688 com-

2021 1706 2194 1761 mode
2226 1711 2433 1778 potest,
2462 1709 2520 1763 in
2537 1711 2708 1766 rebus
2733 1714 2806 1767 ad
2828 1715 3106 1770 Sanctum
3132 1702 3523 1787 spectantibus
3542 1738 3633 1777 re-

309 1798 368 1854 S.
384 1799 737 1864 Brunonem,
750 1796 810 1851 in
827 1796 1131 1851 Turritana
1147 1795 1426 1851 Calabria
1443 1812 1640 1850 eremo
1660 1810 1924 1850 commo-
1947 1810 1996 1869 Β
2021 1796 2321 1850 censendis
2336 1798 2498 1868 sequi
2521 1800 2713 1865 statui,
2731 1799 3059 1871 detlectam,
3081 1820 3255 1875 agere
3271 1806 3379 1861 hoc
3397 1809 3521 1863 loco
3535 1825 3634 1865 vo-

306 1890 559 1953 rantem,
593 1884 868 1951 inviserit,
916 1900 1023 1939 nec
1069 1884 1161 1939 hic
1210 1901 1315 1956 per
1350 1884 1534 1949 illum,
1578 1901 1608 1939 e
1661 1880 1925 1937 Calabria

310 1973 671 2028 Carthusiam
702 1975 1085 2044 repetentem,
1112 1972 1413 2045 epistolam
1450 1974 1576 2044 plus
1600 1973 1777 2025 semel
1799 1971 1923 2041 jam

308 2064 698 2116 memoratam
723 2061 796 2115 ad
821 2061 1119 2132 religiosos
1145 2061 1315 2131 hujus
1340 2062 1626 2127 alumnos,
1654 2059 1925 2114 amantis-

309 2150 599 2221 simosque
627 2165 759 2204 suos
785 2148 1091 2220 discipulos
1120 2149 1357 2203 miserit.
1386 2148 1593 2203 Verum
1621 2165 1773 2203 anne
1803 2149 1925 2204 hac

311 2237 487 2292 etiam
519 2241 654 2292 ante
687 2236 959 2291 eumdem
993 2253 1214 2291 annum
1244 2239 1379 2291 1100
1412 2252 1527 2290 non
1562 2252 1804 2290 evenere
1829 2238 1857 2289 7

384 2328 506 2381 667.
555 2325 912 2380 Mabillonius
956 2325 1015 2379 in
1065 2324 1385 2379 Annalibus
1430 2323 1813 2378 Bcnedictinis
1854 2323 1927 2378 ad

312 2431 532 2470 annum
575 2416 731 2481 1099,
785 2430 947 2468 num.
990 2415 1110 2479 109,
1151 2412 1229 2467 sic
1278 2411 1512 2466 scribit:
1549 2431 1579 2463 «
1620 2412 1738 2467 Hoc
1772 2426 1926 2466 anno

313 2503 646 2558 Landuinus
658 2502 760 2571 Maj
772 2500 887 2556 oris
900 2500 1212 2555 Carthusia
1229 2500 1389 2570 prior
1407 2500 1481 2553 ad
1499 2500 1855 2565 Brunonem,
1870 2499 1928 2553 in

314 2590 576 2646 Calabria
603 2590 935 2661 degentem,
963 2588 1253 2661 profectus
1278 2591 1382 2655 est,
1403 2592 1526 2641 tum
1555 2590 1616 2641 ut
1638 2603 1769 2641 eum
1792 2587 1933 2641 invi-

314 2682 487 2745 seret,
502 2682 626 2732 tum
642 2681 703 2731 ut
724 2677 795 2731 de
810 2677 979 2731 variis
1007 2676 1249 2731 instituti
1273 2675 1359 2730 sui
1376 2675 1563 2730 dubiis
1585 2676 1927 2729 consuleret.

316 2767 447 2837 Ejus
472 2766 750 2821 adventus
779 2768 901 2819 tam
932 2767 1128 2835 gratus
1157 2763 1525 2834 acjucundus
1554 2763 1663 2817 fuit
1693 2778 1930 2817 venera-

316 2854 416 2910 bili
449 2852 625 2920 Patri,
649 2856 711 2907 ut
726 2869 861 2907 eum
880 2868 1075 2906 secum
1092 2851 1345 2906 retinere
1371 2851 1699 2906 tentaverit.
1718 2851 1931 2905 Verum

319 2959 436 2997 non
480 2941 611 2996 tulit
662 2940 994 2995 Landuinus
1024 2939 1234 2994 fratres
1264 2956 1414 3005 suos,
1447 2956 1590 3011 quos
1635 2938 1694 2993 in
1737 2936 1934 3009 Majori

319 3029 617 3085 Carthusia
626 3028 939 3101 reliquerat
949 3030 1007 3083 et
1019 3028 1090 3082 de
1105 3044 1205 3082 suo
1220 3028 1409 3082 reditu
1422 3027 1929 3093 certiorest‘ecerat,

2020 1883 2231 1937 luerim
2264 1888 2387 1938 tum
2433 1885 2504 1939 de
2546 1886 2827 1941 Landuini
2858 1889 2932 1943 ad
2972 1889 3249 1946 Sanctum
3280 1898 3545 1951 nostrum
3575 1896 3636 1952 in

2024 1970 2347 2025 Calabriam
2375 1988 2621 2040 accessu,
2653 1977 2777 2029 tum
2805 1976 2876 2031 de
2906 1977 3164 2048 epistola,
3185 1997 3381 2052 quam,
3405 1983 3638 2056 religio-

2024 2058 2099 2112 sis
2128 2059 2297 2129 hujus
2328 2060 2530 2114 incolis
2560 2062 2927 2131 tradendam,
2947 2064 3246 2121 Landuino
3277 2069 3511 2125 abeunti
3543 2071 3640 2126 Vir

2025 2150 2254 2202 sanctus
2276 2147 2452 2202 dedit.
2468 2149 2595 2203 Hac
2618 2165 2814 2221 porro,
2831 2154 3090 2222 quamvis
3110 2154 3408 2212 Landuino
3430 2159 3642 2214 reverti

2026 2234 2084 2288 in
2110 2234 2349 2289 Galliam
2371 2236 2528 2290 haud
2547 2236 2839 2309 obtigerit,
2863 2240 2934 2293 ad
2960 2257 3164 2296 eorum
3189 2245 3411 2313 tamen,
3436 2247 3642 2317 quibus

2028 2327 2153 2378 erat
2181 2324 2475 2396 inscripta,
2510 2341 2718 2379 manus
2745 2328 3027 2398 pervenit,
3058 2329 3103 2383 si
3137 2330 3399 2388 Historia
3427 2335 3643 2391 littera-

2028 2412 2129 2466 ria
2155 2411 2407 2467 Francia
2438 2412 2759 2485 Scriptores
2789 2418 2932 2470 tom.
2957 2418 3039 2484 IX,
3059 2434 3193 2490 pag.
3223 2422 3348 2487 249,
3376 2426 3529 2477 recte
3547 2439 3648 2479 no-

2029 2502 2173 2554 tent.
2207 2501 2275 2554 Et
2298 2518 2438 2555 sane
2460 2505 2615 2556 recte
2646 2519 2745 2557 eos
2766 2507 2990 2572 notare,
3020 2507 3343 2563 verosimile
3373 2526 3440 2564 ex
3467 2527 3536 2566 eo
3570 2512 3647 2565 vi-

2032 2587 2222 2656 detur,
2248 2590 2403 2660 quod
2432 2590 2748 2661 pretiosum
2778 2592 2918 2647 illud
2944 2600 3394 2652 monumentum
3422 2599 3494 2654 ad
3520 2615 3648 2672 pos-

2030 2679 2184 2731 teros
2227 2678 2575 2748 pervenerit.
2614 2679 2913 2752 [ntegrum
2965 2681 3023 2736 id
3064 2684 3222 2754 cujus
3266 2686 3407 2741 duas
3454 2690 3648 2758 partes

2033 2764 2310 2819 duntaxat
2333 2765 2687 2821 Mabillonius
2712 2767 2769 2821 in
2803 2769 3201 2826 Benedictinos
3224 2789 3332 2827 ase
3352 2778 3649 2831 contextos

2030 2853 2281 2907 Annales
2310 2852 2521 2919 intulit,
2555 2853 2748 2909 Sancti
2781 2856 2988 2927 Opera,
3025 2858 3277 2915 Colonia
3312 2862 3646 2933 Agrippina

2033 2956 2186 2995 anno
2223 2942 2349 2994 1611
2390 2956 2454 2994 ac
2484 2941 2694 2995 deinde
2728 2943 2939 2998 iterum
2985 2947 3120 3000 1640
3151 2963 3374 3016 excusa,
3402 2953 3546 3005 tom.
3578 2952 3650 3006 Ill

2034 3028 2515 3101 complectuntur,
2549 3028 2630 3083 uti
2652 3030 2828 3086 etiam
2854 3031 3082 3087 Suriani
3107 3034 3166 3088 in
3205 3035 3650 3093 concinnatama

321 3119 443 3190 ejus
459 3086 771 3189 prasentia
784 3121 842 3171 et
858 3115 1175 3172 directione
1196 3115 1617 3170 fraudari.Tam
1642 3116 1798 3187 justo
1813 3086 1934 3185 ejus
1960 3086 2009 3146 α
2035 3086 2198 3171 Surio
2226 3086 2513 3172 Brunonis
2528 3116 2716 3171 Vitam
2744 3086 3183 3176 Αηηοιειίρᾑξ,

323 3205 614 3279 proposito
647 3205 1015 3276 acquiescens
1046 3205 1217 3258 Pater
1243 3207 1491 3271 sanctus,
1515 3219 1648 3258 eum
1682 3220 1718 3258 a
1738 3220 1797 3258 se
1820 3202 1933 3257 dis-

320 3294 523 3349 cedere
542 3309 739 3365 passus
760 3296 866 3360 est,
890 3291 1037 3347 datis
1060 3290 1133 3346 ad
1153 3292 1359 3346 fratres
1381 3292 1482 3362 Maj
1493 3291 1608 3346 oris
1625 3290 1936 3346 Carthusia

319 3380 544 3446 litteris,
560 3396 807 3452 quarum
823 3379 1078 3452 priorem
1104 3383 1332 3450 partem
1348 3380 1460 3434 huc
1481 3378 1879 3435 aﬂ'errelubet.
1902 3400 1931 3429 »

317 3468 668 3525 Transcribit
705 3467 882 3523 modo
908 3467 1268 3523 Mabillonius
1297 3468 1554 3539 priorem
1584 3467 1932 3535 litterarum,

322 3573 464 3630 quas
492 3556 584 3611 hic
613 3558 925 3623 memorat,
958 3558 1211 3628 partem,
1242 3571 1310 3610 ae
1356 3555 1586 3622 deinde,
1628 3558 1935 3628 postquam

324 3646 524 3712 etiam,
549 3645 847 3700 nonnullis
886 3644 1260 3717 interpositis,
1293 3644 1673 3716 posteriorem
1707 3659 1935 3698 earum-

325 3734 459 3788 dem
486 3737 714 3806 partem
744 3732 1024 3799 recitavit,
1049 3733 1170 3802 subj
1183 3732 1373 3804 ungit:
1393 3754 1421 3781 «
1444 3732 1503 3787 in
1526 3732 1642 3786 fine
1661 3752 1687 3780 ››
1706 3732 1937 3801 (littera-

325 3838 457 3877 rum
485 3822 717 3889 scilicet,
740 3838 988 3893 quarum
1007 3821 1180 3875 verba
1194 3836 1311 3875 non
1330 3837 1511 3893 pauca
1525 3820 1583 3875 in
1599 3820 1752 3891 Opus
1772 3835 1939 3874 suum

327 3910 538 3981 intulit)
549 3933 575 3960 ι(
595 3913 835 3964 testatur
853 3909 948 3963 Vir
968 3912 1219 3973 sanctus,
1238 3908 1469 3962 unicum
1490 3908 1594 3962 sibi
1608 3912 1738 3980 post
1758 3909 1940 3962 Deum

328 4014 447 4052 esse
479 3997 825 4051 desiderium
848 4012 946 4051 eos
968 3996 1253 4049 revisendi
1274 3996 1533 4066 etprimo
1552 4012 1781 4068 quoque
1801 3999 1944 4049 tem-

332 4100 470 4155 pore
495 4101 553 4139 se
576 4084 632 4139 id
654 4100 829 4157 Opere
842 4087 1267 4149 exsecuturum,
1294 4083 1337 4136 si
1361 4083 1486 4137 ﬁeri
1514 4082 1709 4156 possit.
1740 4084 1813 4137 At
1842 4098 1942 4136 ne-

333 4188 442 4244 que
478 4173 729 4227 Brunoni
776 4172 978 4227 datum
1014 4174 1098 4226 est
1130 4171 1187 4225 in
1220 4170 1460 4224 Galliam
1494 4170 1725 4232 reverti,
1756 4186 1945 4241 neque

337 4260 651 4322 Landuino_
667 4260 790 4332 ipsi,
851 4260 947 4331 qui
986 4260 1044 4313 in
1086 4258 1276 4313 reditu
1304 4275 1337 4312 a
1365 4258 1635 4313 Guiberto
1675 4258 1949 4331 antipapa

2034 3204 2189 3259 hisce
2217 3205 2329 3259 huc
2351 3204 2685 3259 transferre.

2108 3294 2230 3347 679.
2266 3291 2355 3347 Sic
2388 3292 2563 3347 habet
2588 3309 2601 3347 :
2638 3315 2665 3343 ‹‹
2695 3292 2985 3350 Fratribus
3009 3296 3122 3352 suis
3152 3297 3316 3354 unice
3342 3298 3562 3356 dilectis
3590 3301 3651 3358 in

2038 3380 2257 3436 Christo
2288 3381 2351 3434 F.
2383 3381 2575 3436 Bruno
2602 3382 2848 3437 salutem
2888 3384 2949 3437 in
2988 3384 3246 3441 domino.
3284 3386 3526 3460 Cognito
3558 3405 3649 3445 ra-

2036 3467 2347 3535 tionabilis,
2378 3472 2435 3523 et
2464 3485 2596 3524 vere
2637 3470 2944 3525 laudanda
2976 3471 3288 3545 disciplina
3319 3480 3520 3532 vestra
3558 3477 3649 3533 in-

2038 3556 2268 3611 ﬂexibili
2300 3556 2517 3628 rigore,
2537 3573 2604 3611 ex
2635 3558 2839 3613 crebra
2868 3575 2933 3614 ac
2971 3560 3120 3615 dulci
3143 3563 3422 3619 relatione
3451 3566 3657 3622 beatis-

2040 3645 2168 3699 simi
2220 3644 2412 3698 fratris
2470 3646 2653 3699 nostri
2704 3646 3028 3717 Landouini
3076 3666 3089 3703 :
3136 3667 3242 3706 nec
3284 3669 3402 3707 non
3456 3655 3652 3710 audito

2040 3734 2237 3786 sancto
2269 3748 2469 3787 amore
2493 3737 2701 3800 vestro,
2747 3738 2805 3787 et
2844 3735 3149 3791 incessanti
3177 3740 3364 3794 studio
3393 3757 3533 3812 erga
3563 3758 3652 3810 ea,

2042 3834 2167 3889 qua
2200 3817 2545 3888 integritatis
2567 3821 2625 3871 et
2646 3819 2984 3887 honestatis,
3001 3826 3133 3876 sunt
3162 3826 3404 3880 exsultat
3427 3828 3657 3899 spiritus

2042 3922 2205 3961 meus
2229 3906 2287 3960 in
2319 3906 2586 3960 Domino.
2606 3906 2746 3960 Vere
2769 3907 2926 3960 enim
2959 3911 3175 3964 exsulto
3202 3915 3259 3965 et
3281 3912 3439 3967 feror
3458 3916 3516 3969 in
3540 3918 3659 3972 lau-

2044 3995 2179 4049 dem
2204 3998 2262 4049 et
2276 3995 2596 4066 gratiarum
2609 3995 2865 4050 actiones
2876 3997 3147 4066 Domino,
3167 4003 3223 4053 et
3236 4003 3432 4056 tamen
3455 4020 3654 4060 amare

2044 4082 2287 4153 suspiro.
2323 4082 2525 4137 Exulto
2559 4082 2816 4154 quidem,
2852 4087 2915 4138 ut
2939 4084 3161 4154 justum
3193 4091 3297 4156 est,
3328 4104 3434 4160 pro
3465 4092 3655 4148 incre-

2046 4175 2247 4225 mento
2271 4171 2503 4241 frugum
2522 4171 2797 4226 virtutum
2820 4177 3161 4243 vestrarum,
3176 4192 3270 4231 me
3283 4182 3475 4234 autem
3491 4180 3658 4237 doleo

2048 4263 2106 4314 et
2136 4259 2432 4326 erubesco,
2471 4258 2717 4313 inertem
2750 4263 2807 4314 et
2835 4262 3136 4317 socordem
3165 4265 3362 4335 jacere
3402 4268 3461 4322 in
3491 4270 3661 4327 sorde

335 4349 785 4420 comprehensus
813 4349 1167 4419 intlexusque
1184 4347 1255 4401 ad
1272 4347 1393 4417 ejus
1414 4346 1600 4400 minas
1620 4350 1678 4400 et
1701 4346 1948 4417 promis-
1966 4367 2021 4427 D
2049 4350 2418 4420 peccatorum
2470 4360 2758 4401 meorum.
2807 4350 3062 4405 Gaudete
3101 4368 3262 4423 ergo,
3306 4355 3514 4412 fratres
3543 4359 3661 4414 mei

336 4436 545 4504 siones,
579 4437 782 4491 tandiu
802 4436 860 4490 in
882 4453 1111 4491 carcere
1135 4436 1404 4489 detentus
1431 4438 1536 4502 est,
1565 4434 1756 4506 quoad
1777 4435 1948 4489 schis-

338 4526 579 4579 maticus
606 4528 891 4595 superstes
917 4524 1045 4591 fuit,
1071 4524 1286 4578 scilicet
1318 4540 1495 4595 usque
1520 4524 1593 4577 ad
1620 4539 1840 4576 annum
1863 4539 1949 4577 se-

338 4618 635 4686 quentem.
670 4634 697 4662 ››
735 4613 1088 4667 Existimavit
1124 4613 1319 4685 itaque
1366 4612 1743 4678 Mabillonius,
1796 4627 1949 4666 anno

342 4706 478 4758 1099
516 4707 573 4757 et
608 4702 974 4757 Landuinum
1008 4702 1081 4757 ad
1112 4701 1148 4757 S
1177 4703 1508 4756 Brunouem
1537 4701 1595 4754 in
1628 4700 1952 4755 Calabriam

340 4792 579 4859 venisse,
599 4795 676 4859 et,
697 4808 828 4846 cum
843 4791 980 4846 inde
1003 4791 1075 4846 ad
1100 4790 1461 4846 Carthusiam
1477 4789 1749 4860 Majorem
1770 4805 1955 4844 rever-

340 4883 579 4947 teretur,
608 4898 642 4935 a
675 4880 946 4935 Guiberto
983 4884 1215 4950 captum
1248 4882 1305 4932 et
1343 4878 1401 4931 in
1436 4893 1547 4931 cari
1568 4893 1729 4931 erem
1760 4879 1952 4948 conje-

340 4972 494 5023 ctum
524 4968 716 5034 fuisse;
733 4972 795 5022 ut
807 4968 950 5023 adeo
969 4984 999 5022 e
1015 4965 1468 5039 scriptorisillius
1489 4965 1764 5036 opinione
1777 4966 1953 5019 etiam

341 5057 567 5123 littera,
593 5072 695 5126 per
711 5056 1075 5111 Landuinum
1100 5055 1173 5110 ad
1188 5053 1503 5109 Carthusia
1523 5053 1747 5124 Majoris
1768 5055 1951 5107 alum-

342 5160 445 5198 nos
470 5161 505 5199 a
536 5147 733 5199 sancto
767 5144 973 5210 missa,
994 5145 1053 5198 in
1084 5158 1328 5215 quarum
1359 5142 1641 5211 epocham
1668 5141 1953 5213 pracipue

341 5231 431 5285 hic
461 5231 898 5303 inquirendum,
918 5247 1073 5286 anno
1100 5234 1233 5285 1099
1256 5229 1482 5299 scripta
1513 5228 1747 5283 fuerint.

412 5322 535 5375 678.
583 5319 794 5373 Verum
840 5336 970 5373 cum
1023 5318 1283 5372 laudatus
1329 5315 1686 5372 Mabillonius
1733 5316 1952 5370 nullam

341 5409 651 5481 plane,cur
681 5408 761 5461 ita
787 5406 1145 5470 existimarit,
1169 5405 1455 5459 rationem
1490 5404 1737 5458 adducat
1756 5404 1813 5457 in
1830 5420 1951 5459 me-

344 5497 528 5561 dium,
562 5494 815 5566 annique
850 5496 985 5547 1100
1037 5508 1263 5548 menses
1306 5496 1457 5558 octo,
1493 5508 1757 5546 mensem
1785 5492 1953 5564 hujus

345 5582 771 5659 Septembrem,
805 5583 937 5636 ante
969 5596 1143 5654 quem
1174 5596 1240 5635 ex
1268 5579 1431 5636 dictis
1451 5579 1780 5635 Landuinus
1800 5581 1952 5639 certe

2051 4434 2393 4501 charissimi,
2444 4451 2547 4507 pro
2598 4438 2751 4490 sorte
2784 4437 3157 4493 beatitudinis
3190 4446 3408 4511 vestra,
3453 4449 3511 4501 et
3556 4463 3663 4519 pro

2052 4525 2214 4594 larga
2245 4539 2423 4577 manu
2453 4523 2654 4594 gratia
2687 4524 2786 4578 Dei
2819 4524 2878 4577 in
2908 4541 3023 4579 vos.
3045 4527 3468 4603 Gaudete,quia
3485 4535 3664 4589 evasi-

2051 4612 2151 4665 stis
2175 4611 2507 4665 ﬂuctuantis
2528 4611 2730 4665 mundi
2764 4612 3112 4669 multimoda
3138 4618 3392 4687 pericula
3425 4626 3482 4675 et
3523 4639 3668 4677 nau-

2052 4699 2256 4771 fragia.
2284 4698 2563 4765 Gaudete,
2602 4699 2738 4769 quia
2768 4700 3024 4771 quietam
3054 4707 3112 4757 et
3142 4708 3326 4762 tutam
3355 4710 3664 4766 stationem

2054 4791 2253 4859 portus
2282 4786 2609 4841 secretioris
2632 4787 2978 4857 obtinuistis,
3014 4791 3088 4846 ad
3127 4809 3301 4864 quem
3331 4813 3463 4851 cum
3496 4800 3663 4854 multi

2052 4876 2246 4930 venire
2272 4874 2623 4941 desiderent,
2653 4877 2821 4930 multi
2847 4894 3078 4950 quoque
3106 4897 3224 4935 non
3264 4884 3419 4938 nullo
3451 4890 3662 4942 conatu

2054 4963 2434 5029 contendant,
2451 4979 2568 5016 non
2587 4965 2928 5034 perveniunt
2960 4969 3179 5021 tamen.
3193 4969 3347 5023 Multi
3366 4987 3497 5026 vero
3512 4976 3665 5045 post-

2055 5066 2231 5125 quam
2288 5048 2457 5120 potiti
2504 5049 2687 5117 fuere,
2735 5051 2944 5106 exclusi
2993 5057 3146 5120 sunt,
3193 5056 3468 5126 quoniam
3523 5060 3666 5116 nulli

2054 5155 2255 5194 eorum
2288 5139 2534 5209 desuper
2554 5154 2885 5194 concessum
2916 5144 3021 5194 est.

2126 5230 2249 5282 680.
2271 5250 2297 5277 «
2330 5226 2487 5294 ldeo,
2519 5227 2723 5280 fratres
2749 5228 2887 5293 mei,
2918 5231 3140 5282 certum
3167 5246 3232 5284 ac
3265 5232 3568 5301 probatum
3590 5238 3664 5292 sit

2053 5315 2230 5383 vobis,
2255 5315 2430 5386 quod,
2453 5314 2778 5386 quicunque
2809 5315 3047 5385 optabili
3067 5317 3176 5371 hoc
3206 5335 3338 5373 usus
3367 5324 3452 5375 est
3478 5323 3654 5393 bono,

2054 5405 2099 5458 si
2124 5419 2465 5475 quocunque
2497 5401 2671 5456 modo
2689 5401 2747 5456 id
2767 5402 3045 5470 amiserit,
3066 5421 3243 5477 usque
3273 5407 3331 5461 in
3353 5408 3532 5465 finem
3554 5413 3656 5468 do-

2051 5492 2212 5559 lebit,
2241 5491 2285 5544 si
2316 5489 2442 5561 quis
2470 5492 2778 5559 respectus,
2804 5489 2889 5543 vel
2920 5505 3055 5545 cura
3076 5493 3271 5548 salutis
3304 5495 3514 5553 anima
3541 5517 3657 5556 sua

2053 5579 2158 5637 sibi
2202 5578 2397 5635 fuerit.
2439 5578 2517 5632 De
2561 5576 2738 5645 vobis,
2778 5577 3158 5637 dilectissimis
3194 5581 3466 5641 fratribus
3514 5589 3657 5647 meis
