  <div class='ocr_page' id='page_1' title='image "/cluster/home/n/w/nwhite01/storage/ocr_20150623/152/hvd.32044054760103/215.png"; bbox 0 0 4066 6032; ppageno 0'>
   <div class='ocr_carea' id='block_1_1' title="bbox 406 294 512 352">
    <p class='ocr_par' dir='ltr' id='par_1_1' title="bbox 406 294 512 352">
     <span class='ocr_line' id='line_1_1' title="bbox 406 294 512 352; baseline -0.009 0"><span class='ocrx_word' id='word_1_1' title='bbox 406 294 512 352; x_wconf 71' lang='grc'>419</span> 
     </span>
    </p>
   </div>
   <div class='ocr_carea' id='block_1_2' title="bbox 1227 280 2834 372">
    <p class='ocr_par' dir='ltr' id='par_1_2' title="bbox 1227 280 2834 372">
     <span class='ocr_line' id='line_1_2' title="bbox 1227 280 2834 372; baseline -0.001 -31"><span class='ocrx_word' id='word_1_2' title='bbox 1227 285 1284 342; x_wconf 90' lang='lat' dir='ltr'>S.</span> <span class='ocrx_word' id='word_1_3' title='bbox 1313 284 1658 341; x_wconf 83' lang='lat' dir='ltr'>BRUNONIS</span> <span class='ocrx_word' id='word_1_4' title='bbox 1698 280 2328 372; x_wconf 68' lang='lat' dir='ltr'>CARTHUSIANORUM</span> <span class='ocrx_word' id='word_1_5' title='bbox 2364 281 2834 339; x_wconf 82' lang='lat' dir='ltr'>INSTITUTORIS</span> 
     </span>
    </p>
   </div>
   <div class='ocr_carea' id='block_1_3' title="bbox 3622 285 3731 340">
    <p class='ocr_par' dir='ltr' id='par_1_3' title="bbox 3622 285 3731 340">
     <span class='ocr_line' id='line_1_3' title="bbox 3622 285 3731 340; baseline 0 0"><span class='ocrx_word' id='word_1_6' title='bbox 3622 285 3731 340; x_wconf 81' lang='grc'>420</span> 
     </span>
    </p>
   </div>
   <div class='ocr_carea' id='block_1_4' title="bbox 410 406 3734 486">
    <p class='ocr_par' dir='ltr' id='par_1_4' title="bbox 410 406 3734 486">
     <span class='ocr_line' id='line_1_4' title="bbox 410 406 3734 486; baseline -0.004 -9"><span class='ocrx_word' id='word_1_7' title='bbox 410 419 587 486; x_wconf 87' lang='lat' dir='ltr'>laicis,</span> <span class='ocrx_word' id='word_1_8' title='bbox 620 414 746 472; x_wconf 91' lang='lat' dir='ltr'>dico</span> <span class='ocrx_word' id='word_1_9' title='bbox 770 430 784 470; x_wconf 88' lang='lat'><strong>:</strong></span> <span class='ocrx_word' id='word_1_10' title='bbox 808 412 1131 486; x_wconf 80' lang='lat' dir='ltr'>Magniﬁeat</span> <span class='ocrx_word' id='word_1_11' title='bbox 1155 410 1353 467; x_wconf 90' lang='lat' dir='ltr'>anima</span> <span class='ocrx_word' id='word_1_12' title='bbox 1381 427 1513 466; x_wconf 91' lang='lat' dir='ltr'>mea</span> <span class='ocrx_word' id='word_1_13' title='bbox 1534 406 2017 481; x_wconf 89' lang='lat' dir='ltr'>Dominum,quia</span> <span class='ocrx_word' id='word_1_14' title='bbox 2042 408 2098 467; x_wconf 82' lang='lat' dir='ltr'><strong>A</strong></span> <span class='ocrx_word' id='word_1_15' title='bbox 2120 427 2149 456; x_wconf 85' lang='lat'><strong>«</strong></span> <span class='ocrx_word' id='word_1_16' title='bbox 2182 423 2294 462; x_wconf 87' lang='lat' dir='ltr'>ma</span> <span class='ocrx_word' id='word_1_17' title='bbox 2319 407 2469 463; x_wconf 83' lang='lat' dir='ltr'>bene</span> <span class='ocrx_word' id='word_1_18' title='bbox 2500 410 2700 478; x_wconf 89' lang='lat' dir='ltr'>pasta,</span> <span class='ocrx_word' id='word_1_19' title='bbox 2742 407 2801 462; x_wconf 90' lang='lat' dir='ltr'>in</span> <span class='ocrx_word' id='word_1_20' title='bbox 2851 406 3207 464; x_wconf 79' lang='lat' dir='ltr'>abundantia</span> <span class='ocrx_word' id='word_1_21' title='bbox 3253 406 3570 464; x_wconf 85' lang='lat' dir='ltr'>dulcedinis</span> <span class='ocrx_word' id='word_1_22' title='bbox 3627 407 3734 465; x_wconf 89' lang='lat' dir='ltr'>Dei</span> 
     </span>
    </p>
   </div>
   <div class='ocr_carea' id='block_1_5' title="bbox 411 496 2017 581">
    <p class='ocr_par' dir='ltr' id='par_1_5' title="bbox 411 496 2017 581">
     <span class='ocr_line' id='line_1_5' title="bbox 411 496 2017 581; baseline -0.01 -15"><span class='ocrx_word' id='word_1_23' title='bbox 411 504 910 581; x_wconf 87' lang='lat' dir='ltr'>magnificentiam</span> <span class='ocrx_word' id='word_1_24' title='bbox 931 500 1336 557; x_wconf 91' lang='lat' dir='ltr'>misericordia</span> <span class='ocrx_word' id='word_1_25' title='bbox 1364 517 1477 554; x_wconf 86' lang='lat' dir='ltr'>sua</span> <span class='ocrx_word' id='word_1_26' title='bbox 1497 515 1668 572; x_wconf 87' lang='lat' dir='ltr'>super</span> <span class='ocrx_word' id='word_1_27' title='bbox 1678 515 1774 553; x_wconf 91' lang='lat' dir='ltr'>vos</span> <span class='ocrx_word' id='word_1_28' title='bbox 1789 496 2017 552; x_wconf 89' lang='lat' dir='ltr'>intueor</span> 
     </span>
    </p>
   </div>
   <div class='ocr_carea' id='block_1_6' title="bbox 412 585 2017 662">
    <p class='ocr_par' dir='ltr' id='par_1_6' title="bbox 412 585 2017 662">
     <span class='ocr_line' id='line_1_6' title="bbox 412 585 2017 662; baseline -0.01 -8"><span class='ocrx_word' id='word_1_29' title='bbox 412 597 727 655; x_wconf 90' lang='lat' dir='ltr'>secundum</span> <span class='ocrx_word' id='word_1_30' title='bbox 785 591 1215 647; x_wconf 89' lang='lat' dir='ltr'>intimationem</span> <span class='ocrx_word' id='word_1_31' title='bbox 1272 587 1477 662; x_wconf 83' lang='lat' dir='ltr'>prioris</span> <span class='ocrx_word' id='word_1_32' title='bbox 1514 587 1682 641; x_wconf 78' lang='lat' dir='ltr'>vestri</span> <span class='ocrx_word' id='word_1_33' title='bbox 1733 590 1791 641; x_wconf 92' lang='lat' dir='ltr'>et</span> <span class='ocrx_word' id='word_1_34' title='bbox 1835 585 2017 640; x_wconf 82' lang='lat' dir='ltr'>Patris</span> 
     </span>
    </p>
   </div>
   <div class='ocr_carea' id='block_1_7' title="bbox 413 675 2019 753">
    <p class='ocr_par' dir='ltr' id='par_1_7' title="bbox 413 675 2019 753">
     <span class='ocr_line' id='line_1_7' title="bbox 413 675 2019 753; baseline -0.01 -10"><span class='ocrx_word' id='word_1_35' title='bbox 413 683 815 750; x_wconf 80' lang='lat' dir='ltr'>amantissimi,</span> <span class='ocrx_word' id='word_1_36' title='bbox 838 681 934 753; x_wconf 89' lang='lat' dir='ltr'>qui</span> <span class='ocrx_word' id='word_1_37' title='bbox 960 682 1205 735; x_wconf 91' lang='lat' dir='ltr'>multum</span> <span class='ocrx_word' id='word_1_38' title='bbox 1225 678 1502 749; x_wconf 78' lang='lat' dir='ltr'>gloriatur</span> <span class='ocrx_word' id='word_1_39' title='bbox 1516 693 1621 748; x_wconf 89' lang='lat' dir='ltr'>pro</span> <span class='ocrx_word' id='word_1_40' title='bbox 1636 675 1794 730; x_wconf 81' lang='lat' dir='ltr'>vobis</span> <span class='ocrx_word' id='word_1_41' title='bbox 1815 678 1872 753; x_wconf 86' lang='lat' dir='ltr'>et</span> <span class='ocrx_word' id='word_1_42' title='bbox 1883 690 2019 745; x_wconf 87' lang='lat' dir='ltr'>gau-</span> 
     </span>
    </p>
   </div>
   <div class='ocr_carea' id='block_1_8' title="bbox 414 763 2019 839">
    <p class='ocr_par' dir='ltr' id='par_1_8' title="bbox 414 763 2019 839">
     <span class='ocr_line' id='line_1_8' title="bbox 414 763 2019 839; baseline -0.01 -7"><span class='ocrx_word' id='word_1_43' title='bbox 414 779 529 833; x_wconf 91' lang='lat' dir='ltr'>det.</span> <span class='ocrx_word' id='word_1_44' title='bbox 563 773 887 831; x_wconf 86' lang='lat' dir='ltr'>Gaudemus</span> <span class='ocrx_word' id='word_1_45' title='bbox 908 773 965 825; x_wconf 91' lang='lat' dir='ltr'>et</span> <span class='ocrx_word' id='word_1_46' title='bbox 984 786 1111 835; x_wconf 89' lang='lat' dir='ltr'>nos,</span> <span class='ocrx_word' id='word_1_47' title='bbox 1135 766 1410 839; x_wconf 87' lang='lat' dir='ltr'>quoniam</span> <span class='ocrx_word' id='word_1_48' title='bbox 1437 782 1567 819; x_wconf 90' lang='lat' dir='ltr'>cum</span> <span class='ocrx_word' id='word_1_49' title='bbox 1600 764 1850 819; x_wconf 88' lang='lat' dir='ltr'>scientia</span> <span class='ocrx_word' id='word_1_50' title='bbox 1870 763 2019 817; x_wconf 89' lang='lat' dir='ltr'>litte-</span> 
     </span>
    </p>
   </div>
   <div class='ocr_carea' id='block_1_9' title="bbox 410 850 2020 933">
    <p class='ocr_par' dir='ltr' id='par_1_9' title="bbox 410 850 2020 933">
     <span class='ocr_line' id='line_1_9' title="bbox 410 850 2020 933; baseline -0.011 -11"><span class='ocrx_word' id='word_1_51' title='bbox 410 882 607 922; x_wconf 90' lang='lat' dir='ltr'>rarum</span> <span class='ocrx_word' id='word_1_52' title='bbox 638 864 897 933; x_wconf 81' lang='lat' dir='ltr'>expertes</span> <span class='ocrx_word' id='word_1_53' title='bbox 917 859 1055 923; x_wconf 90' lang='lat' dir='ltr'>sitis,</span> <span class='ocrx_word' id='word_1_54' title='bbox 1078 860 1282 928; x_wconf 90' lang='lat' dir='ltr'>potens</span> <span class='ocrx_word' id='word_1_55' title='bbox 1307 858 1454 910; x_wconf 87' lang='lat' dir='ltr'>Deus</span> <span class='ocrx_word' id='word_1_56' title='bbox 1483 853 1664 926; x_wconf 78' lang='lat' dir='ltr'>digito</span> <span class='ocrx_word' id='word_1_57' title='bbox 1694 868 1797 907; x_wconf 91' lang='lat' dir='ltr'>suo</span> <span class='ocrx_word' id='word_1_58' title='bbox 1823 850 2020 906; x_wconf 90' lang='lat' dir='ltr'>inscri-</span> 
     </span>
    </p>
   </div>
   <div class='ocr_carea' id='block_1_10' title="bbox 412 940 2017 1012">
    <p class='ocr_par' dir='ltr' id='par_1_10' title="bbox 412 940 2017 1012">
     <span class='ocr_line' id='line_1_10' title="bbox 412 940 2017 1012; baseline -0.011 -2"><span class='ocrx_word' id='word_1_59' title='bbox 412 956 497 1011; x_wconf 85' lang='lat' dir='ltr'>bit</span> <span class='ocrx_word' id='word_1_60' title='bbox 518 955 575 1009; x_wconf 92' lang='lat' dir='ltr'>in</span> <span class='ocrx_word' id='word_1_61' title='bbox 601 950 865 1007; x_wconf 83' lang='lat' dir='ltr'>cordibus</span> <span class='ocrx_word' id='word_1_62' title='bbox 894 946 1113 1012; x_wconf 88' lang='lat' dir='ltr'>vestris,</span> <span class='ocrx_word' id='word_1_63' title='bbox 1146 961 1263 999; x_wconf 90' lang='lat' dir='ltr'>non</span> <span class='ocrx_word' id='word_1_64' title='bbox 1295 944 1480 998; x_wconf 89' lang='lat' dir='ltr'>solum</span> <span class='ocrx_word' id='word_1_65' title='bbox 1515 957 1800 1007; x_wconf 89' lang='lat' dir='ltr'>amorem,</span> <span class='ocrx_word' id='word_1_66' title='bbox 1834 940 1935 994; x_wconf 90' lang='lat' dir='ltr'>sed</span> <span class='ocrx_word' id='word_1_67' title='bbox 1960 942 2017 993; x_wconf 90' lang='lat' dir='ltr'>et</span> 
     </span>
    </p>
   </div>
   <div class='ocr_carea' id='block_1_11' title="bbox 410 1027 2012 1105">
    <p class='ocr_par' dir='ltr' id='par_1_11' title="bbox 410 1027 2012 1105">
     <span class='ocr_line' id='line_1_11' title="bbox 410 1027 2012 1105; baseline -0.012 -6"><span class='ocrx_word' id='word_1_68' title='bbox 410 1041 676 1099; x_wconf 84' lang='lat' dir='ltr'>notitiam</span> <span class='ocrx_word' id='word_1_69' title='bbox 711 1039 920 1093; x_wconf 86' lang='lat' dir='ltr'>sancta</span> <span class='ocrx_word' id='word_1_70' title='bbox 951 1033 1092 1105; x_wconf 84' lang='lat' dir='ltr'>legis</span> <span class='ocrx_word' id='word_1_71' title='bbox 1123 1049 1257 1089; x_wconf 88' lang='lat' dir='ltr'>sua.</span> <span class='ocrx_word' id='word_1_72' title='bbox 1290 1032 1472 1103; x_wconf 85' lang='lat' dir='ltr'>Opere</span> <span class='ocrx_word' id='word_1_73' title='bbox 1504 1030 1663 1085; x_wconf 91' lang='lat' dir='ltr'>enim</span> <span class='ocrx_word' id='word_1_74' title='bbox 1695 1027 2012 1094; x_wconf 88' lang='lat' dir='ltr'>ostenditis,</span> 
     </span>
    </p>
   </div>
   <div class='ocr_carea' id='block_1_12' title="bbox 410 1117 2014 1206">
    <p class='ocr_par' dir='ltr' id='par_1_12' title="bbox 410 1117 2014 1206">
     <span class='ocr_line' id='line_1_12' title="bbox 410 1117 2014 1206; baseline -0.011 -18"><span class='ocrx_word' id='word_1_75' title='bbox 410 1132 547 1206; x_wconf 87' lang='lat' dir='ltr'>quid</span> <span class='ocrx_word' id='word_1_76' title='bbox 576 1127 800 1193; x_wconf 88' lang='lat' dir='ltr'>amatis,</span> <span class='ocrx_word' id='word_1_77' title='bbox 831 1124 1035 1195; x_wconf 83' lang='lat' dir='ltr'>quidve</span> <span class='ocrx_word' id='word_1_78' title='bbox 1069 1122 1265 1177; x_wconf 86' lang='lat' dir='ltr'>nostis.</span> <span class='ocrx_word' id='word_1_79' title='bbox 1299 1121 1441 1175; x_wconf 85' lang='lat' dir='ltr'>Nam</span> <span class='ocrx_word' id='word_1_80' title='bbox 1468 1136 1599 1173; x_wconf 91' lang='lat' dir='ltr'>cum</span> <span class='ocrx_word' id='word_1_81' title='bbox 1623 1117 2014 1173; x_wconf 87' lang='lat' dir='ltr'>obedientiam</span> 
     </span>
    </p>
   </div>
   <div class='ocr_carea' id='block_1_13' title="bbox 406 1205 2013 1276">
    <p class='ocr_par' dir='ltr' id='par_1_13' title="bbox 406 1205 2013 1276">
     <span class='ocr_line' id='line_1_13' title="bbox 406 1205 2013 1276; baseline -0.012 0"><span class='ocrx_word' id='word_1_82' title='bbox 406 1205 604 1276; x_wconf 90' lang='lat' dir='ltr'>veram</span> <span class='ocrx_word' id='word_1_83' title='bbox 630 1233 761 1272; x_wconf 90' lang='lat' dir='ltr'>cum</span> <span class='ocrx_word' id='word_1_84' title='bbox 790 1213 952 1269; x_wconf 90' lang='lat' dir='ltr'>omni</span> <span class='ocrx_word' id='word_1_85' title='bbox 983 1213 1204 1266; x_wconf 88' lang='lat' dir='ltr'>cautela</span> <span class='ocrx_word' id='word_1_86' title='bbox 1236 1213 1292 1264; x_wconf 92' lang='lat' dir='ltr'>et</span> <span class='ocrx_word' id='word_1_87' title='bbox 1316 1208 1503 1263; x_wconf 87' lang='lat' dir='ltr'>studio</span> <span class='ocrx_word' id='word_1_88' title='bbox 1531 1205 1844 1261; x_wconf 87' lang='lat' dir='ltr'>observatis</span> <span class='ocrx_word' id='word_1_89' title='bbox 1867 1206 2013 1276; x_wconf 87' lang='lat' dir='ltr'>(qua</span> 
     </span>
    </p>
   </div>
   <div class='ocr_carea' id='block_1_14' title="bbox 407 1293 2016 1365">
    <p class='ocr_par' dir='ltr' id='par_1_14' title="bbox 407 1293 2016 1365">
     <span class='ocr_line' id='line_1_14' title="bbox 407 1293 2016 1365; baseline -0.012 -1"><span class='ocrx_word' id='word_1_90' title='bbox 407 1312 494 1365; x_wconf 90' lang='lat' dir='ltr'>est</span> <span class='ocrx_word' id='word_1_91' title='bbox 518 1303 801 1362; x_wconf 82' lang='lat' dir='ltr'>exsecutio</span> <span class='ocrx_word' id='word_1_92' title='bbox 832 1301 1241 1357; x_wconf 87' lang='lat' dir='ltr'>mandatorum</span> <span class='ocrx_word' id='word_1_93' title='bbox 1275 1297 1396 1363; x_wconf 90' lang='lat' dir='ltr'>Dei,</span> <span class='ocrx_word' id='word_1_94' title='bbox 1431 1299 1488 1350; x_wconf 87' lang='lat' dir='ltr'>et</span> <span class='ocrx_word' id='word_1_95' title='bbox 1515 1295 1705 1360; x_wconf 87' lang='lat' dir='ltr'>clavis,</span> <span class='ocrx_word' id='word_1_96' title='bbox 1738 1310 1802 1347; x_wconf 91' lang='lat' dir='ltr'>ae</span> <span class='ocrx_word' id='word_1_97' title='bbox 1829 1293 2016 1364; x_wconf 89' lang='lat' dir='ltr'>signa-</span> 
     </span>
    </p>
   </div>
   <div class='ocr_carea' id='block_1_15' title="bbox 407 1385 2013 1463">
    <p class='ocr_par' dir='ltr' id='par_1_15' title="bbox 407 1385 2013 1463">
     <span class='ocr_line' id='line_1_15' title="bbox 407 1385 2013 1463; baseline -0.012 -9"><span class='ocrx_word' id='word_1_98' title='bbox 407 1399 599 1454; x_wconf 91' lang='lat' dir='ltr'>culum</span> <span class='ocrx_word' id='word_1_99' title='bbox 631 1394 806 1450; x_wconf 87' lang='lat' dir='ltr'>totius</span> <span class='ocrx_word' id='word_1_100' title='bbox 833 1387 1143 1463; x_wconf 79' lang='lat' dir='ltr'>Spiritualis</span> <span class='ocrx_word' id='word_1_101' title='bbox 1180 1385 1513 1457; x_wconf 87' lang='lat' dir='ltr'>disciplina,</span> <span class='ocrx_word' id='word_1_102' title='bbox 1555 1399 1681 1455; x_wconf 87' lang='lat' dir='ltr'>qua</span> <span class='ocrx_word' id='word_1_103' title='bbox 1714 1398 2013 1452; x_wconf 87' lang='lat' dir='ltr'>nunquam</span> 
     </span>
    </p>
   </div>
   <div class='ocr_carea' id='block_1_16' title="bbox 411 1470 2012 1545">
    <p class='ocr_par' dir='ltr' id='par_1_16' title="bbox 411 1470 2012 1545">
     <span class='ocr_line' id='line_1_16' title="bbox 411 1470 2012 1545; baseline -0.014 -2"><span class='ocrx_word' id='word_1_104' title='bbox 411 1490 496 1543; x_wconf 91' lang='lat' dir='ltr'>est</span> <span class='ocrx_word' id='word_1_105' title='bbox 510 1485 631 1540; x_wconf 90' lang='lat' dir='ltr'>sine</span> <span class='ocrx_word' id='word_1_106' title='bbox 645 1483 827 1538; x_wconf 90' lang='lat' dir='ltr'>multa</span> <span class='ocrx_word' id='word_1_107' title='bbox 846 1477 1170 1533; x_wconf 88' lang='lat' dir='ltr'>humilitate</span> <span class='ocrx_word' id='word_1_108' title='bbox 1197 1478 1255 1529; x_wconf 90' lang='lat' dir='ltr'>et</span> <span class='ocrx_word' id='word_1_109' title='bbox 1275 1473 1506 1545; x_wconf 85' lang='lat' dir='ltr'>egregia</span> <span class='ocrx_word' id='word_1_110' title='bbox 1527 1470 1821 1542; x_wconf 86' lang='lat' dir='ltr'>patientia,</span> <span class='ocrx_word' id='word_1_111' title='bbox 1838 1486 2012 1540; x_wconf 89' lang='lat' dir='ltr'>quam</span> 
     </span>
    </p>
   </div>
   <div class='ocr_carea' id='block_1_17' title="bbox 409 1559 2011 1646">
    <p class='ocr_par' dir='ltr' id='par_1_17' title="bbox 409 1559 2011 1646">
     <span class='ocr_line' id='line_1_17' title="bbox 409 1559 2011 1646; baseline -0.012 -15"><span class='ocrx_word' id='word_1_112' title='bbox 409 1590 640 1646; x_wconf 89' lang='lat' dir='ltr'>semper</span> <span class='ocrx_word' id='word_1_113' title='bbox 660 1569 970 1624; x_wconf 90' lang='lat' dir='ltr'>comitatur</span> <span class='ocrx_word' id='word_1_114' title='bbox 998 1567 1184 1620; x_wconf 88' lang='lat' dir='ltr'>castus</span> <span class='ocrx_word' id='word_1_115' title='bbox 1205 1578 1369 1617; x_wconf 89' lang='lat' dir='ltr'>amor</span> <span class='ocrx_word' id='word_1_116' title='bbox 1380 1560 1612 1616; x_wconf 89' lang='lat' dir='ltr'>Domini</span> <span class='ocrx_word' id='word_1_117' title='bbox 1639 1562 1696 1613; x_wconf 92' lang='lat' dir='ltr'>et</span> <span class='ocrx_word' id='word_1_118' title='bbox 1725 1576 1859 1613; x_wconf 84' lang='lat' dir='ltr'>vera</span> <span class='ocrx_word' id='word_1_119' title='bbox 1879 1559 2011 1612; x_wconf 87' lang='lat' dir='ltr'>cha-</span> 
     </span>
    </p>
   </div>
   <div class='ocr_carea' id='block_1_18' title="bbox 408 1646 2012 1730">
    <p class='ocr_par' dir='ltr' id='par_1_18' title="bbox 408 1646 2012 1730">
     <span class='ocr_line' id='line_1_18' title="bbox 408 1646 2012 1730; baseline -0.012 -12"><span class='ocrx_word' id='word_1_120' title='bbox 408 1663 567 1730; x_wconf 87' lang='lat' dir='ltr'>ritas)</span> <span class='ocrx_word' id='word_1_121' title='bbox 602 1657 976 1714; x_wconf 89' lang='lat' dir='ltr'>manifestum</span> <span class='ocrx_word' id='word_1_122' title='bbox 1004 1655 1109 1719; x_wconf 92' lang='lat' dir='ltr'>est,</span> <span class='ocrx_word' id='word_1_123' title='bbox 1142 1668 1240 1706; x_wconf 90' lang='lat' dir='ltr'>vos</span> <span class='ocrx_word' id='word_1_124' title='bbox 1270 1649 1561 1720; x_wconf 85' lang='lat' dir='ltr'>sapienter</span> <span class='ocrx_word' id='word_1_125' title='bbox 1604 1649 1795 1718; x_wconf 86' lang='lat' dir='ltr'>legere</span> <span class='ocrx_word' id='word_1_126' title='bbox 1825 1646 2012 1717; x_wconf 89' lang='lat' dir='ltr'>ipsum</span> 
     </span>
    </p>
   </div>
   <div class='ocr_carea' id='block_1_19' title="bbox 2121 495 3733 569">
    <p class='ocr_par' dir='ltr' id='par_1_19' title="bbox 2121 495 3733 569">
     <span class='ocr_line' id='line_1_19' title="bbox 2121 495 3733 569; baseline 0.003 -22"><span class='ocrx_word' id='word_1_127' title='bbox 2121 517 2149 545; x_wconf 85' lang='lat'>«</span> <span class='ocrx_word' id='word_1_128' title='bbox 2176 495 2494 567; x_wconf 75' lang='lat' dir='ltr'>scripsistis,</span> <span class='ocrx_word' id='word_1_129' title='bbox 2529 499 2587 550; x_wconf 90' lang='lat' dir='ltr'>et</span> <span class='ocrx_word' id='word_1_130' title='bbox 2617 495 2762 550; x_wconf 89' lang='lat' dir='ltr'>sicut</span> <span class='ocrx_word' id='word_1_131' title='bbox 2791 496 2959 569; x_wconf 90' lang='lat' dir='ltr'>adipe</span> <span class='ocrx_word' id='word_1_132' title='bbox 2989 499 3047 552; x_wconf 91' lang='lat' dir='ltr'>et</span> <span class='ocrx_word' id='word_1_133' title='bbox 3071 496 3427 569; x_wconf 88' lang='lat' dir='ltr'>pinguedine</span> <span class='ocrx_word' id='word_1_134' title='bbox 3459 496 3733 569; x_wconf 88' lang='lat' dir='ltr'>spiritalis</span> 
     </span>
    </p>
   </div>
   <div class='ocr_carea' id='block_1_20' title="bbox 2119 584 3733 659">
    <p class='ocr_par' dir='ltr' id='par_1_20' title="bbox 2119 584 3733 659">
     <span class='ocr_line' id='line_1_20' title="bbox 2119 584 3733 659; baseline 0.002 -21"><span class='ocrx_word' id='word_1_135' title='bbox 2119 606 2145 633; x_wconf 93' lang='grc'>‹‹</span> <span class='ocrx_word' id='word_1_136' title='bbox 2176 584 2389 639; x_wconf 85' lang='lat' dir='ltr'>latitia</span> <span class='ocrx_word' id='word_1_137' title='bbox 2428 585 2619 639; x_wconf 88' lang='lat' dir='ltr'>fauces</span> <span class='ocrx_word' id='word_1_138' title='bbox 2669 601 2828 639; x_wconf 90' lang='lat' dir='ltr'>meas</span> <span class='ocrx_word' id='word_1_139' title='bbox 2866 585 3202 656; x_wconf 90' lang='lat' dir='ltr'>replevistis.</span> <span class='ocrx_word' id='word_1_140' title='bbox 3228 584 3432 640; x_wconf 91' lang='lat' dir='ltr'>Sermo</span> <span class='ocrx_word' id='word_1_141' title='bbox 3471 602 3733 659; x_wconf 87' lang='lat' dir='ltr'>namque</span> 
     </span>
    </p>
   </div>
   <div class='ocr_carea' id='block_1_21' title="bbox 2118 673 3730 747">
    <p class='ocr_par' dir='ltr' id='par_1_21' title="bbox 2118 673 3730 747">
     <span class='ocr_line' id='line_1_21' title="bbox 2118 673 3730 747; baseline 0.004 -26"><span class='ocrx_word' id='word_1_142' title='bbox 2118 694 2145 721; x_wconf 87' lang='grc'>‹‹</span> <span class='ocrx_word' id='word_1_143' title='bbox 2178 676 2365 727; x_wconf 87' lang='lat' dir='ltr'>vester</span> <span class='ocrx_word' id='word_1_144' title='bbox 2396 674 2524 728; x_wconf 90' lang='lat' dir='ltr'>talis</span> <span class='ocrx_word' id='word_1_145' title='bbox 2553 690 2670 728; x_wconf 85' lang='lat' dir='ltr'>non</span> <span class='ocrx_word' id='word_1_146' title='bbox 2694 676 2799 741; x_wconf 90' lang='lat' dir='ltr'>est,</span> <span class='ocrx_word' id='word_1_147' title='bbox 2825 673 2921 745; x_wconf 92' lang='lat' dir='ltr'>qui</span> <span class='ocrx_word' id='word_1_148' title='bbox 2936 673 3274 728; x_wconf 91' lang='lat' dir='ltr'>adulterinis</span> <span class='ocrx_word' id='word_1_149' title='bbox 3303 673 3509 728; x_wconf 88' lang='lat' dir='ltr'>formis</span> <span class='ocrx_word' id='word_1_150' title='bbox 3523 690 3730 747; x_wconf 85' lang='lat' dir='ltr'>super-</span> 
     </span>
    </p>
   </div>
   <div class='ocr_carea' id='block_1_22' title="bbox 2122 760 3730 834">
    <p class='ocr_par' dir='ltr' id='par_1_22' title="bbox 2122 760 3730 834">
     <span class='ocr_line' id='line_1_22' title="bbox 2122 760 3730 834; baseline 0.001 -20"><span class='ocrx_word' id='word_1_151' title='bbox 2122 782 2142 806; x_wconf 74' lang='grc' dir='ltr'><strong>α</strong></span> <span class='ocrx_word' id='word_1_152' title='bbox 2174 760 2418 816; x_wconf 89' lang='lat' dir='ltr'>inductis</span> <span class='ocrx_word' id='word_1_153' title='bbox 2443 762 2691 833; x_wconf 91' lang='lat' dir='ltr'>speciem</span> <span class='ocrx_word' id='word_1_154' title='bbox 2707 762 2934 834; x_wconf 89' lang='lat' dir='ltr'>pietatis</span> <span class='ocrx_word' id='word_1_155' title='bbox 2958 764 3356 833; x_wconf 85' lang='lat' dir='ltr'>reprasentet,</span> <span class='ocrx_word' id='word_1_156' title='bbox 3375 763 3433 815; x_wconf 91' lang='lat' dir='ltr'>et</span> <span class='ocrx_word' id='word_1_157' title='bbox 3451 761 3730 817; x_wconf 88' lang='lat' dir='ltr'>virtutem</span> 
     </span>
    </p>
   </div>
   <div class='ocr_carea' id='block_1_23' title="bbox 2118 850 3733 922">
    <p class='ocr_par' dir='ltr' id='par_1_23' title="bbox 2118 850 3733 922">
     <span class='ocr_line' id='line_1_23' title="bbox 2118 850 3733 922; baseline 0.001 -19"><span class='ocrx_word' id='word_1_158' title='bbox 2118 873 2143 898; x_wconf 83' lang='grc'>‹‹</span> <span class='ocrx_word' id='word_1_159' title='bbox 2174 850 2442 921; x_wconf 84' lang='lat' dir='ltr'>abneget.</span> <span class='ocrx_word' id='word_1_160' title='bbox 2468 851 2583 905; x_wconf 89' lang='lat' dir='ltr'>Hoc</span> <span class='ocrx_word' id='word_1_161' title='bbox 2621 850 2779 905; x_wconf 89' lang='lat' dir='ltr'>enim</span> <span class='ocrx_word' id='word_1_162' title='bbox 2816 850 3045 904; x_wconf 90' lang='lat' dir='ltr'>illorum</span> <span class='ocrx_word' id='word_1_163' title='bbox 3084 853 3188 917; x_wconf 91' lang='lat' dir='ltr'>est,</span> <span class='ocrx_word' id='word_1_164' title='bbox 3222 850 3318 922; x_wconf 89' lang='lat' dir='ltr'>qui</span> <span class='ocrx_word' id='word_1_165' title='bbox 3349 850 3406 903; x_wconf 88' lang='lat' dir='ltr'>in</span> <span class='ocrx_word' id='word_1_166' title='bbox 3438 851 3633 917; x_wconf 90' lang='lat' dir='ltr'>corde,</span> <span class='ocrx_word' id='word_1_167' title='bbox 3671 853 3733 904; x_wconf 89' lang='lat' dir='ltr'>et</span> 
     </span>
    </p>
   </div>
   <div class='ocr_carea' id='block_1_24' title="bbox 2117 938 3732 1011">
    <p class='ocr_par' dir='ltr' id='par_1_24' title="bbox 2117 938 3732 1011">
     <span class='ocr_line' id='line_1_24' title="bbox 2117 938 3732 1011; baseline 0.001 -20"><span class='ocrx_word' id='word_1_168' title='bbox 2117 960 2143 987; x_wconf 84' lang='lat'>«</span> <span class='ocrx_word' id='word_1_169' title='bbox 2173 939 2345 993; x_wconf 88' lang='lat' dir='ltr'>corde</span> <span class='ocrx_word' id='word_1_170' title='bbox 2374 941 2708 1010; x_wconf 74' lang='lat' dir='ltr'>loquuntur,</span> <span class='ocrx_word' id='word_1_171' title='bbox 2741 940 2827 993; x_wconf 91' lang='lat' dir='ltr'>vel</span> <span class='ocrx_word' id='word_1_172' title='bbox 2862 938 2957 1011; x_wconf 90' lang='lat' dir='ltr'>qui</span> <span class='ocrx_word' id='word_1_173' title='bbox 2985 939 3256 993; x_wconf 91' lang='lat' dir='ltr'>molliunt</span> <span class='ocrx_word' id='word_1_174' title='bbox 3275 955 3575 993; x_wconf 88' lang='lat' dir='ltr'>sermones</span> <span class='ocrx_word' id='word_1_175' title='bbox 3594 955 3732 993; x_wconf 91' lang='lat' dir='ltr'>suos</span> 
     </span>
    </p>
   </div>
   <div class='ocr_carea' id='block_1_25' title="bbox 2116 1027 3733 1099">
    <p class='ocr_par' dir='ltr' id='par_1_25' title="bbox 2116 1027 3733 1099">
     <span class='ocr_line' id='line_1_25' title="bbox 2116 1027 3733 1099; baseline 0.002 -21"><span class='ocrx_word' id='word_1_176' title='bbox 2116 1048 2141 1076; x_wconf 84' lang='lat'>«</span> <span class='ocrx_word' id='word_1_177' title='bbox 2176 1044 2347 1098; x_wconf 88' lang='lat' dir='ltr'>super</span> <span class='ocrx_word' id='word_1_178' title='bbox 2368 1028 2581 1095; x_wconf 90' lang='lat' dir='ltr'>oleum,</span> <span class='ocrx_word' id='word_1_179' title='bbox 2600 1043 2731 1081; x_wconf 91' lang='lat' dir='ltr'>cum</span> <span class='ocrx_word' id='word_1_180' title='bbox 2759 1027 2862 1099; x_wconf 90' lang='lat' dir='ltr'>ipsi</span> <span class='ocrx_word' id='word_1_181' title='bbox 2891 1027 3005 1081; x_wconf 90' lang='lat' dir='ltr'>sint</span> <span class='ocrx_word' id='word_1_182' title='bbox 3017 1028 3228 1099; x_wconf 83' lang='lat' dir='ltr'>jacula.</span> <span class='ocrx_word' id='word_1_183' title='bbox 3245 1028 3367 1082; x_wconf 86' lang='lat' dir='ltr'>Non</span> <span class='ocrx_word' id='word_1_184' title='bbox 3390 1030 3587 1081; x_wconf 90' lang='lat' dir='ltr'>autem</span> <span class='ocrx_word' id='word_1_185' title='bbox 3609 1043 3733 1081; x_wconf 87' lang='lat' dir='ltr'>ver-</span> 
     </span>
    </p>
   </div>
   <div class='ocr_carea' id='block_1_26' title="bbox 2117 1114 3728 1189">
    <p class='ocr_par' dir='ltr' id='par_1_26' title="bbox 2117 1114 3728 1189">
     <span class='ocr_line' id='line_1_26' title="bbox 2117 1114 3728 1189; baseline 0.001 -19"><span class='ocrx_word' id='word_1_186' title='bbox 2117 1138 2146 1166; x_wconf 89' lang='lat'><strong>«</strong></span> <span class='ocrx_word' id='word_1_187' title='bbox 2176 1116 2316 1170; x_wconf 72' lang='lat' dir='ltr'>bam</span> <span class='ocrx_word' id='word_1_188' title='bbox 2336 1114 2587 1171; x_wconf 88' lang='lat' dir='ltr'>vestrum</span> <span class='ocrx_word' id='word_1_189' title='bbox 2611 1117 2688 1171; x_wconf 88' lang='lat' dir='ltr'>sic</span> <span class='ocrx_word' id='word_1_190' title='bbox 2706 1116 3006 1183; x_wconf 90' lang='lat' dir='ltr'>insulsum,</span> <span class='ocrx_word' id='word_1_191' title='bbox 3031 1118 3130 1172; x_wconf 90' lang='lat' dir='ltr'>sed</span> <span class='ocrx_word' id='word_1_192' title='bbox 3153 1118 3353 1189; x_wconf 88' lang='lat' dir='ltr'>gratia</span> <span class='ocrx_word' id='word_1_193' title='bbox 3366 1117 3728 1188; x_wconf 87' lang='lat' dir='ltr'>plenitudine</span> 
     </span>
    </p>
   </div>
   <div class='ocr_carea' id='block_1_27' title="bbox 2114 1204 3730 1277">
    <p class='ocr_par' dir='ltr' id='par_1_27' title="bbox 2114 1204 3730 1277">
     <span class='ocr_line' id='line_1_27' title="bbox 2114 1204 3730 1277; baseline 0.001 -19"><span class='ocrx_word' id='word_1_194' title='bbox 2114 1227 2141 1252; x_wconf 87' lang='grc'><em>‹‹</em></span> <span class='ocrx_word' id='word_1_195' title='bbox 2175 1204 2565 1259; x_wconf 86' lang='lat' dir='ltr'>confortatum</span> <span class='ocrx_word' id='word_1_196' title='bbox 2589 1204 2804 1259; x_wconf 89' lang='lat' dir='ltr'>viscera</span> <span class='ocrx_word' id='word_1_197' title='bbox 2824 1206 3010 1277; x_wconf 87' lang='lat' dir='ltr'>replet</span> <span class='ocrx_word' id='word_1_198' title='bbox 3032 1204 3397 1273; x_wconf 87' lang='lat' dir='ltr'>Sanctorum,</span> <span class='ocrx_word' id='word_1_199' title='bbox 3422 1209 3532 1260; x_wconf 89' lang='lat' dir='ltr'>etc.</span> <span class='ocrx_word' id='word_1_200' title='bbox 3550 1228 3579 1253; x_wconf 84' lang='grc'>››</span> <span class='ocrx_word' id='word_1_201' title='bbox 3596 1206 3730 1259; x_wconf 88' lang='lat' dir='ltr'>Hac</span> 
     </span>
    </p>
   </div>
   <div class='ocr_carea' id='block_1_28' title="bbox 2114 1293 3727 1366">
    <p class='ocr_par' dir='ltr' id='par_1_28' title="bbox 2114 1293 3727 1366">
     <span class='ocr_line' id='line_1_28' title="bbox 2114 1293 3727 1366; baseline 0.001 -19"><span class='ocrx_word' id='word_1_202' title='bbox 2114 1294 2266 1347; x_wconf 87' lang='lat' dir='ltr'>Petri</span> <span class='ocrx_word' id='word_1_203' title='bbox 2292 1293 2645 1347; x_wconf 87' lang='lat' dir='ltr'>Venerabilis</span> <span class='ocrx_word' id='word_1_204' title='bbox 2674 1294 3013 1365; x_wconf 89' lang='lat' dir='ltr'>verba,qua</span> <span class='ocrx_word' id='word_1_205' title='bbox 3035 1295 3105 1349; x_wconf 91' lang='lat' dir='ltr'>de</span> <span class='ocrx_word' id='word_1_206' title='bbox 3133 1295 3393 1366; x_wconf 89' lang='lat' dir='ltr'>epistola,</span> <span class='ocrx_word' id='word_1_207' title='bbox 3411 1296 3727 1350; x_wconf 90' lang='lat' dir='ltr'>aBrunone</span> 
     </span>
    </p>
   </div>
   <div class='ocr_carea' id='block_1_29' title="bbox 2114 1380 3729 1455">
    <p class='ocr_par' dir='ltr' id='par_1_29' title="bbox 2114 1380 3729 1455">
     <span class='ocr_line' id='line_1_29' title="bbox 2114 1380 3729 1455; baseline 0.002 -21"><span class='ocrx_word' id='word_1_208' title='bbox 2114 1380 2186 1434; x_wconf 91' lang='lat' dir='ltr'>ad</span> <span class='ocrx_word' id='word_1_209' title='bbox 2219 1380 2529 1435; x_wconf 84' lang='lat' dir='ltr'>Carthusia</span> <span class='ocrx_word' id='word_1_210' title='bbox 2551 1380 2777 1450; x_wconf 86' lang='lat' dir='ltr'>Majoris</span> <span class='ocrx_word' id='word_1_211' title='bbox 2808 1382 3075 1436; x_wconf 89' lang='lat' dir='ltr'>alumnos</span> <span class='ocrx_word' id='word_1_212' title='bbox 3103 1382 3334 1453; x_wconf 88' lang='lat' dir='ltr'>scripta,</span> <span class='ocrx_word' id='word_1_213' title='bbox 3359 1383 3565 1437; x_wconf 91' lang='lat' dir='ltr'>merito</span> <span class='ocrx_word' id='word_1_214' title='bbox 3589 1399 3729 1455; x_wconf 87' lang='lat' dir='ltr'>pro-</span> 
     </span>
    </p>
   </div>
   <div class='ocr_carea' id='block_1_30' title="bbox 2114 1468 3731 1541">
    <p class='ocr_par' dir='ltr' id='par_1_30' title="bbox 2114 1468 3731 1541">
     <span class='ocr_line' id='line_1_30' title="bbox 2114 1468 3731 1541; baseline 0.002 -20"><span class='ocrx_word' id='word_1_215' title='bbox 2114 1468 2367 1522; x_wconf 90' lang='lat' dir='ltr'>nuntiari</span> <span class='ocrx_word' id='word_1_216' title='bbox 2400 1484 2564 1540; x_wconf 89' lang='lat' dir='ltr'>posse</span> <span class='ocrx_word' id='word_1_217' title='bbox 2601 1468 2876 1524; x_wconf 87' lang='lat' dir='ltr'>Surianus</span> <span class='ocrx_word' id='word_1_218' title='bbox 2909 1469 3183 1537; x_wconf 85' lang='lat' dir='ltr'>affirmat,</span> <span class='ocrx_word' id='word_1_219' title='bbox 3213 1487 3330 1525; x_wconf 84' lang='lat' dir='ltr'>non</span> <span class='ocrx_word' id='word_1_220' title='bbox 3363 1470 3576 1525; x_wconf 89' lang='lat' dir='ltr'>minori</span> <span class='ocrx_word' id='word_1_221' title='bbox 3594 1470 3731 1541; x_wconf 88' lang='lat' dir='ltr'>jure</span> 
     </span>
    </p>
   </div>
   <div class='ocr_carea' id='block_1_31' title="bbox 2111 1557 3732 1631">
    <p class='ocr_par' dir='ltr' id='par_1_31' title="bbox 2111 1557 3732 1631">
     <span class='ocr_line' id='line_1_31' title="bbox 2111 1557 3732 1631; baseline 0.002 -21"><span class='ocrx_word' id='word_1_222' title='bbox 2111 1557 2503 1628; x_wconf 90' lang='lat' dir='ltr'>pronuntiaris</span> <span class='ocrx_word' id='word_1_223' title='bbox 2515 1558 2585 1612; x_wconf 92' lang='lat' dir='ltr'>de</span> <span class='ocrx_word' id='word_1_224' title='bbox 2598 1559 2780 1612; x_wconf 91' lang='lat' dir='ltr'>altera</span> <span class='ocrx_word' id='word_1_225' title='bbox 2800 1557 3060 1630; x_wconf 90' lang='lat' dir='ltr'>epistola,</span> <span class='ocrx_word' id='word_1_226' title='bbox 3076 1576 3247 1631; x_wconf 89' lang='lat' dir='ltr'>supra</span> <span class='ocrx_word' id='word_1_227' title='bbox 3265 1560 3388 1631; x_wconf 90' lang='lat' dir='ltr'>jam</span> <span class='ocrx_word' id='word_1_228' title='bbox 3414 1559 3732 1629; x_wconf 86' lang='lat' dir='ltr'>sapissime</span> 
     </span>
    </p>
   </div>
   <div class='ocr_carea' id='block_1_32' title="bbox 2110 1645 3731 1720">
    <p class='ocr_par' dir='ltr' id='par_1_32' title="bbox 2110 1645 3731 1720">
     <span class='ocr_line' id='line_1_32' title="bbox 2110 1645 3731 1720; baseline 0.001 -22"><span class='ocrx_word' id='word_1_229' title='bbox 2110 1645 2363 1712; x_wconf 86' lang='lat' dir='ltr'>laudata,</span> <span class='ocrx_word' id='word_1_230' title='bbox 2396 1662 2510 1717; x_wconf 92' lang='lat' dir='ltr'>qua</span> <span class='ocrx_word' id='word_1_231' title='bbox 2529 1646 2623 1699; x_wconf 86' lang='lat' dir='ltr'>Vir</span> <span class='ocrx_word' id='word_1_232' title='bbox 2653 1649 2882 1701; x_wconf 89' lang='lat' dir='ltr'>sanctus</span> <span class='ocrx_word' id='word_1_233' title='bbox 2912 1647 3277 1720; x_wconf 83' lang='lat' dir='ltr'>Radulphum</span> <span class='ocrx_word' id='word_1_234' title='bbox 3308 1647 3581 1716; x_wconf 86' lang='lat' dir='ltr'>Viridem,</span> <span class='ocrx_word' id='word_1_235' title='bbox 3617 1647 3731 1701; x_wconf 80' lang='lat' dir='ltr'>Re-</span> 
     </span>
    </p>
   </div>
   <div class='ocr_carea' id='block_1_33' title="bbox 406 1709 3732 1808">
    <p class='ocr_par' dir='ltr' id='par_1_33' title="bbox 406 1709 3732 1808">
     <span class='ocr_line' id='line_1_33' title="bbox 406 1709 3732 1808; baseline -0.005 -1"><span class='ocrx_word' id='word_1_236' title='bbox 406 1709 659 1808; x_wconf 69' lang='lat' dir='ltr'>fruetiim</span> <span class='ocrx_word' id='word_1_237' title='bbox 687 1744 1087 1801; x_wconf 85' lang='lat' dir='ltr'>suavissimum</span> <span class='ocrx_word' id='word_1_238' title='bbox 1119 1744 1176 1795; x_wconf 93' lang='lat' dir='ltr'>et</span> <span class='ocrx_word' id='word_1_239' title='bbox 1204 1739 1403 1793; x_wconf 90' lang='lat' dir='ltr'>utilem</span> <span class='ocrx_word' id='word_1_240' title='bbox 1449 1736 1756 1808; x_wconf 88' lang='lat' dir='ltr'>Scriptura</span> <span class='ocrx_word' id='word_1_241' title='bbox 1788 1734 2011 1789; x_wconf 73' lang='lat' dir='ltr'>divina.</span> <span class='ocrx_word' id='word_1_242' title='bbox 2038 1709 2088 1767; x_wconf 83' lang='grc' dir='ltr'>Β</span> <span class='ocrx_word' id='word_1_243' title='bbox 2113 1734 2326 1788; x_wconf 90' lang='lat' dir='ltr'>mensis</span> <span class='ocrx_word' id='word_1_244' title='bbox 2350 1734 2600 1788; x_wconf 83' lang='lat' dir='ltr'>ecclesia</span> <span class='ocrx_word' id='word_1_245' title='bbox 2632 1734 3030 1807; x_wconf 89' lang='lat' dir='ltr'>prapositum,</span> <span class='ocrx_word' id='word_1_246' title='bbox 3052 1736 3122 1790; x_wconf 90' lang='lat' dir='ltr'>ad</span> <span class='ocrx_word' id='word_1_247' title='bbox 3150 1736 3284 1802; x_wconf 88' lang='lat' dir='ltr'>voti,</span> <span class='ocrx_word' id='word_1_248' title='bbox 3304 1736 3362 1790; x_wconf 93' lang='lat' dir='ltr'>in</span> <span class='ocrx_word' id='word_1_249' title='bbox 3377 1736 3732 1790; x_wconf 89' lang='lat' dir='ltr'>habitaolim</span> 
     </span>
    </p>
   </div>
   <div class='ocr_carea' id='block_1_34' title="bbox 406 1823 2014 1912">
    <p class='ocr_par' dir='ltr' id='par_1_34' title="bbox 406 1823 2014 1912">
     <span class='ocr_line' id='line_1_34' title="bbox 406 1823 2014 1912; baseline -0.013 -16"><span class='ocrx_word' id='word_1_250' title='bbox 406 1842 579 1912; x_wconf 88' lang='lat' dir='ltr'>Ergo,</span> <span class='ocrx_word' id='word_1_251' title='bbox 609 1838 816 1891; x_wconf 84' lang='lat' dir='ltr'>fratres</span> <span class='ocrx_word' id='word_1_252' title='bbox 842 1832 978 1899; x_wconf 90' lang='lat' dir='ltr'>mei,</span> <span class='ocrx_word' id='word_1_253' title='bbox 1012 1831 1351 1901; x_wconf 89' lang='lat' dir='ltr'>permanete</span> <span class='ocrx_word' id='word_1_254' title='bbox 1386 1826 1445 1880; x_wconf 89' lang='lat' dir='ltr'>in</span> <span class='ocrx_word' id='word_1_255' title='bbox 1473 1841 1565 1887; x_wconf 90' lang='lat' dir='ltr'>eo,</span> <span class='ocrx_word' id='word_1_256' title='bbox 1594 1823 1668 1878; x_wconf 90' lang='lat' dir='ltr'>ad</span> <span class='ocrx_word' id='word_1_257' title='bbox 1699 1823 1853 1895; x_wconf 89' lang='lat' dir='ltr'>quod</span> <span class='ocrx_word' id='word_1_258' title='bbox 1883 1838 2014 1912; x_wconf 85' lang='lat' dir='ltr'>per-</span> 
     </span>
    </p>
   </div>
   <div class='ocr_carea' id='block_1_35' title="bbox 405 1910 2014 1991">
    <p class='ocr_par' dir='ltr' id='par_1_35' title="bbox 405 1910 2014 1991">
     <span class='ocr_line' id='line_1_35' title="bbox 405 1910 2014 1991; baseline -0.013 -7"><span class='ocrx_word' id='word_1_259' title='bbox 405 1910 656 1991; x_wconf 82' lang='lat' dir='ltr'>venistis,</span> <span class='ocrx_word' id='word_1_260' title='bbox 680 1927 738 1979; x_wconf 88' lang='lat' dir='ltr'>et</span> <span class='ocrx_word' id='word_1_261' title='bbox 758 1920 1091 1977; x_wconf 90' lang='lat' dir='ltr'>morbidum</span> <span class='ocrx_word' id='word_1_262' title='bbox 1110 1932 1349 1988; x_wconf 88' lang='lat' dir='ltr'>gregem</span> <span class='ocrx_word' id='word_1_263' title='bbox 1371 1912 1759 1985; x_wconf 91' lang='lat' dir='ltr'>quorumdam</span> <span class='ocrx_word' id='word_1_264' title='bbox 1783 1910 2014 1966; x_wconf 84' lang='lat' dir='ltr'>vanissi-</span> 
     </span>
    </p>
   </div>
   <div class='ocr_carea' id='block_1_36' title="bbox 406 2000 2017 2076">
    <p class='ocr_par' dir='ltr' id='par_1_36' title="bbox 406 2000 2017 2076">
     <span class='ocr_line' id='line_1_36' title="bbox 406 2000 2017 2076; baseline -0.013 -3"><span class='ocrx_word' id='word_1_265' title='bbox 406 2031 639 2074; x_wconf 91' lang='lat' dir='ltr'>morum</span> <span class='ocrx_word' id='word_1_266' title='bbox 670 2011 948 2066; x_wconf 89' lang='lat' dir='ltr'>laicorum</span> <span class='ocrx_word' id='word_1_267' title='bbox 982 2011 1044 2062; x_wconf 92' lang='lat' dir='ltr'>ut</span> <span class='ocrx_word' id='word_1_268' title='bbox 1074 2008 1296 2076; x_wconf 90' lang='lat' dir='ltr'>pestem</span> <span class='ocrx_word' id='word_1_269' title='bbox 1344 2004 1537 2068; x_wconf 87' lang='lat' dir='ltr'>vitate,</span> <span class='ocrx_word' id='word_1_270' title='bbox 1590 2000 1685 2072; x_wconf 90' lang='lat' dir='ltr'>qui</span> <span class='ocrx_word' id='word_1_271' title='bbox 1732 2000 2017 2054; x_wconf 88' lang='lat' dir='ltr'>chartulas</span> 
     </span>
    </p>
   </div>
   <div class='ocr_carea' id='block_1_37' title="bbox 404 2088 2014 2162">
    <p class='ocr_par' dir='ltr' id='par_1_37' title="bbox 404 2088 2014 2162">
     <span class='ocr_line' id='line_1_37' title="bbox 404 2088 2014 2162; baseline -0.014 -1"><span class='ocrx_word' id='word_1_272' title='bbox 404 2122 533 2161; x_wconf 91' lang='lat' dir='ltr'>suas</span> <span class='ocrx_word' id='word_1_273' title='bbox 547 2099 962 2159; x_wconf 87' lang='lat' dir='ltr'>circumferunt</span> <span class='ocrx_word' id='word_1_274' title='bbox 976 2093 1363 2157; x_wconf 87' lang='lat' dir='ltr'>mussitantes,</span> <span class='ocrx_word' id='word_1_275' title='bbox 1380 2107 1506 2162; x_wconf 90' lang='lat' dir='ltr'>qua</span> <span class='ocrx_word' id='word_1_276' title='bbox 1525 2105 1642 2143; x_wconf 89' lang='lat' dir='ltr'>non</span> <span class='ocrx_word' id='word_1_277' title='bbox 1664 2088 2014 2159; x_wconf 88' lang='lat' dir='ltr'>intelligunt,</span> 
     </span>
    </p>
   </div>
   <div class='ocr_carea' id='block_1_38' title="bbox 405 2175 2013 2258">
    <p class='ocr_par' dir='ltr' id='par_1_38' title="bbox 405 2175 2013 2258">
     <span class='ocr_line' id='line_1_38' title="bbox 405 2175 2013 2258; baseline -0.012 -9"><span class='ocrx_word' id='word_1_278' title='bbox 405 2210 512 2250; x_wconf 90' lang='lat' dir='ltr'>nec</span> <span class='ocrx_word' id='word_1_279' title='bbox 558 2191 779 2254; x_wconf 89' lang='lat' dir='ltr'>amant,</span> <span class='ocrx_word' id='word_1_280' title='bbox 814 2185 1016 2258; x_wconf 88' lang='lat' dir='ltr'>quibus</span> <span class='ocrx_word' id='word_1_281' title='bbox 1062 2180 1249 2236; x_wconf 87' lang='lat' dir='ltr'>verbis</span> <span class='ocrx_word' id='word_1_282' title='bbox 1285 2182 1343 2234; x_wconf 91' lang='lat' dir='ltr'>et</span> <span class='ocrx_word' id='word_1_283' title='bbox 1383 2178 1546 2233; x_wconf 90' lang='lat' dir='ltr'>factis</span> <span class='ocrx_word' id='word_1_284' title='bbox 1593 2175 2013 2231; x_wconf 88' lang='lat' dir='ltr'>contradicunt.</span> 
     </span>
    </p>
   </div>
   <div class='ocr_carea' id='block_1_39' title="bbox 409 2262 2018 2347">
    <p class='ocr_par' dir='ltr' id='par_1_39' title="bbox 409 2262 2018 2347">
     <span class='ocr_line' id='line_1_39' title="bbox 409 2262 2018 2347; baseline -0.012 -11"><span class='ocrx_word' id='word_1_285' title='bbox 409 2279 516 2347; x_wconf 85' lang='lat' dir='ltr'>Qui</span> <span class='ocrx_word' id='word_1_286' title='bbox 538 2277 705 2334; x_wconf 89' lang='lat' dir='ltr'>otiosi</span> <span class='ocrx_word' id='word_1_287' title='bbox 736 2277 794 2329; x_wconf 89' lang='lat' dir='ltr'>et</span> <span class='ocrx_word' id='word_1_288' title='bbox 825 2269 1122 2345; x_wconf 80' lang='lat' dir='ltr'>gyrovagi,</span> <span class='ocrx_word' id='word_1_289' title='bbox 1141 2268 1426 2339; x_wconf 88' lang='lat' dir='ltr'>quotquot</span> <span class='ocrx_word' id='word_1_290' title='bbox 1456 2264 1623 2320; x_wconf 89' lang='lat' dir='ltr'>bonis</span> <span class='ocrx_word' id='word_1_291' title='bbox 1652 2268 1709 2318; x_wconf 89' lang='lat' dir='ltr'>et</span> <span class='ocrx_word' id='word_1_292' title='bbox 1738 2262 2018 2334; x_wconf 87' lang='lat' dir='ltr'>religiosis</span> 
     </span>
    </p>
   </div>
   <div class='ocr_carea' id='block_1_40' title="bbox 408 2351 2015 2432">
    <p class='ocr_par' dir='ltr' id='par_1_40' title="bbox 408 2351 2015 2432">
     <span class='ocr_line' id='line_1_40' title="bbox 408 2351 2015 2432; baseline -0.014 -7"><span class='ocrx_word' id='word_1_293' title='bbox 408 2367 738 2432; x_wconf 88' lang='lat' dir='ltr'>detrahunt,</span> <span class='ocrx_word' id='word_1_294' title='bbox 767 2365 825 2418; x_wconf 89' lang='lat' dir='ltr'>et</span> <span class='ocrx_word' id='word_1_295' title='bbox 855 2378 913 2416; x_wconf 88' lang='lat' dir='ltr'>se</span> <span class='ocrx_word' id='word_1_296' title='bbox 944 2360 1005 2414; x_wconf 91' lang='lat' dir='ltr'>in</span> <span class='ocrx_word' id='word_1_297' title='bbox 1034 2359 1143 2413; x_wconf 93' lang='lat' dir='ltr'>hoc</span> <span class='ocrx_word' id='word_1_298' title='bbox 1184 2353 1500 2411; x_wconf 88' lang='lat' dir='ltr'>laudabiles</span> <span class='ocrx_word' id='word_1_299' title='bbox 1536 2354 1763 2425; x_wconf 83' lang='lat' dir='ltr'>putant,</span> <span class='ocrx_word' id='word_1_300' title='bbox 1807 2351 1851 2405; x_wconf 93' lang='lat' dir='ltr'>si</span> <span class='ocrx_word' id='word_1_301' title='bbox 1894 2352 2015 2405; x_wconf 90' lang='lat' dir='ltr'>lau-</span> 
     </span>
    </p>
   </div>
   <div class='ocr_carea' id='block_1_41' title="bbox 407 2439 2018 2517">
    <p class='ocr_par' dir='ltr' id='par_1_41' title="bbox 407 2439 2018 2517">
     <span class='ocr_line' id='line_1_41' title="bbox 407 2439 2018 2517; baseline -0.013 -4"><span class='ocrx_word' id='word_1_302' title='bbox 407 2455 629 2514; x_wconf 91' lang='lat' dir='ltr'>dandos</span> <span class='ocrx_word' id='word_1_303' title='bbox 663 2447 1088 2515; x_wconf 85' lang='lat' dir='ltr'>infamaverint,</span> <span class='ocrx_word' id='word_1_304' title='bbox 1137 2444 1343 2517; x_wconf 88' lang='lat' dir='ltr'>quibus</span> <span class='ocrx_word' id='word_1_305' title='bbox 1386 2440 1717 2497; x_wconf 89' lang='lat' dir='ltr'>obedientia</span> <span class='ocrx_word' id='word_1_306' title='bbox 1746 2442 1803 2493; x_wconf 91' lang='lat' dir='ltr'>et</span> <span class='ocrx_word' id='word_1_307' title='bbox 1829 2439 2018 2494; x_wconf 91' lang='lat' dir='ltr'>omnis</span> 
     </span>
    </p>
   </div>
   <div class='ocr_carea' id='block_1_42' title="bbox 406 2538 1007 2615">
    <p class='ocr_par' dir='ltr' id='par_1_42' title="bbox 406 2538 1007 2615">
     <span class='ocr_line' id='line_1_42' title="bbox 406 2538 1007 2615; baseline -0.02 -14"><span class='ocrx_word' id='word_1_308' title='bbox 406 2542 707 2615; x_wconf 89' lang='lat' dir='ltr'>disciplina</span> <span class='ocrx_word' id='word_1_309' title='bbox 738 2538 869 2595; x_wconf 92' lang='lat' dir='ltr'>odio</span> <span class='ocrx_word' id='word_1_310' title='bbox 902 2538 1007 2591; x_wconf 91' lang='lat' dir='ltr'>est.</span> 
     </span>
    </p>
   </div>
   <div class='ocr_carea' id='block_1_43' title="bbox 475 2615 2017 2688">
    <p class='ocr_par' dir='ltr' id='par_1_43' title="bbox 475 2615 2017 2688">
     <span class='ocr_line' id='line_1_43' title="bbox 475 2615 2017 2688; baseline -0.013 1"><span class='ocrx_word' id='word_1_311' title='bbox 475 2636 570 2688; x_wconf 87' lang='grc'>681</span> <span class='ocrx_word' id='word_1_312' title='bbox 587 2654 633 2685; x_wconf 86' lang='grc'>.‹‹</span> <span class='ocrx_word' id='word_1_313' title='bbox 643 2631 901 2684; x_wconf 86' lang='lat' dir='ltr'>Fratrem</span> <span class='ocrx_word' id='word_1_314' title='bbox 916 2620 1427 2678; x_wconf 85' lang='lat' dir='ltr'>veroLandwinum</span> <span class='ocrx_word' id='word_1_315' title='bbox 1443 2617 1742 2673; x_wconf 89' lang='lat' dir='ltr'>nobiscum</span> <span class='ocrx_word' id='word_1_316' title='bbox 1759 2615 2017 2671; x_wconf 89' lang='lat' dir='ltr'>detinere</span> 
     </span>
    </p>
   </div>
   <div class='ocr_carea' id='block_1_44' title="bbox 403 2707 2013 2790">
    <p class='ocr_par' dir='ltr' id='par_1_44' title="bbox 403 2707 2013 2790">
     <span class='ocr_line' id='line_1_44' title="bbox 403 2707 2013 2790; baseline -0.012 -13"><span class='ocrx_word' id='word_1_317' title='bbox 403 2720 554 2779; x_wconf 90' lang='lat' dir='ltr'>volui</span> <span class='ocrx_word' id='word_1_318' title='bbox 582 2719 819 2790; x_wconf 87' lang='lat' dir='ltr'>propter</span> <span class='ocrx_word' id='word_1_319' title='bbox 830 2729 1031 2785; x_wconf 88' lang='lat' dir='ltr'>graves</span> <span class='ocrx_word' id='word_1_320' title='bbox 1047 2712 1105 2765; x_wconf 92' lang='lat' dir='ltr'>et</span> <span class='ocrx_word' id='word_1_321' title='bbox 1119 2710 1347 2784; x_wconf 85' lang='lat' dir='ltr'>crebras</span> <span class='ocrx_word' id='word_1_322' title='bbox 1371 2707 1737 2761; x_wconf 86' lang='lat' dir='ltr'>infirmitates</span> <span class='ocrx_word' id='word_1_323' title='bbox 1762 2707 2013 2760; x_wconf 91' lang='lat' dir='ltr'>nostras:</span> 
     </span>
    </p>
   </div>
   <div class='ocr_carea' id='block_1_45' title="bbox 403 2790 2017 2881">
    <p class='ocr_par' dir='ltr' id='par_1_45' title="bbox 403 2790 2017 2881">
     <span class='ocr_line' id='line_1_45' title="bbox 403 2790 2017 2881; baseline -0.014 -14"><span class='ocrx_word' id='word_1_324' title='bbox 403 2811 504 2867; x_wconf 91' lang='lat' dir='ltr'>sed</span> <span class='ocrx_word' id='word_1_325' title='bbox 533 2807 669 2881; x_wconf 89' lang='lat' dir='ltr'>quia</span> <span class='ocrx_word' id='word_1_326' title='bbox 689 2804 795 2860; x_wconf 87' lang='lat' dir='ltr'>sibi</span> <span class='ocrx_word' id='word_1_327' title='bbox 824 2800 964 2857; x_wconf 87' lang='lat' dir='ltr'>nihil</span> <span class='ocrx_word' id='word_1_328' title='bbox 998 2815 1226 2864; x_wconf 86' lang='lat' dir='ltr'>sanum,</span> <span class='ocrx_word' id='word_1_329' title='bbox 1251 2796 1391 2850; x_wconf 89' lang='lat' dir='ltr'>nihil</span> <span class='ocrx_word' id='word_1_330' title='bbox 1408 2794 1753 2865; x_wconf 87' lang='lat' dir='ltr'>jucundum,</span> <span class='ocrx_word' id='word_1_331' title='bbox 1780 2792 1921 2847; x_wconf 89' lang='lat' dir='ltr'>nihil</span> <span class='ocrx_word' id='word_1_332' title='bbox 1937 2790 2017 2881; x_wconf 41' lang='lat' dir='ltr'>vis</span> 
     </span>
    </p>
   </div>
   <div class='ocr_carea' id='block_1_46' title="bbox 402 2880 2020 2955">
    <p class='ocr_par' dir='ltr' id='par_1_46' title="bbox 402 2880 2020 2955">
     <span class='ocr_line' id='line_1_46' title="bbox 402 2880 2020 2955; baseline -0.014 0"><span class='ocrx_word' id='word_1_333' title='bbox 402 2901 515 2955; x_wconf 88' lang='lat' dir='ltr'>tale</span> <span class='ocrx_word' id='word_1_334' title='bbox 546 2880 605 2952; x_wconf 87' lang='lat' dir='ltr'>et</span> <span class='ocrx_word' id='word_1_335' title='bbox 634 2894 771 2949; x_wconf 89' lang='lat' dir='ltr'>utile</span> <span class='ocrx_word' id='word_1_336' title='bbox 804 2906 925 2946; x_wconf 90' lang='lat' dir='ltr'>esse</span> <span class='ocrx_word' id='word_1_337' title='bbox 967 2887 1087 2942; x_wconf 90' lang='lat' dir='ltr'>sine</span> <span class='ocrx_word' id='word_1_338' title='bbox 1117 2885 1279 2941; x_wconf 89' lang='lat' dir='ltr'>vobis</span> <span class='ocrx_word' id='word_1_339' title='bbox 1302 2886 1554 2955; x_wconf 88' lang='lat' dir='ltr'>reputat,</span> <span class='ocrx_word' id='word_1_340' title='bbox 1588 2899 1704 2937; x_wconf 90' lang='lat' dir='ltr'>non</span> <span class='ocrx_word' id='word_1_341' title='bbox 1738 2880 2020 2952; x_wconf 88' lang='lat' dir='ltr'>acquievit</span> 
     </span>
    </p>
   </div>
   <div class='ocr_carea' id='block_1_47' title="bbox 402 2969 2022 3061">
    <p class='ocr_par' dir='ltr' id='par_1_47' title="bbox 402 2969 2022 3061">
     <span class='ocr_line' id='line_1_47' title="bbox 402 2969 2022 3061; baseline -0.014 -18"><span class='ocrx_word' id='word_1_342' title='bbox 402 2986 725 3061; x_wconf 89' lang='lat' dir='ltr'>protestans</span> <span class='ocrx_word' id='word_1_343' title='bbox 739 2979 880 3035; x_wconf 93' lang='lat' dir='ltr'>mihi</span> <span class='ocrx_word' id='word_1_344' title='bbox 897 2977 956 3032; x_wconf 91' lang='lat' dir='ltr'>in</span> <span class='ocrx_word' id='word_1_345' title='bbox 976 2977 1363 3046; x_wconf 85' lang='lat' dir='ltr'>lacrymarum</span> <span class='ocrx_word' id='word_1_346' title='bbox 1390 2972 1550 3027; x_wconf 88' lang='lat' dir='ltr'>fonte</span> <span class='ocrx_word' id='word_1_347' title='bbox 1572 2987 1673 3041; x_wconf 91' lang='lat' dir='ltr'>pro</span> <span class='ocrx_word' id='word_1_348' title='bbox 1692 2969 2022 3061; x_wconf 20' lang='lat' dir='ltr'>vobisemal-</span> 
     </span>
    </p>
   </div>
   <div class='ocr_carea' id='block_1_48' title="bbox 403 3057 2021 3140">
    <p class='ocr_par' dir='ltr' id='par_1_48' title="bbox 403 3057 2021 3140">
     <span class='ocr_line' id='line_1_48' title="bbox 403 3057 2021 3140; baseline -0.014 -8"><span class='ocrx_word' id='word_1_349' title='bbox 403 3057 600 3140; x_wconf 73' lang='lat' dir='ltr'>hante,</span> <span class='ocrx_word' id='word_1_350' title='bbox 635 3076 693 3126; x_wconf 91' lang='lat' dir='ltr'>et</span> <span class='ocrx_word' id='word_1_351' title='bbox 722 3066 976 3139; x_wconf 89' lang='lat' dir='ltr'>suspiriis</span> <span class='ocrx_word' id='word_1_352' title='bbox 1003 3063 1217 3130; x_wconf 91' lang='lat' dir='ltr'>multis,</span> <span class='ocrx_word' id='word_1_353' title='bbox 1251 3060 1451 3134; x_wconf 90' lang='lat' dir='ltr'>quanti</span> <span class='ocrx_word' id='word_1_354' title='bbox 1477 3059 1628 3132; x_wconf 93' lang='lat' dir='ltr'>apud</span> <span class='ocrx_word' id='word_1_355' title='bbox 1657 3076 1792 3112; x_wconf 86' lang='lat' dir='ltr'>eum</span> <span class='ocrx_word' id='word_1_356' title='bbox 1820 3057 1939 3111; x_wconf 86' lang='lat' dir='ltr'>sitis</span> <span class='ocrx_word' id='word_1_357' title='bbox 1962 3057 2021 3111; x_wconf 92' lang='lat' dir='ltr'>et</span> 
     </span>
    </p>
   </div>
   <div class='ocr_carea' id='block_1_49' title="bbox 400 3147 2017 3238">
    <p class='ocr_par' dir='ltr' id='par_1_49' title="bbox 400 3147 2017 3238">
     <span class='ocr_line' id='line_1_49' title="bbox 400 3147 2017 3238; baseline -0.014 -18"><span class='ocrx_word' id='word_1_358' title='bbox 400 3179 576 3238; x_wconf 87' lang='lat' dir='ltr'>quam</span> <span class='ocrx_word' id='word_1_359' title='bbox 597 3159 851 3235; x_wconf 84' lang='lat' dir='ltr'>perfecta</span> <span class='ocrx_word' id='word_1_360' title='bbox 865 3154 1141 3211; x_wconf 89' lang='lat' dir='ltr'>charitate</span> <span class='ocrx_word' id='word_1_361' title='bbox 1154 3168 1250 3206; x_wconf 91' lang='lat' dir='ltr'>vos</span> <span class='ocrx_word' id='word_1_362' title='bbox 1263 3149 1573 3220; x_wconf 90' lang='lat' dir='ltr'>diligat.Un</span> <span class='ocrx_word' id='word_1_363' title='bbox 1581 3148 1650 3202; x_wconf 92' lang='lat' dir='ltr'>de</span> <span class='ocrx_word' id='word_1_364' title='bbox 1663 3147 2017 3203; x_wconf 89' lang='lat' dir='ltr'>coaciionem</span> 
     </span>
    </p>
   </div>
   <div class='ocr_carea' id='block_1_50' title="bbox 402 3238 2019 3308">
    <p class='ocr_par' dir='ltr' id='par_1_50' title="bbox 402 3238 2019 3308">
     <span class='ocr_line' id='line_1_50' title="bbox 402 3238 2019 3308; baseline -0.012 -1"><span class='ocrx_word' id='word_1_365' title='bbox 402 3252 623 3307; x_wconf 89' lang='lat' dir='ltr'>nullam</span> <span class='ocrx_word' id='word_1_366' title='bbox 653 3248 843 3302; x_wconf 87' lang='lat' dir='ltr'>facere</span> <span class='ocrx_word' id='word_1_367' title='bbox 856 3242 1030 3308; x_wconf 90' lang='lat' dir='ltr'>volui,</span> <span class='ocrx_word' id='word_1_368' title='bbox 1054 3256 1126 3294; x_wconf 91' lang='lat' dir='ltr'>ne</span> <span class='ocrx_word' id='word_1_369' title='bbox 1142 3239 1414 3293; x_wconf 88' lang='lat' dir='ltr'>laderem</span> <span class='ocrx_word' id='word_1_370' title='bbox 1442 3252 1598 3302; x_wconf 91' lang='lat' dir='ltr'>eum,</span> <span class='ocrx_word' id='word_1_371' title='bbox 1623 3238 1720 3289; x_wconf 90' lang='lat' dir='ltr'>aut</span> <span class='ocrx_word' id='word_1_372' title='bbox 1738 3252 1854 3300; x_wconf 90' lang='lat' dir='ltr'>vos,</span> <span class='ocrx_word' id='word_1_373' title='bbox 1875 3249 2019 3306; x_wconf 91' lang='lat' dir='ltr'>quos</span> 
     </span>
    </p>
   </div>
   <div class='ocr_carea' id='block_1_51' title="bbox 401 3322 2012 3403">
    <p class='ocr_par' dir='ltr' id='par_1_51' title="bbox 401 3322 2012 3403">
     <span class='ocr_line' id='line_1_51' title="bbox 401 3322 2012 3403; baseline -0.012 -8"><span class='ocrx_word' id='word_1_374' title='bbox 401 3336 767 3395; x_wconf 90' lang='lat' dir='ltr'>charissimos</span> <span class='ocrx_word' id='word_1_375' title='bbox 796 3348 901 3403; x_wconf 91' lang='lat' dir='ltr'>pro</span> <span class='ocrx_word' id='word_1_376' title='bbox 928 3327 1139 3383; x_wconf 90' lang='lat' dir='ltr'>merito</span> <span class='ocrx_word' id='word_1_377' title='bbox 1162 3326 1438 3379; x_wconf 90' lang='lat' dir='ltr'>virtutum</span> <span class='ocrx_word' id='word_1_378' title='bbox 1464 3326 1783 3378; x_wconf 90' lang='lat' dir='ltr'>vestrarum</span> <span class='ocrx_word' id='word_1_379' title='bbox 1803 3322 2012 3377; x_wconf 90' lang='lat' dir='ltr'>habeo.</span> 
     </span>
    </p>
   </div>
   <div class='ocr_carea' id='block_1_52' title="bbox 402 3411 2012 3498">
    <p class='ocr_par' dir='ltr' id='par_1_52' title="bbox 402 3411 2012 3498">
     <span class='ocr_line' id='line_1_52' title="bbox 402 3411 2012 3498; baseline -0.01 -15"><span class='ocrx_word' id='word_1_380' title='bbox 402 3426 767 3498; x_wconf 85' lang='lat' dir='ltr'>Quapropter</span> <span class='ocrx_word' id='word_1_381' title='bbox 807 3416 1229 3474; x_wconf 89' lang='lat' dir='ltr'>fraternitatem</span> <span class='ocrx_word' id='word_1_382' title='bbox 1266 3414 1512 3467; x_wconf 88' lang='lat' dir='ltr'>vestram</span> <span class='ocrx_word' id='word_1_383' title='bbox 1545 3411 1743 3466; x_wconf 90' lang='lat' dir='ltr'>sedulo</span> <span class='ocrx_word' id='word_1_384' title='bbox 1778 3427 2012 3479; x_wconf 88' lang='lat' dir='ltr'>moneo,</span> 
     </span>
    </p>
   </div>
   <div class='ocr_carea' id='block_1_53' title="bbox 367 3500 2010 3579">
    <p class='ocr_par' dir='ltr' id='par_1_53' title="bbox 367 3500 2010 3579">
     <span class='ocr_line' id='line_1_53' title="bbox 367 3500 2010 3579; baseline -0.013 -6"><span class='ocrx_word' id='word_1_385' title='bbox 367 3514 383 3520; x_wconf 79' lang='grc'><em>”</em></span> <span class='ocrx_word' id='word_1_386' title='bbox 400 3519 460 3573; x_wconf 91' lang='lat' dir='ltr'>et</span> <span class='ocrx_word' id='word_1_387' title='bbox 486 3511 765 3571; x_wconf 88' lang='lat' dir='ltr'>submisse</span> <span class='ocrx_word' id='word_1_388' title='bbox 815 3512 986 3579; x_wconf 90' lang='lat' dir='ltr'>atque</span> <span class='ocrx_word' id='word_1_389' title='bbox 1036 3502 1199 3557; x_wconf 90' lang='lat' dir='ltr'>unice</span> <span class='ocrx_word' id='word_1_390' title='bbox 1252 3516 1476 3573; x_wconf 89' lang='lat' dir='ltr'>precor,</span> <span class='ocrx_word' id='word_1_391' title='bbox 1530 3502 1593 3553; x_wconf 91' lang='lat' dir='ltr'>ut</span> <span class='ocrx_word' id='word_1_392' title='bbox 1645 3500 2010 3567; x_wconf 88' lang='lat' dir='ltr'>charitatem,</span> 
     </span>
    </p>
   </div>
   <div class='ocr_carea' id='block_1_54' title="bbox 403 3587 2010 3679">
    <p class='ocr_par' dir='ltr' id='par_1_54' title="bbox 403 3587 2010 3679">
     <span class='ocr_line' id='line_1_54' title="bbox 403 3587 2010 3679; baseline -0.012 -20"><span class='ocrx_word' id='word_1_393' title='bbox 403 3619 578 3679; x_wconf 88' lang='lat' dir='ltr'>quam</span> <span class='ocrx_word' id='word_1_394' title='bbox 605 3598 778 3655; x_wconf 92' lang='lat' dir='ltr'>corde</span> <span class='ocrx_word' id='word_1_395' title='bbox 808 3592 1059 3669; x_wconf 90' lang='lat' dir='ltr'>gestatis,</span> <span class='ocrx_word' id='word_1_396' title='bbox 1102 3588 1465 3646; x_wconf 85' lang='lat' dir='ltr'>exsecutione</span> <span class='ocrx_word' id='word_1_397' title='bbox 1498 3587 1687 3658; x_wconf 91' lang='lat' dir='ltr'>operis</span> <span class='ocrx_word' id='word_1_398' title='bbox 1712 3588 1769 3641; x_wconf 91' lang='lat' dir='ltr'>in</span> <span class='ocrx_word' id='word_1_399' title='bbox 1800 3587 2010 3661; x_wconf 90' lang='lat' dir='ltr'>ipsum,</span> 
     </span>
    </p>
   </div>
   <div class='ocr_carea' id='block_1_55' title="bbox 401 3675 2011 3764">
    <p class='ocr_par' dir='ltr' id='par_1_55' title="bbox 401 3675 2011 3764">
     <span class='ocr_line' id='line_1_55' title="bbox 401 3675 2011 3764; baseline -0.012 -16"><span class='ocrx_word' id='word_1_400' title='bbox 401 3675 600 3764; x_wconf 76' lang='lat' dir='ltr'>utpote</span> <span class='ocrx_word' id='word_1_401' title='bbox 620 3689 678 3743; x_wconf 89' lang='lat' dir='ltr'>in</span> <span class='ocrx_word' id='word_1_402' title='bbox 700 3686 958 3760; x_wconf 90' lang='lat' dir='ltr'>priorem</span> <span class='ocrx_word' id='word_1_403' title='bbox 975 3684 1033 3736; x_wconf 92' lang='lat' dir='ltr'>et</span> <span class='ocrx_word' id='word_1_404' title='bbox 1052 3681 1282 3735; x_wconf 86' lang='lat' dir='ltr'>Patrem</span> <span class='ocrx_word' id='word_1_405' title='bbox 1310 3679 1561 3731; x_wconf 87' lang='lat' dir='ltr'>vestrum</span> <span class='ocrx_word' id='word_1_406' title='bbox 1589 3675 2011 3744; x_wconf 88' lang='lat' dir='ltr'>charissimum,</span> 
     </span>
    </p>
   </div>
   <div class='ocr_carea' id='block_1_56' title="bbox 402 3764 2015 3843">
    <p class='ocr_par' dir='ltr' id='par_1_56' title="bbox 402 3764 2015 3843">
     <span class='ocr_line' id='line_1_56' title="bbox 402 3764 2015 3843; baseline -0.011 -7"><span class='ocrx_word' id='word_1_407' title='bbox 402 3777 736 3841; x_wconf 82' lang='lat' dir='ltr'>ostendatis.</span> <span class='ocrx_word' id='word_1_408' title='bbox 769 3772 1021 3843; x_wconf 87' lang='lat' dir='ltr'>benigne</span> <span class='ocrx_word' id='word_1_409' title='bbox 1037 3771 1095 3824; x_wconf 92' lang='lat' dir='ltr'>et</span> <span class='ocrx_word' id='word_1_410' title='bbox 1115 3766 1349 3839; x_wconf 88' lang='lat' dir='ltr'>provide</span> <span class='ocrx_word' id='word_1_411' title='bbox 1363 3764 1872 3832; x_wconf 88' lang='lat' dir='ltr'>subministrando,</span> <span class='ocrx_word' id='word_1_412' title='bbox 1887 3780 2015 3836; x_wconf 87' lang='lat' dir='ltr'>qua</span> 
     </span>
    </p>
   </div>
   <div class='ocr_carea' id='block_1_57' title="bbox 400 3852 2010 3938">
    <p class='ocr_par' dir='ltr' id='par_1_57' title="bbox 400 3852 2010 3938">
     <span class='ocr_line' id='line_1_57' title="bbox 400 3852 2010 3938; baseline -0.012 -13"><span class='ocrx_word' id='word_1_413' title='bbox 400 3868 505 3924; x_wconf 88' lang='lat' dir='ltr'>sibi</span> <span class='ocrx_word' id='word_1_414' title='bbox 536 3883 640 3938; x_wconf 92' lang='lat' dir='ltr'>pro</span> <span class='ocrx_word' id='word_1_415' title='bbox 676 3859 1021 3920; x_wconf 88' lang='lat' dir='ltr'>multimoda</span> <span class='ocrx_word' id='word_1_416' title='bbox 1049 3854 1377 3910; x_wconf 87' lang='lat' dir='ltr'>valetudine</span> <span class='ocrx_word' id='word_1_417' title='bbox 1402 3870 1505 3907; x_wconf 89' lang='lat' dir='ltr'>sua</span> <span class='ocrx_word' id='word_1_418' title='bbox 1520 3852 1839 3908; x_wconf 89' lang='lat' dir='ltr'>necessaria</span> <span class='ocrx_word' id='word_1_419' title='bbox 1860 3855 2010 3906; x_wconf 91' lang='lat' dir='ltr'>sunt.</span> 
     </span>
    </p>
   </div>
   <div class='ocr_carea' id='block_1_58' title="bbox 403 3939 2013 4021">
    <p class='ocr_par' dir='ltr' id='par_1_58' title="bbox 403 3939 2013 4021">
     <span class='ocr_line' id='line_1_58' title="bbox 403 3939 2013 4021; baseline -0.012 -8"><span class='ocrx_word' id='word_1_420' title='bbox 403 3955 569 4021; x_wconf 85' lang='lat' dir='ltr'>Quod</span> <span class='ocrx_word' id='word_1_421' title='bbox 599 3953 643 4008; x_wconf 92' lang='lat' dir='ltr'>si</span> <span class='ocrx_word' id='word_1_422' title='bbox 662 3950 821 4006; x_wconf 90' lang='lat' dir='ltr'>vobis</span> <span class='ocrx_word' id='word_1_423' title='bbox 851 3948 911 4001; x_wconf 92' lang='lat' dir='ltr'>in</span> <span class='ocrx_word' id='word_1_424' title='bbox 942 3947 1053 4000; x_wconf 89' lang='lat' dir='ltr'>hoc</span> <span class='ocrx_word' id='word_1_425' title='bbox 1078 3941 1452 3997; x_wconf 89' lang='lat' dir='ltr'>humanitatis</span> <span class='ocrx_word' id='word_1_426' title='bbox 1485 3939 1674 3994; x_wconf 89' lang='lat' dir='ltr'>officio</span> <span class='ocrx_word' id='word_1_427' title='bbox 1722 3956 1841 3993; x_wconf 91' lang='lat' dir='ltr'>non</span> <span class='ocrx_word' id='word_1_428' title='bbox 1877 3957 2013 3995; x_wconf 88' lang='lat' dir='ltr'>con-</span> 
     </span>
    </p>
   </div>
   <div class='ocr_carea' id='block_1_59' title="bbox 403 4027 2013 4107">
    <p class='ocr_par' dir='ltr' id='par_1_59' title="bbox 403 4027 2013 4107">
     <span class='ocr_line' id='line_1_59' title="bbox 403 4027 2013 4107; baseline -0.01 -8"><span class='ocrx_word' id='word_1_429' title='bbox 403 4041 666 4107; x_wconf 89' lang='lat' dir='ltr'>senserit,</span> <span class='ocrx_word' id='word_1_430' title='bbox 700 4038 922 4092; x_wconf 89' lang='lat' dir='ltr'>malens</span> <span class='ocrx_word' id='word_1_431' title='bbox 946 4029 1255 4104; x_wconf 90' lang='lat' dir='ltr'>periclitari</span> <span class='ocrx_word' id='word_1_432' title='bbox 1289 4028 1360 4083; x_wconf 92' lang='lat' dir='ltr'>de</span> <span class='ocrx_word' id='word_1_433' title='bbox 1384 4027 1564 4081; x_wconf 88' lang='lat' dir='ltr'>salute</span> <span class='ocrx_word' id='word_1_434' title='bbox 1597 4029 1653 4081; x_wconf 89' lang='lat' dir='ltr'>et</span> <span class='ocrx_word' id='word_1_435' title='bbox 1681 4028 1813 4093; x_wconf 89' lang='lat' dir='ltr'>vita,</span> <span class='ocrx_word' id='word_1_436' title='bbox 1839 4044 2013 4099; x_wconf 90' lang='lat' dir='ltr'>quam</span> 
     </span>
    </p>
   </div>
   <div class='ocr_carea' id='block_1_60' title="bbox 404 4114 2010 4202">
    <p class='ocr_par' dir='ltr' id='par_1_60' title="bbox 404 4114 2010 4202">
     <span class='ocr_line' id='line_1_60' title="bbox 404 4114 2010 4202; baseline -0.011 -15"><span class='ocrx_word' id='word_1_437' title='bbox 404 4128 619 4202; x_wconf 91' lang='lat' dir='ltr'>aliquid</span> <span class='ocrx_word' id='word_1_438' title='bbox 651 4127 721 4181; x_wconf 90' lang='lat' dir='ltr'>de</span> <span class='ocrx_word' id='word_1_439' title='bbox 759 4120 1071 4192; x_wconf 85' lang='lat' dir='ltr'>disciplina</span> <span class='ocrx_word' id='word_1_440' title='bbox 1119 4115 1433 4187; x_wconf 88' lang='lat' dir='ltr'>corporalis</span> <span class='ocrx_word' id='word_1_441' title='bbox 1481 4114 1672 4185; x_wconf 90' lang='lat' dir='ltr'>rigore</span> <span class='ocrx_word' id='word_1_442' title='bbox 1724 4115 2010 4184; x_wconf 89' lang='lat' dir='ltr'>omitiere,</span> 
     </span>
    </p>
   </div>
   <div class='ocr_carea' id='block_1_61' title="bbox 405 4202 2012 4292">
    <p class='ocr_par' dir='ltr' id='par_1_61' title="bbox 405 4202 2012 4292">
     <span class='ocr_line' id='line_1_61' title="bbox 405 4202 2012 4292; baseline -0.009 -18"><span class='ocrx_word' id='word_1_443' title='bbox 405 4218 560 4292; x_wconf 92' lang='lat' dir='ltr'>quod</span> <span class='ocrx_word' id='word_1_444' title='bbox 592 4229 823 4288; x_wconf 90' lang='lat' dir='ltr'>prorsus</span> <span class='ocrx_word' id='word_1_445' title='bbox 852 4205 1303 4279; x_wconf 89' lang='lat' dir='ltr'>improbandum</span> <span class='ocrx_word' id='word_1_446' title='bbox 1355 4206 1460 4269; x_wconf 89' lang='lat' dir='ltr'>est,</span> <span class='ocrx_word' id='word_1_447' title='bbox 1508 4202 1748 4258; x_wconf 88' lang='lat' dir='ltr'>forsitan</span> <span class='ocrx_word' id='word_1_448' title='bbox 1780 4205 2012 4259; x_wconf 75' lang='lat' dir='ltr'>erubes~</span> 
     </span>
    </p>
   </div>
   <div class='ocr_carea' id='block_1_62' title="bbox 404 4281 2091 4373">
    <p class='ocr_par' dir='ltr' id='par_1_62' title="bbox 404 4281 2091 4373">
     <span class='ocr_line' id='line_1_62' title="bbox 404 4281 2091 4373; baseline -0.015 -10"><span class='ocrx_word' id='word_1_449' title='bbox 404 4281 513 4373; x_wconf 67' lang='lat' dir='ltr'>eet,</span> <span class='ocrx_word' id='word_1_450' title='bbox 537 4281 618 4370; x_wconf 73' lang='lat' dir='ltr'>ut,</span> <span class='ocrx_word' id='word_1_451' title='bbox 643 4301 740 4373; x_wconf 90' lang='lat' dir='ltr'>qui</span> <span class='ocrx_word' id='word_1_452' title='bbox 755 4299 974 4370; x_wconf 90' lang='lat' dir='ltr'>primus</span> <span class='ocrx_word' id='word_1_453' title='bbox 993 4295 1052 4349; x_wconf 93' lang='lat' dir='ltr'>in</span> <span class='ocrx_word' id='word_1_454' title='bbox 1078 4292 1359 4364; x_wconf 88' lang='lat' dir='ltr'>religione</span> <span class='ocrx_word' id='word_1_455' title='bbox 1374 4293 1477 4359; x_wconf 92' lang='lat' dir='ltr'>est,</span> <span class='ocrx_word' id='word_1_456' title='bbox 1496 4291 1555 4345; x_wconf 92' lang='lat' dir='ltr'>in</span> <span class='ocrx_word' id='word_1_457' title='bbox 1578 4291 1684 4345; x_wconf 86' lang='lat' dir='ltr'>hac</span> <span class='ocrx_word' id='word_1_458' title='bbox 1699 4296 1864 4364; x_wconf 90' lang='lat' dir='ltr'>parte</span> <span class='ocrx_word' id='word_1_459' title='bbox 1883 4309 2013 4364; x_wconf 85' lang='lat' dir='ltr'>pos-</span> <span class='ocrx_word' id='word_1_460' title='bbox 2039 4281 2091 4339; x_wconf 92' lang='lat' dir='ltr'>D</span> 
     </span>
    </p>
   </div>
   <div class='ocr_carea' id='block_1_63' title="bbox 403 4377 2014 4451">
    <p class='ocr_par' dir='ltr' id='par_1_63' title="bbox 403 4377 2014 4451">
     <span class='ocr_line' id='line_1_63' title="bbox 403 4377 2014 4451; baseline -0.011 0"><span class='ocrx_word' id='word_1_461' title='bbox 403 4394 584 4451; x_wconf 88' lang='lat' dir='ltr'>terior</span> <span class='ocrx_word' id='word_1_462' title='bbox 613 4386 955 4451; x_wconf 89' lang='lat' dir='ltr'>inveniatur,</span> <span class='ocrx_word' id='word_1_463' title='bbox 987 4385 1251 4438; x_wconf 86' lang='lat' dir='ltr'>metuens</span> <span class='ocrx_word' id='word_1_464' title='bbox 1278 4396 1349 4433; x_wconf 91' lang='lat' dir='ltr'>ne</span> <span class='ocrx_word' id='word_1_465' title='bbox 1378 4378 1675 4434; x_wconf 90' lang='lat' dir='ltr'>occasione</span> <span class='ocrx_word' id='word_1_466' title='bbox 1699 4378 1783 4432; x_wconf 91' lang='lat' dir='ltr'>sui</span> <span class='ocrx_word' id='word_1_467' title='bbox 1809 4377 2014 4450; x_wconf 90' lang='lat' dir='ltr'>aliquis</span> 
     </span>
    </p>
   </div>
   <div class='ocr_carea' id='block_1_64' title="bbox 406 4467 2015 4541">
    <p class='ocr_par' dir='ltr' id='par_1_64' title="bbox 406 4467 2015 4541">
     <span class='ocr_line' id='line_1_64' title="bbox 406 4467 2015 4541; baseline -0.012 -1"><span class='ocrx_word' id='word_1_468' title='bbox 406 4502 474 4540; x_wconf 86' lang='lat' dir='ltr'>ex</span> <span class='ocrx_word' id='word_1_469' title='bbox 502 4480 659 4537; x_wconf 89' lang='lat' dir='ltr'>vobis</span> <span class='ocrx_word' id='word_1_470' title='bbox 689 4471 1079 4531; x_wconf 82' lang='lat' dir='ltr'>remissiorvel</span> <span class='ocrx_word' id='word_1_471' title='bbox 1101 4468 1350 4541; x_wconf 90' lang='lat' dir='ltr'>tepidior</span> <span class='ocrx_word' id='word_1_472' title='bbox 1366 4468 1486 4534; x_wconf 86' lang='lat' dir='ltr'>fiat,</span> <span class='ocrx_word' id='word_1_473' title='bbox 1505 4467 1659 4539; x_wconf 93' lang='lat' dir='ltr'>quod</span> <span class='ocrx_word' id='word_1_474' title='bbox 1691 4468 2015 4521; x_wconf 89' lang='lat' dir='ltr'>nullatenus</span> 
     </span>
    </p>
   </div>
   <div class='ocr_carea' id='block_1_65' title="bbox 402 4554 2016 4634">
    <p class='ocr_par' dir='ltr' id='par_1_65' title="bbox 402 4554 2016 4634">
     <span class='ocr_line' id='line_1_65' title="bbox 402 4554 2016 4634; baseline -0.013 -6"><span class='ocrx_word' id='word_1_475' title='bbox 402 4565 839 4629; x_wconf 89' lang='lat' dir='ltr'>formidandum</span> <span class='ocrx_word' id='word_1_476' title='bbox 870 4563 1031 4634; x_wconf 88' lang='lat' dir='ltr'>puto.</span> <span class='ocrx_word' id='word_1_477' title='bbox 1061 4559 1139 4612; x_wconf 91' lang='lat' dir='ltr'>Ne</span> <span class='ocrx_word' id='word_1_478' title='bbox 1169 4556 1337 4628; x_wconf 87' lang='lat' dir='ltr'>hujus</span> <span class='ocrx_word' id='word_1_479' title='bbox 1369 4554 1567 4627; x_wconf 83' lang='lat' dir='ltr'>gratia</span> <span class='ocrx_word' id='word_1_480' title='bbox 1589 4558 1848 4627; x_wconf 86' lang='lat' dir='ltr'>expertes</span> <span class='ocrx_word' id='word_1_481' title='bbox 1875 4555 2016 4609; x_wconf 89' lang='lat' dir='ltr'>sitis-</span> 
     </span>
    </p>
   </div>
   <div class='ocr_carea' id='block_1_66' title="bbox 405 4642 2015 4716">
    <p class='ocr_par' dir='ltr' id='par_1_66' title="bbox 405 4642 2015 4716">
     <span class='ocr_line' id='line_1_66' title="bbox 405 4642 2015 4716; baseline -0.012 0"><span class='ocrx_word' id='word_1_482' title='bbox 405 4661 665 4716; x_wconf 88' lang='lat' dir='ltr'>nostram</span> <span class='ocrx_word' id='word_1_483' title='bbox 694 4652 878 4707; x_wconf 85' lang='lat' dir='ltr'>vicem</span> <span class='ocrx_word' id='word_1_484' title='bbox 908 4649 966 4703; x_wconf 91' lang='lat' dir='ltr'>in</span> <span class='ocrx_word' id='word_1_485' title='bbox 996 4648 1104 4701; x_wconf 87' lang='lat' dir='ltr'>hoc</span> <span class='ocrx_word' id='word_1_486' title='bbox 1132 4648 1359 4700; x_wconf 89' lang='lat' dir='ltr'>tantum</span> <span class='ocrx_word' id='word_1_487' title='bbox 1378 4645 1577 4698; x_wconf 84' lang='lat' dir='ltr'>vestra</span> <span class='ocrx_word' id='word_1_488' title='bbox 1596 4642 1860 4696; x_wconf 89' lang='lat' dir='ltr'>eharitati</span> <span class='ocrx_word' id='word_1_489' title='bbox 1883 4659 2015 4697; x_wconf 89' lang='lat' dir='ltr'>con-</span> 
     </span>
    </p>
   </div>
   <div class='ocr_carea' id='block_1_67' title="bbox 402 4731 2013 4811">
    <p class='ocr_par' dir='ltr' id='par_1_67' title="bbox 402 4731 2013 4811">
     <span class='ocr_line' id='line_1_67' title="bbox 402 4731 2013 4811; baseline -0.014 -5"><span class='ocrx_word' id='word_1_490' title='bbox 402 4747 683 4811; x_wconf 89' lang='lat' dir='ltr'>cedimus,</span> <span class='ocrx_word' id='word_1_491' title='bbox 710 4743 774 4795; x_wconf 90' lang='lat' dir='ltr'>ut</span> <span class='ocrx_word' id='word_1_492' title='bbox 797 4738 967 4793; x_wconf 90' lang='lat' dir='ltr'>liceat</span> <span class='ocrx_word' id='word_1_493' title='bbox 998 4733 1156 4789; x_wconf 86' lang='lat' dir='ltr'>vobis</span> <span class='ocrx_word' id='word_1_494' title='bbox 1184 4734 1513 4787; x_wconf 89' lang='lat' dir='ltr'>reverenter</span> <span class='ocrx_word' id='word_1_495' title='bbox 1544 4747 1677 4785; x_wconf 91' lang='lat' dir='ltr'>eum</span> <span class='ocrx_word' id='word_1_496' title='bbox 1707 4747 1913 4802; x_wconf 90' lang='lat' dir='ltr'>cogere</span> <span class='ocrx_word' id='word_1_497' title='bbox 1940 4731 2013 4785; x_wconf 91' lang='lat' dir='ltr'>ad</span> 
     </span>
    </p>
   </div>
   <div class='ocr_carea' id='block_1_68' title="bbox 403 4819 1439 4907">
    <p class='ocr_par' dir='ltr' id='par_1_68' title="bbox 403 4819 1439 4907">
     <span class='ocr_line' id='line_1_68' title="bbox 403 4819 1439 4907; baseline -0.021 -13"><span class='ocrx_word' id='word_1_498' title='bbox 403 4854 494 4904; x_wconf 88' lang='lat' dir='ltr'>ea,</span> <span class='ocrx_word' id='word_1_499' title='bbox 525 4849 653 4907; x_wconf 89' lang='lat' dir='ltr'>qua</span> <span class='ocrx_word' id='word_1_500' title='bbox 675 4826 840 4885; x_wconf 89' lang='lat' dir='ltr'>saluti</span> <span class='ocrx_word' id='word_1_501' title='bbox 866 4840 982 4879; x_wconf 88' lang='lat' dir='ltr'>sua</span> <span class='ocrx_word' id='word_1_502' title='bbox 1009 4819 1439 4877; x_wconf 88' lang='lat' dir='ltr'>commodastis.</span> 
     </span>
    </p>
   </div>
   <div class='ocr_carea' id='block_1_69' title="bbox 476 4906 2014 4981">
    <p class='ocr_par' dir='ltr' id='par_1_69' title="bbox 476 4906 2014 4981">
     <span class='ocr_line' id='line_1_69' title="bbox 476 4906 2014 4981; baseline -0.013 -1"><span class='ocrx_word' id='word_1_503' title='bbox 476 4906 600 4980; x_wconf 79' lang='lat'>682.</span> <span class='ocrx_word' id='word_1_504' title='bbox 628 4942 655 4971; x_wconf 83' lang='lat'>«</span> <span class='ocrx_word' id='word_1_505' title='bbox 690 4920 769 4973; x_wconf 93' lang='lat' dir='ltr'>De</span> <span class='ocrx_word' id='word_1_506' title='bbox 798 4931 915 4981; x_wconf 89' lang='lat' dir='ltr'>me,</span> <span class='ocrx_word' id='word_1_507' title='bbox 933 4912 1162 4972; x_wconf 87' lang='lat' dir='ltr'>fratres,</span> <span class='ocrx_word' id='word_1_508' title='bbox 1182 4907 1380 4963; x_wconf 89' lang='lat' dir='ltr'>scitote</span> <span class='ocrx_word' id='word_1_509' title='bbox 1406 4906 1683 4978; x_wconf 89' lang='lat' dir='ltr'>quoniam</span> <span class='ocrx_word' id='word_1_510' title='bbox 1715 4906 1858 4962; x_wconf 89' lang='lat' dir='ltr'>mihi</span> <span class='ocrx_word' id='word_1_511' title='bbox 1893 4906 2014 4962; x_wconf 90' lang='lat' dir='ltr'>uni-</span> 
     </span>
    </p>
   </div>
   <div class='ocr_carea' id='block_1_70' title="bbox 404 4995 2014 5084">
    <p class='ocr_par' dir='ltr' id='par_1_70' title="bbox 404 4995 2014 5084">
     <span class='ocr_line' id='line_1_70' title="bbox 404 4995 2014 5084; baseline -0.011 -16"><span class='ocrx_word' id='word_1_512' title='bbox 404 5030 535 5070; x_wconf 91' lang='lat' dir='ltr'>cum</span> <span class='ocrx_word' id='word_1_513' title='bbox 562 5012 689 5084; x_wconf 88' lang='lat' dir='ltr'>post</span> <span class='ocrx_word' id='word_1_514' title='bbox 718 5009 911 5081; x_wconf 42' lang='lat' dir='ltr'>Deum.</span> <span class='ocrx_word' id='word_1_515' title='bbox 926 5004 1011 5058; x_wconf 89' lang='lat' dir='ltr'>est</span> <span class='ocrx_word' id='word_1_516' title='bbox 1038 4996 1387 5055; x_wconf 90' lang='lat' dir='ltr'>desiderium</span> <span class='ocrx_word' id='word_1_517' title='bbox 1417 4995 1684 5051; x_wconf 90' lang='lat' dir='ltr'>veniendi</span> <span class='ocrx_word' id='word_1_518' title='bbox 1714 4996 1788 5052; x_wconf 92' lang='lat' dir='ltr'>ad</span> <span class='ocrx_word' id='word_1_519' title='bbox 1814 5012 1930 5062; x_wconf 90' lang='lat' dir='ltr'>vos,</span> <span class='ocrx_word' id='word_1_520' title='bbox 1957 4999 2014 5051; x_wconf 92' lang='lat' dir='ltr'>et</span> 
     </span>
    </p>
   </div>
   <div class='ocr_carea' id='block_1_71' title="bbox 404 5084 2008 5162">
    <p class='ocr_par' dir='ltr' id='par_1_71' title="bbox 404 5084 2008 5162">
     <span class='ocr_line' id='line_1_71' title="bbox 404 5084 2008 5162; baseline -0.011 -5"><span class='ocrx_word' id='word_1_521' title='bbox 404 5098 637 5158; x_wconf 86' lang='lat' dir='ltr'>videndi</span> <span class='ocrx_word' id='word_1_522' title='bbox 664 5111 778 5151; x_wconf 90' lang='lat' dir='ltr'>vos.</span> <span class='ocrx_word' id='word_1_523' title='bbox 811 5093 879 5147; x_wconf 87' lang='lat' dir='ltr'>Et</span> <span class='ocrx_word' id='word_1_524' title='bbox 927 5087 1158 5162; x_wconf 89' lang='lat' dir='ltr'>quando</span> <span class='ocrx_word' id='word_1_525' title='bbox 1190 5088 1413 5157; x_wconf 89' lang='lat' dir='ltr'>potero,</span> <span class='ocrx_word' id='word_1_526' title='bbox 1451 5100 1624 5155; x_wconf 89' lang='lat' dir='ltr'>opere</span> <span class='ocrx_word' id='word_1_527' title='bbox 1656 5084 2008 5156; x_wconf 88' lang='lat' dir='ltr'>adimplebo,</span> 
     </span>
    </p>
   </div>
   <div class='ocr_carea' id='block_1_72' title="bbox 407 5172 2012 5255">
    <p class='ocr_par' dir='ltr' id='par_1_72' title="bbox 407 5172 2012 5255">
     <span class='ocr_line' id='line_1_72' title="bbox 407 5172 2012 5255; baseline -0.012 -9"><span class='ocrx_word' id='word_1_528' title='bbox 407 5192 524 5246; x_wconf 89' lang='lat' dir='ltr'>Deo</span> <span class='ocrx_word' id='word_1_529' title='bbox 557 5184 881 5255; x_wconf 78' lang='lat' dir='ltr'>adiuvante.</span> <span class='ocrx_word' id='word_1_530' title='bbox 913 5178 1129 5233; x_wconf 87' lang='lat' dir='ltr'>Valete.</span> <span class='ocrx_word' id='word_1_531' title='bbox 1162 5172 1502 5238; x_wconf 85' lang='lat' dir='ltr'>»Surianus,</span> <span class='ocrx_word' id='word_1_532' title='bbox 1524 5172 1784 5227; x_wconf 89' lang='lat' dir='ltr'>ubihanc</span> <span class='ocrx_word' id='word_1_533' title='bbox 1798 5172 2012 5245; x_wconf 88' lang='lat' dir='ltr'>episto-</span> 
     </span>
    </p>
   </div>
   <div class='ocr_carea' id='block_1_73' title="bbox 404 5259 2006 5342">
    <p class='ocr_par' dir='ltr' id='par_1_73' title="bbox 404 5259 2006 5342">
     <span class='ocr_line' id='line_1_73' title="bbox 404 5259 2006 5342; baseline -0.01 -10"><span class='ocrx_word' id='word_1_534' title='bbox 404 5279 525 5333; x_wconf 91' lang='lat' dir='ltr'>lam</span> <span class='ocrx_word' id='word_1_535' title='bbox 550 5274 840 5342; x_wconf 84' lang='lat' dir='ltr'>integram</span> <span class='ocrx_word' id='word_1_536' title='bbox 866 5264 1142 5330; x_wconf 86' lang='lat' dir='ltr'>recitavit,</span> <span class='ocrx_word' id='word_1_537' title='bbox 1167 5262 1249 5316; x_wconf 88' lang='lat' dir='ltr'>ita</span> <span class='ocrx_word' id='word_1_538' title='bbox 1280 5276 1413 5315; x_wconf 87' lang='lat' dir='ltr'>mox</span> <span class='ocrx_word' id='word_1_539' title='bbox 1445 5259 1501 5313; x_wconf 90' lang='lat' dir='ltr'>in</span> <span class='ocrx_word' id='word_1_540' title='bbox 1537 5276 1665 5314; x_wconf 91' lang='lat' dir='ltr'>eam</span> <span class='ocrx_word' id='word_1_541' title='bbox 1698 5261 1962 5317; x_wconf 87' lang='lat' dir='ltr'>observat</span> <span class='ocrx_word' id='word_1_542' title='bbox 1993 5278 2006 5316; x_wconf 89' lang='lat'>:</span> 
     </span>
    </p>
   </div>
   <div class='ocr_carea' id='block_1_74' title="bbox 409 5348 2010 5432">
    <p class='ocr_par' dir='ltr' id='par_1_74' title="bbox 409 5348 2010 5432">
     <span class='ocr_line' id='line_1_74' title="bbox 409 5348 2010 5432; baseline -0.007 -15"><span class='ocrx_word' id='word_1_543' title='bbox 409 5388 441 5417; x_wconf 86' lang='lat'><strong>«</strong></span> <span class='ocrx_word' id='word_1_544' title='bbox 460 5366 542 5421; x_wconf 89' lang='lat' dir='ltr'>De</span> <span class='ocrx_word' id='word_1_545' title='bbox 553 5363 661 5417; x_wconf 90' lang='lat' dir='ltr'>hac</span> <span class='ocrx_word' id='word_1_546' title='bbox 672 5355 1017 5432; x_wconf 88' lang='lat' dir='ltr'>paranetica</span> <span class='ocrx_word' id='word_1_547' title='bbox 1045 5350 1434 5416; x_wconf 89' lang='lat' dir='ltr'>dicereliceat,</span> <span class='ocrx_word' id='word_1_548' title='bbox 1448 5348 1598 5420; x_wconf 88' lang='lat' dir='ltr'>quod</span> <span class='ocrx_word' id='word_1_549' title='bbox 1619 5349 1817 5402; x_wconf 89' lang='lat' dir='ltr'>Petrus</span> <span class='ocrx_word' id='word_1_550' title='bbox 1837 5350 2010 5405; x_wconf 84' lang='lat' dir='ltr'>abbas</span> 
     </span>
    </p>
   </div>
   <div class='ocr_carea' id='block_1_75' title="bbox 414 5435 2013 5518">
    <p class='ocr_par' dir='ltr' id='par_1_75' title="bbox 414 5435 2013 5518">
     <span class='ocr_line' id='line_1_75' title="bbox 414 5435 2013 5518; baseline -0.008 -11"><span class='ocrx_word' id='word_1_551' title='bbox 414 5448 684 5507; x_wconf 84' lang='lat' dir='ltr'>Cellensis</span> <span class='ocrx_word' id='word_1_552' title='bbox 711 5447 876 5518; x_wconf 88' lang='lat' dir='ltr'>epist.</span> <span class='ocrx_word' id='word_1_553' title='bbox 911 5441 1078 5509; x_wconf 88' lang='lat' dir='ltr'>3,1ib.</span> <span class='ocrx_word' id='word_1_554' title='bbox 1108 5454 1167 5494; x_wconf 76' lang='grc' dir='ltr'>ιιι</span> <span class='ocrx_word' id='word_1_555' title='bbox 1195 5437 1417 5510; x_wconf 86' lang='lat' dir='ltr'>scripsit</span> <span class='ocrx_word' id='word_1_556' title='bbox 1443 5435 1514 5491; x_wconf 87' lang='lat' dir='ltr'>ad</span> <span class='ocrx_word' id='word_1_557' title='bbox 1534 5435 1791 5509; x_wconf 85' lang='lat' dir='ltr'>priorem</span> <span class='ocrx_word' id='word_1_558' title='bbox 1824 5441 1881 5492; x_wconf 90' lang='lat' dir='ltr'>et</span> <span class='ocrx_word' id='word_1_559' title='bbox 1903 5436 2013 5495; x_wconf 86' lang='lat' dir='ltr'>fra-</span> 
     </span>
    </p>
   </div>
   <div class='ocr_carea' id='block_1_76' title="bbox 412 5525 2011 5595">
    <p class='ocr_par' dir='ltr' id='par_1_76' title="bbox 412 5525 2011 5595">
     <span class='ocr_line' id='line_1_76' title="bbox 412 5525 2011 5595; baseline -0.008 -1"><span class='ocrx_word' id='word_1_560' title='bbox 412 5534 851 5595; x_wconf 80' lang='lat' dir='ltr'>tresCarthusia</span> <span class='ocrx_word' id='word_1_561' title='bbox 868 5531 938 5587; x_wconf 90' lang='lat' dir='ltr'>de</span> <span class='ocrx_word' id='word_1_562' title='bbox 965 5529 1155 5586; x_wconf 72' lang='lat' dir='ltr'>Monte</span> <span class='ocrx_word' id='word_1_563' title='bbox 1186 5526 1285 5581; x_wconf 90' lang='lat' dir='ltr'>Dei</span> <span class='ocrx_word' id='word_1_564' title='bbox 1320 5542 1377 5579; x_wconf 86' lang='lat'>:«</span> <span class='ocrx_word' id='word_1_565' title='bbox 1408 5527 1471 5579; x_wconf 89' lang='lat' dir='ltr'>In</span> <span class='ocrx_word' id='word_1_566' title='bbox 1502 5525 1873 5582; x_wconf 87' lang='lat' dir='ltr'>crassitudine</span> <span class='ocrx_word' id='word_1_567' title='bbox 1890 5527 2011 5583; x_wconf 81' lang='lat' dir='ltr'>ani-</span> 
     </span>
    </p>
   </div>
   <div class='ocr_carea' id='block_1_77' title="bbox 2114 1822 3737 1879">
    <p class='ocr_par' dir='ltr' id='par_1_77' title="bbox 2114 1822 3737 1879">
     <span class='ocr_line' id='line_1_77' title="bbox 2114 1822 3737 1879; baseline 0.002 -4"><span class='ocrx_word' id='word_1_568' title='bbox 2114 1838 2243 1875; x_wconf 90' lang='lat' dir='ltr'>cum</span> <span class='ocrx_word' id='word_1_569' title='bbox 2277 1839 2344 1876; x_wconf 93' lang='lat' dir='ltr'>eo</span> <span class='ocrx_word' id='word_1_570' title='bbox 2372 1824 2429 1875; x_wconf 91' lang='lat' dir='ltr'>et</span> <span class='ocrx_word' id='word_1_571' title='bbox 2460 1822 2648 1877; x_wconf 88' lang='lat' dir='ltr'>Fulcio</span> <span class='ocrx_word' id='word_1_572' title='bbox 2678 1824 2974 1879; x_wconf 89' lang='lat' dir='ltr'>Monoculo</span> <span class='ocrx_word' id='word_1_573' title='bbox 2999 1824 3071 1878; x_wconf 92' lang='lat' dir='ltr'>de</span> <span class='ocrx_word' id='word_1_574' title='bbox 3089 1823 3245 1878; x_wconf 88' lang='lat' dir='ltr'>faisis</span> <span class='ocrx_word' id='word_1_575' title='bbox 3258 1825 3460 1879; x_wconf 90' lang='lat' dir='ltr'>mundi</span> <span class='ocrx_word' id='word_1_576' title='bbox 3484 1824 3737 1879; x_wconf 87' lang='lat' dir='ltr'>delecta-</span> 
     </span>
    </p>
   </div>
   <div class='ocr_carea' id='block_1_78' title="bbox 2114 1910 3733 1981">
    <p class='ocr_par' dir='ltr' id='par_1_78' title="bbox 2114 1910 3733 1981">
     <span class='ocr_line' id='line_1_78' title="bbox 2114 1910 3733 1981; baseline 0.001 -15"><span class='ocrx_word' id='word_1_577' title='bbox 2114 1910 2367 1966; x_wconf 90' lang='lat' dir='ltr'>tionibus</span> <span class='ocrx_word' id='word_1_578' title='bbox 2391 1912 2696 1967; x_wconf 90' lang='lat' dir='ltr'>collatione</span> <span class='ocrx_word' id='word_1_579' title='bbox 2727 1913 2938 1981; x_wconf 88' lang='lat' dir='ltr'>emissi,</span> <span class='ocrx_word' id='word_1_580' title='bbox 2968 1913 3386 1969; x_wconf 88' lang='lat' dir='ltr'>exsolutionem</span> <span class='ocrx_word' id='word_1_581' title='bbox 3419 1913 3733 1969; x_wconf 88' lang='lat' dir='ltr'>vehemen-</span> 
     </span>
    </p>
   </div>
   <div class='ocr_carea' id='block_1_79' title="bbox 2116 1998 3739 2073">
    <p class='ocr_par' dir='ltr' id='par_1_79' title="bbox 2116 1998 3739 2073">
     <span class='ocr_line' id='line_1_79' title="bbox 2116 1998 3739 2073; baseline 0.001 -20"><span class='ocrx_word' id='word_1_582' title='bbox 2116 1998 2333 2053; x_wconf 89' lang='lat' dir='ltr'>tissime</span> <span class='ocrx_word' id='word_1_583' title='bbox 2363 2000 2628 2055; x_wconf 90' lang='lat' dir='ltr'>hortatus</span> <span class='ocrx_word' id='word_1_584' title='bbox 2654 2004 2759 2055; x_wconf 88' lang='lat' dir='ltr'>est.</span> <span class='ocrx_word' id='word_1_585' title='bbox 2792 2001 2973 2057; x_wconf 90' lang='lat' dir='ltr'>Tanto</span> <span class='ocrx_word' id='word_1_586' title='bbox 3016 2002 3138 2057; x_wconf 87' lang='lat' dir='ltr'>hac</span> <span class='ocrx_word' id='word_1_587' title='bbox 3181 2002 3362 2057; x_wconf 90' lang='lat' dir='ltr'>animi</span> <span class='ocrx_word' id='word_1_588' title='bbox 3402 2019 3540 2073; x_wconf 88' lang='lat' dir='ltr'>erga</span> <span class='ocrx_word' id='word_1_589' title='bbox 3580 2001 3739 2056; x_wconf 90' lang='lat' dir='ltr'>anti-</span> 
     </span>
    </p>
   </div>
   <div class='ocr_carea' id='block_1_80' title="bbox 2116 2087 3735 2159">
    <p class='ocr_par' dir='ltr' id='par_1_80' title="bbox 2116 2087 3735 2159">
     <span class='ocr_line' id='line_1_80' title="bbox 2116 2087 3735 2159; baseline 0.002 -18"><span class='ocrx_word' id='word_1_590' title='bbox 2116 2104 2295 2159; x_wconf 90' lang='lat' dir='ltr'>quum</span> <span class='ocrx_word' id='word_1_591' title='bbox 2327 2087 2577 2142; x_wconf 91' lang='lat' dir='ltr'>amicum</span> <span class='ocrx_word' id='word_1_592' title='bbox 2607 2089 2833 2156; x_wconf 79' lang='lat' dir='ltr'>affectu,</span> <span class='ocrx_word' id='word_1_593' title='bbox 2864 2093 3026 2145; x_wconf 88' lang='lat' dir='ltr'>tanta</span> <span class='ocrx_word' id='word_1_594' title='bbox 3075 2091 3283 2159; x_wconf 91' lang='lat' dir='ltr'>cordis,</span> <span class='ocrx_word' id='word_1_595' title='bbox 3317 2093 3381 2146; x_wconf 91' lang='lat' dir='ltr'>ut</span> <span class='ocrx_word' id='word_1_596' title='bbox 3410 2091 3488 2145; x_wconf 89' lang='lat' dir='ltr'>ita</span> <span class='ocrx_word' id='word_1_597' title='bbox 3517 2090 3735 2157; x_wconf 88' lang='lat' dir='ltr'>dicam,</span> 
     </span>
    </p>
   </div>
   <div class='ocr_carea' id='block_1_81' title="bbox 2116 2174 3734 2249">
    <p class='ocr_par' dir='ltr' id='par_1_81' title="bbox 2116 2174 3734 2249">
     <span class='ocr_line' id='line_1_81' title="bbox 2116 2174 3734 2249; baseline 0.001 -20"><span class='ocrx_word' id='word_1_598' title='bbox 2116 2174 2412 2243; x_wconf 76' lang='lat' dir='ltr'>effusione,</span> <span class='ocrx_word' id='word_1_599' title='bbox 2442 2178 2606 2231; x_wconf 90' lang='lat' dir='ltr'>tanta</span> <span class='ocrx_word' id='word_1_600' title='bbox 2626 2175 2869 2247; x_wconf 87' lang='lat' dir='ltr'>Spiritus</span> <span class='ocrx_word' id='word_1_601' title='bbox 2892 2176 3066 2232; x_wconf 87' lang='lat' dir='ltr'>divini</span> <span class='ocrx_word' id='word_1_602' title='bbox 3097 2177 3369 2233; x_wconf 88' lang='lat' dir='ltr'>unctione</span> <span class='ocrx_word' id='word_1_603' title='bbox 3396 2177 3607 2249; x_wconf 90' lang='lat' dir='ltr'>scripta</span> <span class='ocrx_word' id='word_1_604' title='bbox 3622 2181 3734 2233; x_wconf 88' lang='lat' dir='ltr'>est.</span> 
     </span>
    </p>
   </div>
   <div class='ocr_carea' id='block_1_82' title="bbox 2116 2265 3741 2337">
    <p class='ocr_par' dir='ltr' id='par_1_82' title="bbox 2116 2265 3741 2337">
     <span class='ocr_line' id='line_1_82' title="bbox 2116 2265 3741 2337; baseline 0.002 -19"><span class='ocrx_word' id='word_1_605' title='bbox 2116 2265 2406 2334; x_wconf 87' lang='lat' dir='ltr'>lntegram</span> <span class='ocrx_word' id='word_1_606' title='bbox 2431 2281 2560 2319; x_wconf 91' lang='lat' dir='ltr'>eam</span> <span class='ocrx_word' id='word_1_607' title='bbox 2580 2265 2996 2321; x_wconf 88' lang='lat' dir='ltr'>Commentarii</span> <span class='ocrx_word' id='word_1_608' title='bbox 3016 2266 3186 2337; x_wconf 89' lang='lat' dir='ltr'>hujus</span> <span class='ocrx_word' id='word_1_609' title='bbox 3206 2266 3371 2323; x_wconf 90' lang='lat' dir='ltr'>initio</span> <span class='ocrx_word' id='word_1_610' title='bbox 3400 2266 3592 2321; x_wconf 83' lang='lat' dir='ltr'>videre</span> <span class='ocrx_word' id='word_1_611' title='bbox 3615 2284 3741 2322; x_wconf 91' lang='lat' dir='ltr'>non</span> 
     </span>
    </p>
   </div>
   <div class='ocr_carea' id='block_1_83' title="bbox 2116 2352 3738 2428">
    <p class='ocr_par' dir='ltr' id='par_1_83' title="bbox 2116 2352 3738 2428">
     <span class='ocr_line' id='line_1_83' title="bbox 2116 2352 3738 2428; baseline 0.003 -23"><span class='ocrx_word' id='word_1_612' title='bbox 2116 2352 2693 2425; x_wconf 89' lang='lat' dir='ltr'>licuit,quod,quibus</span> <span class='ocrx_word' id='word_1_613' title='bbox 2717 2355 2875 2410; x_wconf 89' lang='lat' dir='ltr'>nulla</span> <span class='ocrx_word' id='word_1_614' title='bbox 2895 2355 2979 2409; x_wconf 93' lang='lat' dir='ltr'>sui</span> <span class='ocrx_word' id='word_1_615' title='bbox 2991 2358 3156 2428; x_wconf 88' lang='lat' dir='ltr'>parte</span> <span class='ocrx_word' id='word_1_616' title='bbox 3174 2355 3378 2411; x_wconf 88' lang='lat' dir='ltr'>mutila</span> <span class='ocrx_word' id='word_1_617' title='bbox 3398 2355 3614 2410; x_wconf 90' lang='lat' dir='ltr'>inserta</span> <span class='ocrx_word' id='word_1_618' title='bbox 3626 2360 3738 2423; x_wconf 87' lang='lat' dir='ltr'>est,</span> 
     </span>
    </p>
   </div>
   <div class='ocr_carea' id='block_1_84' title="bbox 2115 2442 3739 2516">
    <p class='ocr_par' dir='ltr' id='par_1_84' title="bbox 2115 2442 3739 2516">
     <span class='ocr_line' id='line_1_84' title="bbox 2115 2442 3739 2516; baseline 0.002 -20"><span class='ocrx_word' id='word_1_619' title='bbox 2115 2442 2243 2497; x_wconf 88' lang='lat' dir='ltr'>libri</span> <span class='ocrx_word' id='word_1_620' title='bbox 2274 2442 2437 2509; x_wconf 88' lang='lat' dir='ltr'>nulli,</span> <span class='ocrx_word' id='word_1_621' title='bbox 2477 2459 2582 2497; x_wconf 89' lang='lat' dir='ltr'>nec</span> <span class='ocrx_word' id='word_1_622' title='bbox 2633 2443 2756 2516; x_wconf 91' lang='lat' dir='ltr'>ipsa</span> <span class='ocrx_word' id='word_1_623' title='bbox 2803 2443 2991 2516; x_wconf 89' lang='lat' dir='ltr'>Opera</span> <span class='ocrx_word' id='word_1_624' title='bbox 3036 2444 3093 2500; x_wconf 92' lang='lat' dir='ltr'>S.</span> <span class='ocrx_word' id='word_1_625' title='bbox 3144 2445 3447 2513; x_wconf 90' lang='lat' dir='ltr'>Brunonis,</span> <span class='ocrx_word' id='word_1_626' title='bbox 3482 2445 3739 2500; x_wconf 81' lang='lat' dir='ltr'>Colonia</span> 
     </span>
    </p>
   </div>
   <div class='ocr_carea' id='block_1_85' title="bbox 2114 2529 3741 2606">
    <p class='ocr_par' dir='ltr' id='par_1_85' title="bbox 2114 2529 3741 2606">
     <span class='ocr_line' id='line_1_85' title="bbox 2114 2529 3741 2606; baseline 0.002 -23"><span class='ocrx_word' id='word_1_627' title='bbox 2114 2529 2447 2603; x_wconf 82' lang='lat' dir='ltr'>Agrippina</span> <span class='ocrx_word' id='word_1_628' title='bbox 2479 2547 2632 2586; x_wconf 89' lang='lat' dir='ltr'>anno</span> <span class='ocrx_word' id='word_1_629' title='bbox 2668 2534 2793 2586; x_wconf 88' lang='grc'><strong>1611</strong></span> <span class='ocrx_word' id='word_1_630' title='bbox 2833 2532 3133 2605; x_wconf 89' lang='lat' dir='ltr'>impressa,</span> <span class='ocrx_word' id='word_1_631' title='bbox 3169 2550 3439 2606; x_wconf 88' lang='lat' dir='ltr'>annoque</span> <span class='ocrx_word' id='word_1_632' title='bbox 3472 2532 3741 2588; x_wconf 68' lang='grc' dir='ltr'>16401ὺὶ-</span> 
     </span>
    </p>
   </div>
   <div class='ocr_carea' id='block_1_86' title="bbox 2118 2619 3119 2686">
    <p class='ocr_par' dir='ltr' id='par_1_86' title="bbox 2118 2619 3119 2686">
     <span class='ocr_line' id='line_1_86' title="bbox 2118 2619 3119 2686; baseline 0.002 -13"><span class='ocrx_word' id='word_1_633' title='bbox 2118 2619 2250 2673; x_wconf 90' lang='lat' dir='ltr'>dem</span> <span class='ocrx_word' id='word_1_634' title='bbox 2281 2636 2502 2686; x_wconf 89' lang='lat' dir='ltr'>recusa,</span> <span class='ocrx_word' id='word_1_635' title='bbox 2541 2620 2613 2675; x_wconf 91' lang='lat' dir='ltr'>ad</span> <span class='ocrx_word' id='word_1_636' title='bbox 2636 2637 2875 2676; x_wconf 90' lang='lat' dir='ltr'>manum</span> <span class='ocrx_word' id='word_1_637' title='bbox 2909 2625 3119 2677; x_wconf 87' lang='lat' dir='ltr'>essent.</span> 
     </span>
    </p>
   </div>
   <div class='ocr_carea' id='block_1_87' title="bbox 2187 2707 3737 2779">
    <p class='ocr_par' dir='ltr' id='par_1_87' title="bbox 2187 2707 3737 2779">
     <span class='ocr_line' id='line_1_87' title="bbox 2187 2707 3737 2779; baseline 0.002 -20"><span class='ocrx_word' id='word_1_638' title='bbox 2187 2708 2310 2761; x_wconf 86' lang='lat'>683.</span> <span class='ocrx_word' id='word_1_639' title='bbox 2343 2707 2554 2761; x_wconf 88' lang='lat' dir='ltr'>Verum</span> <span class='ocrx_word' id='word_1_640' title='bbox 2575 2723 2707 2762; x_wconf 92' lang='lat' dir='ltr'>cum</span> <span class='ocrx_word' id='word_1_641' title='bbox 2727 2708 2850 2762; x_wconf 87' lang='lat' dir='ltr'>hac</span> <span class='ocrx_word' id='word_1_642' title='bbox 2871 2708 3111 2764; x_wconf 88' lang='lat' dir='ltr'>tandem</span> <span class='ocrx_word' id='word_1_643' title='bbox 3135 2707 3290 2763; x_wconf 85' lang='lat' dir='ltr'>urbis</span> <span class='ocrx_word' id='word_1_644' title='bbox 3300 2707 3395 2779; x_wconf 89' lang='lat' dir='ltr'>huj</span> <span class='ocrx_word' id='word_1_645' title='bbox 3408 2726 3469 2762; x_wconf 91' lang='lat' dir='ltr'>us</span> <span class='ocrx_word' id='word_1_646' title='bbox 3490 2707 3737 2763; x_wconf 88' lang='lat' dir='ltr'>Carthu-</span> 
     </span>
    </p>
   </div>
   <div class='ocr_carea' id='block_1_88' title="bbox 2115 2795 3738 2869">
    <p class='ocr_par' dir='ltr' id='par_1_88' title="bbox 2115 2795 3738 2869">
     <span class='ocr_line' id='line_1_88' title="bbox 2115 2795 3738 2869; baseline 0.002 -20"><span class='ocrx_word' id='word_1_647' title='bbox 2115 2795 2259 2850; x_wconf 90' lang='lat' dir='ltr'>siani</span> <span class='ocrx_word' id='word_1_648' title='bbox 2292 2812 2397 2866; x_wconf 90' lang='lat' dir='ltr'>pro</span> <span class='ocrx_word' id='word_1_649' title='bbox 2422 2813 2525 2851; x_wconf 91' lang='lat' dir='ltr'>sua</span> <span class='ocrx_word' id='word_1_650' title='bbox 2554 2796 2917 2851; x_wconf 89' lang='lat' dir='ltr'>humanitate</span> <span class='ocrx_word' id='word_1_651' title='bbox 2940 2798 3314 2852; x_wconf 90' lang='lat' dir='ltr'>commodare</span> <span class='ocrx_word' id='word_1_652' title='bbox 3341 2797 3483 2853; x_wconf 90' lang='lat' dir='ltr'>mihi</span> <span class='ocrx_word' id='word_1_653' title='bbox 3509 2797 3738 2869; x_wconf 86' lang='lat' dir='ltr'>dignati</span> 
     </span>
    </p>
   </div>
   <div class='ocr_carea' id='block_1_89' title="bbox 2118 2883 3739 2958">
    <p class='ocr_par' dir='ltr' id='par_1_89' title="bbox 2118 2883 3739 2958">
     <span class='ocr_line' id='line_1_89' title="bbox 2118 2883 3739 2958; baseline 0.002 -21"><span class='ocrx_word' id='word_1_654' title='bbox 2118 2883 2609 2955; x_wconf 85' lang='lat' dir='ltr'>sint,descriptum</span> <span class='ocrx_word' id='word_1_655' title='bbox 2633 2902 2698 2939; x_wconf 87' lang='lat' dir='ltr'>ex</span> <span class='ocrx_word' id='word_1_656' title='bbox 2719 2885 2871 2939; x_wconf 88' lang='lat' dir='ltr'>hisce</span> <span class='ocrx_word' id='word_1_657' title='bbox 2889 2886 3209 2958; x_wconf 91' lang='lat' dir='ltr'>pretiosum</span> <span class='ocrx_word' id='word_1_658' title='bbox 3228 2885 3367 2940; x_wconf 90' lang='lat' dir='ltr'>illud</span> <span class='ocrx_word' id='word_1_659' title='bbox 3392 2901 3739 2941; x_wconf 84' lang='lat' dir='ltr'>monumen-</span> 
     </span>
    </p>
   </div>
   <div class='ocr_carea' id='block_1_90' title="bbox 2117 2973 3740 3047">
    <p class='ocr_par' dir='ltr' id='par_1_90' title="bbox 2117 2973 3740 3047">
     <span class='ocr_line' id='line_1_90' title="bbox 2117 2973 3740 3047; baseline 0.001 -21"><span class='ocrx_word' id='word_1_660' title='bbox 2117 2975 2242 3026; x_wconf 89' lang='lat' dir='ltr'>tum</span> <span class='ocrx_word' id='word_1_661' title='bbox 2273 2973 2431 3027; x_wconf 90' lang='lat' dir='ltr'>lubet</span> <span class='ocrx_word' id='word_1_662' title='bbox 2458 2974 2633 3027; x_wconf 89' lang='lat' dir='ltr'>etiam</span> <span class='ocrx_word' id='word_1_663' title='bbox 2668 2974 2777 3027; x_wconf 89' lang='lat' dir='ltr'>huc</span> <span class='ocrx_word' id='word_1_664' title='bbox 2810 2975 3143 3042; x_wconf 89' lang='lat' dir='ltr'>transferre,</span> <span class='ocrx_word' id='word_1_665' title='bbox 3168 2978 3231 3029; x_wconf 93' lang='lat' dir='ltr'>ut</span> <span class='ocrx_word' id='word_1_666' title='bbox 3246 2977 3305 3029; x_wconf 89' lang='lat' dir='ltr'>et</span> <span class='ocrx_word' id='word_1_667' title='bbox 3331 2974 3578 3047; x_wconf 92' lang='lat' dir='ltr'>id,quod</span> <span class='ocrx_word' id='word_1_668' title='bbox 3595 2990 3740 3045; x_wconf 83' lang='lat' dir='ltr'>pau-</span> 
     </span>
    </p>
   </div>
   <div class='ocr_carea' id='block_1_91' title="bbox 2118 3060 3737 3134">
    <p class='ocr_par' dir='ltr' id='par_1_91' title="bbox 2118 3060 3737 3134">
     <span class='ocr_line' id='line_1_91' title="bbox 2118 3060 3737 3134; baseline 0.001 -19"><span class='ocrx_word' id='word_1_669' title='bbox 2118 3060 2196 3115; x_wconf 91' lang='lat' dir='ltr'>cis</span> <span class='ocrx_word' id='word_1_670' title='bbox 2225 3061 2502 3116; x_wconf 86' lang='lat' dir='ltr'>duntaxat</span> <span class='ocrx_word' id='word_1_671' title='bbox 2531 3062 2690 3115; x_wconf 91' lang='lat' dir='ltr'>libris</span> <span class='ocrx_word' id='word_1_672' title='bbox 2716 3061 2995 3117; x_wconf 89' lang='lat' dir='ltr'>insertum</span> <span class='ocrx_word' id='word_1_673' title='bbox 3023 3062 3333 3131; x_wconf 89' lang='lat' dir='ltr'>invenitur,</span> <span class='ocrx_word' id='word_1_674' title='bbox 3369 3061 3638 3134; x_wconf 91' lang='lat' dir='ltr'>quodque</span> <span class='ocrx_word' id='word_1_675' title='bbox 3654 3079 3737 3117; x_wconf 88' lang='lat' dir='ltr'>ne</span> 
     </span>
    </p>
   </div>
   <div class='ocr_carea' id='block_1_92' title="bbox 2118 3142 3735 3224">
    <p class='ocr_par' dir='ltr' id='par_1_92' title="bbox 2118 3142 3735 3224">
     <span class='ocr_line' id='line_1_92' title="bbox 2118 3142 3735 3224; baseline 0.001 -21"><span class='ocrx_word' id='word_1_676' title='bbox 2118 3149 2351 3221; x_wconf 90' lang='lat' dir='ltr'>quidem</span> <span class='ocrx_word' id='word_1_677' title='bbox 2386 3149 2445 3204; x_wconf 90' lang='lat' dir='ltr'>in</span> <span class='ocrx_word' id='word_1_678' title='bbox 2481 3149 2674 3204; x_wconf 89' lang='lat' dir='ltr'>Sancti</span> <span class='ocrx_word' id='word_1_679' title='bbox 2716 3149 2926 3223; x_wconf 87' lang='lat' dir='ltr'>Opera,</span> <span class='ocrx_word' id='word_1_680' title='bbox 2961 3151 3115 3224; x_wconf 90' lang='lat' dir='ltr'>apud</span> <span class='ocrx_word' id='word_1_681' title='bbox 3157 3142 3439 3206; x_wconf 12' lang='lat' dir='ltr'>Jiudocum</span> <span class='ocrx_word' id='word_1_682' title='bbox 3487 3150 3735 3205; x_wconf 89' lang='lat' dir='ltr'>Badium</span> 
     </span>
    </p>
   </div>
   <div class='ocr_carea' id='block_1_93' title="bbox 2118 3238 3734 3312">
    <p class='ocr_par' dir='ltr' id='par_1_93' title="bbox 2118 3238 3734 3312">
     <span class='ocr_line' id='line_1_93' title="bbox 2118 3238 3734 3312; baseline 0.002 -21"><span class='ocrx_word' id='word_1_683' title='bbox 2118 3254 2271 3292; x_wconf 90' lang='lat' dir='ltr'>anno</span> <span class='ocrx_word' id='word_1_684' title='bbox 2309 3240 2443 3292; x_wconf 63' lang='grc'><strong>1524</strong></span> <span class='ocrx_word' id='word_1_685' title='bbox 2470 3238 2697 3293; x_wconf 90' lang='lat' dir='ltr'>Parisiis</span> <span class='ocrx_word' id='word_1_686' title='bbox 2723 3256 2945 3307; x_wconf 86' lang='lat' dir='ltr'>excusa,</span> <span class='ocrx_word' id='word_1_687' title='bbox 2978 3256 3270 3312; x_wconf 90' lang='lat' dir='ltr'>penesque</span> <span class='ocrx_word' id='word_1_688' title='bbox 3299 3256 3404 3294; x_wconf 87' lang='lat' dir='ltr'>nos</span> <span class='ocrx_word' id='word_1_689' title='bbox 3429 3239 3734 3307; x_wconf 86' lang='lat' dir='ltr'>exstantia,</span> 
     </span>
    </p>
   </div>
   <div class='ocr_carea' id='block_1_94' title="bbox 2117 3326 3743 3401">
    <p class='ocr_par' dir='ltr' id='par_1_94' title="bbox 2117 3326 3743 3401">
     <span class='ocr_line' id='line_1_94' title="bbox 2117 3326 3743 3401; baseline 0 -20"><span class='ocrx_word' id='word_1_690' title='bbox 2117 3326 2341 3381; x_wconf 89' lang='lat' dir='ltr'>illatum</span> <span class='ocrx_word' id='word_1_691' title='bbox 2377 3327 2551 3382; x_wconf 84' lang='lat' dir='ltr'>fuisse</span> <span class='ocrx_word' id='word_1_692' title='bbox 2594 3329 2796 3396; x_wconf 89' lang='lat' dir='ltr'>miror,</span> <span class='ocrx_word' id='word_1_693' title='bbox 2827 3328 3028 3383; x_wconf 90' lang='lat' dir='ltr'>lectori</span> <span class='ocrx_word' id='word_1_694' title='bbox 3057 3329 3119 3383; x_wconf 91' lang='lat' dir='ltr'>in</span> <span class='ocrx_word' id='word_1_695' title='bbox 3149 3331 3425 3401; x_wconf 88' lang='lat' dir='ltr'>promptu</span> <span class='ocrx_word' id='word_1_696' title='bbox 3450 3327 3540 3396; x_wconf 91' lang='lat' dir='ltr'>sit,</span> <span class='ocrx_word' id='word_1_697' title='bbox 3568 3330 3627 3381; x_wconf 90' lang='lat' dir='ltr'>et</span> <span class='ocrx_word' id='word_1_698' title='bbox 3650 3327 3743 3382; x_wconf 86' lang='lat' dir='ltr'>ita</span> 
     </span>
    </p>
   </div>
   <div class='ocr_carea' id='block_1_95' title="bbox 2115 3414 3741 3488">
    <p class='ocr_par' dir='ltr' id='par_1_95' title="bbox 2115 3414 3741 3488">
     <span class='ocr_line' id='line_1_95' title="bbox 2115 3414 3741 3488; baseline 0.001 -20"><span class='ocrx_word' id='word_1_699' title='bbox 2115 3414 2284 3469; x_wconf 89' lang='lat' dir='ltr'>simul</span> <span class='ocrx_word' id='word_1_700' title='bbox 2312 3415 2489 3469; x_wconf 88' lang='lat' dir='ltr'>fidem</span> <span class='ocrx_word' id='word_1_701' title='bbox 2518 3432 2691 3488; x_wconf 88' lang='lat' dir='ltr'>supra</span> <span class='ocrx_word' id='word_1_702' title='bbox 2719 3417 2846 3486; x_wconf 91' lang='lat' dir='ltr'>plus</span> <span class='ocrx_word' id='word_1_703' title='bbox 2877 3417 3056 3471; x_wconf 90' lang='lat' dir='ltr'>semel</span> <span class='ocrx_word' id='word_1_704' title='bbox 3106 3417 3303 3472; x_wconf 88' lang='lat' dir='ltr'>datam</span> <span class='ocrx_word' id='word_1_705' title='bbox 3347 3417 3611 3472; x_wconf 86' lang='lat' dir='ltr'>liberem.</span> <span class='ocrx_word' id='word_1_706' title='bbox 3641 3415 3741 3471; x_wconf 92' lang='lat' dir='ltr'>Sic</span> 
     </span>
    </p>
   </div>
   <div class='ocr_carea' id='block_1_96' title="bbox 2114 3503 3737 3577">
    <p class='ocr_par' dir='ltr' id='par_1_96' title="bbox 2114 3503 3737 3577">
     <span class='ocr_line' id='line_1_96' title="bbox 2114 3503 3737 3577; baseline 0.001 -20"><span class='ocrx_word' id='word_1_707' title='bbox 2114 3503 2307 3575; x_wconf 89' lang='lat' dir='ltr'>itaque</span> <span class='ocrx_word' id='word_1_708' title='bbox 2326 3504 2505 3559; x_wconf 89' lang='lat' dir='ltr'>habet</span> <span class='ocrx_word' id='word_1_709' title='bbox 2532 3522 2545 3558; x_wconf 87' lang='lat'>:</span> <span class='ocrx_word' id='word_1_710' title='bbox 2580 3525 2610 3557; x_wconf 68' lang='grc' dir='ltr'><strong>ς</strong></span> <span class='ocrx_word' id='word_1_711' title='bbox 2643 3505 2889 3560; x_wconf 90' lang='lat' dir='ltr'>Domino</span> <span class='ocrx_word' id='word_1_712' title='bbox 2919 3522 3020 3561; x_wconf 91' lang='lat' dir='ltr'>suo</span> <span class='ocrx_word' id='word_1_713' title='bbox 3049 3506 3379 3561; x_wconf 89' lang='lat' dir='ltr'>venerando</span> <span class='ocrx_word' id='word_1_714' title='bbox 3405 3505 3737 3577; x_wconf 82' lang='lat' dir='ltr'>Radulpho,</span> 
     </span>
    </p>
   </div>
   <div class='ocr_carea' id='block_1_97' title="bbox 2115 3591 3741 3663">
    <p class='ocr_par' dir='ltr' id='par_1_97' title="bbox 2115 3591 3741 3663">
     <span class='ocr_line' id='line_1_97' title="bbox 2115 3591 3741 3663; baseline 0.002 -18"><span class='ocrx_word' id='word_1_715' title='bbox 2115 3591 2385 3645; x_wconf 82' lang='lat' dir='ltr'>Remensi</span> <span class='ocrx_word' id='word_1_716' title='bbox 2414 3593 2744 3663; x_wconf 90' lang='lat' dir='ltr'>praposito,</span> <span class='ocrx_word' id='word_1_717' title='bbox 2804 3593 3199 3649; x_wconf 87' lang='lat' dir='ltr'>sincerissima</span> <span class='ocrx_word' id='word_1_718' title='bbox 3242 3593 3536 3648; x_wconf 88' lang='lat' dir='ltr'>charitatis</span> <span class='ocrx_word' id='word_1_719' title='bbox 3575 3594 3741 3648; x_wconf 86' lang='lat' dir='ltr'>cultu</span> 
     </span>
    </p>
   </div>
   <div class='ocr_carea' id='block_1_98' title="bbox 2115 3679 3739 3752">
    <p class='ocr_par' dir='ltr' id='par_1_98' title="bbox 2115 3679 3739 3752">
     <span class='ocr_line' id='line_1_98' title="bbox 2115 3679 3739 3752; baseline 0.003 -20"><span class='ocrx_word' id='word_1_720' title='bbox 2115 3679 2493 3746; x_wconf 87' lang='lat' dir='ltr'>observando,</span> <span class='ocrx_word' id='word_1_721' title='bbox 2552 3681 2741 3735; x_wconf 90' lang='lat' dir='ltr'>Bruno</span> <span class='ocrx_word' id='word_1_722' title='bbox 2798 3683 3064 3737; x_wconf 89' lang='lat' dir='ltr'>salutem.</span> <span class='ocrx_word' id='word_1_723' title='bbox 3120 3682 3339 3737; x_wconf 84' lang='lat' dir='ltr'>Veteris</span> <span class='ocrx_word' id='word_1_724' title='bbox 3395 3681 3739 3752; x_wconf 74' lang='lat' dir='ltr'>approbata</span> 
     </span>
    </p>
   </div>
   <div class='ocr_carea' id='block_1_99' title="bbox 2116 3766 3743 3843">
    <p class='ocr_par' dir='ltr' id='par_1_99' title="bbox 2116 3766 3743 3843">
     <span class='ocr_line' id='line_1_99' title="bbox 2116 3766 3743 3843; baseline 0.002 -23"><span class='ocrx_word' id='word_1_725' title='bbox 2116 3766 2381 3822; x_wconf 84' lang='lat' dir='ltr'>amicitia</span> <span class='ocrx_word' id='word_1_726' title='bbox 2395 3767 2538 3822; x_wconf 89' lang='lat' dir='ltr'>fides</span> <span class='ocrx_word' id='word_1_727' title='bbox 2549 3785 2616 3823; x_wconf 94' lang='lat' dir='ltr'>eo</span> <span class='ocrx_word' id='word_1_728' title='bbox 2629 3769 2958 3840; x_wconf 87' lang='lat' dir='ltr'>praclarior</span> <span class='ocrx_word' id='word_1_729' title='bbox 2971 3772 3025 3824; x_wconf 89' lang='lat' dir='ltr'>et</span> <span class='ocrx_word' id='word_1_730' title='bbox 3040 3771 3206 3826; x_wconf 88' lang='lat' dir='ltr'>laude</span> <span class='ocrx_word' id='word_1_731' title='bbox 3220 3770 3488 3843; x_wconf 89' lang='lat' dir='ltr'>ampliori</span> <span class='ocrx_word' id='word_1_732' title='bbox 3500 3769 3743 3842; x_wconf 82' lang='lat' dir='ltr'>dignior</span> 
     </span>
    </p>
   </div>
   <div class='ocr_carea' id='block_1_100' title="bbox 2116 3856 3735 3932">
    <p class='ocr_par' dir='ltr' id='par_1_100' title="bbox 2116 3856 3735 3932">
     <span class='ocr_line' id='line_1_100' title="bbox 2116 3856 3735 3932; baseline 0.002 -22"><span class='ocrx_word' id='word_1_733' title='bbox 2116 3856 2174 3910; x_wconf 90' lang='lat' dir='ltr'>in</span> <span class='ocrx_word' id='word_1_734' title='bbox 2200 3859 2255 3910; x_wconf 90' lang='lat' dir='ltr'>te</span> <span class='ocrx_word' id='word_1_735' title='bbox 2276 3856 2765 3929; x_wconf 90' lang='lat' dir='ltr'>conspicitur,quo</span> <span class='ocrx_word' id='word_1_736' title='bbox 2783 3859 2968 3914; x_wconf 89' lang='lat' dir='ltr'>rarior</span> <span class='ocrx_word' id='word_1_737' title='bbox 2980 3859 3133 3931; x_wconf 91' lang='lat' dir='ltr'>apud</span> <span class='ocrx_word' id='word_1_738' title='bbox 3144 3859 3409 3915; x_wconf 88' lang='lat' dir='ltr'>homines</span> <span class='ocrx_word' id='word_1_739' title='bbox 3421 3859 3735 3932; x_wconf 90' lang='lat' dir='ltr'>reperitur.</span> 
     </span>
    </p>
   </div>
   <div class='ocr_carea' id='block_1_101' title="bbox 2117 3942 3742 4019">
    <p class='ocr_par' dir='ltr' id='par_1_101' title="bbox 2117 3942 3742 4019">
     <span class='ocr_line' id='line_1_101' title="bbox 2117 3942 3742 4019; baseline 0.003 -22"><span class='ocrx_word' id='word_1_740' title='bbox 2117 3942 2160 4008; x_wconf 94' lang='lat' dir='ltr'>Q</span> <span class='ocrx_word' id='word_1_741' title='bbox 2170 3962 2278 3998; x_wconf 91' lang='lat' dir='ltr'>uan</span> <span class='ocrx_word' id='word_1_742' title='bbox 2286 3962 2460 4015; x_wconf 90' lang='lat' dir='ltr'>quam</span> <span class='ocrx_word' id='word_1_743' title='bbox 2475 3945 2634 4000; x_wconf 86' lang='lat' dir='ltr'>enim</span> <span class='ocrx_word' id='word_1_744' title='bbox 2650 3948 2826 4018; x_wconf 88' lang='lat' dir='ltr'>longo</span> <span class='ocrx_word' id='word_1_745' title='bbox 2849 3950 3137 4002; x_wconf 90' lang='lat' dir='ltr'>terrarum</span> <span class='ocrx_word' id='word_1_746' title='bbox 3155 3952 3342 4003; x_wconf 89' lang='lat' dir='ltr'>tractu</span> <span class='ocrx_word' id='word_1_747' title='bbox 3354 3952 3412 4002; x_wconf 89' lang='lat' dir='ltr'>et</span> <span class='ocrx_word' id='word_1_748' title='bbox 3423 3947 3742 4019; x_wconf 74' lang='lat' dir='ltr'>prolixiora</span> 
     </span>
    </p>
   </div>
   <div class='ocr_carea' id='block_1_102' title="bbox 2115 4032 3737 4107">
    <p class='ocr_par' dir='ltr' id='par_1_102' title="bbox 2115 4032 3737 4107">
     <span class='ocr_line' id='line_1_102' title="bbox 2115 4032 3737 4107; baseline 0.002 -22"><span class='ocrx_word' id='word_1_749' title='bbox 2115 4032 2398 4103; x_wconf 89' lang='lat' dir='ltr'>temporis</span> <span class='ocrx_word' id='word_1_750' title='bbox 2422 4034 2605 4103; x_wconf 91' lang='lat' dir='ltr'>spatio</span> <span class='ocrx_word' id='word_1_751' title='bbox 2639 4050 2885 4107; x_wconf 90' lang='lat' dir='ltr'>corpora</span> <span class='ocrx_word' id='word_1_752' title='bbox 2914 4035 2985 4090; x_wconf 89' lang='lat' dir='ltr'>ab</span> <span class='ocrx_word' id='word_1_753' title='bbox 3009 4035 3258 4091; x_wconf 87' lang='lat' dir='ltr'>invicem</span> <span class='ocrx_word' id='word_1_754' title='bbox 3306 4036 3567 4107; x_wconf 88' lang='lat' dir='ltr'>sejuncta</span> <span class='ocrx_word' id='word_1_755' title='bbox 3594 4035 3737 4103; x_wconf 86' lang='lat' dir='ltr'>sint,</span> 
     </span>
    </p>
   </div>
   <div class='ocr_carea' id='block_1_103' title="bbox 2115 4120 3741 4179">
    <p class='ocr_par' dir='ltr' id='par_1_103' title="bbox 2115 4120 3741 4179">
     <span class='ocr_line' id='line_1_103' title="bbox 2115 4120 3741 4179; baseline 0.004 -6"><span class='ocrx_word' id='word_1_756' title='bbox 2115 4120 2340 4175; x_wconf 89' lang='lat' dir='ltr'>animus</span> <span class='ocrx_word' id='word_1_757' title='bbox 2373 4123 2571 4175; x_wconf 88' lang='lat' dir='ltr'>tamen</span> <span class='ocrx_word' id='word_1_758' title='bbox 2604 4122 3025 4178; x_wconf 87' lang='lat' dir='ltr'>benevolentia</span> <span class='ocrx_word' id='word_1_759' title='bbox 3070 4127 3183 4178; x_wconf 88' lang='lat' dir='ltr'>tua</span> <span class='ocrx_word' id='word_1_760' title='bbox 3222 4125 3292 4178; x_wconf 91' lang='lat' dir='ltr'>ab</span> <span class='ocrx_word' id='word_1_761' title='bbox 3334 4124 3520 4179; x_wconf 90' lang='lat' dir='ltr'>amico</span> <span class='ocrx_word' id='word_1_762' title='bbox 3568 4124 3741 4179; x_wconf 87' lang='lat' dir='ltr'>avelli</span> 
     </span>
    </p>
   </div>
   <div class='ocr_carea' id='block_1_104' title="bbox 2116 4208 3739 4281">
    <p class='ocr_par' dir='ltr' id='par_1_104' title="bbox 2116 4208 3739 4281">
     <span class='ocr_line' id='line_1_104' title="bbox 2116 4208 3739 4281; baseline 0.003 -19"><span class='ocrx_word' id='word_1_763' title='bbox 2116 4224 2232 4263; x_wconf 93' lang='lat' dir='ltr'>non</span> <span class='ocrx_word' id='word_1_764' title='bbox 2262 4208 2644 4279; x_wconf 89' lang='lat' dir='ltr'>potuit.Quod</span> <span class='ocrx_word' id='word_1_765' title='bbox 2672 4210 2907 4281; x_wconf 89' lang='lat' dir='ltr'>quidem</span> <span class='ocrx_word' id='word_1_766' title='bbox 2935 4211 3142 4266; x_wconf 90' lang='lat' dir='ltr'>litteris</span> <span class='ocrx_word' id='word_1_767' title='bbox 3160 4211 3269 4267; x_wconf 91' lang='lat' dir='ltr'>tuis</span> <span class='ocrx_word' id='word_1_768' title='bbox 3290 4212 3739 4281; x_wconf 90' lang='lat' dir='ltr'>suavissimis(in</span> 
     </span>
    </p>
   </div>
   <div class='ocr_carea' id='block_1_105' title="bbox 2115 4296 3737 4370">
    <p class='ocr_par' dir='ltr' id='par_1_105' title="bbox 2115 4296 3737 4370">
     <span class='ocr_line' id='line_1_105' title="bbox 2115 4296 3737 4370; baseline 0.003 -21"><span class='ocrx_word' id='word_1_769' title='bbox 2115 4296 2321 4367; x_wconf 89' lang='lat' dir='ltr'>quibus</span> <span class='ocrx_word' id='word_1_770' title='bbox 2352 4297 2494 4351; x_wconf 90' lang='lat' dir='ltr'>mihi</span> <span class='ocrx_word' id='word_1_771' title='bbox 2524 4297 2707 4352; x_wconf 90' lang='lat' dir='ltr'>amice</span> <span class='ocrx_word' id='word_1_772' title='bbox 2729 4298 3021 4353; x_wconf 90' lang='lat' dir='ltr'>blanditus</span> <span class='ocrx_word' id='word_1_773' title='bbox 3047 4301 3125 4370; x_wconf 90' lang='lat' dir='ltr'>es)</span> <span class='ocrx_word' id='word_1_774' title='bbox 3147 4316 3254 4354; x_wconf 90' lang='lat' dir='ltr'>nec</span> <span class='ocrx_word' id='word_1_775' title='bbox 3275 4317 3393 4355; x_wconf 92' lang='lat' dir='ltr'>non</span> <span class='ocrx_word' id='word_1_776' title='bbox 3415 4299 3737 4368; x_wconf 87' lang='lat' dir='ltr'>beneficiis,</span> 
     </span>
    </p>
   </div>
   <div class='ocr_carea' id='block_1_106' title="bbox 2114 4384 3741 4451">
    <p class='ocr_par' dir='ltr' id='par_1_106' title="bbox 2114 4384 3741 4451">
     <span class='ocr_line' id='line_1_106' title="bbox 2114 4384 3741 4451; baseline 0.004 -14"><span class='ocrx_word' id='word_1_777' title='bbox 2114 4399 2232 4437; x_wconf 89' lang='lat' dir='ltr'>non</span> <span class='ocrx_word' id='word_1_778' title='bbox 2243 4384 2429 4438; x_wconf 91' lang='lat' dir='ltr'>solum</span> <span class='ocrx_word' id='word_1_779' title='bbox 2453 4384 2615 4451; x_wconf 88' lang='lat' dir='ltr'>mihi,</span> <span class='ocrx_word' id='word_1_780' title='bbox 2643 4400 2840 4439; x_wconf 89' lang='lat' dir='ltr'>verum</span> <span class='ocrx_word' id='word_1_781' title='bbox 2864 4386 3039 4440; x_wconf 91' lang='lat' dir='ltr'>etiam</span> <span class='ocrx_word' id='word_1_782' title='bbox 3062 4386 3225 4440; x_wconf 88' lang='lat' dir='ltr'>fratri</span> <span class='ocrx_word' id='word_1_783' title='bbox 3255 4388 3547 4442; x_wconf 90' lang='lat' dir='ltr'>Bernardo</span> <span class='ocrx_word' id='word_1_784' title='bbox 3564 4404 3741 4443; x_wconf 82' lang='lat' dir='ltr'>causa</span> 
     </span>
    </p>
   </div>
   <div class='ocr_carea' id='block_1_107' title="bbox 2114 4471 3742 4546">
    <p class='ocr_par' dir='ltr' id='par_1_107' title="bbox 2114 4471 3742 4546">
     <span class='ocr_line' id='line_1_107' title="bbox 2114 4471 3742 4546; baseline 0.004 -22"><span class='ocrx_word' id='word_1_785' title='bbox 2114 4471 2293 4526; x_wconf 90' lang='lat' dir='ltr'>nostri</span> <span class='ocrx_word' id='word_1_786' title='bbox 2321 4473 2480 4544; x_wconf 83' lang='lat' dir='ltr'>large</span> <span class='ocrx_word' id='word_1_787' title='bbox 2507 4472 2800 4544; x_wconf 87' lang='lat' dir='ltr'>impensis,</span> <span class='ocrx_word' id='word_1_788' title='bbox 2821 4473 3059 4546; x_wconf 89' lang='lat' dir='ltr'>aliisque</span> <span class='ocrx_word' id='word_1_789' title='bbox 3089 4472 3313 4529; x_wconf 91' lang='lat' dir='ltr'>indiciis</span> <span class='ocrx_word' id='word_1_790' title='bbox 3340 4475 3634 4530; x_wconf 90' lang='lat' dir='ltr'>nonnullis</span> <span class='ocrx_word' id='word_1_791' title='bbox 3649 4492 3742 4530; x_wconf 89' lang='lat' dir='ltr'>sa-</span> 
     </span>
    </p>
   </div>
   <div class='ocr_carea' id='block_1_108' title="bbox 2112 4559 3739 4635">
    <p class='ocr_par' dir='ltr' id='par_1_108' title="bbox 2112 4559 3739 4635">
     <span class='ocr_line' id='line_1_108' title="bbox 2112 4559 3739 4635; baseline 0.002 -21"><span class='ocrx_word' id='word_1_792' title='bbox 2112 4559 2185 4614; x_wconf 88' lang='lat' dir='ltr'>tis</span> <span class='ocrx_word' id='word_1_793' title='bbox 2217 4562 2513 4614; x_wconf 90' lang='lat' dir='ltr'>ostensum</span> <span class='ocrx_word' id='word_1_794' title='bbox 2545 4563 2649 4615; x_wconf 91' lang='lat' dir='ltr'>est.</span> <span class='ocrx_word' id='word_1_795' title='bbox 2694 4561 2856 4616; x_wconf 90' lang='lat' dir='ltr'>Unde</span> <span class='ocrx_word' id='word_1_796' title='bbox 2887 4564 3100 4633; x_wconf 84' lang='lat' dir='ltr'>grates,</span> <span class='ocrx_word' id='word_1_797' title='bbox 3133 4578 3252 4617; x_wconf 91' lang='lat' dir='ltr'>non</span> <span class='ocrx_word' id='word_1_798' title='bbox 3290 4563 3523 4635; x_wconf 90' lang='lat' dir='ltr'>quidem</span> <span class='ocrx_word' id='word_1_799' title='bbox 3555 4562 3739 4618; x_wconf 88' lang='lat' dir='ltr'>meri-</span> 
     </span>
    </p>
   </div>
   <div class='ocr_carea' id='block_1_109' title="bbox 2113 4646 3737 4722">
    <p class='ocr_par' dir='ltr' id='par_1_109' title="bbox 2113 4646 3737 4722">
     <span class='ocr_line' id='line_1_109' title="bbox 2113 4646 3737 4722; baseline 0.004 -23"><span class='ocrx_word' id='word_1_800' title='bbox 2113 4646 2185 4702; x_wconf 91' lang='lat' dir='ltr'>tis</span> <span class='ocrx_word' id='word_1_801' title='bbox 2199 4647 2503 4718; x_wconf 90' lang='lat' dir='ltr'>pares,sed</span> <span class='ocrx_word' id='word_1_802' title='bbox 2530 4651 2733 4703; x_wconf 89' lang='lat' dir='ltr'>tamen</span> <span class='ocrx_word' id='word_1_803' title='bbox 2760 4665 2827 4704; x_wconf 87' lang='lat' dir='ltr'>ex</span> <span class='ocrx_word' id='word_1_804' title='bbox 2856 4665 3002 4722; x_wconf 89' lang='lat' dir='ltr'>puro</span> <span class='ocrx_word' id='word_1_805' title='bbox 3033 4649 3194 4704; x_wconf 89' lang='lat' dir='ltr'>fonte</span> <span class='ocrx_word' id='word_1_806' title='bbox 3226 4655 3549 4717; x_wconf 89' lang='lat' dir='ltr'>manantes,</span> <span class='ocrx_word' id='word_1_807' title='bbox 3568 4652 3737 4706; x_wconf 90' lang='lat' dir='ltr'>beni-</span> 
     </span>
    </p>
   </div>
   <div class='ocr_carea' id='block_1_110' title="bbox 2112 4736 3738 4811">
    <p class='ocr_par' dir='ltr' id='par_1_110' title="bbox 2112 4736 3738 4811">
     <span class='ocr_line' id='line_1_110' title="bbox 2112 4736 3738 4811; baseline 0.004 -21"><span class='ocrx_word' id='word_1_808' title='bbox 2112 4736 2318 4806; x_wconf 84' lang='lat' dir='ltr'>gnitati</span> <span class='ocrx_word' id='word_1_809' title='bbox 2347 4738 2460 4791; x_wconf 88' lang='lat' dir='ltr'>tua</span> <span class='ocrx_word' id='word_1_810' title='bbox 2487 4736 2881 4809; x_wconf 89' lang='lat' dir='ltr'>rependimus,</span> <span class='ocrx_word' id='word_1_811' title='bbox 2915 4737 3294 4809; x_wconf 88' lang='lat' dir='ltr'>Peregrinum</span> <span class='ocrx_word' id='word_1_812' title='bbox 3321 4739 3637 4811; x_wconf 89' lang='lat' dir='ltr'>quemdam</span> <span class='ocrx_word' id='word_1_813' title='bbox 3671 4738 3738 4796; x_wconf 92' lang='lat' dir='ltr'>in</span> 
     </span>
    </p>
   </div>
   <div class='ocr_carea' id='block_1_111' title="bbox 2114 4823 3736 4897">
    <p class='ocr_par' dir='ltr' id='par_1_111' title="bbox 2114 4823 3736 4897">
     <span class='ocr_line' id='line_1_111' title="bbox 2114 4823 3736 4897; baseline 0.003 -18"><span class='ocrx_word' id='word_1_814' title='bbox 2114 4823 2237 4879; x_wconf 85' lang='lat' dir='ltr'>aliis</span> <span class='ocrx_word' id='word_1_815' title='bbox 2262 4823 2644 4897; x_wconf 89' lang='lat' dir='ltr'>legationibus</span> <span class='ocrx_word' id='word_1_816' title='bbox 2675 4824 2812 4879; x_wconf 90' lang='lat' dir='ltr'>satis</span> <span class='ocrx_word' id='word_1_817' title='bbox 2855 4825 3091 4881; x_wconf 82' lang='lat' dir='ltr'>fidelem</span> <span class='ocrx_word' id='word_1_818' title='bbox 3136 4842 3269 4882; x_wconf 91' lang='lat' dir='ltr'>cum</span> <span class='ocrx_word' id='word_1_819' title='bbox 3307 4825 3512 4881; x_wconf 89' lang='lat' dir='ltr'>litteris</span> <span class='ocrx_word' id='word_1_820' title='bbox 3552 4826 3625 4881; x_wconf 90' lang='lat' dir='ltr'>ad</span> <span class='ocrx_word' id='word_1_821' title='bbox 3672 4831 3736 4884; x_wconf 87' lang='lat' dir='ltr'>te</span> 
     </span>
    </p>
   </div>
   <div class='ocr_carea' id='block_1_112' title="bbox 2115 4912 3731 4987">
    <p class='ocr_par' dir='ltr' id='par_1_112' title="bbox 2115 4912 3731 4987">
     <span class='ocr_line' id='line_1_112' title="bbox 2115 4912 3731 4987; baseline 0.003 -21"><span class='ocrx_word' id='word_1_822' title='bbox 2115 4912 2333 4967; x_wconf 91' lang='lat' dir='ltr'>dudum</span> <span class='ocrx_word' id='word_1_823' title='bbox 2370 4912 2703 4979; x_wconf 87' lang='lat' dir='ltr'>direximus,</span> <span class='ocrx_word' id='word_1_824' title='bbox 2733 4913 2832 4968; x_wconf 89' lang='lat' dir='ltr'>sed</span> <span class='ocrx_word' id='word_1_825' title='bbox 2861 4914 2972 4968; x_wconf 91' lang='lat' dir='ltr'>huc</span> <span class='ocrx_word' id='word_1_826' title='bbox 3015 4931 3197 4986; x_wconf 91' lang='lat' dir='ltr'>usque</span> <span class='ocrx_word' id='word_1_827' title='bbox 3238 4931 3357 4969; x_wconf 90' lang='lat' dir='ltr'>non</span> <span class='ocrx_word' id='word_1_828' title='bbox 3407 4919 3731 4987; x_wconf 87' lang='lat' dir='ltr'>comparet.</span> 
     </span>
    </p>
   </div>
   <div class='ocr_carea' id='block_1_113' title="bbox 2113 4999 3733 5072">
    <p class='ocr_par' dir='ltr' id='par_1_113' title="bbox 2113 4999 3733 5072">
     <span class='ocr_line' id='line_1_113' title="bbox 2113 4999 3733 5072; baseline 0.003 -18"><span class='ocrx_word' id='word_1_829' title='bbox 2113 4999 2365 5072; x_wconf 89' lang='lat' dir='ltr'>Dignum</span> <span class='ocrx_word' id='word_1_830' title='bbox 2377 4999 2765 5071; x_wconf 88' lang='lat' dir='ltr'>judicavimus</span> <span class='ocrx_word' id='word_1_831' title='bbox 2790 5017 2973 5056; x_wconf 90' lang='lat' dir='ltr'>unum</span> <span class='ocrx_word' id='word_1_832' title='bbox 3005 5019 3072 5057; x_wconf 85' lang='lat' dir='ltr'>ex</span> <span class='ocrx_word' id='word_1_833' title='bbox 3095 5001 3306 5057; x_wconf 90' lang='lat' dir='ltr'>nostris</span> <span class='ocrx_word' id='word_1_834' title='bbox 3336 5003 3597 5066; x_wconf 85' lang='lat' dir='ltr'>eharitati</span> <span class='ocrx_word' id='word_1_835' title='bbox 3612 5006 3733 5061; x_wconf 82' lang='lat' dir='ltr'>tua</span> 
     </span>
    </p>
   </div>
   <div class='ocr_carea' id='block_1_114' title="bbox 2112 5088 3731 5165">
    <p class='ocr_par' dir='ltr' id='par_1_114' title="bbox 2112 5088 3731 5165">
     <span class='ocr_line' id='line_1_114' title="bbox 2112 5088 3731 5165; baseline 0.004 -23"><span class='ocrx_word' id='word_1_836' title='bbox 2112 5088 2528 5156; x_wconf 88' lang='lat' dir='ltr'>transmittere,</span> <span class='ocrx_word' id='word_1_837' title='bbox 2562 5089 2659 5162; x_wconf 90' lang='lat' dir='ltr'>qui</span> <span class='ocrx_word' id='word_1_838' title='bbox 2689 5090 2909 5158; x_wconf 87' lang='lat' dir='ltr'>omnia,</span> <span class='ocrx_word' id='word_1_839' title='bbox 2945 5106 3073 5162; x_wconf 85' lang='lat' dir='ltr'>qua</span> <span class='ocrx_word' id='word_1_840' title='bbox 3097 5089 3248 5145; x_wconf 90' lang='lat' dir='ltr'>circa</span> <span class='ocrx_word' id='word_1_841' title='bbox 3273 5107 3380 5147; x_wconf 92' lang='lat' dir='ltr'>nos</span> <span class='ocrx_word' id='word_1_842' title='bbox 3404 5096 3538 5147; x_wconf 90' lang='lat' dir='ltr'>sunt</span> <span class='ocrx_word' id='word_1_843' title='bbox 3568 5091 3731 5165; x_wconf 83' lang='lat' dir='ltr'>(quia</span> 
     </span>
    </p>
   </div>
   <div class='ocr_carea' id='block_1_115' title="bbox 2110 5176 3731 5255">
    <p class='ocr_par' dir='ltr' id='par_1_115' title="bbox 2110 5176 3731 5255">
     <span class='ocr_line' id='line_1_115' title="bbox 2110 5176 3731 5255; baseline 0.005 -25"><span class='ocrx_word' id='word_1_844' title='bbox 2110 5176 2302 5231; x_wconf 90' lang='lat' dir='ltr'>minus</span> <span class='ocrx_word' id='word_1_845' title='bbox 2325 5176 2399 5232; x_wconf 91' lang='lat' dir='ltr'>ad</span> <span class='ocrx_word' id='word_1_846' title='bbox 2423 5177 2546 5232; x_wconf 87' lang='lat' dir='ltr'>hac</span> <span class='ocrx_word' id='word_1_847' title='bbox 2576 5178 2801 5233; x_wconf 89' lang='lat' dir='ltr'>calamo</span> <span class='ocrx_word' id='word_1_848' title='bbox 2829 5182 2887 5234; x_wconf 92' lang='lat' dir='ltr'>et</span> <span class='ocrx_word' id='word_1_849' title='bbox 2907 5182 3234 5236; x_wconf 88' lang='lat' dir='ltr'>atramento</span> <span class='ocrx_word' id='word_1_850' title='bbox 3266 5180 3581 5237; x_wconf 85' lang='lat' dir='ltr'>sufﬁcimus</span> <span class='ocrx_word' id='word_1_851' title='bbox 3612 5183 3731 5255; x_wconf 90' lang='lat' dir='ltr'>(co-</span> 
     </span>
    </p>
   </div>
   <div class='ocr_carea' id='block_1_116' title="bbox 2110 5263 3061 5339">
    <p class='ocr_par' dir='ltr' id='par_1_116' title="bbox 2110 5263 3061 5339">
     <span class='ocr_line' id='line_1_116' title="bbox 2110 5263 3061 5339; baseline 0.003 -20"><span class='ocrx_word' id='word_1_852' title='bbox 2110 5263 2323 5337; x_wconf 90' lang='lat' dir='ltr'>piosius</span> <span class='ocrx_word' id='word_1_853' title='bbox 2350 5264 2475 5320; x_wconf 92' lang='lat' dir='ltr'>viva</span> <span class='ocrx_word' id='word_1_854' title='bbox 2500 5281 2635 5320; x_wconf 89' lang='lat' dir='ltr'>voce</span> <span class='ocrx_word' id='word_1_855' title='bbox 2661 5271 3061 5339; x_wconf 78' lang='lat' dir='ltr'>prosequatur.</span> 
     </span>
    </p>
   </div>
   <div class='ocr_carea' id='block_1_117' title="bbox 2182 5353 3732 5430">
    <p class='ocr_par' dir='ltr' id='par_1_117' title="bbox 2182 5353 3732 5430">
     <span class='ocr_line' id='line_1_117' title="bbox 2182 5353 3732 5430; baseline 0.006 -25"><span class='ocrx_word' id='word_1_856' title='bbox 2182 5353 2306 5407; x_wconf 81' lang='grc'>684.</span> <span class='ocrx_word' id='word_1_857' title='bbox 2330 5353 2700 5409; x_wconf 88' lang='lat' dir='ltr'>Notificamus</span> <span class='ocrx_word' id='word_1_858' title='bbox 2731 5370 2869 5426; x_wconf 84' lang='lat' dir='ltr'>ergo</span> <span class='ocrx_word' id='word_1_859' title='bbox 2912 5354 3203 5412; x_wconf 91' lang='lat' dir='ltr'>dilectioni</span> <span class='ocrx_word' id='word_1_860' title='bbox 3232 5360 3365 5424; x_wconf 86' lang='lat' dir='ltr'>tua,</span> <span class='ocrx_word' id='word_1_861' title='bbox 3402 5356 3732 5430; x_wconf 88' lang='lat' dir='ltr'>dignationi</span> 
     </span>
    </p>
   </div>
   <div class='ocr_carea' id='block_1_118' title="bbox 2110 5441 3733 5519">
    <p class='ocr_par' dir='ltr' id='par_1_118' title="bbox 2110 5441 3733 5519">
     <span class='ocr_line' id='line_1_118' title="bbox 2110 5441 3733 5519; baseline 0.006 -25"><span class='ocrx_word' id='word_1_862' title='bbox 2110 5443 2246 5507; x_wconf 85' lang='lat' dir='ltr'>tua,</span> <span class='ocrx_word' id='word_1_863' title='bbox 2274 5441 2549 5514; x_wconf 90' lang='lat' dir='ltr'>quoniam</span> <span class='ocrx_word' id='word_1_864' title='bbox 2586 5441 2644 5496; x_wconf 92' lang='lat' dir='ltr'>in</span> <span class='ocrx_word' id='word_1_865' title='bbox 2674 5441 2781 5497; x_wconf 90' lang='lat' dir='ltr'>tibi</span> <span class='ocrx_word' id='word_1_866' title='bbox 2820 5458 2939 5497; x_wconf 91' lang='lat' dir='ltr'>non</span> <span class='ocrx_word' id='word_1_867' title='bbox 2975 5443 3269 5515; x_wconf 90' lang='lat' dir='ltr'>ingratum</span> <span class='ocrx_word' id='word_1_868' title='bbox 3296 5448 3585 5519; x_wconf 87' lang='lat' dir='ltr'>putamus,</span> <span class='ocrx_word' id='word_1_869' title='bbox 3621 5463 3733 5504; x_wconf 87' lang='lat' dir='ltr'>nos</span> 
     </span>
    </p>
   </div>
   <div class='ocr_carea' id='block_1_119' title="bbox 2116 5527 3726 5606">
    <p class='ocr_par' dir='ltr' id='par_1_119' title="bbox 2116 5527 3726 5606">
     <span class='ocr_line' id='line_1_119' title="bbox 2116 5527 3726 5606; baseline 0.004 -21"><span class='ocrx_word' id='word_1_870' title='bbox 2116 5544 2359 5601; x_wconf 85' lang='lat' dir='ltr'>corpore</span> <span class='ocrx_word' id='word_1_871' title='bbox 2384 5527 2631 5600; x_wconf 89' lang='lat' dir='ltr'>(utinam</span> <span class='ocrx_word' id='word_1_872' title='bbox 2653 5528 2731 5585; x_wconf 91' lang='lat' dir='ltr'>sic</span> <span class='ocrx_word' id='word_1_873' title='bbox 2757 5532 2970 5603; x_wconf 79' lang='lat' dir='ltr'>mente)</span> <span class='ocrx_word' id='word_1_874' title='bbox 2990 5532 3199 5600; x_wconf 87' lang='lat' dir='ltr'>valere,</span> <span class='ocrx_word' id='word_1_875' title='bbox 3231 5534 3291 5589; x_wconf 88' lang='lat' dir='ltr'>et</span> <span class='ocrx_word' id='word_1_876' title='bbox 3319 5549 3446 5606; x_wconf 75' lang='lat' dir='ltr'>qua</span> <span class='ocrx_word' id='word_1_877' title='bbox 3473 5535 3546 5591; x_wconf 87' lang='lat' dir='ltr'>ad</span> <span class='ocrx_word' id='word_1_878' title='bbox 3570 5539 3726 5592; x_wconf 82' lang='lat' dir='ltr'>exte-</span> 
     </span>
    </p>
   </div>
  </div>
