4014 6052
398 271 505 331 423

1256 269 1313 327 S.
1343 269 1687 326 BRUNONIS
1728 266 2358 324 CARTHUSIANORUM
2395 266 2861 323 INSTITUTORIS

3612 263 3721 326 424

403 422 432 452 (ι
458 397 557 472 qui
570 394 756 454 aufert
773 394 1036 470 spiritum
1050 394 1401 467 principum,
1415 393 1657 448 terribili
1671 392 1823 463 apud
1843 406 2013 461 reges
2031 397 2086 456 Α
2109 394 2214 457 est,
2246 389 2428 445 sancti
2455 389 2604 446 illius
2634 390 2893 463 praesulis
2914 384 3187 463 Myrensis
3202 406 3409 463 corpus
3419 390 3578 463 Myra
3608 392 3716 448 Ba-

407 510 435 540 «
455 492 645 543 terrae.
673 508 701 535 »
730 486 841 541 Cur
863 486 985 540 haec
1016 484 1215 540 omnia
1234 483 1482 538 inculcat
1498 480 1742 554 Spiritus
1764 477 2013 544 Dei,nisi
2109 479 2282 546 rium,
2313 480 2532 550 Apuliae
2564 480 2877 547 civitatem,
2909 496 3065 536 anno
3103 482 3340 548 1087,ut
3367 481 3556 552 Lupus
3580 482 3720 536 Pro-

402 580 467 631 ut
485 580 540 632 te
557 578 859 630 voventem
890 575 1196 647 perurgeat
1225 571 1492 637 reddere,
1517 569 1673 641 quod
1703 567 1921 623 vovisti.

473 666 597 720 688.
637 662 784 727 Quid
826 678 959 716 vero
1004 661 1250 716 reddere
1294 658 1571 730 gravaris,
1607 656 1764 729 quod
1795 656 2014 710 nullam

403 756 692 811 bonorum
705 754 937 806 tuorum
949 749 1084 804 facit
1112 751 1401 819 jacturam
1415 748 1501 801 vel
1516 743 2013 809 imminutionem,

406 842 676 914 quodque
705 844 804 894 tua
833 838 1041 910 potius,
1088 853 1263 908 quam
1306 836 1480 901 illius,
1522 833 1610 888 cui
1654 831 2012 905 persolveris,

405 929 727 985 accumulat
750 929 907 981 lucra
924 928 951 981 ?
970 925 1245 991 Quocirca
1268 941 1383 978 non
1406 926 1461 977 te
1480 921 1779 977 detineant
1807 919 2016 975 divitim

405 1019 655 1082 fallaces,
705 1016 840 1087 quia
884 1014 1143 1085 inopiam
1189 1012 1470 1084 expellere
1520 1012 1816 1081 nequeunt
1855 1025 1868 1062 :
1911 1021 2017 1061 nec

414 1105 662 1177 dignitas
694 1090 1108 1176 praepositfi'raa,
1137 1118 1263 1173 quae
1295 1117 1413 1154 non
1442 1100 1563 1153 sine
1588 1113 1801 1169 magno
1830 1094 2016 1150 admi-

2113 573 2339 641 tospata
2368 570 2427 624 in
2461 569 2743 624 Chronico
2774 570 2984 642 aliique
3008 569 3238 637 docent,
3262 569 3434 625 fuisse
3472 571 3722 625 transla-

2112 660 2275 725 tum;
2308 659 2463 729 quod
2492 675 2623 713 cum
2654 659 2916 730 plurimis
2947 659 3017 713 ab
3050 675 3117 713 eo
3145 662 3410 731 tempore
3434 658 3725 714 miraculis

2113 746 2330 801 ibidem
2350 747 2728 814 inclaruisset,
2744 747 3308 819 peregrinationibus
3326 747 3722 820 frequentissi-

2115 835 2243 901 mis,
2264 836 2335 889 ad
2366 836 2426 889 id
2453 835 2680 890 Barium
2715 853 2746 890 e
2777 835 3178 891 remotissimis
3196 835 3371 890 etiam
3394 836 3726 908 regionibus

2115 924 2408 994 susceptis,
2435 924 2852 978 honorabatur.

2187 1013 2310 1066 690.
2340 1013 2539 1079 Porro,
2573 1015 2888 1084 antequam
2921 1012 3048 1083 jam
3090 1010 3390 1066 recitatam
3423 1011 3724 1085 epistolam

2116 1099 2190 1154 ad
2220 1099 2584 1172 Radulphum
2615 1100 2869 1154 Viridem
2917 1100 3157 1155 Sanctus
3200 1100 3494 1167 scriberet,
3525 1100 3727 1155 litteris

406 1195 651 1249 nistrare
683 1194 919 1264 possunt
951 1190 1203 1261 periculo
1236 1188 1466 1243 animae.
1509 1188 1711 1241 Aliena
1741 1198 2017 1255 namque,
2108 1188 2234 1258 jam
2258 1188 2330 1242 ab
2357 1205 2424 1242 eo
2448 1187 2641 1244 fuerat
2670 1191 3005 1254 conventus,
3042 1187 3294 1259 aliasque
3320 1189 3394 1243 ad
3423 1187 3726 1261 antiquum

409 1296 658 1354 quorum
688 1279 950 1334 minister
974 1278 1049 1332 sis
1079 1281 1137 1333 et
1166 1294 1285 1332 non
1326 1292 1638 1347 possessor,
1671 1274 1728 1328 in
1757 1269 2021 1344 proprios
2115 1276 2303 1343 illum,
2335 1277 2424 1330 cui
2449 1280 2648 1331 tamen
2680 1292 2752 1330 an
2792 1276 3033 1331 redditas
3068 1276 3326 1342 fuissent,
3355 1280 3440 1330 est
3466 1275 3726 1343 dubium,

411 1387 544 1425 usus
555 1368 980 1439 convertere(ut
998 1382 1137 1437 pace
1152 1368 1251 1419 tua
1273 1364 1608 1435 dicam)tam
1626 1365 1711 1417 est
1731 1360 2018 1427 odiosum,
2120 1365 2372 1419 amicum
2398 1381 2565 1418 suum
2598 1363 2852 1418 miserat.
2877 1364 2980 1418 Fas
2993 1367 3077 1418 est
3089 1364 3211 1419 haec
3232 1363 3431 1419 omnia
3459 1363 3729 1435 colligere

414 1474 589 1530 quam
606 1457 889 1528 iniquum.
916 1453 1080 1518 Quod
1107 1453 1151 1506 Si
1174 1451 1496 1522 splendoris
1527 1454 1585 1505 et
1615 1449 1813 1521 gloriae
1845 1464 2021 1520 appe-
2121 1470 2187 1507 ex
2212 1452 2355 1524 ipsa,
2390 1468 2564 1525 quam
2607 1452 2734 1523 jam
2782 1452 2934 1520 dedi,
2973 1450 3165 1506 Sancti
3198 1452 3377 1506 nostri
3413 1452 3485 1508 ad
3518 1451 3728 1505 Hadul-

413 1549 543 1601 tens
574 1546 818 1599 multam
837 1539 1082 1598 volueris
1096 1540 1343 1595 retinere
1358 1539 1872 1605 familiam,nonne
1890 1551 2022 1590 cum
2121 1542 2301 1613 phum
2333 1541 2591 1611 epistola.
2622 1541 2750 1594 Haec
2768 1541 2922 1595 enim
2954 1541 3118 1595 initio
3151 1540 3229 1595 sic
3260 1541 3434 1595 habet
3458 1556 3470 1594 :
3490 1562 3516 1588 ‹‹
3541 1538 3732 1603 Quan-

412 1638 531 1702 tua,
561 1650 688 1706 quae
720 1650 785 1687 ex
801 1633 954 1704 justo
968 1631 1166 1696 habes,
1190 1646 1308 1684 non
1324 1630 1899 1700 suppetunt,necesse
1916 1641 1946 1678 e
1976 1623 2021 1690 t,
2124 1645 2299 1700 quam
2332 1630 2504 1700 longo
2518 1632 2805 1682 terrarum
2823 1631 3008 1683 tractu
3035 1632 3093 1682 et
3115 1627 3422 1698 prolixiore
3450 1627 3735 1698 temporis

414 1728 477 1779 ut
506 1739 735 1796 quoquo
763 1724 930 1792 pacto
964 1719 1173 1789 eripias
1202 1717 1345 1783 aliis,
1374 1716 1529 1789 quod
1560 1716 1684 1770 aliis
1721 1712 2025 1785 largiaris?
2045 1709 2096 1770 B
2123 1717 2307 1787 spatio
2354 1733 2600 1788 corpora
2644 1717 2716 1771 ab
2764 1716 3012 1771 invicem
3043 1718 3301 1788 sejuncta
3330 1715 3464 1782 sint,
3506 1715 3733 1770 animus

414 1812 579 1877 Quod
605 1827 722 1865 non
751 1811 855 1875 est,
880 1824 1000 1861 esse
1034 1806 1357 1861 beneficum
1390 1809 1489 1858 aut
1518 1804 1818 1858 liberalem
1849 1800 2026 1856 :nihil

413 1900 571 1955 enim
601 1902 685 1953 est
712 1897 972 1963 liberale,
1006 1895 1161 1966 quod
1193 1910 1309 1948 non
1358 1894 1512 1947 idem
1539 1893 1781 1963 justum.
1814 1890 2025 1944 Verum

412 1991 472 2043 et
490 1989 599 2043 hoc
623 1984 914 2041 dilectioni
945 1987 1056 2037 tuae
1084 1998 1419 2054 persuasum
1452 1980 1641 2052 cupio,
1676 1996 1748 2033 ne
1778 1994 1882 2050 pro
1923 1978 2025 2032 do-

415 2076 560 2132 mini
574 2072 985 2144 archiepiscopi
1003 2069 1542 2141 necessitudine,qui
1560 2067 1872 2139 plurimum
1896 2082 2030 2120 con-

414 2165 551 2221 siliis
579 2164 692 2218 tuis
722 2162 905 2217 credit
929 2163 986 2214 et
1007 2160 1231 2224 nititur,
1248 2175 1375 2231 quae
1400 2176 1516 2213 non
1542 2157 1741 2212 omnia
1762 2156 1919 2226 justa
1939 2155 2026 2208 vel

416 2254 578 2309 utilia
600 2250 767 2306 facile
800 2250 1030 2315 dantur,
1060 2266 1094 2302 a
1118 2251 1241 2302 tam
1275 2245 1508 2300 sublimi
1549 2245 1802 2299 declines
1852 2260 2028 2314 apon-

417 2342 610 2409 sione;
646 2338 837 2393 divina
880 2334 1159 2392 revocetis
1191 2334 1490 2399 charitate,
1525 2349 1652 2403 quia
1699 2334 1915 2402 quanto
1943 2333 2030 2384 est

409 2430 642 2502 justior,
694 2430 855 2481 tanto
887 2427 945 2479 et
970 2423 1185 2479 utilior.
1212 2422 1359 2486 Quid
1410 2424 1604 2476 autem
1648 2423 1767 2474 tam
1804 2420 2027 2490 justum

417 2523 656 2590 tamque
687 2515 844 2580 utile,
879 2513 1086 2585 quidve
1117 2514 1337 2566 naturae
1382 2510 1653 2564 humanae
1683 2509 1761 2563 sic
1793 2508 2027 2563 insitum

419 2612 478 2664 et
507 2620 848 2677 congruum,
878 2618 1054 2674 quam
1083 2600 1322 2670 diligere
1342 2599 1562 2653 bonum
1583 2598 1610 2651 ?
1641 2599 1707 2652 Et
1725 2595 2030 2669 quidaliud

418 2700 538 2751 tam
564 2694 804 2758 bonum,
843 2707 1015 2762 quam
1056 2689 1242 2744 Deus?
1269 2690 1392 2741 lmo
1426 2686 1565 2758 quid
1605 2685 1759 2740 aliud
1785 2686 2027 2753 bonum,

417 2783 525 2839 nisi
568 2783 718 2837 solus
763 2779 956 2836 Deus?
997 2777 1157 2832 Unde
1206 2776 1403 2830 anima
1445 2779 1662 2841 sancta,
1694 2774 1863 2845 hujus
1892 2774 2027 2829 boni

416 2869 934 2942 incomparabilem
967 2866 1258 2932 decorem,
1291 2864 1682 2936 splendorem,
1716 2862 2028 2934 pulchritu-

419 2960 618 3015 dinem
644 2976 709 3014 ex
736 2960 900 3029 parte
932 2954 1202 3019 sentiens,
1221 2953 1435 3007 amoris
1467 2951 1708 3006 ﬂamma
1737 2967 2027 3018 succensa,
2055 2990 2101 3052 Ο

419 3048 596 3103 dici:«
629 3046 815 3103 Sitivit
842 3043 1040 3099 anima
1072 3058 1204 3097 mea
1227 3042 1300 3097 ad
1330 3043 1514 3096 Deum
1554 3040 1781 3095 fontem
1812 3040 2027 3107 vivum,

424 3158 453 3186 ‹‹
485 3134 718 3208 quando
747 3132 976 3187 veniam
1008 3133 1066 3185 et
1096 3129 1390 3200 apparebo
1436 3131 1572 3183 ante
1605 3127 1813 3182 faciem
1845 3127 1965 3182 Dei.
2001 3148 2028 3175 »

490 3225 651 3279 689.«
665 3222 895 3277 Utinam
909 3236 1026 3274 non
1043 3216 1367 3289 asperneris
1391 3215 1639 3271 amicum
1668 3218 2028 3282 monentem;

421 3312 645 3367 utinam
678 3325 796 3363 non
824 3307 996 3362 surda
1030 3321 1168 3360 aure
1207 3304 1407 3358 audias
1432 3304 1607 3357 verba
1636 3302 1877 3375 Spiritus
1907 3301 2028 3368 Dei,

420 3399 645 3453 utinam
658 3395 938 3452 desiderio
954 3396 1258 3464 longaeque
1273 3391 1687 3462 exspectationi
1704 3407 1847 3445 mea:
1866 3390 2028 3445 satis-

419 3486 614 3553 facias,
640 3480 1026 3548 dilectissime,
1063 3497 1134 3533 ne
1168 3478 1382 3533 diutius
1408 3478 1694 3532 crucietur
1709 3494 1813 3549 pro
1840 3482 1895 3532 te
1912 3477 2030 3532 ani-

422 3592 522 3631 ma
564 3590 697 3628 mea
739 3571 886 3627 curis
942 3567 1531 3639 sollicitudinibusque
1578 3570 1749 3639 atque
1796 3568 2027 3622 timore.

420 3665 565 3719 Nam
597 3661 641 3716 si
667 3659 887 3715 venerit
910 3657 1085 3730 (quod
1108 3659 1257 3711 Deus
1282 3659 1503 3710 avertat
1523 3654 1631 3725 !)te
1654 3655 1830 3727 prius,
1854 3671 2031 3728 quam

422 3749 599 3808 debiti
622 3751 821 3804 votum
833 3745 1087 3811 solveris,
1110 3744 1181 3799 ab
1203 3744 1309 3798 hac
1335 3743 1605 3798 recedere
1622 3744 1756 3810 vita,
1781 3760 1875 3797 me
1892 3759 2029 3798 con-

418 3841 583 3895 tinua
607 3836 839 3893 tristitia
867 3835 987 3889 sine
1030 3832 1223 3903 aliqua
1263 3832 1383 3902 spei
1426 3832 1821 3886 consolatione
1869 3831 2028 3885 tabe-

420 3932 675 3983 scentem
718 3925 1028 3994 relinques.
1066 3920 1430 3990 Quapropter
1459 3922 1517 3973 et
1547 3922 1603 3972 te
1637 3922 1935 3973 exoratum
1971 3923 2030 3974 et

418 4015 802 4086 imprecatum
818 4010 1075 4080 cupio,ut
1087 4009 1172 4061 vel
1187 4023 1358 4061 causa
1374 4006 1651 4061 orationis
1675 4007 1747 4060 ad
1763 4011 2025 4064 sanctum

422 4102 738 4164 Nicolaum,
761 4097 897 4152 inde
926 4096 999 4151 ad
1021 4111 1128 4149 nos
1159 4110 1337 4166 usque
1369 4093 1563 4148 venire
1595 4094 1868 4165 digneris,
1886 4113 2026 4167 qua-

420 4193 590 4246 tenus
618 4186 809 4241 videas
830 4201 986 4250 eum,
1020 4185 1118 4254 qui
1160 4186 1217 4237 te
1258 4182 1423 4236 unice
1465 4182 1671 4254 diligit,
1710 4187 1768 4238 et
1813 4187 2026 4239 statum

2124 1808 2319 1860 tamen
2347 1805 2761 1860 benevolentiae
2781 1810 2895 1860 tua:
2920 1822 2985 1860 ac
3006 1805 3192 1861 amico
3216 1804 3377 1860 avelli
3391 1821 3508 1860 non
3522 1804 3733 1876 potuit.

2126 1894 2289 1958 Quod
2304 1893 2537 1964 quidem
2562 1892 2765 1947 litteris
2777 1893 2888 1948 tuis
2902 1893 3247 1948 suavissimis
3266 1893 3344 1963 (in
3366 1892 3569 1965 quibus
3588 1892 3733 1947 mihi

2126 1982 2309 2037 amice
2340 1981 2631 2036 blanditus
2671 1980 2750 2052 es)
2780 1998 2885 2035 nec
2924 1997 3044 2036 non
3084 1981 3376 2037 beneﬁciis
3404 1996 3525 2035 non
3545 1980 3736 2036 solum

2127 2071 2289 2138 mihi,
2321 2086 2519 2124 verum
2567 2070 2743 2124 etiam
2797 2070 2962 2125 fratri
3009 2071 3301 2126 Bernardo
3341 2086 3511 2125 causa
3556 2068 3737 2124 nostri

2125 2160 2284 2231 large
2297 2158 2577 2230 impensis
2587 2158 2823 2230 aliisque
2844 2158 3068 2214 indiciis
3086 2159 3379 2214 nonnullis
3398 2159 3531 2214 satis
3551 2160 3743 2213 osten-

2126 2265 2251 2303 sum
2284 2251 2388 2302 est.
2413 2248 2576 2302 Unde
2617 2251 2828 2320 grates,
2857 2264 2976 2302 non
3018 2247 3251 2320 quidem
3289 2246 3510 2303 meritis
3546 2263 3740 2320 pares,

2126 2337 2227 2391 sed
2252 2339 2451 2390 tamen
2481 2352 2702 2407 expuro
2734 2336 2894 2391 fonte
2924 2338 3248 2404 manentes,
3263 2336 3609 2408 benignitati
3623 2337 3740 2390 tua:

2126 2424 2518 2496 rependimus.
2551 2425 2929 2496 Peregrinum
2961 2425 3277 2496 quemdam
3324 2425 3382 2479 in
3423 2425 3549 2479 aliis
3579 2424 3740 2495 lega-

2126 2514 2377 2568 tionibus
2406 2513 2540 2567 satis
2567 2512 2801 2567 ﬁdelem
2829 2530 2961 2568 cum
3002 2514 3206 2567 litteris
3231 2512 3304 2568 ad
3328 2517 3383 2567 te
3408 2512 3629 2567 dudum
3658 2510 3745 2566 di-

2127 2602 2400 2667 reximus,
2430 2602 2529 2655 sed
2554 2602 2663 2655 huc
2675 2592 2855 2673 usque
2876 2617 2996 2656 non
3024 2604 3343 2672 comparet.
3368 2602 3616 2672 Dignum
3643 2599 3741 2670 ju-

2129 2688 2442 2743 dicavimus
2466 2705 2647 2743 unum
2674 2705 2742 2743 ex
2773 2688 2982 2744 nostris
3009 2689 3277 2745 charitati
3308 2692 3422 2745 tuas
3447 2687 3745 2743 transmit-

2130 2779 2271 2843 tere,
2306 2777 2403 2848 qui
2435 2777 2652 2843 omnia,
2695 2794 2823 2849 quas
2860 2777 3012 2832 circa
3050 2794 3155 2832 nos
3184 2781 3338 2844 sunt,
3374 2777 3509 2849 quia
3548 2776 3742 2831 minus

2129 2864 2204 2919 ad
2230 2865 2351 2919 haec
2381 2866 2604 2920 calamo
2635 2868 2693 2920 et
2722 2868 3049 2920 atramento
3088 2865 3424 2932 sufﬁcimus,
3457 2864 3741 2937 capiosius

2130 2953 2255 3007 viva
2284 2968 2420 3007 voce
2448 2956 2848 3024 prosequatur.
2880 2952 3256 3008 Notiﬁcamus
3284 2969 3424 3025 ergo
3443 2952 3741 3008 dilectioni

2130 3045 2265 3107 tute,
2298 3044 2446 3095 etc.»
2462 3041 2595 3095 Tale
2615 3045 2701 3095 est
2718 3040 3036 3114 epistolae,a
3048 3040 3258 3096 Sancto
3280 3042 3353 3096 ad
3371 3041 3740 3112 Radulphum

2129 3129 2382 3184 Viridem
2412 3129 2658 3201 scriptae,
2673 3129 2926 3197 initium;
2954 3147 2984 3184 e
3008 3130 3196 3185 verbis
3215 3133 3407 3185 autem
3424 3130 3551 3201 jam
3569 3129 3739 3196 datis,

2131 3218 2338 3290 quibus
2362 3220 2606 3284 constat,
2634 3217 2805 3272 fuisse
2829 3217 2986 3272 illam
3014 3217 3087 3273 ad
3111 3218 3264 3273 hunc
3280 3218 3581 3290 antiquum
3607 3218 3743 3271 Bru-

2131 3306 2301 3360 nonis
2312 3306 2563 3360 amicum
2577 3322 2683 3378 per
2703 3307 2954 3378 aliquem
2976 3323 3007 3361 e
3023 3305 3341 3360 Turritana:
3355 3305 3539 3361 eremi
3563 3306 3611 3360 al
3622 3321 3745 3359 um-

2129 3395 2220 3450 nis
2252 3394 2505 3459 missam,
2526 3394 2898 3449 manifestum
2920 3397 3024 3449 est.
3053 3394 3262 3448 Verum
3279 3393 3404 3465 quis
3434 3393 3629 3460 fuerit,
3652 3392 3743 3447 cui

2130 3482 2187 3536 id
2201 3500 2346 3537 onus
2363 3482 2603 3537 Sanctus
2626 3483 2958 3553 injunxerit,
2973 3486 3240 3553 procerto
3255 3498 3478 3554 nequeo
3493 3481 3740 3548 edicere,

2130 3571 2213 3624 uti
2235 3586 2339 3625 nec
2358 3570 2483 3643 quis
2511 3570 2787 3625 exstiterit
2806 3571 2901 3624 ille
2927 3570 3109 3625 frater
3132 3570 3475 3637 Bernardus,
3497 3570 3586 3624 cui
3605 3569 3744 3624 San-

2129 3658 2204 3712 cti
2235 3658 2414 3712 nostri
2447 3675 2618 3713 causa
2641 3658 2988 3713 benefecisse
3021 3657 3350 3729 Radulphus
3386 3657 3595 3712 Viridis
3625 3674 3744 3712 me-

2130 3749 2392 3800 moratur
2416 3747 2675 3816 proxime
2714 3746 2825 3800 huc
2870 3745 3159 3799 translatis
3201 3745 3455 3816 epistola;
3485 3746 3558 3801 ad
3588 3746 3741 3800 hunc

2129 3834 2336 3889 verbis.
2360 3833 2641 3905 Antiquus
2669 3833 2926 3905 quidem,
2944 3850 3119 3905 quem
3135 3850 3308 3905 supra
3337 3834 3521 3888 adhuc
3545 3832 3743 3889 lauda-

2127 3922 2201 3989 vi,
2235 3921 2538 3992 Calalogus
2569 3922 3011 3988 monachorum,
3046 3921 3144 3993 qui
3186 3925 3316 3993 post
3364 3921 3559 3977 Sancti
3612 3922 3737 3977 obi-

2127 4012 2253 4064 tum
2281 4010 2551 4074 Lanvino,
2572 4012 2852 4081 tanquam
2882 4009 3079 4081 priori,
3112 4009 3501 4065 obedientiam
3533 4009 3740 4065 inTur-

2124 4098 2315 4153 ritana
2339 4113 2537 4152 eremo
2555 4097 2873 4168 promisere
2896 4097 3136 4152 fratrem
3150 4098 3484 4170 quemdam,
3498 4099 3736 4154 nomine

2126 4184 2504 4251 Bernardum,
2540 4185 2785 4240 exhibet.

421 4291 619 4332 rerum
652 4276 979 4327 nostrarum
1028 4286 1090 4323 ac
1138 4269 1433 4340 religionis
1462 4269 1748 4337 ordinem,
1778 4287 1883 4326 nec
1909 4288 2027 4327 non
2051 4244 2104 4302 D
2199 4275 2322 4327 691.
2359 4273 2568 4327 Verum
2593 4274 2747 4328 hunc
2778 4290 2908 4328 cum
2939 4274 3119 4330 fratre
3151 4274 3575 4347 Bernardo,qui
3604 4276 3739 4330 Bru-

423 4380 552 4436 que
568 4362 641 4417 ad
656 4375 1030 4416 communem
1054 4356 1359 4412 utilitatem
1384 4359 1666 4428 spectant,
1691 4362 1891 4414 mutua
1907 4359 2030 4414 viva

422 4466 559 4505 voce
580 4452 828 4504 tractare
845 4447 1147 4519 possimus.
1171 4446 1239 4499 Et
1270 4444 1496 4499 conﬁdo
1519 4444 1576 4499 in
1601 4446 2031 4519 Domino,quod

423 4555 542 4594 non
576 4535 875 4610 paenitebit
899 4535 1046 4589 tanti
1072 4533 1293 4588 itineris
1320 4532 1557 4587 subiisse
1587 4534 1868 4590 laborem.
1902 4536 2030 4608 Epi-

425 4625 650 4681 stolaris
664 4623 956 4678 brevitatis
970 4620 1181 4676 excessi
1206 4621 1441 4675 modum
1454 4662 1468 4687 ,
1482 4621 1615 4692 quia
1635 4622 1707 4675 du
1718 4639 1772 4676 m
1792 4640 2032 4695 corpore

422 4717 482 4769 te
494 4714 707 4768 habere
725 4729 840 4767 non
868 4726 1125 4782 possum,
1148 4710 1350 4764 saltem
1365 4708 1575 4763 diutius
1589 4711 2032 4767 sermocinando

422 4804 616 4857 tecum
634 4800 929 4865 morabor;
943 4795 1368 4851 fraternitatem
1382 4798 1542 4850 tuam
1570 4795 1667 4851 diu
1680 4796 2031 4854 incolumem

425 4904 752 4946 memorem
782 4885 999 4941 consilii
1014 4883 1313 4939 nostrinec
1326 4884 1437 4938 voti
1453 4884 1861 4940 immemorem
1885 4886 2035 4959 vige-

422 4994 487 5033 re
498 4977 727 5033 sedulus
742 4977 969 5045 exopto.
993 4971 1183 5026 Vitam
1199 4971 1257 5025 S.
1283 4969 1528 5041 Remigii
1545 4972 1712 5026 nobis
1735 4975 2030 5029 transmit-

424 5066 663 5132 tas,oro,
680 5063 816 5136 quia
836 5076 1118 5132 nusquam
1142 5059 1199 5113 in
1224 5058 1483 5131 partibus
1503 5058 1712 5112 nostris
1723 5062 2027 5132 reperitur.

425 5152 580 5206 Vale.
609 5152 806 5204 nllanc
841 5166 874 5203 a
905 5148 1113 5202 Sancto
1137 5146 1460 5219 epistolam,
1485 5162 1617 5199 cum
1644 5147 1700 5200 in
1731 5146 2032 5206 Turritana

427 5238 700 5294 Calabriae
731 5253 929 5291 eremo
966 5237 1311 5299 versaretur,
1352 5232 1624 5305 scriptam
1655 5233 1845 5301 fuisse,
1889 5237 2032 5309 ipsa-

424 5330 548 5383 met
594 5326 716 5396 ejus
744 5325 920 5378 verba
963 5338 1126 5377 num.
1176 5322 1280 5375 684
1316 5320 1501 5393 posita
1531 5320 1933 5392 manifestam;
1968 5331 2029 5383 ut

427 5416 643 5480 autem,
677 5427 776 5467 cur
805 5411 908 5465 sub
930 5409 1100 5480 hujus
1130 5408 1308 5463 finem
1339 5408 1411 5463 ad
1435 5407 1492 5462 S.
1525 5407 1820 5464 Nicolaum
1838 5413 2025 5471 Bruno

426 5501 792 5573 Radulphum
813 5497 1035 5565 invitet,
1048 5497 1329 5553 habeatur
1337 5498 2025 5569 perspectum,sciendum

2129 4360 2298 4415 nonis
2328 4376 2497 4415 causa
2516 4346 2869 4431 aARadulpho
2897 4361 3290 4417 amantissime
3310 4362 3417 4416 fuit
3446 4346 3735 4433 exceptus,

2131 4465 2453 4504 asseverare
2483 4449 2755 4504 eumdem
2787 4448 3000 4504 idcirco
3031 4466 3149 4504 non
3181 4451 3388 4517 ausim,
3422 4451 3576 4523 quod
3602 4452 3739 4506 Ber-

2130 4536 2345 4591 nardus
2374 4536 2432 4591 in
2457 4537 2607 4591 dicto
2636 4536 2909 4608 Catalogo
2937 4539 3377 4607 memoratus,si
3403 4556 3493 4593 res
3525 4539 3603 4593 ita
3632 4538 3736 4594 ba-

2130 4624 2314 4690 beret,
2346 4640 2378 4678 e
2411 4624 2710 4678 Territana
2748 4640 2944 4679 eremo
2982 4624 3056 4679 ad
3087 4625 3452 4697 Radulphum
3474 4646 3508 4680 a
3528 4628 3739 4681 Sancto

2131 4711 2335 4767 missus
2356 4712 2524 4767 fuisse
2547 4711 2804 4778 deberet,
2827 4712 3000 4785 idque
3012 4713 3227 4768 factum
3246 4730 3363 4769 non
3379 4714 3548 4769 fuisse
3561 4729 3739 4785 appa-

2130 4804 2276 4866 reat,
2307 4816 2439 4855 cum
2474 4799 2692 4868 Bruno,
2713 4799 2758 4853 si
2780 4799 2837 4854 id
2860 4800 3104 4868 fecisset,
3128 4801 3430 4872 epistolam
3466 4818 3570 4876 per
3600 4818 3739 4857 eum

2131 4888 2205 4941 ad
2242 4888 2607 4960 Radulpbum
2656 4887 3061 4944 verosimiliter
3110 4890 3375 4958 misisset,
3410 4892 3467 4945 et
3513 4894 3738 4959 tamen,

2132 4978 2444 5048 antequam
2461 4975 2535 5031 ad
2552 4977 2706 5030 hunc
2724 4976 3026 5047 epistolam
3042 4976 3153 5032 huc
3175 4977 3301 5049 jam
3331 4978 3740 5051 transcriptam

2131 5063 2314 5129 daret,
2342 5079 2520 5118 unam
2552 5063 2829 5118 duntaxat
2857 5064 2932 5119 ad
2961 5081 3095 5120 eum
3127 5066 3311 5121 adhuc
3338 5066 3534 5134 aliam,
3561 5074 3740 5138 quam

2129 5167 2233 5223 per
2262 5149 2633 5222 peregrinum
2662 5150 2837 5217 misit,
2854 5152 3139 5224 scripsisse
3171 5171 3201 5207 e
3231 5153 3378 5208 datis
3398 5154 3651 5226 epistola!
3665 5155 3742 5211 ad

2129 5239 2495 5311 Radulphum
2523 5239 2709 5293 verbis
2732 5238 3010 5296 videatur.
3032 5242 3233 5311 Porro,
3249 5242 3330 5298 uti
3354 5244 3482 5314 quis
3493 5244 3740 5298 Bernar-

2124 5328 2233 5385 dus
2257 5328 2371 5395 ille,
2405 5343 2439 5381 a
2473 5326 2775 5399 Radulpho
2810 5328 3091 5384 Brunonis
3122 5345 3293 5385 causa
3321 5330 3735 5403 benignissime

2126 5418 2415 5489 exceptus,
2434 5415 2731 5483 exstiterit,
2752 5416 2810 5471 in
2832 5417 3073 5474 obscuro
3098 5422 3205 5487 est,
3225 5418 3305 5474 ita
3323 5419 3501 5475 etiam
3522 5436 3730 5487 annus,

2130 5521 2243 5584 quo
2262 5504 2522 5578 epistola,
2555 5521 2729 5580 quam
2750 5522 2856 5580 per
2870 5524 3049 5564 unum
3083 5524 3113 5562 e
3133 5507 3248 5564 suis
3272 5508 3345 5565 ad
3366 5507 3729 5583 Radulphum
