4014 6052
300 329 407 389 425

1890 331 2071 391 ACTA

3523 358 3628 417 420

302 455 547 513 Sanctus
563 456 739 527 misit,
770 456 982 531 scripta
1006 456 1098 526 sit,
1133 456 1375 514 omnino
1398 471 1493 514 me
1514 458 1673 514 latet.
1700 456 1914 514 Verum
1937 463 1993 523 Α
2016 462 2159 529 tem,
2179 478 2213 518 a
2240 461 3098 540 JoanneCochlao’factam,fuit
3122 482 3338 536 exacta.
3361 480 3621 542 Tandem

304 546 408 600 etsi
440 545 500 600 id
530 547 862 615 itasit;eam
890 551 1085 603 tamen
1108 546 1323 602 idcirco
1343 564 1803 603 commemorare
1820 548 1913 603 hic

300 635 487 702 libuit,
521 637 675 707 quod
702 637 964 708 epistola,
996 654 1171 708 quam
1210 637 1283 691 ad
1303 637 1525 708 primos
1545 654 1677 693 suos
1705 638 1763 692 in
1787 636 1918 693 Car-

300 724 490 778 thusia
511 724 790 796 dicipulos
813 725 1056 780 Sanctus
1075 726 1319 797 scripsit,
1356 726 1713 782 recensenda
1740 727 1911 794 foret,

297 816 601 885 rectusque
632 814 774 869 ordo
802 817 864 868 ut
889 818 1012 868 tam
1042 814 1112 868 de
1147 832 1260 869 una
1284 832 1461 887 quam
1494 815 1564 870 de
1596 816 1777 869 altera
1800 832 1913 870 uno

294 900 621 974 eodemque
650 903 777 957 loco
804 904 1102 970 tractetur,
1139 903 1368 976 exigere
1419 904 1699 959 videatur.
1727 907 1913 976 Atque

293 988 432 1045 hinc
463 991 641 1046 etiam
673 994 759 1046 est
788 1007 890 1045 cur
910 991 1038 1062 jam
1064 1008 1237 1063 supra
1262 1009 1329 1046 eo
1358 993 1480 1064 ipso
1512 994 1661 1061 loco,
1696 1010 1809 1066 quo
1841 992 1913 1048 de

290 1078 444 1134 binis
444 1080 583 1151 jam
616 1080 955 1135 memoratis
986 1079 1179 1134 Sancti
1209 1081 1462 1152 epistolis
1493 1082 1586 1154 agi
1607 1081 1911 1137 convenie-

290 1166 415 1234 bat,
449 1168 521 1223 de
547 1169 780 1241 reliquis
803 1169 981 1225 etiam
1001 1169 1296 1237 omnibus,
1320 1188 1446 1242 qua
1466 1172 1762 1227 velSancti
1780 1189 1911 1227 vere

289 1259 428 1310 sunt
475 1258 561 1312 vel
607 1258 659 1311 ei
703 1259 905 1313 saltem
953 1258 1366 1327 attribuuntur,
1424 1261 1913 1317 lucubrationibus

286 1345 439 1399 serie
499 1345 775 1401 continua
823 1363 996 1419 agere
1046 1347 1468 1417 constituerim,
1523 1366 1698 1421 reque
1731 1350 1908 1405 etiam

288 1450 429 1489 vera
460 1437 523 1503 §§
549 1434 698 1488 binis
724 1436 1094 1507 sequentibus
1124 1436 1233 1491 sim
1267 1441 1513 1492 acturus.

292 1526 324 1591 §
355 1523 511 1576 XLII.
543 1522 779 1577 Sanctus
833 1522 1257 1580 Commentarios
1302 1527 1357 1579 in
1407 1526 1651 1581 Psalmos
1677 1534 1726 1582 et
1756 1531 1813 1581 in
1839 1526 1903 1582 S.

357 1593 528 1668 Pauli
554 1594 779 1665 apostoli
804 1593 1096 1665 Epistolas,
1145 1598 1241 1668 qui
1271 1599 1485 1653 nomine
1526 1599 1640 1668 ejus
1672 1600 1902 1653 circum-

360 1665 637 1734 feruntur,
670 1683 726 1741 νς
750 1668 909 1741 etiarn
932 1684 1054 1741 vera
1092 1665 1412 1736 adornavit;
1466 1665 1813 1741 quandonam
1850 1670 1906 1723 id

361 1743 411 1811 et
434 1753 542 1807 qua
586 1736 828 1789 methodo
851 1738 1059 1811 fecerit,
1101 1745 1151 1791 et
1187 1756 1432 1810 quamam
1469 1736 1730 1811 praeterea
1762 1741 1908 1794 lucu-

365 1807 627 1862 brationes
657 1814 796 1863 certo
826 1809 875 1862 ei
897 1807 1121 1862 debeant
1148 1807 1394 1863 attribui.

359 1896 954 1952 692.Commentarios
967 1897 1320 1965 duos,alteru
1330 1916 1386 1953 m
1402 1899 1462 1953 in
1476 1900 1904 1968 Psalmos,alte-

283 2001 415 2039 rum
442 1985 503 2039 in
532 2001 737 2040 omnes
765 1986 822 2039 S.
843 1987 1003 2040 Pauli
1021 1988 1285 2058 apostoli,
1305 1988 1602 2059 Epistolas,
1623 2002 1738 2043 una
1771 2005 1904 2043 cum

283 2074 579 2129 nonnullis
607 2074 900 2145 Opusculis
932 2092 1031 2129 seu
1058 2077 1416 2132 Tractatibus
1437 2077 1904 2150 Sermonumque

280 2161 620 2217 collectione
643 2167 730 2217 sat
748 2165 947 2234 ampla
971 2164 1218 2219 Judocus
1232 2166 1532 2220 Ascensius
1548 2183 1579 2220 e
1607 2183 1713 2221 ms.
1749 2168 1904 2238 quod

288 2267 323 2304 a
351 2250 655 2306 Guilielmo
699 2251 990 2320 Bibaucio,
1044 2252 1360 2308 Carthusia
1400 2254 1626 2325 Majoris
1683 2255 1899 2325 Priore,

288 2339 1512 2409 acceperat,S.Brunonis,Carthusianorum
1534 2342 1897 2411 institutoris,

286 2427 550 2493 nomine,
566 2428 796 2482 Parisiis
810 2445 966 2483 anno
986 2432 1143 2496 1524,
1169 2432 1440 2500 typorum
1460 2431 1743 2486 beneﬁcio
1776 2432 1899 2487 vul-

282 2514 442 2586 gavit
460 2532 475 2583 ;
508 2516 832 2588 eademque
845 2517 1055 2572 deinde
1069 2518 1256 2589 Opera
1281 2506 1713 2587 omnia,additis
1726 2520 1902 2576 etiam

282 2602 580 2657 nonnullis
592 2603 737 2670 aliis,
764 2604 1169 2676 volumineque
1185 2606 1375 2672 unico,
1404 2623 1518 2677 quo
1551 2607 1901 2663 abAscensio

284 2691 443 2746 edita
467 2692 718 2758 fuerant,
734 2692 792 2746 in
823 2695 941 2747 tres
973 2697 1163 2748 tomos
1176 2690 1450 2761 diversos,
1480 2712 1726 2766 quorum
1744 2696 1904 2767 prior

285 2778 791 2834 Commentarium
824 2780 882 2834 in
914 2782 1190 2848 Psalmos,
1223 2782 1509 2837 secundus
1538 2783 1906 2838 Commenta-

282 2867 433 2921 rium
460 2868 520 2921 in
553 2867 611 2921 S.
632 2869 789 2922 Pauli
814 2869 1110 2939 Epistolas,
1144 2886 1210 2924 ac
1236 2870 1438 2925 tertius
1469 2870 1717 2943 denique
1749 2871 1901 2943 Opu-

281 2956 437 3011 scula
462 2954 885 3028 Sermonesque
910 2958 1330 3028 complectitur,
1365 2958 1610 3013 discreto
1651 2959 1902 3014 Colonia

280 3044 615 3116 Agrippina
637 3061 792 3099 anno
816 3048 943 3099 1611
973 3045 1299 3117 iterumque
1330 3063 1484 3101 anno
1522 3049 1658 3102 1640
1680 3050 1900 3103 Bruno-

278 3132 366 3186 nis
382 3132 601 3202 pariter
627 3132 991 3187 Carthusiani
1016 3135 1257 3188 nomine
1277 3135 1438 3189 fuere
1463 3137 1900 3193 recusa.Verum

282 3219 394 3274 alia
405 3236 473 3273 ex
504 3219 574 3273 iis
598 3224 888 3292 sunt,qua
924 3222 1201 3277 Sanctum
1229 3226 1491 3278 nostrum
1507 3227 1664 3279 certe
1683 3224 1901 3279 habent

284 3311 618 3375 auctorem;
652 3309 764 3362 alia
797 3313 1038 3377 contra,
1055 3327 1183 3381 qua
1214 3327 1288 3365 an
1322 3310 1472 3366 illius
1501 3311 1618 3366 sint
1643 3312 1896 3384 dicepta-

277 3397 474 3449 tur.Ac
495 3395 567 3450 de
595 3395 884 3467 prioribus
918 3397 1157 3469 quidem
1189 3398 1465 3471 prasenti
1488 3401 1538 3467 §,
1582 3416 1717 3471 quo,
1767 3417 1896 3472 qua

277 3482 466 3555 Opera
492 3486 707 3554 prater
739 3484 924 3553 duas§
945 3486 1297 3557 pracedenti
1323 3487 1591 3541 recitatas
1619 3488 1897 3557 Epistolas

273 3574 475 3625 sancto
511 3572 1030 3627 Carthusianorum
1078 3574 1312 3628 Parenti
1342 3574 1594 3630 debeant
1637 3575 1892 3644 attribui,

274 3659 556 3714 lectorem
582 3660 825 3714 edocere
840 3660 1032 3727 statui,
1056 3677 1229 3731 agere
1237 3662 1365 3731 jam
1379 3678 1533 3716 nunc
1561 3662 1891 3734 aggredior,

271 3750 522 3803 tractatu
554 3748 625 3803 de
657 3748 1070 3820 posterioribus
1089 3750 1147 3804 in
1168 3754 1196 3817 §
1220 3753 1560 3821 sequentem
1592 3750 1827 3821 rejecto.
1846 3753 1894 3805 A

274 3836 712 3892 Commentario
733 3837 792 3891 in
826 3838 1084 3892 Psalmos
1105 3837 1251 3893 duco
1280 3838 1531 3892 initium.

344 3928 468 3980 693.
505 3925 762 3980 Historia
787 3926 1084 3981 litteraria
1112 3927 1363 3981 Francia
1398 3926 1717 3998 Scriptores
1741 3931 1887 3988 tom.

268 4014 355 4079 IX,
389 4030 524 4086 pag.
556 4016 680 4080 243,
713 4030 748 4067 a
800 4014 1093 4069 nonnullis
1135 4031 1253 4069 non
1285 4014 1459 4069 aliam
1514 4016 1588 4071 ob
1633 4032 1884 4084 causam,

269 4119 447 4174 quam
485 4102 640 4173 quod
672 4102 730 4156 S.
764 4103 1098 4157 Brunonem
1132 4103 1497 4175 Signiensem
1515 4121 1645 4159 cum
1679 4104 1888 4160 S.Bru-

268 4206 425 4244 none
457 4190 971 4245 Carthusianorum
1024 4191 1333 4246 fundatore
1378 4192 1765 4259 confuderint,
1818 4209 1886 4247 ex

268 4277 526 4348 Operum
562 4278 662 4332 abs
693 4278 804 4331 hoc
859 4279 1342 4334 concinnatorum
1390 4280 1662 4352 Catalogo
1712 4281 1882 4335 Com-

2017 547 2077 644 in
2094 550 2505 644 Bibliothecam
2534 554 2770 610 Patrum
2794 556 2902 613 fuit
2922 559 3099 629 illata,
3116 569 3381 640 extatque
3399 570 3457 625 in
3477 572 3624 644 Lug-

2018 637 2439 730 dunensihujus
2471 641 2723 698 editione
2745 637 3341 727 tom.XVllI.Episcopi
3359 637 3627 730 Signien-

2017 725 2091 780 sis
2122 726 2587 785 Commentarius
2617 732 2742 786 luce
2768 734 2999 805 publica
3030 725 3388 799 donatus—est
3418 725 3452 800 ξι
3482 748 3628 801 Mar-

2017 815 2229 883 chesio,
2265 817 2633 892 Operumque
2664 821 2786 891 ejus
2817 824 2961 878 tomi
2987 828 3184 896 primi,
3217 831 3274 885 in
3335 849 3448 905 quo
3473 834 3627 891 inter

2017 903 2516 962 Commentarium
2531 909 2589 963 in
2612 910 3156 984 Deuteronomium,
3177 903 3441 992 interque
3459 922 3627 979 Com-

2016 994 2368 1049 mentarium
2400 995 2458 1051 in
2492 996 2726 1052 Cantica
2743 1000 3102 1059 canticorum
3132 1008 3623 1083 ponitur,partem

2013 1082 2324 1138 constituit.

2092 1173 2352 1227 69i.Hac
2378 1174 2521 1243 fere,
2559 1180 2620 1230 ut
2652 1177 2778 1248 jam
2806 1178 2939 1246 dixi,
2965 1186 3246 1252 quantum
3260 1187 3332 1242 ad
3359 1188 3622 1244 substan-

2014 1259 2153 1313 tiam
2185 1259 2284 1329 illi;
2322 1265 2494 1335 atque
2526 1263 2607 1318 ita
2637 1282 2928 1337 quanam,
2962 1272 3086 1324 tum
3120 1271 3176 1325 S.
3204 1274 3454 1331 Brunoni
3480 1278 3621 1332 Her-

2011 1347 2350 1417 hipolitano,
2394 1354 2515 1406 tum
2550 1351 2607 1406 S.
2641 1354 2897 1409 Brunoni
2958 1356 3265 1429 Signiensi,
3321 1364 3418 1435 qui
3444 1366 3618 1422 ambo

2010 1437 2267 1492 Psalmos
2294 1442 2672 1496 commentati
2694 1447 2849 1510 sunt,
2879 1447 3154 1516 expositio
3187 1449 3245 1504 in
3269 1451 3440 1507 hosce
3463 1454 3623 1509 attri-

2008 1525 2238 1580 buenda
2268 1527 2657 1594 sit,lect0rum
2713 1531 3077 1603 potissimum
3131 1537 3413 1609 edocent;
3462 1545 3622 1598 ante-

2007 1630 2183 1685 quam
2212 1619 2428 1684 autem,
2445 1634 2714 1688 quanam
2732 1618 2789 1673 S.
2814 1621 3089 1691 Brunoni,
3106 1624 3618 1686 Carthusianorum

2007 1702 2342 1773 institutori,
2366 1722 2542 1776 quem
2556 1708 2811 1761 Psalmos
2824 1709 3042 1780 pariter
3056 1715 3388 1784 explanasse
3402 1717 3471 1772 ad
3481 1719 3613 1774 mit-

1931 1786 1983 1843 B
2008 1792 2503 1857 tunt,ascribenda
2526 1794 3327 1870 sit,expondant,argumenta
3337 1804 3616 1874 primum,

2008 1880 2211 1950 quibus
2238 1898 2298 1935 re
2330 1882 2506 1961 etiam
2536 1900 2671 1938 vera
2700 1891 3158 1944 commentatum
3212 1908 3331 1947 esse
3362 1894 3619 1952 Psalmos

2008 1966 2282 2024 Sanctum
2320 1974 2583 2025 nostrum
2610 1973 2859 2044 probare
2901 1976 3183 2047 nituntur,
3241 1981 3299 2036 in
3356 1983 3615 2039 medium

2005 2056 2317 2112 adducunt.
2346 2059 2560 2114 Eadem
2590 2060 2731 2128 fere,
2763 2079 2875 2133 quo
2896 2062 2953 2118 id
2980 2064 3165 2137 ipsum
3188 2069 3620 2140 probem,adhi-

2004 2145 2140 2199 bere
2156 2146 2245 2199 hic
2268 2147 2581 2214 lubet,cum
2604 2149 2735 2216 alia,
2764 2168 2892 2223 qua
2913 2153 3187 2210 validiora
3203 2157 3336 2226 sint,
3358 2159 3617 2216 invenire

2004 2234 2157 2287 haud
2183 2235 2493 2305 potuerim.
2537 2237 2737 2291 Paucis
2769 2255 2800 2291 e
2850 2241 3159 2311 versiculis,
3210 2246 3414 2316 quibus
3464 2248 3617 2304 inter

2004 2322 2275 2376 funebres
2298 2323 2490 2378 Sancti
2525 2326 2744 2380 Titulos
2775 2330 3133 2385 recudendos
3157 2333 3245 2387 tit.
3301 2338 3397 2391 107
3428 2338 3616 2394 Micia-

2006 2411 2189 2465 censis
2205 2414 2760 2483 propeAurelianum
2785 2416 3030 2473 abbatia
3051 2423 3322 2477 monachi
3340 2423 3617 2483 Sanctum

2006 2499 2582 2571 celebrant,primum
2601 2504 2793 2559 locum
2811 2506 3034 2561 obtinet
3051 2525 3295 2581 sequens
3312 2512 3422 2567 hic:
3440 2533 3471 2566 «
3503 2517 3616 2570 Do-

2006 2591 2126 2641 ctus
2143 2589 2457 2659 psalmista,
2493 2592 2838 2648 clarissimus
2870 2600 3043 2667 atque
3069 2599 3342 2669 sophista.
3379 2622 3407 2650 »
3436 2604 3618 2676 Regu-

2003 2676 2151 2731 lares
2177 2678 2457 2733 Noliensis
2493 2679 2550 2734 S.
2586 2681 2867 2737 Vincentii
2898 2684 2956 2738 in
3007 2686 3269 2743 lnferiori
3304 2690 3619 2750 Pictavensi

2003 2764 2299 2837 provincia
2326 2769 2662 2823 monasterii
2688 2771 2950 2826 canonici
2967 2772 3026 2827 in
3047 2774 3211 2830 titulo
3243 2776 3469 2834 funebri
3498 2784 3615 2850 173,

2005 2870 2119 2924 quo
2156 2854 2364 2908 Sancto
2380 2859 2782 2925 parentarunt,
2810 2858 2889 2913 ita
2904 2860 3155 2919 habent:
3188 2886 3216 2915 ‹‹
3244 2866 3432 2921 Bruno
3455 2885 3618 2924 nam-

2005 2957 2115 3012 que
2164 2957 2358 2996 veram
2412 2943 2711 2999 scientiam
2771 2950 2828 3001 et
2877 2949 3245 3019 prudentiam
3290 2953 3616 3014 liberalium

2005 3029 2239 3097 artium,
2270 3046 2376 3085 nec
2401 3047 2518 3086 non
2545 3036 2764 3088 ceteras
2794 3037 3111 3094 cardinales
3134 3041 3368 3097 virtutes
3392 3044 3614 3114 habuit,

2003 3120 2061 3172 et
2090 3119 2500 3189 servavit,quas
2526 3120 2584 3173 in
2612 3122 2767 3177 bono
2784 3124 2899 3179 ﬁne
2921 3130 3362 3185 consummavit.
3385 3132 3614 3189 Dudum

2000 3206 2286 3278 siquidem
2314 3208 2574 3264 Ecclesia
2600 3211 2748 3265 sedis
2772 3212 3143 3271 Remensium
3158 3234 3421 3275 summus
3450 3221 3615 3278 dida-

2001 3297 2203 3363 scalus,
2238 3299 2436 3368 utpote
2465 3297 2523 3351 in
2556 3299 2830 3355 Psalterio
2861 3304 2920 3356 et
2944 3304 3147 3359 ceteris
3177 3306 3425 3363 scientiis
3459 3311 3615 3367 lucu-

1998 3384 2366 3453 lentissimus,
2395 3389 2453 3440 et
2478 3387 2750 3442 columna
2771 3390 2945 3444 totius
2976 3395 3314 3465 metropolis
3333 3397 3431 3452 diu
3449 3400 3615 3455 exsti-

1998 3473 2121 3526 tit.»
2141 3473 2283 3527 Cum
2298 3490 2436 3545 ergo
2451 3475 2632 3530 altero
2649 3493 2679 3530 e
2709 3476 2859 3532 binis
2873 3479 3026 3535 hisce
3056 3481 3254 3537 Titulis
3273 3483 3611 3544 funebribus

1998 3560 2192 3616 Sancti
2206 3562 2385 3615 nostri
2401 3562 2457 3616 in
2477 3563 2718 3619 Psalmis
2732 3564 3013 3635 doctrina,
3031 3570 3235 3639 altero,
3268 3576 3331 3627 ut
3345 3579 3606 3646 apparet,

1996 3649 2057 3704 in
2087 3650 2174 3703 his
2191 3650 2565 3721 explanandis
2590 3655 3079 3710 commentadisve
3102 3659 3331 3715 claritas
3352 3664 3610 3720 celebre-

1995 3741 2110 3805 tur,
2143 3738 2215 3792 ad
2252 3739 2672 3811 expositionem
2730 3746 3308 3817 commentariumve,
3339 3767 3515 3823 quem
3545 3753 3607 3810 in

1992 3826 2164 3880 hosce
2196 3826 2289 3881 ille
2317 3827 2699 3895 concinnarit,
2727 3830 2903 3884 alludi
2944 3832 3201 3902 videtur;
3225 3834 3358 3891 hinc
3383 3843 3603 3912 autem,

1989 3913 2160 3969 fuisse
2183 3930 2313 3969 vere
2345 3932 2379 3969 a
2411 3916 2679 3971 Brunone
2706 3917 2963 3973 Psalmos
2975 3924 3395 3979 commentario
3410 3930 3604 4000 expla-

1990 4005 2175 4070 natos,
2209 4004 2674 4060 concludendum
2702 4023 2835 4063 cum
2873 4025 3044 4082 supra
3066 4010 3311 4067 laudatis
3340 4014 3603 4076 Historia

1986 4089 2281 4145 litteraria
2304 4092 2557 4148 Francia
2588 4092 2992 4169 Scriptoribus,
3024 4104 3284 4173 apparet.

2060 4181 2183 4234 695.
2215 4182 2513 4248 Attamen,
2547 4200 2681 4238 cum
2724 4185 2850 4242 ﬁeri
2880 4192 3054 4259 queat
3078 4192 3141 4243 ut
3163 4190 3418 4260 prafatis
3449 4194 3600 4253 binis

1984 4268 2181 4323 Titulis
2202 4269 2562 4339 funebribus,
2588 4289 2708 4328 non
2737 4275 2811 4330 ad
2840 4277 3221 4346 Psalmorum,
3255 4296 3429 4351 quem
3461 4282 3600 4341 San-

268 4365 625 4420 mentarium
659 4366 996 4436 quempiam
1026 4366 1086 4420 in
1119 4368 1375 4423 Psalmos
1428 4384 1657 4423 erasum
1686 4368 1880 4437 fuisse,
1910 4358 1963 4416 D
1986 4360 2109 4411 Otus
2156 4356 2216 4411 in
2248 4357 2469 4411 litteras
2524 4360 2762 4428 miserit,
2823 4362 3342 4435 Commentarium.
3396 4373 3499 4428 Sed
3523 4375 3601 4431 ad

264 4454 544 4525 prafatis,
572 4454 652 4508 ita
666 4454 788 4508 fere
819 4457 1100 4525 quantum
1129 4456 1203 4510 ad
1233 4456 1615 4511 substantiam
1644 4457 1879 4528 subjun-

1986 4446 2700 4518 eorumdem,quam,cum
2715 4449 2906 4505 Remis
2924 4452 3126 4508 alibive
3144 4455 3366 4512 altioris
3376 4460 3596 4519 ordinis

262 4545 430 4613 gunt:
449 4540 573 4605 Quo
591 4540 893 4595 difﬁcultas
916 4541 1114 4596 isthac
1129 4543 1335 4597 melius
1363 4543 1883 4610 elucidetur,nosse
1984 4534 2203 4590 litteras
2223 4534 2478 4602 doceret,
2527 4536 2651 4590 viva
2677 4552 2814 4592 voce
2842 4538 3063 4608 fecerit,
3124 4544 3594 4615 explanationem

263 4628 640 4696 refert,unius
656 4628 917 4683 nondum
940 4629 1151 4701 integri
1178 4631 1368 4686 saculi
1399 4630 1603 4702 spatio,
1626 4632 1698 4686 ab
1726 4648 1879 4688 anno
1983 4624 2159 4679 alludi
2190 4640 2307 4678 non
2339 4640 2514 4679 nemo
2545 4624 2693 4680 forte
2724 4629 3059 4698 contendat,
3092 4630 3592 4696 Commentarium

259 4717 477 4772 scilicet
509 4719 647 4771 1040
681 4734 857 4789 usque
889 4717 963 4772 ad
1016 4734 1234 4772 annum
1273 4722 1407 4774 1123
1450 4723 1565 4773 tres
1620 4720 1880 4776 ﬂoruisse
1981 4733 2015 4770 a
2041 4715 2307 4768 Brunone
2340 4713 2400 4767 in
2421 4714 2678 4770 Psalmos
2730 4715 2901 4772 fuisse
2939 4719 3128 4791 reipsa
3180 4726 3589 4795 compositum,

260 4807 559 4860 Brunones
584 4846 598 4871 ,
646 4805 743 4876 qui
789 4806 1029 4861 celebris
1072 4822 1275 4861 omnes
1315 4808 1569 4862 nominis
1620 4808 1875 4877 fuerunt,

259 4892 504 4948 Psalmis
535 4893 913 4963 explanandis
956 4894 1487 4950 commentandisve
1507 4912 1711 4951 omnes
1739 4912 1876 4967 ope-

259 4996 388 5035 ram
399 4979 968 5036 dederunt:S.Bruno
982 4982 1214 5049 scilicet,
1224 4982 1645 5053 Herbipolensis
1658 4983 1875 5055 episeo-

257 5071 702 5141 pus,anno1045
716 5069 830 5125 vita
848 5069 1097 5137 functus;
1121 5069 1178 5124 S.
1209 5071 1497 5138 Bruno,de
1518 5087 1632 5144 quo
1654 5072 1747 5128 hic
1778 5090 1878 5128 no-

1980 4800 2102 4856 aliis
2132 4800 2317 4855 adhuc
2352 4803 2709 4874 argumentis
2730 4821 2862 4860 cum
2893 4807 3139 4864 laudatis
3151 4810 3408 4867 Historia
3437 4814 3588 4871 litte-

1976 4890 2145 4948 raria
2176 4891 2430 4946 Francia
2457 4891 2842 4965 Scriptoribus
2866 4896 3024 4952 lubet
3068 4898 3324 4953 ﬁrmare.
3364 4900 3584 4959 Saculo

1978 4980 2185 5034 eodem
2200 4997 2313 5052 quo
2347 4980 2587 5035 Sanctus
2613 4982 2949 5050 obiit,fuisse
2977 4985 3050 5041 ab
3078 4986 3189 5041 hoc
3234 4987 3293 5041 in
3327 4988 3586 5046 Psalmos

1980 5068 2479 5123 Commentarium
2497 5071 2852 5139 contextum,
2871 5074 2989 5126 tam
3005 5072 3251 5128 ﬁrmiter
3264 5073 3588 5134 habebatur

257 5157 349 5213 bis
367 5173 582 5224 sermo;
609 5161 666 5212 et
686 5157 744 5213 S.
779 5159 993 5225 Bruno,
1017 5159 1319 5230 episcopus
1349 5158 1686 5231 Signiensis,
1719 5178 1873 5216 anno
1978 5174 2336 5231 persuasum,
2372 5161 2435 5212 ut
2463 5157 2750 5225 librarius,
2778 5158 2823 5213 si
2852 5159 2913 5214 in
2943 5160 3128 5216 simile
3170 5161 3389 5230 forsan,
3426 5167 3586 5238 quod

258 5245 398 5303 1123
417 5262 448 5300 e
464 5246 600 5299 vivis
617 5246 892 5301 sublatus.
918 5248 1131 5302 Prioris
1155 5248 1213 5302 in
1230 5248 1573 5303 Psalterium
1592 5249 1742 5321 Opus
1759 5267 1875 5305 una
1977 5247 2223 5303 auctoris
2254 5262 2470 5301 nomen
2493 5262 2611 5301 non
2629 5246 2947 5318 praferret,
2962 5249 3238 5319 scriptum
3265 5250 3580 5324 incidisset,

256 5350 391 5388 cum
418 5334 544 5388 allis
575 5335 699 5405 ejus
750 5335 1245 5391 lucubrationibus
1276 5336 1402 5406 jam
1442 5336 1578 5391 inde
1608 5338 1681 5392 ab
1718 5353 1871 5393 anno
1974 5338 2272 5406 acceptum
2304 5352 2370 5389 ex
2390 5335 2498 5389 hoc
2525 5336 2879 5406 ecgraphum
2927 5340 3049 5390 tam
3102 5337 3161 5392 in
3202 5340 3388 5411 capite
3420 5346 3481 5398 et
3508 5344 3585 5401 ad

261 5423 399 5477 1494
417 5422 565 5493 typis
594 5422 701 5476 fuit
717 5427 1075 5489 excusum,et
1108 5425 1180 5478 ab
1208 5423 1297 5477 his
1325 5424 1872 5495 deindesejunctum
1973 5426 2191 5479 calcem
2218 5422 2471 5495 epistola
2502 5424 2890 5492 dedicatoria,
2936 5441 3111 5497 quam
3142 5428 3201 5483 in
3227 5429 3350 5501 ipso
3383 5432 3584 5504 Operis

256 5510 554 5584 Herbipoli
585 5526 740 5566 anno
772 5515 899 5566 1531
922 5528 987 5566 ac
1018 5512 1229 5566 deinde
1261 5512 1472 5567 iterum
1501 5513 1703 5585 Lipsia
1717 5530 1871 5569 anno
1973 5513 2138 5568 titulo
2198 5514 2254 5568 S.
2292 5514 2592 5581 Brunonis,
2655 5514 3163 5572 Carthusianorum
3217 5518 3580 5589 institutoris,

262 5601 422 5667 1533,
455 5616 585 5671 qua
615 5599 901 5671 posterior
930 5600 1105 5656 editio
1138 5602 1213 5656 ad
1242 5601 1504 5675 proxime
1525 5602 1870 5662 anteceden-

549 5688 784 5746 Ρλτιοι..
817 5686 971 5747 CLII.

1956 5602 2197 5663 nomine
2209 5600 2317 5659 insi
2323 5602 2531 5677 gniret.
2540 5602 2905 5679 Ecgraphum
2925 5603 3020 5679 huj
3030 5606 3258 5664 usmodi
3270 5607 3583 5672 Mabillouii

3163 5699 3229 5759 14
