4066 6032
220 382 332 441 429

1799 381 1982 438 ACTA

3432 398 3537 457 430

221 524 399 565 nosce
426 508 825 582 explanarant,
858 508 1163 577 evolverat,
1194 527 1406 583 eosque
1437 508 1753 578 interdum,
1774 524 1839 566 ac
1866 510 1921 572 Α
1947 508 2109 564 dictis
2125 508 2279 577 fecit,
2302 511 2493 568 locum
2522 512 2613 568 hic
2639 511 2853 569 habere
2876 512 3033 571 nulla
3068 532 3298 588 prorsus
3327 520 3555 579 ratione

218 599 575 653 nominatim
605 599 662 654 S.
700 600 1069 654 Ambrosium
1092 603 1147 654 et
1171 599 1227 653 S.
1252 601 1635 671 Augustinum
1659 600 1838 655 etiam

218 686 381 753 citat,
427 688 612 743 verbis
661 690 857 741 tamen
912 687 1140 741 illorum
1180 706 1298 742 non
1352 688 1725 760 transcriptis,
1779 691 1840 742 ut

214 791 347 846 qua:
362 792 427 829 ex
443 774 644 829 iisdem
662 775 901 846 accepit,
927 791 997 828 ea
1022 775 1125 829 sibi
1150 775 1581 847 quodammodo
1604 776 1841 849 propria

212 863 557 929 reddiderit,
589 864 996 935 integrumque
1030 863 1183 933 Opus
1209 882 1272 917 ex
1308 864 1428 935 ipsa
1455 865 1576 935 ejus
1596 882 1748 936 penu
1767 865 1839 919 sit

215 951 652 1022 depromptum.
683 954 832 1006 Dum
858 951 1216 1023 singulorum
1238 954 1621 1019 Psalmorum,
1655 954 1833 1025 quod,

140 1072 147 1075 τ
212 1039 406 1094 multa
434 1040 605 1094 rebus
647 1040 899 1093 obscuris
929 1041 1051 1094 luce
1098 1040 1295 1106 affusa,
1327 1041 1481 1108 facit,
1512 1041 1706 1096 titulos
1737 1058 1837 1095 ex-

213 1128 408 1199 ponit,
430 1128 643 1198 liguam
680 1128 1014 1181 Hebraicam
1048 1128 1303 1182 calluisse
1334 1146 1452 1183 sese
1485 1129 1831 1184 manifestis-

213 1218 364 1271 sime
391 1216 603 1288 prodit.
630 1216 786 1270 Idem
808 1216 986 1287 liquet
1004 1233 1033 1269 e
1058 1217 1226 1271 variis
1258 1217 1313 1271 in
1335 1218 1532 1289 Operis
1561 1223 1831 1273 contextu

216 1304 625 1359 occurentibus
650 1304 809 1365 locis,
845 1304 923 1357 uti
953 1304 1128 1358 etiam
1156 1322 1286 1359 eum
1312 1305 1383 1359 ad
1417 1305 1829 1377 primigenium

211 1408 316 1446 seu
346 1391 686 1446 Hebraicum
738 1394 981 1459 textum,
1031 1396 1113 1458 ut,
1158 1409 1332 1464 quem
1370 1394 1609 1464 Vulgata
1639 1394 1826 1461 offert,

212 1480 424 1535 melius
454 1484 723 1551 exponat,
768 1496 1086 1534 recurrere.
1136 1482 1197 1534 In
1245 1483 1366 1535 toto
1412 1481 1827 1536 Commentarii

211 1569 459 1623 decursu
491 1568 862 1623 mirationem
886 1568 955 1624 de
976 1586 1035 1623 se
1058 1569 1328 1634 concitat,
1354 1586 1417 1623 ac
1440 1569 1825 1639 potissimum,

211 1657 356 1711 dum
385 1658 517 1711 Jesu
548 1656 750 1712 Christi
779 1657 1046 1727 myteria,
1093 1674 1157 1712 ac
1198 1656 1529 1729 quempiam
1573 1658 1826 1712 Psalmo-

211 1761 350 1799 rum
391 1746 581 1799 locum
615 1762 719 1817 per
749 1745 924 1799 alium
951 1762 1123 1799 sacrm
1153 1744 1456 1815 Scripturae
1487 1748 1704 1800 textum
1731 1762 1829 1800 ex-

1948 600 2154 668 potest.
2172 600 2397 655 Etenim
2422 602 2668 674 scriptor
2691 606 2956 658 auctorve
2989 606 3178 661 nullus
3202 611 3284 662 est
3300 610 3557 668 Brunoni

1944 684 2353 758 homonymus,
2374 689 2470 761 qui
2495 691 2723 757 eodem,
2748 708 2860 763 quo
2884 692 2973 746 hic
2990 695 3219 762 saeculo,
3239 700 3555 755 autsaltem

1942 778 2108 829 aetate
2172 776 2453 843 floruerit,
2508 780 3120 854 Commentariumque
3180 784 3238 838 in
3291 786 3348 840 8.
3392 788 3553 843 Pauli

1941 864 2181 931 apostoli
2204 864 2481 935 Epistolas
2512 867 3117 937 concinnarit.Quare,
3151 872 3216 940 si,
3247 873 3303 928 8.
3338 876 3551 932 Bruno-

1939 966 2096 1017 nem,
2119 951 2633 1009 Carthusianorum
2651 956 3066 1025 lnstitutorem,
3090 959 3223 1015 hasc
3247 978 3366 1016 esse
3386 980 3547 1019 com-

1937 1042 2285 1107 mentatum,
2308 1046 2649 1113 argumento
2671 1048 2757 1098 sat
2772 1045 2975 1113 solido,
3000 1048 3262 1103 alicunde
3280 1052 3544 1121 quaesito,

1932 1127 2111 1198 possit
2142 1129 2395 1199 probari,
2431 1130 2628 1185 omnia
2668 1133 2897 1203 penitus
2928 1134 3126 1206 Operis
3172 1140 3541 1211 exemplaria,

1933 1231 2060 1285 qua:
2090 1215 2281 1271 Sancti
2323 1219 2558 1273 nomine
2595 1220 3001 1291 insigniuntur,
3024 1224 3283 1294 opinioni
3314 1243 3541 1295 eorum,

1932 1302 2029 1372 qui
2063 1305 2192 1358 huic
2246 1306 2382 1360 illud
2437 1308 2747 1375 ascribunt,
2778 1310 3196 1380 suffragantur;
3238 1330 3300 1367 re
3343 1318 3540 1371 autem

1931 1404 2064 1444 Vera
2093 1396 2179 1445 sat
2209 1394 2480 1462 solidum,
2516 1397 2670 1466 quod
2711 1396 2766 1450 S.
2803 1398 2961 1451 Pauli
2989 1401 3230 1469 apostoli
3264 1402 3543 1472 Epistolas

1929 1484 2385 1536 commentatum
2420 1500 2539 1536 esse
2573 1484 2847 1538 Sanctum
2867 1489 3128 1541 nostrum
3158 1490 3427 1558 ostendit,
3453 1508 3542 1547 ar-

1927 1571 2272 1637 gumentum
2307 1587 2369 1623 ex
2401 1571 2522 1639 ejus
2546 1570 2602 1624 in
2634 1573 2892 1626 Psalmos
2922 1572 3379 1644 Commentario,
3403 1595 3537 1634 cum

1928 1658 2225 1710 contextus
2254 1657 2344 1710 hic
2372 1658 2443 1711 ab
2478 1659 2572 1713 illo
2601 1675 2665 1712 ex
2702 1660 2863 1713 dictis
2901 1665 3057 1716 certo
3089 1663 3179 1729 sit,
3210 1664 3533 1722 deducitur.

1928 1743 2084 1796 Idem
2119 1744 2274 1797 enim
2314 1745 2508 1816 stylus,
2552 1746 2872 1818 eademque
2900 1750 3225 1817 methodus,
3272 1769 3446 1824 quam
3472 1754 3534 1810 in

209 1833 400 1905 ponit.
422 1833 578 1904 Stylo
600 1835 778 1888 utitur
800 1833 1050 1900 conciso,
1066 1833 1331 1904 simplici,
1362 1850 1623 1901 nervoso,
1650 1835 1824 1901 claro,
1850 1850 1901 1908 Β
1929 1830 2165 1884 Psalmis
2179 1834 2644 1888 commentandis
2671 1838 2895 1889 secutus
2912 1839 2995 1890 est
3013 1835 3273 1906 Sanctus,
3288 1840 3346 1894 in
3360 1841 3532 1896 Com-

211 1922 398 1977 nitido
418 1926 653 1993 tamque
675 1923 853 1994 probe
878 1923 1291 1994 Latino,quam
1325 1922 1712 1993 cujuscunque
1741 1923 1824 1976 al-

206 2011 406 2077 terius,
444 2010 541 2081 qui
568 2011 927 2083 eodem,quo
950 2011 1211 2075 Sanctus,
1231 2012 1433 2064 saeculo
1462 2010 1677 2077 ﬂoruit,
1692 2012 1824 2077 scri-

205 2099 388 2169 ptoris
416 2101 592 2171 stylus
608 2116 726 2153 esse
740 2099 1009 2170 potuerit.
1036 2099 1237 2152 Eximii
1265 2099 1431 2169 huius
1448 2098 1818 2155 Commenta-

202 2187 273 2241 rii
305 2187 588 2242 editiones
615 2188 777 2253 alias,
811 2203 987 2257 quam
1026 2204 1166 2258 quas
1201 2186 1407 2257 Opera,
1442 2186 1499 2240 S.
1539 2187 1819 2241 Brunonis

199 2276 443 2331 nomine
460 2279 584 2329 tum
612 2275 841 2329 Parisiis
858 2292 1012 2329 anno
1032 2277 1187 2341 152i,
1210 2279 1332 2329 tum
1348 2274 1600 2329 Coloniae
1620 2274 1819 2346 Agrip-

201 2365 356 2435 pinae
385 2380 538 2418 anno
563 2366 717 2431 1611,
736 2379 799 2417 ac
827 2363 1038 2417 deinde
1070 2364 1278 2418 iterum
1307 2378 1459 2417 anno
1496 2365 1631 2417 1640
1670 2363 1814 2435 typis

199 2471 427 2520 excusa,
462 2453 521 2507 in
552 2452 755 2523 capita;
782 2452 1120 2523 praeferunt,
1143 2469 1259 2506 non
1290 2451 1573 2517 novimus,
1609 2452 1813 2523 utjam

196 2559 372 2614 supra
389 2543 625 2597 dictum.
648 2541 981 2612 Optandum
1006 2541 1241 2595 interim
1274 2541 1425 2595 foret
1452 2539 1679 2610 utOpus
1694 2557 1815 2594 om-

200 2631 363 2688 nium
386 2630 668 2696 fidelium,
692 2647 756 2684 ac
788 2629 1039 2684 maxime
1072 2645 1274 2683 eorum
1306 2627 1401 2699 qui
1428 2628 1656 2700 publico
1682 2645 1811 2700 pre-

197 2736 333 2775 cum
359 2719 683 2774 divinarum
712 2717 1031 2772 ministerio
1078 2717 1391 2772 consecrati
1429 2719 1582 2783 sunt,
1627 2715 1812 2771 mani-

200 2810 311 2863 bus
336 2811 639 2863 tereretur.

275 2898 401 2950 699.
427 2896 559 2951 Tale
592 2898 676 2950 est
707 2894 863 2967 quod
901 2894 971 2948 de
1004 2894 1280 2964 prazclaro
1315 2892 1507 2947 Sancti
1543 2892 1724 2947 nostri
1756 2891 1813 2946 in

200 2985 460 3039 Psalmos
490 2982 921 3039 Commentario
949 2981 1207 3037 Historiae
1240 2980 1533 3035 litterariae
1564 2980 1815 3035 Francia

199 3071 522 3143 Scriptores
548 3072 742 3127 ferunt
759 3070 1076 3141 judicium;
1112 3070 1268 3142 quod
1301 3069 1439 3123 mihi
1470 3086 1607 3123 sane
1639 3085 1814 3140 appa-

1926 1919 2211 1973 mentario
2244 1920 2441 1988 etiam,
2489 1939 2601 1993 quo
2645 1921 2702 1975 8.
2738 1923 2895 1977 Pauli
2928 1924 3204 1995 Epistolas
3248 1930 3529 1998 exposuit,

1923 2004 2428 2075 invenitur.Voces,
2452 2009 2509 2063 id
2530 2012 2633 2076 est,
2655 2027 2796 2081 quas
2813 2010 2867 2064 in
2883 2028 2945 2065 ex
2953 2013 3254 2084 planandis
3270 2017 3530 2086 Psalmis,

1922 2107 2034 2161 quo
2066 2094 2487 2163 praecedentem
2504 2097 2750 2150 auctoris
2775 2098 3125 2153 locutionem
3147 2101 3432 2158 locutione
3446 2106 3515 2160 al-

1921 2181 2043 2232 tera
2069 2198 2167 2234 seu
2186 2182 2374 2251 phrasi
2402 2183 2703 2238 clariorem
2723 2185 2992 2239 meliusve
3026 2187 3365 2258 explicatam
3395 2192 3530 2247 red-

1918 2266 2172 2334 dat,non
2202 2286 2334 2323 raro
2353 2270 2608 2338 adhibet,
2639 2272 2975 2344 frequenter
2995 2274 3169 2329 etiam
3200 2276 3260 2330 in
3292 2276 3349 2331 8.
3370 2279 3531 2335 Pauli

1916 2355 2156 2425 apostoli
2189 2356 2575 2426 Epistolarum
2612 2358 3046 2415 Commentario
3090 2368 3414 2419 recurrunt.
3438 2366 3535 2431 Ad,

1913 2441 2056 2505 haec,
2086 2443 2237 2513 quod
2276 2444 2411 2515 quin
2447 2449 2804 2516 postremum
2836 2447 2944 2501 hoc
2976 2448 3126 2518 Opus
3154 2449 3210 2504 8.
3246 2451 3530 2507 Brunonis

1915 2536 2044 2583 vere
2072 2530 2161 2595 sit,
2188 2531 2486 2587 dubitandi
2519 2550 2757 2587 omnem
2789 2536 2979 2589 locum
3024 2536 3250 2603 adimit,
3280 2539 3531 2595 clausula

1915 2618 2018 2681 est,
2036 2616 2091 2670 in
2114 2618 2353 2690 antiquo
2382 2620 2797 2675 Commentarii
2823 2622 2993 2693 hujus
3019 2626 3331 2695 exemplari
3362 2643 3395 2680 a
3414 2627 3528 2682 Ma-

1915 2703 2152 2759 billonio
2183 2710 2411 2778 reperta
2440 2708 2642 2779 bisque
2676 2708 2863 2762 verbis
2891 2714 3199 2782 concepta:
3228 2732 3256 2760 ››
3292 2714 3532 2785 Explicit

1890 2793 2224 2848 -Glcssarius
2255 2796 2536 2850 Brunonis
2589 2796 2847 2851 ercmitas
2900 2814 3075 2869 super
3136 2798 3414 2871 Epistolas
3461 2803 3526 2857 Β.

1916 2881 2073 2935 Pauli
2099 2883 2362 2953 apostoli.
2395 2901 2426 2935 »

1987 2974 2109 3024 701.
2139 2974 2323 3042 Atque
2347 2971 2425 3025 ita
2453 2970 2683 3037 Sancto,
2701 2972 2797 3043 qui
2822 2973 3059 3028 nomine
3082 2975 3203 3045 ejus
3218 2976 3403 3032 editus
3422 2983 3527 3048 est,

1915 3058 2189 3129 scriptum
2227 3059 2285 3112 in
2319 3076 2521 3113 omnes
2544 3059 2766 3114 S.Pauli
2795 3061 3049 3131 Apostoli
3070 3062 3347 3133 Epistolas
3364 3065 3530 3122 Com-

192 3166 285 3216 ret
305 3161 722 3232 aequissimum,
738 3159 809 3214 sit
827 3162 1022 3212 tamen
1041 3157 1330 3228 exceperis
1360 3156 1515 3228 quod
1538 3157 1607 3211 de
1631 3156 1815 3226 Opere
1843 3161 1889 3219 α
1918 3147 2265 3200 mcntarium
2286 3147 2491 3201 merito
2508 3146 2944 3213 attribui,modo
2967 3149 3269 3219 habemus;
3294 3152 3364 3207 de
3387 3156 3530 3210 tem-
3614 3150 3627 3155 ’

192 3250 292 3305 illo
326 3249 553 3321 integro
582 3266 612 3303 e
646 3247 882 3320 propria
927 3247 1108 3301 sancti
1160 3263 1315 3317 penu
1363 3245 1712 3317 deprompto
1759 3248 1817 3298 et

190 3342 393 3393 tamen
429 3338 643 3409 partim
669 3353 699 3390 e
732 3336 954 3390 Sanctis
980 3335 1242 3389 Patribus
1284 3337 1518 3404 accepto
1552 3332 1807 3388 involvit.

190 3427 388 3481 Restat
416 3426 615 3491 modo,
641 3428 702 3479 ut
721 3441 835 3495 quo
858 3423 916 3477 id
938 3426 1204 3493 tempore
1230 3423 1417 3476 Bruno
1437 3421 1808 3487 elucubrarit,

190 3515 604 3570 determinem.
622 3513 764 3568 Cum
781 3511 990 3567 Sancto
1010 3512 1296 3576 nostro,ut
1314 3526 1487 3563 sacra:
1502 3509 1809 3578 Scriptura:

186 3604 381 3658 studio
396 3605 644 3663 vacaret,
666 3604 789 3655 tum
815 3600 1229 3656 maxime.dum
1244 3598 1308 3652 in
1326 3596 1806 3667 CarthusiaMajo-

184 3693 235 3747 ri
249 3709 315 3746 ac
338 3691 550 3746 deinde
572 3690 629 3744 in
644 3689 947 3743 Turritana
962 3686 1235 3742 Calabrize
1253 3702 1450 3740 eremo
1465 3688 1805 3751 versaretur,

191 3781 377 3835 otium
402 3779 574 3834 fuisse
594 3778 854 3833 videatur
877 3775 1049 3829 fuisse
1076 3779 1209 3829 tunc
1231 3774 1302 3829 ab
1332 3774 1450 3840 illo,
1475 3772 1545 3826 de
1573 3788 1685 3844 quo
1718 3771 1810 3827 hic

190 3868 362 3922 nobis
382 3883 596 3933 sermo,
610 3863 1108 3921 Commentarium
1134 3861 1500 3917 concinatum
1519 3859 1811 3914 verosimi-

182 3957 236 4011 le
261 3959 453 4026 potest
476 3953 676 4009 videri.
696 3955 996 4018 Attamen,
1022 3966 1153 4005 cum
1187 3950 1329 4004 nihil
1356 3948 1596 4004 omnino
1620 3949 1807 4002 obstet

182 4060 302 4115 quo
337 4041 530 4096 minus
570 4040 621 4095 id
659 4039 834 4094 etiam
871 4040 1007 4093 dum
1042 4038 1236 4092 Remis
1256 4038 1440 4091 adhuc
1479 4036 1803 4090 scholarum

180 4131 592 4204 praefecturam
629 4130 877 4199 gereret,
904 4126 1237 4196 altiorisque
1279 4124 1499 4179 ordinis
1538 4122 1801 4177 scientias

179 4217 644 4283 doceret,fecisse
663 4219 968 4288 queat,nee
988 4214 1301 4286 quidquam
1317 4211 1471 4283 quod
1485 4211 1799 4265 anachore-

174 4310 370 4361 tarum
406 4305 615 4376 potius,
643 4303 851 4375 quibus
884 4303 943 4356 in
977 4300 1285 4355 solitudine
1320 4301 1587 4371 praeerat,
1621 4314 1797 4370 quam

1914 3250 2054 3306 pore
2082 3235 2225 3289 adeo
2259 3250 2372 3306 quo
2396 3235 2556 3315 hunc
2584 3251 2617 3288 a
2649 3235 2918 3289 Brunone
2961 3237 3296 3293 concinnari
3342 3242 3527 3297 contio

1913 3321 2081 3392 gerit,
2116 3338 2267 3375 nunc
2300 3321 2577 3376 dicamus.
2612 3320 2757 3376 Sunt
2804 3322 3041 3394 quidem
3093 3325 3191 3397 qui
3236 3331 3523 3398 sanctum,

1912 3424 2042 3462 cum
2067 3409 2124 3463 in
2148 3409 2457 3464 solitudine
2471 3409 2960 3469 seuCarthusiana
2970 3427 3070 3465 seu
3086 3412 3417 3487 Turritanaj
3427 3433 3524 3473 am

1911 3500 2251 3563 versaretur,
2274 3496 2424 3567 Opus
2449 3497 2587 3550 illud
2604 3497 2957 3552 contexuisse
2980 3500 3528 3560 verosimiliusautu-

1909 3588 2074 3638 mant
2104 3601 2116 3638 :
2149 3588 2207 3637 et
2236 3601 2393 3650 sane,
2423 3600 2554 3638 cum
2583 3587 2719 3638 tunc
2740 3586 2902 3639 omni
2920 3586 3033 3640 alia
3055 3603 3191 3642 cura
3222 3590 3367 3644 liber
3384 3608 3522 3646 con-

1909 3671 2226 3726 scribendis
2256 3671 2413 3725 libris
2429 3687 2630 3725 vacare
2657 3671 2822 3725 facile
2854 3673 3124 3743 potuerit,
3144 3691 3266 3730 esse
3296 3677 3521 3734 videtur

1892 3759 2079 3825 _curid
2109 3776 2242 3813 eum
2258 3763 2394 3812 tunc
2412 3758 2617 3812 fecisse
2636 3775 2753 3813 non
2780 3758 3074 3812 immerito
3087 3761 3516 3831 mstimes;atta-

1910 3864 2189 3901 men-cum
2212 3846 2568 3911 Bruno,dum
2597 3845 2785 3899 Remis
2804 3845 3010 3913 adhuc,
3028 3848 3232 3903 sazculo
3256 3851 3518 3907 nondum

1907 3936 2128 4002 relicto,
2153 3937 2493 4001 versaretur,
2510 3933 2708 3988 studiis
2724 3934 2988 3987 animum
3001 3935 3223 3990 assidue
3249 3940 3511 3995 excolue-

1904 4024 2285 4094 rit,facileque
2308 4022 2527 4076 interea
2549 4021 2700 4091 Opus
2716 4020 2856 4075 illud
2868 4022 3217 4077 concinnare
3238 4028 3510 4097 potuerit,

1905 4129 2020 4167 non
2045 4116 2129 4165 est
2148 4111 2325 4164 etiam
2347 4126 2447 4163 cur
2484 4108 2541 4162 id
2582 4112 2707 4162 tum
2731 4110 2886 4161 certo
2912 4124 3028 4162 non
3060 4108 3260 4165 fecisse
3290 4112 3364 4166 sit
3386 4130 3508 4168 cre-

1902 4199 2143 4254 dendus.
2175 4198 2537 4268 Quapropter
2558 4195 2692 4249 idne
2714 4197 2869 4259 tunc,
2895 4211 2969 4248 an
2992 4211 3123 4249 cum
3165 4196 3223 4250 in
3255 4200 3512 4256 solitudi-

1902 4305 2039 4342 nem
2052 4287 2178 4358 jam
2209 4284 2530 4339 secessisset
2546 4282 3321 4356 praestiterit,ambigendum
3337 4304 3514 4358 quam

174 4369 430 4449 aliorum
492 4369 970 4469 quorumcunque
1038 4388 1299 4442 fidelium
1355 4385 1796 4440 instructionem
1821 4378 1873 4435 D
1902 4374 2152 4429 ιῐιωίίιῐὶο
2167 4373 2408 4439 Videtur;
2428 4388 2560 4426 cum
2577 4374 2792 4468 διιῐξδηι]
2809 4369 3261 4469 (Ῑυοηεξυδίξυωίά
3277 4389 3396 4469 θεδξθ
3411 4376 3511 4431 de-

176 4481 496 4555 spectet,in
520 4482 614 4535 illa
634 4480 831 4534 Sancti
860 4478 1036 4532 nostri
1080 4475 1481 4531 lucubratione
1515 4476 1795 4539 occurrat,

178 4572 414 4625 hancne
447 4569 559 4635 itte,
595 4585 723 4621 cum
754 4566 960 4620 saeculo
986 4565 1251 4618 nuntium
1295 4564 1421 4633 jam
1467 4560 1798 4627 remisisset,

180 4677 257 4714 an
294 4662 430 4712 ante
454 4655 768 4721 adornarit,
805 4654 1043 4709 dubium
1076 4652 1390 4707 admodum
1424 4668 1487 4705 ac
1516 4651 1801 4704 incertum

180 4750 447 4820 apparet.
467 4746 575 4799 Nec
602 4760 715 4816 quo
745 4748 1009 4813 tempore
1044 4740 1362 4795 lucubratio
1397 4741 1599 4804 altera,
1620 4756 1719 4792 seu
1742 4738 1800 4791 in

182 4852 393 4892 omnes
435 4834 492 4888 S.
533 4833 691 4887 Pauli
719 4830 959 4902 apostoli
1004 4831 1278 4902 Epistolas
1319 4825 1799 4892 Commentarius,

181 4926 282 4998 qui
303 4924 458 4977 inter
485 4922 670 4992 Opera
692 4919 884 4974 Sancti
908 4918 1143 4973 nomine
1168 4934 1371 4971 excusa
1396 4932 1511 4970 non
1536 4915 1803 4969 intimum

178 5016 373 5069 locum
410 5013 586 5075 tenet,
614 5009 1021 5079 integrumque
1057 5004 1413 5060 Coloniensis
1442 5004 1649 5056 horum
1684 5001 1804 5055 edi-

180 5100 360 5156 tionis
411 5102 632 5152 tomum
672 5094 988 5149 secundum
1037 5092 1257 5164 implet,
1299 5090 1677 5145 concinnatus
1711 5089 1803 5155 sit,

177 5188 393 5243 certius
421 5183 647 5240 definiri
701 5185 907 5253 potest,
956 5180 1034 5234 uti
1078 5183 1330 5249 patcseet
1362 5195 1427 5231 cx
1464 5177 1529 5231 iis
1558 5194 1684 5247 qum
1722 5176 1806 5229 di-

182 5292 336 5341 cam,
371 5290 507 5327 cunt
536 5269 788 5325 Brunoni
822 5267 1196 5323 Cartliusiano
1224 5265 1373 5336 Opus
1403 5264 1542 5318 illud
1572 5281 1698 5318 vere
1724 5267 1808 5318 at-

190 5360 570 5418 tribuendum
594 5357 924 5412 ostendero.

261 5453 389 5504 700.
424 5446 681 5503 Plurium
730 5446 1062 5499 Brunonum
1114 5438 1513 5509 homonymia,
1562 5455 1710 5508 quae,
1754 5441 1815 5493 ut

196 5541 411 5596 Sancto
445 5538 642 5590 nostro
671 5533 727 5587 in
762 5532 1229 5601 Psalmos,quem
1265 5531 1459 5581 tamen
1484 5526 1815 5593 adornarat,

195 5622 667 5687 Commentarius
710 5619 1160 5695 adjudicaretur,
1207 5614 1516 5686 aliquando
1547 5630 1614 5670 ex
1645 5630 1819 5688 supra

1900 4463 2071 4528 sinat,
2116 4478 2233 4516 non
2263 4464 2489 4514 tantum
2517 4476 2633 4513 non
2680 4457 2736 4511 in
2767 4458 2889 4527 ipso
2919 4456 3015 4510 illo
3050 4457 3255 4529 Opere,
3280 4461 3379 4515 sed
3406 4480 3514 4517 nec

1901 4550 2033 4605 alibi
2058 4549 2373 4621 quidquam
2398 4548 2678 4612 occurrat,
2711 4549 2957 4614 tempus,
2994 4561 3106 4615 quo
3148 4546 3516 4606 Commenta-

1902 4639 2051 4693 rium
2085 4638 2344 4709 proxime
2382 4637 2770 4690 memoratum
2805 4632 3046 4687 Sanctus
3066 4633 3373 4706 scripserit,
3394 4656 3513 4694 non

1903 4727 2443 4795 minussane,quam
2460 4740 2573 4793 quo
2589 4721 3086 4775 Commentarium
3112 4721 3165 4775 in
3181 4724 3437 4779 Psalmos
3450 4744 3511 4781 a-

1903 4816 2185 4881 dornarit,
2206 4815 2446 4885 apparet
2467 4812 2749 4865 incertum
2769 4826 2780 4863 :
2800 4809 2969 4880 idque
2987 4809 3198 4864 adeoin
3215 4812 3405 4866 medio
3420 4831 3513 4868 re-

1903 4906 2190 4976 linquens,
2210 4918 2337 4974 qua:
2362 4901 2430 4955 de
2464 4898 2763 4962 methodo,
2799 4913 2972 4968 quam
3006 4896 3065 4949 in
3101 4897 3284 4967 Opere
3322 4899 3419 4953 illo
3453 4918 3510 4956 a-

1906 4992 2209 5046 dornando
2238 4993 2461 5043 secutus
2494 4991 2578 5041 est
2606 4988 2834 5040 sanctus
2862 4987 3074 5048 noster,
3110 4984 3351 5039 dicenda
3380 4994 3514 5044 sunt

1907 5079 2167 5149 expedio.
2199 5080 2490 5147 integrum
2527 5074 2712 5146 primo
2760 5070 2959 5141 capitis
2997 5070 3267 5141 cujusque
3297 5075 3511 5131 textum

1910 5168 2257 5232 transcribit,
2292 5164 2655 5233 singulasque
2692 5158 2900 5212 deinde
2927 5174 2990 5210 ex
3037 5156 3239 5211 ordine
3281 5165 3512 5217 senten-

1911 5256 2018 5309 tias
2046 5256 2198 5309 clare
2237 5270 2301 5307 ac
2350 5251 2632 5305 succincte
2676 5244 2932 5316 exponit,
2972 5243 3137 5297 unice
3175 5246 3409 5302 studens
3454 5254 3519 5304 ut

1913 5343 2114 5398 omnia
2144 5357 2269 5414 qua:
2299 5339 2357 5393 in
2388 5339 2541 5393 hisce
2564 5332 2956 5397 continentur,
2975 5347 3073 5384 seu
3102 5332 3301 5387 ethicas
3330 5351 3431 5389 seu
3453 5337 3519 5389 fi-

1915 5431 2005 5486 dei
2041 5447 2106 5483 ac
2143 5427 2430 5499 dogmatis
2474 5424 2662 5495 capita
2705 5420 2908 5477 lectori
2941 5419 3250 5475 manifesta
3289 5422 3528 5479 efficiat.

1917 5518 2351 5575 Sententiarum
2364 5515 2536 5569 verba
2565 5509 2637 5565 ad
2661 5507 3065 5566 Grammaticas
3079 5508 3235 5582 leges
3255 5525 3540 5568 nonnun-

1919 5610 2098 5667 buam
2117 5603 2406 5675 explanat;
2426 5612 2851 5673 nonnunquam
2867 5598 3198 5672 etiamque,
3207 5598 3393 5660 verbis
3411 5598 3567 5663 mis
