4066 6032
506 352 605 412 ι131

1369 339 1428 398 S.
1469 336 1810 397 BBUNONIS
1852 331 2486 393 CABTHUSIANORUM
2514 329 2982 392 INSTITUTORIS

3733 332 3845 389 432

507 481 700 536 Graca:
734 479 791 532 et
821 472 1115 539 Hebraice,
1144 468 1300 542 quod
1330 472 1635 538 utramque
1663 466 1814 519 hanc
1855 463 2115 534 linguam
2141 470 2195 528 Α
2222 476 2428 515 mones
2456 478 2557 515 seu
2591 459 3219 517 homiliasdividuntur.
3243 458 3477 529 Ut,quaa
3504 455 3564 511 in
3595 456 3845 513 decursu

511 586 647 625 eum
678 565 935 621 calluisse
963 561 1310 632 argumento
1329 554 1781 625 est,signilicatio
1804 552 2116 621 competat,

513 656 765 730 exponit.
800 655 929 707 Haec
959 652 1079 705 fere
1107 648 1604 717 etiam,quautum
1629 642 1701 696 ad
1719 639 2119 730 substantiam,

514 728 713 803 omnia
739 745 808 797 de
842 739 1116 796 methodo
1140 753 1314 807 quam
1354 735 1411 787 in
1438 750 1537 786 suo
1562 732 1620 785 iu
1640 731 1697 784 S.
1720 730 1876 782 Pauli
1909 728 2125 798 Episto-

513 837 597 891 las
635 828 1065 888 Commentario
1111 826 1349 878 Sanctus
1392 824 1586 875 noster
1626 818 1831 883 tenuit,
1866 815 2125 869 Historias

513 922 811 979 litterarim
836 916 1085 973 Francia:
1114 913 1432 984 Scriptores
1461 906 1674 963 laudati
1709 911 1849 961 tom.
1887 906 1969 969 1X,
1991 920 2122 973 pag.

515 1013 616 1067 247
650 1007 1037 1082 suppeditant,
1056 1003 1329 1056 addentes
1361 998 1535 1052 etiam
1560 995 1837 1050 nonnulla
1859 994 1929 1047 de
1952 992 2127 1082 Sauc-

514 1100 558 1154 ti
590 1079 870 1171 quantum
919 1092 992 1147 ad
1052 1090 1151 1146 Dei
1185 1088 1432 1160 gratiam
1479 1088 1536 1139 et
1574 1085 1819 1139 liberum
1874 1079 2129 1136 hominis

515 1188 620 1243 sub
650 1188 755 1241 hac
786 1181 1088 1238 arbitrium
1123 1177 1405 1232 doctrina.

588 1279 712 1331 702.
732 1274 945 1326 Verum
975 1285 1106 1322 cum
1137 1268 1259 1320 haec
1291 1265 1363 1318 ad
1397 1262 1739 1316 methodum
1774 1277 1807 1313 a
1836 1258 2046 1313 Sancto
2068 1256 2128 1310 in

517 1363 726 1429 suo,de
749 1378 862 1432 quo
891 1358 981 1411 hic
1014 1354 1177 1410 nobis
1207 1370 1423 1419 sermo,
1458 1351 1641 1420 Opere
1691 1351 1977 1402 servatam
2009 1362 2127 1399 non

515 1452 795 1523 spectent,
828 1445 1192 1517 longiusque,
1250 1457 1424 1512 quam
1469 1455 1573 1509 par
1623 1438 1714 1503 sit,
1753 1437 1823 1489 ab
1870 1435 2127 1488 instituto

519 1543 737 1605 nostro,
789 1535 946 1607 quod
997 1533 1293 1595 duntaxat,
1327 1545 1454 1599 qua:
1488 1526 1696 1580 Sancto
1747 1523 2133 1577 attribuantur

518 1630 727 1701 Opera,
752 1628 810 1679 et
833 1638 970 1694 quo,
1000 1636 1126 1693 quae
1150 1618 1299 1672 illius
1311 1633 1440 1671 vere
1461 1618 1611 1679 sunt,
1634 1617 1917 1681 tempore,
1935 1609 2134 1665 modo-

516 1699 629 1790 que
656 1714 867 1785 scripta
894 1706 1364 1774 sint,examiuari
1390 1702 1589 1774 exigit,
1623 1717 1729 1755 nos
1755 1699 2132 1764 abducerent,

2222 549 2465 603 dicenda
2496 552 2647 615 sunt,
2671 547 3136 603 studiosolectori
3166 546 3371 600 clarius
3394 550 3609 618 queant
3634 564 3847 620 propo-

2222 638 2302 704 ni,
2320 638 2679 708 singularum
2701 639 2929 692 illarum
2957 635 3424 690 lucubrationum
3466 636 3845 706 qualemcun-

2224 743 2335 797 que
2369 726 2989 797 uotitiam,antequam
3015 739 3089 778 au
3123 724 3397 778 Sanctum
3426 727 3687 778 nostrum
3710 740 3847 778 vere

2225 815 2479 869 habeant
2509 819 2808 869 auctorem
2851 814 3164 885 inquiram,
3208 812 3522 884 prazmitto,
3552 813 3848 867 translatis

2225 904 2335 957 huc
2364 903 2541 957 titulis
2569 903 3019 974 saltem,quibus
3045 918 3289 973 quaeque
3303 904 3448 956 tom.
3476 902 3545 954 III
3563 901 3847 972 Operum,

2228 991 2467 1046 nomine
2492 991 2772 1045 Brunonis
2791 991 3041 1046 Colonize
3055 989 3387 1061 Agrippinm
3402 1006 3557 1044 anno
3578 991 3707 1044 1611
3740 989 3849 1045 ite-

2228 1096 2474 1151 rumque
2507 1096 2660 1134 auno
2694 1082 2829 1135 1640
2855 1079 3167 1146 editorum,
3189 1077 3538 1132 afficiuntur.
3557 1077 3636 1131 Ac
3653 1076 3847 1151 primo

2230 1169 2465 1240 quidem
2503 1167 2674 1232 tituli,
2720 1168 2925 1239 quibus
2980 1168 3251 1238 opuscula
3289 1167 3614 1237 horumque
3657 1167 3851 1237 capita

2229 1256 2642 1327 insigniuntur,
2675 1260 2978 1327 sequentes
3007 1255 3065 1308 hi
3093 1258 3261 1308 sunt:
3293 1277 3321 1303 ‹‹
3357 1255 3523 1309 Liber
3559 1254 3629 1308 de
3662 1255 3849 1309 laudi-

2230 1346 2335 1400 bus
2365 1345 2661 1412 Eeclesim;
2691 1344 2881 1415 capita
2902 1347 3052 1409 octo,
3078 1360 3289 1415 nempe
3321 1360 3339 1397 1
3372 1344 3443 1398 de
3471 1343 3768 1410 Paradiso,
3807 1360 3851 1398 ιι

2231 1436 2311 1488 De
2343 1450 2475 1487 arca
2506 1434 2645 1500 Noe,
2667 1450 2725 1487 ιιι
2753 1435 2832 1488 De
2860 1432 3232 1487 tabernaculo
3259 1431 3511 1497 fozderis,
3531 1449 3581 1485 ιν
3600 1434 3680 1486 De
3698 1435 3851 1486 tem-

2232 1524 2327 1593 plo
2356 1521 2703 1587 Salomonis,
2742 1539 2775 1575 v
2812 1524 2891 1576 De
2924 1522 3187 1586 muliere,
3222 1537 3325 1591 per
3359 1536 3535 1592 quam
3567 1520 3855 1591 signiﬁca-

2233 1615 2328 1667 tur
2352 1610 2618 1677 Ecclesia,
2646 1628 2697 1665 Vl
2727 1612 2809 1665 Do
2841 1610 3068 1664 civitate
3116 1613 3313 1663 sancta
3357 1609 3737 1676 Hierusalem,
3772 1626 3852 1664 vn

2238 1703 2318 1757 De
2345 1700 2615 1766 Basilicis,
2651 1717 2777 1771 qua:
2810 1700 2882 1752 ab
2919 1696 3197 1770 episcopis
3244 1696 3607 1763 ordinantur,
3642 1714 3737 1751 vm
3771 1699 3854 1752 De

517 1785 705 1860 missis
752 1800 838 1866 iis,
872 1798 943 1852 de
976 1794 1328 1851 Paraenetico
1386 1792 1458 1845 ad
1499 1788 1749 1844 celestia
1793 1785 2142 1857 capessenda
2169 1791 2219 1848 B
2242 1787 2957 1859 evangelicislectionibus.
2975 1787 3142 1841 Liber
3171 1786 3242 1841 de
3275 1785 3636 1840 ornamentis
3663 1786 3856 1840 Eccle-

517 1890 973 1964 Epigrammate,
990 1884 1379 1955 praeclaraque
1395 1879 1529 1933 fidei
1552 1876 1935 1941 confessione,
1953 1891 2080 1946 quae
2111 1890 2142 1928 e

518 1978 741 2050 scriptis
760 1976 970 2031 Sancto
995 1976 1190 2027 nostro
1219 1968 1459 2024 indubio
1479 1964 1868 2049 attribuendis
1892 1979 2146 2017 comme-

519 2067 805 2127 moranda
835 2064 1019 2119 adhuc
1047 2062 1139 2115 hic
1170 2062 1411 2124 restant,
1446 2056 1735 2128 quaepiam
1770 2052 2035 2125 proferre
2084 2051 2143 2104 in

520 2157 780 2215 medium
811 2168 963 2208 nunc
992 2151 1171 2205 lubet.
1222 2151 1302 2201 Ac
1340 2146 1528 2219 primo
1563 2144 1797 2215 quidem
1825 2140 2143 2196 Paraeneti-

522 2263 654 2302 cum
671 2244 813 2299 illud
836 2241 1208 2312 Epigramma
1224 2251 1344 2301 seu,
1378 2235 1439 2286 ut
1463 2233 1535 2286 ab
1566 2231 1689 2286 aliis
1725 2234 1983 2297 vocatur,
2020 2230 2144 2284 Ele-
2189 2249 2198 2258 -

523 2336 680 2409 giam
708 2333 778 2388 de
807 2328 1011 2385 mundi
1042 2325 1381 2394 contemptu
1405 2320 1689 2375 Brunonis
1717 2322 1880 2372 certo
1905 2319 2147 2385 esse,vel

524 2405 593 2479 ex
616 2439 684 2477 eo
713 2421 893 2492 liquet
922 2414 1079 2488 quod
1106 2411 1326 2467 auctori
1349 2408 1516 2464 alteri
1548 2424 1735 2478 neque
1759 2423 1792 2460 a
1813 2405 2148 2460 recentiori-

521 2513 630 2568 bus
670 2523 857 2579 ueque
886 2523 919 2559 a
945 2499 1346 2557 vetustioribus
1379 2496 1751 2567 scriptoribus
1774 2494 2145 2561 attribuatur;

530 2595 731 2671 quanti
763 2597 959 2649 autem
991 2589 1163 2661 pretii
1191 2587 1251 2641 id
1281 2587 1371 2653 sit,
1406 2584 1611 2655 cuique
1638 2588 1762 2638 tum
1794 2599 1861 2671 ea
1894 2582 2146 2671 Opuscu-

526 2669 589 2754 li,
621 2683 778 2757 quod
808 2682 1101 2751 integrum
1130 2677 1377 2730 num.56
1403 2674 1526 2745 jam
1559 2671 1811 2739 recitavi,
1846 2669 2152 2741 inspectio-

526 2788 623 2840 ne,
652 2775 778 2825 tum
810 2787 840 2824 e
872 2767 1076 2838 saepius
1103 2762 1361 2837 repetitis
1385 2760 1644 2832 ejusdem
1668 2760 1727 2813 in
1759 2759 1946 2831 Opera
1971 2757 2148 2825 varia,

527 2876 656 2933 qua:
683 2857 881 2914 omnia
910 2856 1001 2910 hic
1032 2860 1333 2908 recensere
1362 2866 1551 2921 operae
1603 2847 1854 2919 pretium
1897 2862 2013 2900 non
2045 2849 2148 2912 est,

529 2946 888 3005 illationibus
911 2941 1347 3014 dijudicandum
1370 2938 1655 3009 relinquo.
1685 2936 1851 3000 Quod
1883 2935 2057 2989 modo
2081 2934 2154 2988 ad

532 3037 1039 3109 prazclaram,quaz
1053 3029 1244 3085 Sancti
1263 3028 1440 3081 etiam
1469 3029 1625 3080 certo
1649 3024 1901 3092 εει,ῧᾶθί
1931 3023 2153 3079 confes-

530 3127 755 3182 sionem
788 3123 1029 3193 spectat,
1062 3120 1210 3172 hanc
1239 3117 1336 3169 Vir
1375 3117 1608 3169 sanctus
1656 3130 1789 3167 cum
1827 3113 1999 3167 morti
2036 3129 2155 3167 sese

531 3214 782 3268 vicinum
810 3208 1069 3273 sentiret,
1104 3204 1317 3269 emisit,
1348 3203 1514 3273 eique
1550 3200 1922 3265 nominatim,
1941 3218 2067 3271 quae
2085 3200 2158 3253 ad

537 3302 637 3357 SS.
668 3297 963 3354 Trinitatis
991 3313 1055 3349 ac
1087 3293 1263 3347 divini
1299 3291 1468 3344 Verbi
1504 3290 1973 3344 lncarnatiouem
2029 3305 2157 3358 spe-

542 3390 720 3452 ctant,
740 3383 1007 3450 insuerit;
1030 3382 1089 3434 in
1120 3381 1234 3433 ﬁne
1258 3379 1455 3444 etiam,
1484 3376 1918 3430 verosimillime
1952 3379 2032 3441 ut,
2056 3393 2161 3447 pro

543 3491 707 3531 more
739 3472 851 3543 (adi
882 3486 1021 3524 num
1060 3468 1147 3537 69)
1164 3471 1301 3521 tunc
1324 3465 1554 3530 usitato,
1576 3469 1932 3535 quantopere
1950 3466 2162 3518 Beren-

544 3563 690 3635 garii
722 3559 988 3615 haeresim
1018 3556 1401 3611 detestaretur
1418 3553 1771 3619 ostenderet,
1803 3554 2161 3623 adjuugeus:

549 3673 579 3705 «
611 3650 794 3706 Credo
827 3647 1002 3703 etiam
1054 3645 1450 3709 Sacramenta,
1499 3659 1625 3714 qua:
1673 3646 1869 3695 sancta
1900 3641 2081 3695 credit
2111 3644 2169 3695 et

546 3741 857 3796 veneratur
887 3734 1155 3801 Ecclesia,
1188 3736 1243 3787 et
1271 3732 1619 3787 nominatim
1650 3747 1863 3801 panem
1897 3734 1951 3783 et
1971 3730 2170 3783 vinum

552 3846 681 3903 quas
709 3828 1120 3883 consecrantur
1148 3822 1207 3877 in
1231 3821 1555 3892 altari,post
1571 3819 2065 3874 consecrationem
2086 3835 2174 3873 ve-

552 3935 685 3974 rum
703 3932 907 3987 corpus
937 3930 1058 3968 esse
1090 3911 1323 3966 Domini
1353 3908 1534 3963 nostri
1564 3910 1697 3962 Jesu
1727 3907 1954 3973 Christi,
1977 3924 2171 3961 veram

557 4021 794 4061 carnem
819 4006 877 4056 et
902 4016 1101 4055 verum
1128 3998 1643 4067 Sanguinem,qum
1666 4000 1723 4049 et
1739 4012 1844 4050 nos
1863 3996 2173 4066 accipimus

559 4094 619 4148 in
653 4089 1055 4145 remissionem
1105 4088 1477 4156 peccatorum
1525 4086 1854 4137 nostrorum
1889 4087 1946 4137 et
1975 4083 2032 4147 iu
2075 4100 2173 4154 spe

561 4178 756 4235 salutis
800 4179 1054 4230 zeternze.
1086 4194 1113 4221 ››
1148 4171 1353 4241 Scripti
1400 4170 1569 4240 hujus
1604 4168 1935 4241 fragmenta
1968 4172 2175 4226 dunta-

564 4271 660 4323 xat
698 4264 890 4335 aliqua
921 4263 979 4315 in
1014 4259 1361 4329 conscriptas
1393 4275 1427 4310 a
1456 4276 1514 4311 se
1561 4258 1747 4312 Sancti
1783 4259 1933 4312 Vitas
1978 4259 2181 4313 intule-

2243 1877 2677 1945 site,contiuens
2702 1876 2890 1946 capita
2917 1874 3243 1941 duodecim,
3272 1891 3288 1928 ι
3316 1876 3394 1929 De
3426 1874 3614 1941 fide,"
3632 1876 3709 1929 De
3731 1891 3856 1946 spe,

2244 1982 2303 2020 ιιι
2329 1967 2410 2020 De
2440 1964 2740 2030 charitate,
2772 1981 2826 2017 1v
2857 1965 2936 2018 De
2963 1966 3209 2035 quatuor
3250 1962 3553 2017 virtutibus
3589 1962 3861 2017 cardina-

2245 2053 2412 2120 libus,
2445 2070 2477 2106 v
2508 2055 2587 2108 De
2626 2052 2970 2119 humilitate,
3004 2068 3059 2105 vr
3090 2053 3171 2106 De
3219 2050 3635 2117 misericordia,
3669 2068 3745 2105 vn
3778 2052 3862 2106 De

2245 2159 2406 2216 pace,
2434 2158 2530 2195 vm
2558 2144 2636 2197 De
2668 2140 2965 2211 patientia,
2999 2157 3054 2194 rx
3100 2141 3179 2194 De
3206 2139 3487 2205 castitate,
3524 2157 3555 2193 x
3590 2141 3671 2193 De
3722 2140 3863 2194 obe-

2248 2230 2484 2297 dientia,
2520 2247 2573 2284 χι
2606 2232 2685 2284 De
2713 2228 3081 2293 abstinentia,
3112 2244 3185 2281 xu
3218 2229 3280 2283 In
3314 2226 3519 2299 quibus
3550 2227 3865 2283 virtutibus

2247 2319 2498 2374 Ecclesia
2524 2321 2781 2372 ornatur.
2818 2317 2984 2371 Liber
3014 2317 3085 2371 de
3128 2316 3286 2370 novis
3331 2315 3635 2370 continens
3675 2316 3870 2387 capita

2249 2409 2473 2474 decem,
2509 2421 2719 2476 nempe
2764 2422 2780 2459 ι
2826 2406 2905 2460 De
2954 2420 3101 2459 novo
3136 2404 3378 2468 mundo,
3412 2421 3449 2458 ιι
3478 2406 3556 2459 De
3583 2404 3741 2460 caelis
3771 2420 3870 2479 no-

2247 2497 2348 2564 vis,
2379 2513 2438 2551 ιιι
2470 2497 2549 2550 De
2582 2494 2828 2549 nubibus
2870 2494 3048 2559 novis,
3087 2510 3142 2548 IV
3174 2495 3253 2548 De
3292 2492 3585 2547 montibus
3621 2494 3805 2559 novis,
3835 2510 3871 2546 v

2250 2588 2330 2641 De
2357 2583 2658 2639 arboribus
2689 2582 2867 2649 novis,
2897 2599 2949 2636 VI
2977 2584 3056 2637 De
3079 2582 3424 2636 animalibus
3454 2574 3634 2649 novis,
3671 2599 3748 2637 vu
3788 2582 3871 2637 De

2252 2674 2632 2747 potestatibus
2666 2672 2846 2739 novis,
2873 2689 2971 2727 vin
3006 2674 3085 2727 De
3118 2688 3265 2727 novo
3298 2672 3443 2726 mari
3471 2688 3536 2726 ac
3563 2672 3725 2727 novis
3753 2673 3871 2744 pis-

2252 2763 2560 2832 catoribus,
2588 2778 2643 2816 ιιι
2664 2761 2744 2815 De
2777 2761 2973 2815 avibus
3003 2760 3183 2828 novis,
3212 2777 3246 2815 ιι
3284 2762 3365 2815 De
3395 2760 3733 2816 ﬂuminibus
3764 2779 3873 2817 no-

2253 2853 2353 2908 vis.
2397 2873 2424 2901 »

2324 2943 2448 2998 704.
2480 2942 2667 3013 Atque
2695 2942 2754 2995 hi
2784 2940 3017 3012 quidem
3057 2941 3485 3011 opusculorum,
3514 2940 3586 2995 ad
3619 2957 3878 3013 quorum

2256 3030 2430 3085 etiam
2462 3029 2633 3101 primi
2664 3032 2836 3100 caput
2860 3028 3127 3082 ultimum
3176 3044 3365 3083 sermo
3399 3028 3469 3082 de
3500 3029 3754 3084 ecclesias
3783 3030 3883 3085 de-

2259 3118 2544 3173 dicatione
2576 3117 2859 3188 adjicitur,
2891 3116 3041 3170 tituli
3064 3119 3196 3170 sunt
3234 3132 3564 3171 sermonum
3597 3134 3734 3172 vero
3778 3135 3883 3172 seu

2258 3205 2651 3269 homiliarum,
2689 3222 2830 3276 quas
2859 3204 3025 3269 liber,
3066 3204 3162 3275 qui
3190 3204 3260 3257 de
3292 3204 3693 3260 festivitatibus
3720 3206 3881 3261 festi-

2262 3294 2504 3348 vitatum
2562 3292 2912 3359 inscribitur,
2974 3292 3433 3363 comprehendit,
3491 3296 3804 3364 sequentes
3868 3310 3882 3349 :

2270 3404 2295 3431 ‹‹
2327 3383 2406 3435 De
2438 3380 2533 3435 SS.
2565 3380 2843 3434 Trinitate
2901 3396 3198 3433 sermones
3251 3382 3385 3433 tres.
3440 3382 3518 3435 De
3579 3380 3888 3437 Nativitate

2267 3469 2495 3524 Domini
2544 3485 2733 3522 sermo
2763 3485 2927 3522 unus.
2973 3469 3035 3521 In
3069 3472 3265 3521 octava
3316 3468 3647 3539 Epiphaniae
3693 3486 3889 3524 sermo

2268 3574 2434 3611 unus.
2460 3559 2521 3610 In
2554 3556 2743 3609 Hamis
2776 3557 3104 3610 Palmarum
3135 3572 3431 3610 sermones
3461 3556 3593 3611 duo.
3627 3558 3687 3611 ln
3715 3556 3894 3612 Coena

2272 3644 2501 3700 Domini
2532 3662 2723 3699 sermo
2750 3662 2915 3699 unus.
2954 3646 3017 3698 In
3066 3645 3155 3699 die
3207 3646 3543 3699 Parascevcs
3591 3663 3895 3701 sermones

2274 3734 2409 3788 duo.
2456 3735 2518 3787 In
2551 3733 2641 3787 die
2678 3737 2874 3787 sancto
2908 3734 3137 3787 Paschw
3171 3750 3359 3788 sermo
3394 3751 3559 3788 unus.
3590 3735 3651 3788 In
3681 3736 3898 3790 Ascen-

2275 3821 2437 3876 sione
2465 3820 2763 3875 Dominica
2794 3837 3090 3876 sermones
3118 3823 3250 3876 duo.
3272 3822 3331 3875 lu
3357 3821 3448 3875 die
3474 3826 3668 3877 sancto
3692 3825 3900 3878 Pente-

2276 3912 2458 3964 costes
2489 3925 2786 3964 sermones
2834 3910 2967 3963 duo.
2999 3909 3307 3964 Sermones
3334 3909 3587 3981 qui'nque
3623 3911 3693 3965 de
3727 3912 3903 3967 beata

2275 3998 2528 4070 Virgine,
2573 4016 2588 4052 ι
2622 4000 2700 4053 De
2761 3999 2929 4053 laude
2972 4000 3032 4051 Β.
3080 3998 3267 4053 Mariae
3301 3998 3554 4053 Civitatis
3585 3999 3710 4062 Dei,
3746 4017 3784 4054 ιι
3820 4003 3902 4055 De

2277 4087 2579 4141 Nativitate
2613 4087 2891 4157 ejusdem,
2930 4104 2986 4140 ιιι
3030 4089 3090 4141 In
3142 4087 3565 4154 Puriticatione,
3600 4105 3652 4141 1v
3686 4089 3752 4142 In
3789 4092 3906 4144 An-

2279 4175 2662 4241 nuntiatione,
2689 4192 2721 4227 v
2753 4176 2813 4228 In
2827 4174 3253 4246 Assumptioue,
3284 4175 3593 4230 Sermones
3617 4177 3901 4248 quinque,

2281 4281 2295 4318 ι
2340 4265 2419 4318 De
2448 4262 2806 4333 Martyribus,
2842 4280 2877 4315 ιι
2922 4264 3000 4316 De
3034 4263 3255 4316 Christo
3292 4263 3424 4328 vite,
3469 4266 3526 4317 et
3556 4264 3677 4333 ejus
3708 4264 3904 4329 vinea,

565 4358 698 4410 rant
723 4351 845 4421 ejus
878 4346 1210 4418 biographi;
1242 4361 1441 4399 verum
1490 4340 1549 4399 id
1586 4345 1878 4415 integrum
1907 4346 2180 4400 Suriauus
2206 4361 2257 4418 D
2282 4367 2339 4404 ιιι
2368 4352 2447 4404 De
2479 4349 2835 4420 Martyribus,
2864 4366 2919 4403 IV
2946 4351 3024 4403 De
3052 4349 3217 4403 bonis
3241 4354 3297 4403 et
3326 4351 3491 4404 malis
3522 4351 3799 4406 fratribus
3815 4370 3911 4407 co-

566 4443 625 4497 in
661 4439 775 4495 suis
806 4437 879 4491 ad
911 4438 1239 4490 contextam
1273 4450 1305 4486 a
1349 4432 1514 4487 Surio
1549 4432 1741 4486 Sancti
1773 4435 1959 4487 Vitam
1991 4436 2183 4489 Anno-

568 4526 883 4584 tationibus
914 4526 1162 4596 pag.253
1188 4525 1244 4576 et
1270 4538 1415 4592 seq.,
1448 4537 1511 4575 ac
1543 4521 1751 4575 deinde
1784 4524 1958 4576 etiam
1989 4523 2181 4576 Mabil-

572 4616 778 4679 Ionius,
809 4615 1014 4683 quarto
1058 4610 1466 4663 Aualectorum
1520 4612 1681 4663 tomo
1735 4627 1791 4683 p.
1839 4612 1943 4663 400
1974 4613 2031 4664 et
2060 4628 2179 4682 seq.

573 4701 784 4775 publici
812 4699 956 4770 juris
1003 4697 1154 4752 fecit.
1189 4698 1485 4766 Integrum
1524 4696 1579 4749 id
1622 4714 1725 4751 nos
1775 4697 2011 4769 pariter,
2053 4715 2184 4753 cum

574 4792 646 4846 de
674 4792 956 4859 tempore,
983 4801 1095 4857 quo
1128 4784 1367 4837 Sanctus
1400 4784 1561 4849 obiit,
1593 4785 1986 4853 tractabimus,
2021 4786 2188 4842 Com-

574 4874 862 4932 mentario
892 4873 1020 4927 huic
1056 4871 1408 4937 inseremus;
1442 4871 1512 4925 de
1549 4871 1829 4941 Operibus
1860 4890 1987 4944 quae
2016 4874 2187 4929 Sanc-

573 4969 633 5020 to
667 4962 1080 5027 attribuuntur,
1113 4975 1219 5013 nec
1251 4962 1446 5013 tamen
1481 4959 1602 5029 ejus
1632 4962 1789 5014 certo
1822 4965 1974 5030 sunt,
2009 4963 2184 5018 modo

576 5051 891 5124 agendum.

576 5174 613 5248 ἓ
637 5171 944 5248 ξΙΑΙΙῐηΑη
972 5187 1150 5248 opera,
1180 5240 1191 5248 _
1205 5188 1241 5248 ρ
1281 5170 1421 5248 jam
1458 5172 1767 5248 "leniamus
1789 5173 2016 5248 diversa,
2069 5193 2187 5246 quae

644 5244 839 5300 Sancti
883 5240 1096 5295 nomine
1128 5240 1268 5293 edita
1299 5246 1444 5306 sunt,
1472 5257 1584 5292 vere
1602 5258 1721 5292 eum
1746 5242 1976 5297 habeant
2001 5240 2184 5299 aucto-

650 5331 781 5369 νειη.

647 5398 1229 5457 703.Lucubratioues
1246 5396 1570 5469 quzeSaucti
1589 5398 1825 5452 nomine
1845 5401 2012 5455 edita:
2031 5409 2180 5471 sunt,

579 5492 841 5543 ettameu
856 5504 927 5540 an
945 5503 1078 5541 eum
1092 5501 1223 5538 vere
1236 5485 1482 5539 habeant
1503 5490 1794 5539 auctorem
1814 5488 2180 5561 disceptatur,

572 5576 632 5632 in
662 5575 930 5645 opuscula
968 5590 1066 5629 seu
1117 5574 1387 5627 tractatus
1437 5573 1826 5644 particulares,
1863 5581 1919 5631 et
1974 5579 2033 5634 in
2074 5598 2186 5636 scr-

2283 4437 2695 4499 habitantibus,
2744 4441 2842 4491 aut
2885 4436 3234 4507 martyribus
3279 4438 3444 4491 simul
3498 4438 3718 4505 occisis,
3756 4457 3791 4490 v
3826 4443 3910 4495 De

2283 4526 2572 4580 laudando
2603 4528 2718 4580 Deo
2747 4526 3142 4580 instrumentis
3176 4526 3424 4591 musicis,
3458 4544 3562 4600 per
3591 4544 3719 4598 quae
3751 4545 3914 4583 mar-

2285 4618 2475 4684 tyrum
2508 4614 2789 4668 cruciatus
2812 4616 2870 4667 et
2896 4614 3286 4668 confessorum
3316 4615 3656 4669 afflictiones
3682 4618 3741 4670 et
3772 4633 3915 4672 con-

2285 4702 2560 4756 fessiones
2593 4702 2987 4773 designantur.
3030 4722 3059 4754 »
3092 4703 3468 4758 Sermonibus
3497 4703 3649 4757 hisce
3674 4721 3774 4758 seu
3808 4705 3916 4761 ho-

2287 4790 2476 4858 miliis,
2511 4808 2670 4862 quas,
2705 4808 2831 4863 quae
2856 4792 2981 4861 jam
3012 4809 3186 4863 supra
3216 4791 3552 4857 memoravi,
3582 4791 3779 4848 Sancti
3801 4811 3915 4849 no-

2288 4878 2444 4934 mine
2476 4879 2629 4933 edita
2659 4895 2835 4950 opera
2856 4881 3337 4952 complectuntur,
3367 4896 3662 4935 sermones
3698 4881 3771 4935 de
3806 4882 3911 4938 SS.

2291 4966 2725 5021 Coufessoribus
2767 4967 3057 5034 undecim,
3091 4968 3299 5040 aliique
3325 4971 3442 5022 tres
3467 4968 3914 5025 subduutur.Ac

2288 5055 2495 5110 horum
2549 5055 2783 5127 quidem
2844 5056 3228 5126 posteriorum
3284 5056 3504 5127 primus
3552 5055 3913 5113 inscribitur.

2288 5162 2318 5195 «
2345 5145 2425 5198 De
2456 5144 2801 5216 Virginibus,
2831 5161 2867 5198 ιι
2902 5147 2981 5199 De
3004 5148 3208 5200 ‘sancto
3232 5145 3500 5199 Michaele
3531 5146 3915 5217 archangelo,

2288 5249 2345 5286 ιιι
2362 5234 2439 5287 De
2455 5236 2790 5303 contemptu
2804 5233 3151 5301 divitiarum;
3167 5233 3447 5288 »aliorum
3464 5249 3593 5286 vere
3608 5235 3914 5305 undecim,

2287 5319 2385 5391 qui
2402 5321 2571 5374 hosce
2593 5321 2948 5391 praecedunt,
2967 5322 3184 5393 primus
3218 5325 3335 5375 est<<
3366 5323 3444 5375 De
3466 5322 3580 5375 sale
3600 5325 3657 5375 et
3686 5322 3816 5378 luce
3842 5343 3914 5380 ex

2286 5408 2471 5462 verbis
2503 5410 2755 5477 Domini,
2790 5414 2846 5465 et
2877 5411 3101 5465 civitate
3132 5412 3189 5465 in
3216 5415 3414 5465 monte
3461 5409 3645 5481 posita
3674 5410 3746 5465 de
3771 5430 3915 5485 apo—

2286 5496 2441 5550 stolis
2474 5500 2531 5549 et
2559 5498 2762 5552 ceteris
2789 5499 3116 5553 doctoribus
3150 5515 3212 5553 ac
3249 5499 3690 5565 eonfessoribus,
3738 5517 3774 5553 ιι
3824 5503 3912 5557 De

2284 5587 2517 5640 lucerna
2547 5586 2732 5658 posita
2762 5604 2934 5661 super
2965 5588 3399 5655 candelabrum,
3431 5583 3718 5662 applicata
3746 5588 3915 5648 Salo-
