4014 6052
258 334 367 389 4213
844 392 851 395 γ
1838 382 1843 392 .

2010 384 2018 395 .
2609 367 2615 373 ·
3487 349 3595 404 434

254 455 686 523 moni,Christo
714 455 955 511 etbeato
980 457 1312 527 Benedicto,
1339 457 1399 513 in
1421 460 1581 530 cujus
1610 461 1756 517 festo
1780 462 1877 517 ha-
1907 469 1964 526 Α
1987 481 2147 533 mss.,
2183 481 2360 537 opera
2389 464 2520 533 alia,
2547 481 2675 537 quas
2715 463 2939 537 Signini
2968 465 3226 537 prtesulis
3261 470 3417 525 certo
3462 477 3597 528 sunt

256 544 412 599 bitus
444 549 549 611 est,
583 547 639 598 et
670 544 1027 616 applicabilis
1057 546 1292 600 cuilibet
1338 549 1673 618 confessori,
1708 568 1769 605 ιιι
1799 552 1879 606 De
1982 554 2517 625 complectentibus,
2539 553 2755 608 fuerint
2777 554 3419 626 aMarchesioreperta?
3440 559 3595 614 Hanc

258 631 496 685 diversis
520 632 697 685 oculis
718 635 774 685 et
807 632 875 685 de
901 633 1201 704 episcopis,
1226 651 1279 687 ιν
1311 636 1389 688 De
1422 636 1606 705 puteis
1634 637 1878 692 Abrahae
1979 659 2115 696 sane
2149 645 2222 697 ob
2251 660 2483 697 causam
2530 642 2609 697 ita
2644 642 2910 715 opinatos
2952 642 3078 697 illos
3112 660 3254 709 esse,
3290 661 3357 698 ex
3386 646 3597 702 ultima

258 718 318 772 id
349 723 454 786 est,
488 735 661 773 sacrae
695 719 1024 789 Scriptura),
1060 738 1202 793 quos
1233 722 1503 792 aperiunt
1518 724 1766 795 apostoli
1823 729 1881 779 et
1980 731 2409 786 verborumliuc
2431 734 2840 786 translatorum
2852 731 3093 803 periodo
3116 726 3594 804 apparet.Verum

256 807 546 876 catholici,
581 808 866 875 doctores,
896 825 928 861 ν
962 811 1040 863 De
1089 810 1300 865 lumbis
1347 812 1671 884 praecinctis
1703 817 1760 867 et
1790 815 1876 868 lu-
1980 833 2110 871 cum
2140 836 2204 873 cx
2229 821 2515 875 Brunonis
2546 821 2803 889 nomine,
2830 821 2983 893 quod
3008 820 3249 876 Sanctus
3270 822 3595 877 Carthusia-

255 897 445 951 cernis
475 897 812 952 ardentibus
843 897 1330 966 confessorum,vr
1372 903 1451 955 De
1494 902 1720 956 talentis
1750 903 1877 957 uni-
1980 923 2189 962 norum
2233 908 2528 965 institutor
2572 928 2703 965 cum
2755 914 2951 965 sancto
2985 910 3205 965 ordinis
3242 910 3596 967 Benedictini

252 984 486 1056 cuique,
511 985 611 1039 sed
646 986 933 1056 praecipue
972 986 1253 1058 episcopis
1285 990 1342 1041 et
1374 990 1497 1043 aliis
1524 991 1774 1060 prmlatis
1805 991 1879 1046 ad
1980 993 2220 1066 Signino
2279 996 2547 1071 epiSCOpo
2602 1000 2778 1054 habet
2816 1016 3149 1067 commune,
3209 999 3428 1055 factum
3476 1016 3596 1055 esse

254 1074 481 1129 lucrum
508 1074 840 1129 faciendum
871 1074 927 1128 in
960 1075 1069 1130 illis
1090 1093 1123 1130 a
1153 1076 1402 1133 Domino
1434 1079 1777 1147 creditis,vn
1798 1083 1877 1135 De
1979 1087 2172 1155 queat,
2198 1085 2315 1140 imo
2339 1086 2544 1157 reipsa,
2562 1088 3057 1159 quemadmodum
3090 1088 3305 1143 laudati
3336 1088 3597 1143 Historiae

258 1163 712 1232 confessoribus,
747 1163 951 1236 quibus
980 1165 1333 1236 vigilandum
1361 1170 1577 1234 est,vm
1597 1170 1674 1222 De
1693 1167 1876 1223 conti-
1979 1172 2064 1225 lit.
2082 1173 2339 1229 Franciaz
2353 1176 2658 1247 scriptores
2675 1176 2859 1231 verbis
2879 1176 3131 1231 recitatis
3144 1178 3362 1244 volunt,
3379 1176 3598 1231 factum

260 1252 462 1306 nentia
494 1255 549 1306 et
580 1254 804 1307 mundo
831 1254 1028 1319 corde,
1063 1254 1248 1326 deque
1300 1255 1639 1325 pontificum
1686 1256 1876 1311 officio
1946 1256 1955 1261 ’
1980 1260 2050 1315 sit
2072 1265 2133 1315 ut
2160 1278 2335 1334 Opera
2352 1265 2711 1335 queeaPetro
2736 1264 2978 1319 diacono
3002 1264 3330 1319 S.Brunoni
3353 1264 3595 1335 Signino

258 1357 364 1411 per
394 1341 673 1396 rationale
703 1342 1049 1413 signiﬁcato,
1086 1360 1141 1396 Ix
1172 1345 1248 1397 De
1282 1345 1483 1415 quovis
1512 1344 1744 1411 Sancto,
1781 1345 1876 1417 qui
1982 1348 2189 1403 diserte
2221 1352 2635 1419 attribuuntur,
2672 1351 2729 1406 8.
2771 1353 3025 1408 Brunoni
3061 1353 3437 1408 Carthusiano
3466 1369 3499 1407 a
3527 1351 3597 1406 li-

258 1429 472 1483 relictis
504 1430 792 1496 omnibus,
827 1432 1004 1484 Deum
1033 1435 1256 1485 secutus
1279 1435 1382 1498 est,
1407 1433 1581 1487 etiam
1610 1434 1679 1488 de
1705 1432 1881 1505 Virgi-
1979 1437 2183 1493 brariis
2220 1439 2437 1493 fuerint
2463 1441 2776 1511 adscripta,
2811 1441 3014 1513 quidni
3044 1441 3222 1496 etiam
3262 1442 3478 1496 factum
3507 1456 3601 1494 e0-

258 1534 356 1584 ne,
387 1534 419 1570 x
452 1520 530 1572 De
566 1518 860 1588 apostolis,
894 1518 1261 1590 evangelistis
1283 1523 1339 1573 et
1361 1520 1693 1576 doctoribus
1717 1539 1877 1576 sanc-
1982 1526 2114 1580 dem
2135 1544 2199 1581 ex
2224 1528 2407 1599 capite
2434 1547 2552 1584 esse
2576 1532 2748 1601 queat
2771 1533 2834 1583 ut
2847 1531 3117 1601 opuscula
3137 1547 3236 1584 seu
3252 1546 3429 1601 Opera
3449 1546 3603 1600 quae-

257 1606 350 1671 tis,
388 1622 439 1659 x1
470 1607 549 1660 De
583 1607 911 1660 doctoribus
944 1610 995 1660 et
1018 1607 1493 1677 praedicatoribus
1522 1612 1750 1665 sanctis.
1781 1633 1806 1659 ››
1982 1613 2161 1683 piam,
2192 1615 2249 1670 in
2277 1618 2644 1687 suppeditato
2669 1635 2702 1671 a
2724 1619 2894 1672 Petro
2920 1617 3162 1672 diacono
3188 1634 3451 1689 operum,
3471 1633 3599 1688 qua:

331 1697 456 1749 705.
481 1697 664 1766 Atque
702 1696 826 1748 ha‘c
856 1699 988 1749 sunt
1020 1698 1294 1767 opuscula
1324 1698 1519 1752 omnia
1546 1716 1643 1753 seu
1675 1704 1878 1755 tracta-
1983 1702 2171 1758 Bruno
2203 1705 2475 1776 Signinus
2508 1706 2853 1776 composuit,
2891 1705 3162 1777 Catalogo
3198 1723 3459 1776 expresse
3482 1722 3600 1759 non

258 1786 368 1849 tus,
403 1782 662 1854 itemque
694 1784 947 1837 homilias
995 1802 1095 1838 seu
1147 1803 1467 1854 sermones,
1502 1788 1598 1858 qui
1640 1805 1879 1859 operum
1910 1787 1961 1845 B
1983 1794 2474 1860 memorata,liuic
2505 1811 2607 1863 per
2630 1811 2892 1849 errorem
2921 1811 2955 1848 a
2984 1794 3252 1862 librariis,
3286 1812 3423 1848 mss.
3457 1793 3602 1847 anti-

259 1871 457 1925 Sancti
498 1871 679 1925 nostri
724 1872 982 1940 nomine,
1023 1878 1262 1928 curante
1289 1875 1593 1931 Theodoro
1632 1877 1876 1945 Petreio,
1982 1897 2252 1953 quorum,
2288 1881 2345 1934 in
2378 1882 2584 1952 quibus
2616 1899 2649 1936 a
2681 1882 2991 1937 Marchesio
3021 1881 3182 1935 fuere
3215 1882 3469 1948 inventa,
3498 1898 3598 1935 au-

260 1958 515 2013 Coloniaa
536 1959 868 2031 Agrippinae
883 1978 1037 2015 anno
1062 1962 1551 2035 16H,iterumque
1566 1969 1693 2035 post
1713 1965 1880 2034 hujus
1980 1969 2230 2022 ctoribus
2286 1968 2501 2023 fuerint
2532 1970 2797 2041 ascripta,
2847 1970 2981 2023 licet
3011 1969 3249 2023 interim
3282 1986 3399 2024 non
3430 1968 3598 2037 illius,

260 2047 487 2102 obitum
535 2065 687 2102 anno
726 2050 882 2115 1640,
924 2049 1069 2121 typis
1111 2051 1472 2114 ex’cusorum,
1513 2056 1735 2106 tomum
1772 2055 1880 2107 ter-
1980 2056 2079 2109 sed
2100 2054 2155 2110 8.
2180 2057 2463 2111 Brunonis
2484 2058 3364 2113 Carthusianoruminstitutoris
3381 2057 3601 2113 essent?

258 2135 405 2189 tium
427 2136 1015 2191 constituunt.Verum
1033 2138 1289 2193 Historize
1316 2139 1608 2194 litterariae
1624 2141 1877 2195 Francia}
1978 2143 2152 2197 Aiunt
2177 2145 2415 2214 quidem
2450 2145 2547 2200 illa
2577 2145 2636 2199 in
2684 2163 2818 2200 mss.
2848 2146 3003 2200 hisce
3035 2146 3306 2217 antiquis,
3334 2163 3364 2200 e
3396 2145 3601 2217 quibus

260 2223 582 2295 Scriptores
617 2226 1008 2297 tom.IX,pag.
1039 2229 1162 2293 242,
1185 2227 1469 2297 opusculis
1492 2228 1760 2282 omnibus
1781 2247 1878 2283 seu
1980 2232 2341 2287 aMarchesio
2378 2238 2541 2288 eruta
2572 2235 2753 2300 fuere,
2787 2234 3059 2305 adjuncta
3104 2234 3274 2288 fuisse
3305 2233 3429 2288 aliis
3467 2250 3601 2305 ope-

259 2312 621 2375 tractatibus,
652 2330 715 2367 ac
751 2315 1252 2386 sermonibus,qui
1286 2315 1879 2371 BrunoniCarthusia—
1976 2320 2155 2389 ribus,
2195 2339 2322 2393 quae
2352 2324 2632 2378 Brunonis
2658 2323 2878 2395 Signini
2907 2340 3050 2391 esse,
3089 2327 3312 2377 certum
3357 2322 3599 2377 omnino

260 2417 337 2454 no
371 2404 496 2454 tum
527 2401 585 2455 in
610 2401 717 2455 hac
745 2418 989 2473 operum
1013 2402 1133 2472 ejus
1161 2402 1435 2469 editione,
1471 2406 1593 2457 tum
1640 2405 1698 2458 in
1735 2406 1875 2459 alte-
1980 2413 2064 2463 est
2116 2414 2287 2482 atque
2335 2411 2748 2467 indubitatum.
2786 2412 2993 2466 Verum
3035 2411 3171 2483 quid
3212 2411 3380 2466 tam?
3412 2410 3602 2467 Codex

258 2505 343 2555 ra,
373 2505 546 2559 supra
578 2494 906 2545 memorata
932 2493 1104 2561 atque
1136 2509 1167 2545 a
1188 2491 1401 2545 Judoco
1435 2492 1635 2559 Badio,
1654 2509 1772 2560 seu,
1792 2494 1875 2547 uti
1979 2516 2087 2552 ms.
2117 2500 2406 2571 antiquus,
2433 2517 2463 2553 e
2492 2518 2604 2572 quo
2638 2500 2694 2555 8.
2726 2501 3010 2555 Brunonis
3033 2499 3391 2555 Carthusiani
3420 2516 3599 2571 opera

257 2594 291 2631 a
317 2578 507 2649 patria
533 2579 706 2633 etiam
738 2583 997 2647 Vocatur,
1029 2579 1295 2634 Ascensio
1339 2597 1492 2635 anno
1540 2584 1675 2635 1524
1707 2582 1874 2636 ador-
1979 2604 2132 2642 anno
2169 2590 2325 2655 152’s,
2354 2588 2601 2642 Judocus
2631 2589 2933 2643 Ascensius
2965 2588 3166 2655 edidit,
3190 2589 3469 2659 alterque,
3502 2586 3600 2660 qui

260 2670 418 2734 nata,
462 2668 875 2735 attribuuntur,
910 2669 1235 2739 generatim
1284 2669 1598 2737 recensitis,
1646 2671 1877 2741 subjun-
1979 2678 2103 2728 tum
2135 2675 2191 2728 in
2241 2676 2538 2730 Carthusia
2586 2676 2782 2746 Maiori
2824 2677 3240 2744 asservabatur,
3281 2676 3503 2747 scriptis
3535 2674 3596 2730 in

256 2759 403 2825 gunt
438 2772 498 2809 ;‹‹
531 2756 740 2810 Verum
770 2773 800 2811 e
832 2757 1037 2828 grandi
1070 2757 1164 2811 illo
1195 2757 1632 2828 scriptorum,in
1658 2759 1877 2812 duabus
1980 2764 2234 2817 Psalmos
2257 2764 2386 2818 etin
2404 2781 2608 2819 omnes
2630 2764 2686 2819 8.
2706 2765 2861 2819 Pauli
2889 2764 3131 2835 apostoli
3147 2764 3602 2834 EpistolasCom-

258 2844 371 2898 illis
401 2844 750 2898 editionibus
801 2844 857 2899 S.
906 2845 1191 2899 Brunonis
1230 2847 1470 2900 nomine
1511 2863 1871 2913 excusorum,
1978 2851 2301 2920 mentariis,
2335 2854 2432 2924 qui
2462 2853 2653 2908 Sancti
2704 2853 2886 2908 nostri
2936 2856 3092 2908 certo
3131 2856 3283 2919 sunt,
3325 2852 3596 2923 adjuncta

259 2949 505 2986 numero
552 2933 801 3003 expungi
850 2934 1216 2989 debenthinc
1247 2936 1520 3005 opuscula
1549 2936 1747 2989 omnia
1777 2952 1875 2989 seu
1979 2940 2178 3005 etiam,
2208 2943 2270 2993 ut
2298 2941 2564 2994 laudatus
2606 2941 2855 2995 Judocus
2903 2940 3207 2995 Ascensius
3254 2940 3313 2994 in
3364 2939 3599 3010 praeﬁxa

259 3024 541 3075 tractatus
569 3022 961 3091 particularcs,
1009 3022 1143 3076 hinc
1193 3040 1489 3077 sermones
1530 3040 1730 3077 omnes
1777 3040 1876 3077 seu
1902 3068 1947 3126 (η
1977 3028 2130 3082 hisce
2163 3028 2405 3100 epistola
2430 3027 2782 3083 dedicatoria
2813 3029 2989 3082 fidem
3020 3028 3175 3095 facit,
3209 3028 3319 3082 alia
3345 3027 3597 3091 habebat

262 3109 277 3126 1
410 3108 463 3126 "l'
577 3110 619 3126 κγ
715 3110 729 3126 1
760 3110 770 3119 θ
959 3109 1031 3126 ⁸11⁸
1130 3114 1138 3126 ι
1218 3114 1227 3126 ι
1409 3110 1418 3121 ι
1567 3114 1575 3122 -
1801 3111 1814 3126 1
1932 3102 1949 3125 Α
2199 3117 2211 3126 .
2757 3116 2789 3126 η
3042 3119 3050 3126 .
3135 3116 3165 3126 η
3230 3116 3303 3126 ...ι
3362 3116 3374 3126 ι
3408 3116 3417 3126 ο
3554 3116 3564 3126 ι

262 3108 541 3163 homilize.
577 3110 687 3163 Nec
715 3110 795 3177 hi,
819 3127 923 3163 nec
957 3109 1056 3177 illi,
1088 3114 1147 3164 ut
1175 3114 1237 3164 ut
1265 3110 1498 3166 nomine
1527 3114 1648 3178 efus
1672 3111 1878 3165 conde—
1902 3102 1949 3126 υ
1982 3117 2415 3187 opuscula,quse
2450 3134 2564 3170 una
2592 3134 2721 3169 cum
2751 3116 3198 3171 Commentariis
3226 3116 3336 3170 illis
3362 3116 3454 3169 hic
3476 3116 3593 3170 vul—

261 3198 468 3264 cerati,
494 3197 566 3252 ad
583 3215 716 3252 eum
748 3198 1059 3268 pertinent,
1094 3202 1435 3270 tantumque
1461 3216 1565 3271 per
1595 3216 1873 3267 errorem,
1980 3204 2155 3275 gavit,
2190 3221 2433 3275 qumque
2469 3208 2662 3258 tamen
2691 3205 2891 3259 omnia
2930 3204 2986 3258 8.
3033 3204 3320 3284 Brunonis
3357 3204 3593 3258 Carthu-

260 3302 329 3340 ex
360 3286 482 3359 ipso
528 3286 624 3341 illo
658 3287 900 3341 nomine
934 3290 1159 3354 natum,
1195 3288 1436 3359 contigit
1470 3292 1531 3341 ut
1565 3288 1794 3358 ascripti
1827 3288 1878 3342 ei
1980 3292 2124 3346 siani
2156 3310 2274 3347 non
2306 3295 2459 3359 sunt,
2490 3293 2569 3346 uti
2599 3310 2753 3347 mox.
2784 3293 3037 3364 praefatis
3068 3292 3460 3365 scriptoribus,
3494 3292 3593 3364 qui

258 3374 496 3428 fuerint.
528 3375 791 3429 Totidem
818 3380 951 3430 sunt
978 3376 1128 3430 fetus
1157 3377 1361 3430 calami
1394 3376 1450 3430 S.
1488 3377 1771 3431 Brunonis
1800 3377 1879 3432 Si—
1981 3382 2137 3435 nulla
2183 3398 2251 3434 ex
2298 3380 2451 3435 hisce
2497 3381 2549 3435 ei
2595 3382 2940 3448 attribuunt,
2975 3382 3183 3453 partim
3225 3380 3590 3436 assentiendo

261 3463 427 3534 gnini
479 3463 754 3534 episcopi,
790 3481 942 3519 anno
980 3467 1115 3519 1123
1168 3464 1285 3519 vita
1335 3464 1536 3531 functi,
1586 3481 1651 3518 ac
1710 3466 1878 3535 proin
1981 3469 2221 3524 docebo.

259 3552 771 3607 Carthusianorum
790 3553 1108 3607 Institutori
1130 3554 1388 3624 aequalis.
1416 3553 1670 3609 Dubitari
1686 3554 1792 3608 hac
1809 3554 1877 3607 de
2049 3560 2151 3613 707
2206 3559 2392 3628 Atque
2426 3575 2533 3629 ego
2562 3557 2821 3629 quidem,
2847 3561 2909 3612 ut
2937 3574 3005 3612 ea
3034 3557 3092 3611 in
3126 3556 3306 3612 dictos
3332 3573 3467 3612 mss.
3494 3572 3588 3613 co-

260 3658 323 3694 re
353 3640 469 3695 non
498 3646 706 3711 potest,
728 3642 866 3695 dum
891 3641 1025 3695 huic
1054 3642 1410 3696 illosaPetro
1428 3642 1679 3697 Diacono
1696 3642 1876 3697 Cassi-
1978 3644 2132 3698 dices
2161 3663 2259 3699 seu
2290 3646 2348 3698 in
2380 3646 2591 3699 horum
2623 3663 2824 3712 unum,
2866 3663 2895 3699 e
2938 3663 3050 3717 quo
3085 3645 3293 3699 deinde
3347 3646 3491 3700 alter
3520 3646 3595 3701 sit

261 3729 540 3800 nensique
580 3729 1037 3795 bibliothecario,
1081 3729 1176 3800 qui
1217 3734 1350 3783 ante
1388 3730 1544 3784 idem
1584 3730 1875 3801 (duodeci-
1979 3732 2371 3803 transcriptus,
2399 3733 2811 3800 fuerintillata,
2840 3734 3055 3787 factum
3087 3750 3221 3788 reor
3243 3732 3594 3804 exignoran-

261 3818 739 3887 mum)szeculum
765 3817 1025 3872 medium
1045 3817 1361 3888 scripsit,in
1387 3834 1878 3889 Operumsuorum
1976 3819 2057 3873 tia
2111 3820 2462 3891 praecipitive
2506 3820 2722 3891 judicio
2764 3820 3002 3887 librarii,
3045 3821 3163 3891 qui,
3216 3837 3346 3875 cum
3392 3820 3591 3875 omnia

263 3905 507 3973 duobus,
539 3907 809 3977 opusculo
849 3922 1057 3977 nempe
1090 3908 1168 3960 De
1201 3905 1332 3959 viris
1358 3906 1669 3960 illustribus
1696 3906 1875 3961 Cassi-
1979 3908 2169 3962 Sancti
2223 3908 2402 3963 nostri
2440 3925 2617 3979 opera
2665 3908 3041 3963 describenda
3087 3908 3193 3962 sibi
3233 3907 3586 3979 sumpsisset,

260 3995 560 4060 nensibus,
590 3998 647 4047 et
668 3995 957 4049 Chronico
1001 3995 1333 4050 monasterii
1379 3994 1745 4062 Cassinensis,
1780 3995 1874 4048 ubi
1976 3997 2241 4068 forteque
2286 3997 2521 4051 fortuna
2570 3997 2628 4050 in
2673 3998 2945 4070 epuscula
2976 4013 3103 4067 quas
3138 3995 3422 4050 Brunonis
3450 3995 3586 4049 sim-

264 4098 363 4137 eos
394 4083 729 4154 singulatim
752 4086 1075 4151 enumerat,
1099 4083 1332 4137 attribui
1366 4084 1873 4139 videmus.Etvero
1977 4084 2202 4156 pliciter
2231 4101 2471 4150 nomen,
2520 4085 2699 4150 nullo,
2733 4083 2928 4138 addito
2968 4082 3193 4137 nomini
3224 4081 3354 4136 huic
3398 4081 3586 4149 titulo,

258 4171 455 4225 Mauro
482 4172 817 4238 Marchesio,
852 4172 1173 4227 Cassinensi
1206 4172 1444 4239 decano,
1478 4190 1628 4227 cura:
1658 4172 1767 4227 fuit
1786 4189 1874 4227 as-
1975 4173 2427 4245 praaferrent,ca
2452 4171 2735 4226 Brunonis
2765 4171 2966 4226 nostri.
2988 4174 3086 4224 aut
3116 4171 3273 4224 nullo
3296 4171 3469 4240 plane
3493 4173 3593 4225 aut

259 4276 452 4313 serere
495 4277 593 4315 eos
624 4277 688 4314 ac
720 4260 966 4315 reddere
997 4278 1132 4316 vero
1165 4277 1265 4315 suo
1303 4261 1544 4329 auctori,
1583 4262 1685 4315 sub
1718 4261 1877 4332 cujus
1975 4261 2285 4333 perexiguo
2317 4260 2611 4333 praemisso
2645 4260 2930 4327 examine,
2973 4276 3095 4314 esse
3130 4257 3470 4313 existimarit
3494 4274 3590 4312 ea-

262 4347 502 4402 nomine
534 4347 780 4401 Venetiis
818 4348 1074 4418 imprimi
1113 4364 1209 4402 eos
1240 4347 1393 4416 fecit,
1430 4348 1653 4403 duobus
1694 4348 1874 4403 tomis
1901 4357 1954 4415 D
1976 4367 2086 4421 que
2117 4354 2424 4421 propterea
2453 4349 2576 4402 aliis
2603 4366 2635 4402 a
2664 4365 2722 4401 se
2741 4349 2867 4418 jam
2892 4346 3188 4417 descriptis
3203 4343 3470 4417 genuinis
3484 4346 3591 4399 hu-

261 4436 561 4502 discretos,
595 4435 689 4506 qui
724 4452 843 4489 non
869 4434 977 4489 nisi
1012 4453 1191 4490 unum
1222 4436 1394 4490 molis
1410 4437 1580 4508 justze
1608 4438 1875 4491 volumen
1969 4438 2064 4509 jus
2095 4438 2365 4508 operibus
2389 4436 2683 4507 adjecerit.
2715 4436 2928 4490 Verum
2972 4450 3103 4489 cum
3134 4450 3224 4488 res
3270 4433 3351 4487 ita
3384 4433 3596 4487 habeat

259 4524 639 4578 constituunt.
674 4523 859 4578 Editio
892 4528 976 4578 est
1002 4524 1139 4578 anni
1168 4526 1397 4591 l641,et
1411 4525 1689 4580 exactaad
1714 4527 1879 4596 plura
1978 4526 2178 4596 quidni
2210 4525 2386 4579 etiam
2419 4524 2589 4578 simili
2628 4524 2853 4579 ratione
2890 4523 3107 4576 factum
3146 4538 3265 4576 esse
3315 4523 3509 4592 queat,
3535 4524 3598 4575 ut

260 4612 503 4683 antiqua
530 4630 688 4681 mss.,
723 4628 849 4684 quae
872 4614 1333 4683 complectuntur
1353 4614 1463 4669 alia
1494 4614 1749 4685 ejusdem
1774 4630 1874 4667 an-
1978 4615 2037 4669 in
2068 4614 2290 4669 codices
2318 4630 2454 4667 mss.
2483 4612 2769 4683 antiquos,
2798 4611 2895 4683 qui
2922 4609 3231 4666 Marehesio
3255 4609 3594 4679 praeluxere,

259 4701 454 4755 tistitis
480 4718 677 4772 opera,
713 4718 839 4773 quae
871 4701 1021 4755 inter
1061 4703 1341 4757 nonnulla
1367 4706 1517 4770 sunt,
1553 4720 1679 4774 quae
1728 4702 1879 4757 Petri
1978 4706 2077 4757 aut
2106 4703 2308 4756 saltem
2341 4701 2400 4757 in
2431 4702 2641 4755 horum
2679 4716 2880 4767 unum,
2914 4701 2971 4753 et
3007 4714 3121 4769 quo
3152 4696 3357 4768 reliqui
3389 4695 3598 4752 deinde

258 4791 501 4845 Diaconi
526 4790 887 4862 diligentiam
918 4791 1205 4862 fugerant.
1256 4814 1283 4839 ››
1979 4791 2194 4845 fuerint
2222 4789 2799 4861 descripti,opuscula
2828 4788 3040 4859 aliqua,
3067 4804 3194 4859 quas
3216 4786 3273 4841 8.
3292 4784 3595 4851 Brunonis,

334 4881 459 4935 706.
496 4879 779 4933 Hactenus
809 4879 887 4933 illi
911 4897 923 4945 ;
956 4894 1155 4935 verum
1184 4896 1314 4935 cum
1343 4879 1494 4935 inter
1523 4897 1719 4951 opera,
1747 4898 1875 4951 quae
1982 4878 2207 4950 Signini
2235 4877 2643 4949 episcopi,non
2674 4881 2826 4943 sunt,
2855 4876 3071 4931 fuerint
3100 4876 3257 4929 illata
3277 4874 3304 4928 ‘?
3336 4874 3411 4927 Ex
3430 4888 3597 4943 opus-

256 4968 486 5023 Maurus
516 4967 861 5021 Marchesius
892 4985 1044 5022 anno
1074 4971 1201 5023 1651
1238 4969 1485 5022 Venetiis
1508 4968 1563 5023 S.
1596 4968 1879 5023 Brunonis
1980 4969 2120 5022 culis
2155 4968 2343 5038 itaque
2363 4966 2894 5037 h0miliisque,quaz
2925 4964 3120 5019 Sancti
3147 4961 3327 5015 nostri
3358 4959 3594 5016 nomine

258 5056 490 5127 Signini
520 5073 619 5110 seu
651 5052 964 5128 Signiensis
990 5057 1240 5127 episc0pi
1265 5058 1504 5111 nomine
1529 5058 1728 5123 edidit,
1765 5058 1879 5111 sint
1980 5055 2211 5110 Parisiis
2239 5071 2302 5108 ac
2332 5054 2541 5108 deinde
2560 5054 2813 5109 Colonia:
2830 5050 3235 5123 Agrippinzein
3259 5050 3446 5102 lucem
3466 5063 3597 5118 pro-

259 5147 463 5210 etiam,
498 5145 581 5199 uti
616 5145 845 5216 ipsimet
880 5145 970 5198 hic
1010 5145 1285 5212 fatentur,
1324 5148 1623 5213 nonnulla,
1656 5163 1782 5217 quae
1816 5147 1874 5200 in
1984 5145 2165 5210 dicre,
2194 5146 2367 5215 atque
2403 5160 2437 5197 a
2479 5141 2787 5197 Marcliesio
2821 5140 3055 5194 interim
3097 5140 3362 5208 huncque
3397 5134 3602 5189 secutis

258 5234 631 5305 suppeditato
656 5251 688 5287 a
710 5234 877 5287 Petro
911 5232 1152 5288 diacono
1185 5250 1448 5304 operum,
1478 5251 1604 5305 qua)
1636 5233 1877 5288 Sanctus
1981 5232 2240 5287 Historiae
2273 5231 2565 5285 litterariae
2596 5229 2847 5283 Franciae
2880 5226 3252 5296 scriptoribus
3288 5224 3345 5279 S.
3391 5224 3607 5277 Bruno-

255 5323 352 5377 hic
385 5321 608 5377 ordinis
639 5320 990 5376 Benedictini
1031 5321 1266 5376 antistes
1296 5323 1605 5388 conteiuit,
1635 5323 1874 5377 elencho
1981 5322 2061 5387 ni,
2098 5320 2338 5392 Signino
2392 5320 2680 5391 episcopo,
2712 5316 3127 5381 attribuuntur,
3164 5329 3295 5366 vere
3337 5311 3468 5366 huic
3509 5311 3607 5365 illa

258 5428 379 5467 non
416 5414 747 5476 occurrunt,
775 5428 875 5464 cur
910 5410 1238 5477 Marchesio,
1284 5427 1405 5465 nazc
1437 5411 1615 5465 etiam
1645 5410 1701 5465 S.
1736 5412 1875 5465 Bru-
1982 5409 2354 5464 attribuenda
2380 5407 2666 5471 videntur,
2684 5420 2812 5475 quae
2838 5406 2963 5456 tum
2991 5401 3141 5455 tituli
3174 5417 3382 5471 parum
3410 5399 3605 5469 vulga-

256 5500 433 5556 nonis
459 5498 684 5570 Signini
702 5496 822 5553 esse
844 5496 1236 5565 contendenti,
1255 5516 1570 5567 assensum,
1594 5499 1675 5553 uti
1699 5499 1883 5553 verbis
1982 5498 2082 5565 ris,
2098 5515 2271 5571 quem
2290 5497 2622 5570 praeferunt,
2640 5498 2762 5549 tum
2783 5491 3133 5565 argumenti,
3151 5490 3307 5563 quod
3328 5490 3601 5555 tractant,

250 5588 514 5647 recitatis
551 5586 790 5657 faciunt,
823 5588 1170 5661 praebuere?
1208 5588 1296 5642 An‘
1329 5587 1485 5661 quod
1522 5588 1583 5644 in
1628 5587 1879 5661 antiquis
1984 5584 2211 5643 ratione
2242 5585 2591 5643 conveniunt
2619 5600 2752 5640 cum
2784 5582 3073 5657 operibus,
3101 5597 3226 5654 qum
3257 5596 3290 5635 a
3322 5580 3613 5647 Brunonc,
