4014 6052
324 190 430 249 433

1181 187 1239 245 S.
1272 184 1618 246 BRUNONIS
1651 182 2284 246 CARTHUSIANORUM
2319 178 2787 241 INSTITUTORIS
2820 241 2825 245 .

3539 180 3646 240 436

329 311 573 384 Signino
607 327 704 366 seu
734 309 1018 382 Signiensi
1050 309 1337 385 episcopo,
1364 313 1711 369 concinnata
1741 312 1933 377 fuisse,
1957 317 2008 373 Α
2037 314 2121 366 est
2154 309 2416 376 dubium,
2447 326 2601 375 cum,
2635 312 3023 379 praeterquam
3069 308 3223 381 quod
3244 307 3472 379 prioris
3501 325 3532 363 e
3562 308 3646 363 bi-

328 405 530 460 Petrus
560 401 843 457 Diaconus
869 400 927 455 in
943 400 1226 473 Opusculo
1246 405 1324 457 De
1348 404 1479 458 viris
1494 403 1805 458 illustribus
1828 402 1931 469 Ca-

325 491 645 547 sinensibus
672 507 797 562 cap.
828 489 900 545 3’;
918 491 1122 546 alibive
1141 492 1351 547 diserte
1384 496 1642 547 testatur.
1669 494 1746 546 Ea
1776 492 1935 546 sedet

326 580 632 646 sententia,
684 579 858 652 quod,
909 580 1170 651 quamvis
1203 580 1293 634 hic
1336 581 1581 651 scriptor
1625 597 1659 634 a
1696 580 1933 634 veritate

327 667 503 723 etiam
534 667 779 722 subinde
827 668 1079 722 deviasse
1120 669 1603 738 deprehendatur,
1650 684 1755 722 nec
1802 684 1933 721 cum

326 756 517 811 Leone
555 755 886 823 Marsicano,
915 755 1034 827 qui,
1086 757 1238 828 quod
1285 756 1492 811 deinde
1524 758 1724 811 Petrus
1753 755 1933 810 conti-

326 845 542 912 nuavit,
579 844 883 898 Casinense
928 844 1253 899 Chronicon
1294 844 1528 916 incepit,
1570 844 1849 916 gravitate
1880 847 1937 897 et

328 932 667 988 auctoritate
696 931 1119 1003 comparandus
1140 931 1419 1001 videatur,
1449 932 1700 987 Brunoni
1737 936 1935 986 tamen

327 1019 567 1091 Signino
598 1037 795 1092 opera,
828 1036 953 1091 qua:
983 1020 1165 1073 sancti
1195 1020 1362 1090 hujus
1407 1020 1673 1075 antistitis
1700 1036 1815 1073 non
1847 1037 1934 1073 es-

327 1112 473 1177 sent,
503 1107 824 1179 ascripsisse
856 1108 1174 1161 censendus
1202 1124 1319 1163 non
1353 1109 1444 1175 sit,
1477 1126 1607 1162 curn
1646 1108 1799 1162 haud
1831 1108 1932 1161 du—

327 1197 488 1263 dum,
522 1200 827 1268 postquam
854 1195 945 1249 hic
977 1196 1049 1249 ad
1069 1196 1379 1250 Dominum
1404 1196 1791 1267 migrasset,in
1810 1212 1933 1249 mo-

325 1283 576 1339 nasterio
608 1283 920 1351 Casinensi,
956 1284 1058 1349 uti,
1078 1284 1174 1355 qui
1208 1285 1426 1355 primus
1457 1285 1579 1355 ejus
1606 1287 1683 1339 De
1715 1284 1847 1337 viris
1876 1283 1937 1337 il-

325 1372 598 1449 lustribus
624 1372 968 1444 Opusculum
1002 1372 1224 1443 publice
1258 1373 1402 1443 juris
1434 1373 1591 1440 fecit,
1634 1372 1784 1443 apud
1827 1372 1939 1426 Mu-

323 1461 605 1517 ratorium
663 1463 804 1515 tom.
849 1461 916 1513 Vl
962 1461 1173 1515 Rerum
1222 1461 1545 1515 Italicarum
1593 1460 1938 1532 scriptorum

321 1549 571 1604 Joannes
601 1548 854 1619 Baptista
902 1550 1085 1603 Marus
1127 1548 1185 1602 in
1228 1567 1329 1603 sua
1384 1550 1443 1603 in
1491 1549 1547 1603 id
1600 1548 1938 1620 praefatione

2034 400 2122 454 nis
2153 399 2305 453 hisce
2337 398 2560 452 Sanctis
2592 414 2734 461 esse,
2764 413 2952 468 neque
2984 414 3013 451 e
3048 398 3216 451 Petro
3252 397 3501 451 Diacono
3548 413 3647 450 ne-

2034 505 2144 560 que
2175 487 2426 553 aliunde,
2455 489 2516 540 ut
2540 486 2665 555 jam
2694 485 2931 551 dictum,
2966 488 3208 550 constet,
3241 485 3362 539 ﬁeri
3394 485 3559 556 possit
3591 488 3653 538 ut

2034 576 2092 630 in
2128 593 2262 630 mss.
2292 576 2535 645 codices,
2572 575 2628 627 in
2663 574 2870 645 quibus
2897 591 2930 627 a
2960 574 3152 628 Mauro
3184 574 3652 641 Marchesio,una

2036 681 2167 718 cum
2197 643 2465 735 operibus
2498 664 2827 717 Brunonem
2852 661 3213 731 Signiensem
3248 665 3404 716 certo
3438 662 3655 715 haben-

2036 749 2185 805 tibus
2209 755 2525 818 auctorem,
2558 751 2719 805 fuere
2749 750 2984 817 inventi,
3020 750 3246 805 ratione
3280 766 3453 823 supra
3482 766 3656 822 expo-

2034 837 2161 905 sita,
2198 843 2259 893 ut
2288 842 2350 893 ut
2380 856 2508 893 vere
2543 838 2723 893 sancti
2768 839 2937 909 hujus
2976 838 3246 893 antistitis
3277 855 3395 892 non
3438 841 3649 904 essent,

2033 926 2250 981 fuerint
2276 927 2438 982 illati.

2106 1017 2231 1070 709.
2264 1017 2337 1069 At
2361 1032 2516 1080 vero,
2558 1014 2802 1086 inquies,
2846 1015 3045 1068 Petrus
3088 1014 3145 1068 in
3197 1013 3462 1069 Chronici
3507 1012 3655 1068 Casi-

2037 1102 2229 1157 nensis
2257 1106 2682 1175 supplemento,
2728 1103 2828 1157 lib.
2880 1120 2954 1170 1v,
2994 1119 3117 1174 cap.
3159 1107 3245 1168 3t,
3280 1103 3350 1156 de
3382 1104 3651 1157 Brunone

2037 1190 2323 1262 Signiensi
2354 1192 2431 1245 sic
2464 1192 2734 1246 scribitzu
2766 1193 2888 1246 Non
2924 1194 3118 1245 autem
3163 1191 3317 1251 idem
3357 1191 3443 1246 vir
3473 1190 3653 1245 otiose

2036 1279 2129 1332 hic
2162 1279 2358 1334 vixisse
2390 1280 2711 1334 credendus
2742 1283 2846 1346 est,
2873 1280 2968 1350 qui
3006 1281 3146 1333 tales
3174 1296 3237 1333 ac
3268 1281 3459 1333 tantos
3487 1279 3653 1335 nobis

2039 1366 2463 1439 Scripturarum
2512 1370 2837 1440 exposuerit
2893 1368 3087 1432 libros,
3129 1367 3198 1421 de
3246 1367 3449 1438 quibus
3501 1384 3657 1422 sum-

2040 1473 2219 1510 mam.
2256 1457 2487 1511 illorum
2534 1456 2749 1510 scilicet
2776 1456 2871 1527 qui
2906 1455 2961 1509 in
2999 1456 3208 1509 nostris
3248 1456 3511 1510 manibus
3555 1472 3654 1511 γε-

2040 1561 2198 1611 nere,
2244 1545 2498 1616 pandere
2549 1561 2835 1611 curamus,
2869 1562 3042 1616 super
3090 1545 3450 1611 Psalterium,
3484 1561 3658 1617 super

324 1637 532 1708 aliique
560 1636 944 1708 bibliographi
964 1637 1175 1707 passim
1191 1637 1420 1704 docent,
1441 1636 1937 1691 bibliothecarium
1966 1633 2014 1690 B
2039 1633 2328 1700 Genesim,
2366 1650 2540 1704 super
2584 1632 2860 1699 Exodum,
2895 1649 3068 1703 super
3115 1632 3449 1699 Leviticum,
3484 1650 3656 1704 super

325 1724 910 1796 egerit,credibilique
936 1724 1178 1796 proinde
1202 1725 1293 1791 sit,
1319 1726 1391 1779 ad
1424 1740 1661 1779 manum
1691 1724 1937 1777 eumha-

321 1813 509 1867 buisse
537 1828 734 1883 opera,
759 1829 886 1882 quae
917 1829 951 1865 a
973 1811 1180 1866 Sancto
1214 1814 1310 1867 illo
1325 1812 1702 1884 praesule,qui
1734 1816 1791 1866 et
1822 1812 1939 1883 ipse
1971 1871 1997 1891 θ

322 1900 656 1972 aliquandiu
684 1901 740 1954 in
764 1901 1117 1954 monasterio
1152 1900 1441 1955 Casinensi
1475 1902 1829 1956 monachum
1860 1902 1941 1956 at-

323 2005 434 2059 que
462 1988 637 2042 etiam
670 1988 939 2043 abbatem
965 1991 1183 2059 egerat,
1206 1988 1416 2060 scripta
1447 2005 1588 2056 esse,
1620 1990 1744 2044 loco
1766 1988 1938 2041 citato

318 2079 658 2129 asserverat.

393 2164 517 2219 708.
547 2162 686 2217 Hinc
717 2179 848 2217 cum
883 2164 1084 2217 Petrus
1113 2163 1418 2230 Diaconus,
1454 2164 1626 2218 fuisse
1654 2182 1688 2218 a
1718 2165 1938 2218 Bruno-

320 2267 398 2305 ne
428 2250 711 2323 Signiensi
737 2251 1151 2322 expositionem
1188 2252 1243 2305 in
1273 2253 1635 2318 Psalterium,
1670 2253 1727 2305 in
1755 2253 1935 2306 Gene-

322 2339 454 2407 sim,
486 2339 546 2393 in
578 2340 856 2407 Exodum,
902 2339 958 2393 in
1012 2339 1345 2407 Leviticum,
1392 2340 1451 2393 in
1490 2341 1827 2407 Numerum,
1877 2340 1935 2394 in

324 2428 865 2495 Deuteronomium,
906 2427 964 2481 in
1009 2427 1243 2482 Cantica
1282 2428 1638 2483 canticorum
1667 2429 1808 2482 etin
1838 2430 1934 2482 Ju-

327 2516 523 2571 dicum
570 2517 981 2587 conscriptam,
1023 2516 1208 2587 capite
1244 2515 1416 2570 citato
1462 2516 1756 2588 praefatus,
1803 2533 1935 2571 mox

321 2605 633 2677 subjungat
672 2621 685 2659 :
732 2627 759 2654 «
805 2604 958 2658 Fecit
1005 2606 1063 2658 et
1090 2603 1399 2659 Sermones
1417 2605 1646 2659 hoszDe
1674 2604 1935 2659 laudibus

327 2693 590 2748 Ecclesiae
631 2691 690 2746 in
734 2692 1095 2747 dedicatione
1144 2693 1367 2764 templi,
1414 2694 1492 2747 De
1530 2693 1820 2760 Paradiso,
1856 2696 1934 2749 De

324 2798 459 2836 arca
487 2781 624 2848 Noe,
659 2783 738 2835 De
756 2781 1125 2836 tabernaculo
1158 2780 1505 2847 foederis,De
1534 2783 1750 2854 templo
1782 2781 1937 2837 Salo-

325 2869 535 2935 monis,
569 2869 717 2923 etde
741 2868 1000 2935 muliere,
1035 2885 1138 2940 per
1169 2886 1343 2940 quam
1377 2869 1624 2924 Ecclesia
1651 2870 1934 2941 signiﬁca-

327 2960 443 3013 tur.
492 2959 571 3012 De
617 2956 843 3011 civitate
894 2960 1091 3011 sancta
1127 2958 1513 3026 Hierusalem;
1547 2959 1626 3012 De
1667 2958 1930 3025 basilicis,

326 3063 454 3120 quae
484 3046 555 3101 ab
583 3044 863 3118 episcopis
880 3044 1237 3100 dedicantur.
1256 3048 1399 3100 Item
1413 3048 1493 3100 De
1511 3047 1840 3117 evangeliis;
1856 3049 1935 3101 De

327 3133 689 3191 ornamentis
720 3133 1000 3201 Ecclesiae,
1026 3134 1105 3187 De
1123 3133 1258 3201 fide,
1276 3136 1354 3188 De
1383 3151 1505 3205 spe,
1528 3136 1607 3188 De
1633 3135 1932 3201 charitate,

327 3224 408 3278 De
439 3224 687 3294 quatuor
711 3221 1033 3288 virtutibus,
1051 3223 1131 3276 De
1144 3222 1491 3290 humilitate,
1510 3225 1587 3277 De
1611 3223 1935 3277 misericor-

327 3309 443 3376 dia,
474 3311 554 3364 De
585 3326 747 3381 pace,
779 3311 859 3363 De
891 3309 1187 3381 patientia,
1232 3312 1311 3364 De
1362 3310 1640 3378 castitate,
1679 3312 1757 3365 De
1801 3312 1936 3365 obe-

329 3396 569 3464 dientia,
605 3397 676 3451 de
706 3396 1054 3451 abstinentia
1087 3414 1100 3450 :
1142 3398 1243 3452 Ubi
1288 3398 1531 3452 Ecclesia
1566 3402 1824 3466 ornatur,
1858 3401 1937 3453 De

329 3500 479 3540 novo
518 3484 760 3550 mundo,
793 3485 872 3538 De
904 3483 1055 3539 caelis
1080 3485 1260 3551 novis,
1282 3486 1361 3540 De
1384 3485 1629 3541 nubibus
1655 3485 1833 3554 novis,
1857 3488 1937 3541 De

328 3571 626 3627 montibus
655 3571 834 3638 novis,
868 3573 967 3626 De‘
991 3572 1290 3627 arboribus
1329 3574 1505 3642 novis,
1539 3575 1619 3629 De
1649 3575 1940 3645 potestati-

328 3659 437 3715 bus
466 3659 644 3726 novis,
677 3661 756 3714 De
788 3658 936 3714 mari
969 3663 1027 3714 et
1057 3659 1624 3731 piscatoribusnovis,
1649 3664 1727 3717 De
1745 3663 1940 3717 avibus

330 3747 513 3815 novis,
545 3750 625 3803 De
656 3748 991 3803 ﬂuminibus
1016 3747 1198 3816 novis,
1231 3750 1311 3803 De
1336 3748 1678 3804 animalibus
1707 3746 1887 3812 novis,
1912 3768 1938 3794 »

328 3836 508 3892 libras
554 3853 654 3891 seu
707 3838 986 3892 tractatus
1028 3840 1164 3903 tres,
1216 3854 1376 3891 num.
1411 3839 1512 3891 703
1562 3838 1937 3901 memoratos,

329 3922 658 3996 Sanctoque
689 3928 885 3979 nostro
916 3924 974 3978 in
1007 3923 1263 3994 praefatis
1283 3940 1525 3995 operum
1545 3924 1666 3994 ejus
1679 3923 1944 3978 editioni-

328 4011 437 4067 bus
466 4011 763 4081 ascriptos,
798 4027 1047 4083 quorum
1078 4010 1318 4080 primus,
1343 4010 1402 4065 in
1430 4011 1617 4081 capita
1645 4013 1775 4065 octo
1807 4009 1943 4065 divi-

329 4115 481 4168 sus,«
508 4099 586 4152 De
608 4098 869 4153 laudibus
880 4097 1161 4165 Ecclesiae,
1180 4120 1207 4145 »
1224 4098 1717 4169 secundus,capita
1731 4098 1941 4154 duode-

330 4183 444 4238 cim
473 4186 883 4255 complectens,
918 4205 946 4233 ‹‹
991 4185 1071 4238 De
1102 4184 1460 4239 ornamentis
1500 4186 1777 4255 Ecclesiae,
1816 4208 1844 4235 »
1877 4204 1941 4241 ac

326 4272 532 4326 tertius
562 4272 832 4344 denique,
865 4270 1145 4343 capitibus
1174 4273 1375 4327 decem
1403 4272 1697 4341 discretus,
1734 4276 1812 4330 De
1842 4293 1941 4331 no-

328 4358 412 4413 vis
432 4358 902 4427 inscribitur,aS.
933 4362 1223 4428 Brunone,
1250 4360 1488 4433 Signino
1519 4379 1619 4416 seu
1652 4363 1940 4435 Signiensi

328 4446 619 4519 episcopo,
652 4448 825 4502 fuisse
866 4448 1057 4521 reipsa
1095 4452 1409 4517 contextos,
1442 4451 1938 4507 verosimillimum

329 4551 361 4590 e
392 4535 714 4604 titulorum,
761 4540 1198 4608 argumentum,
1249 4538 1404 4609 quod
1442 4541 1711 4606 tractant,
1759 4542 1940 4613 expri-

327 4623 637 4690 mentium,
681 4622 1007 4691 insolentia,
1058 4641 1156 4679 seu
1200 4625 1473 4695 novitate,
1518 4628 1670 4698 apud
1703 4630 1935 4683 Petrum

325 4710 644 4767 Diaconum
672 4728 899 4784 quoque
929 4713 1019 4767 hic
1041 4718 1397 4781 occurrente,
1424 4717 1933 4786 apparet.Verum,

324 4800 481 4872 quod
502 4799 577 4854 ad
594 4800 826 4869 librum,
842 4801 937 4873 qui
962 4803 1084 4856 «De
1100 4802 1503 4857 festivitatibus
1518 4804 1889 4861 festivitatum
1905 4826 1931 4854 ι)

319 4887 674 4957 inscribitur,
725 4893 962 4962 spectat,
1019 4906 1151 4945 cum
1207 4892 1320 4960 hic,
1366 4897 1538 4963 prout
1578 4894 1693 4948 sive
1741 4894 1932 4949 Sancti

321 4978 503 5035 nostri
558 4979 670 5034 sive
729 4978 1011 5034 Brunonis
1041 4977 1263 5050 Signini
1316 4981 1555 5036 nomine
1603 4986 1688 5037 est
1726 4983 1930 5053 editus,

317 5082 616 5123 sermones
633 5083 749 5121 non
764 5083 993 5139 paucos,
1011 5083 1154 5139 quos
1172 5084 1360 5139 neque
1378 5085 1445 5123 ex
1464 5070 1627 5124 titulo
1654 5070 1930 5141 singulari

317 5173 417 5212 seu
448 5172 655 5228 parum
688 5157 930 5228 vulgari,
977 5157 1075 5228 qui
1130 5158 1284 5228 apud
1334 5159 1567 5213 Petrum
1610 5160 1927 5214 Diaconum

315 5260 544 5316 quoque
570 5245 695 5298 loco
740 5244 997 5315 proxime
1036 5244 1131 5299 cit.
1165 5248 1446 5311 occurrat,
1478 5262 1663 5318 neque
1693 5246 1926 5302 aliunde

311 5333 491 5387 sancti
515 5333 663 5387 illius
687 5332 956 5387 antistitis
984 5348 1104 5387 esse
1131 5336 1288 5389 certo
1316 5336 1921 5404 constat,complecta-

307 5421 421 5493 tur,
453 5420 641 5477 sintne
668 5419 799 5477 huic
835 5419 937 5492 illi,
962 5436 1035 5475 an
1067 5419 1277 5480 Sancto
1304 5424 1501 5479 nostro
1533 5422 1910 5497 attribuendi,

1965 4173 2017 4231 D

2040 1723 2379 1789 Numerum,
2425 1739 2596 1795 super
2640 1721 3184 1789 Deuteronomium,
3214 1738 3384 1792 super
3424 1722 3652 1787 Isaiam,

2040 1827 2211 1881 super
2242 1810 2478 1865 Cantica
2517 1811 2897 1875 canticorum,
2946 1826 3119 1880 super
3155 1809 3438 1875 Judicum,
3483 1827 3656 1881 super

2038 1898 2460 1969 Apocalypsim.
2483 1899 2561 1952 De
2584 1898 2757 1952 totius
2782 1902 2976 1951 autem
3005 1897 3141 1950 anni
3165 1896 3561 1951 festivitatibus
3577 1901 3659 1951 at-

2042 2003 2151 2057 que
2185 1985 2382 2040 diebus
2435 1985 2750 2040 Dominicis
2799 1985 3122 2056 composuit
3170 2001 3469 2039 sermones
3499 2001 3656 2039 sexa-

2041 2074 2205 2145 ginta
2226 2090 2456 2132 novem,
2485 2073 2766 2127 homelias
2792 2076 3024 2127 centum
3050 2073 3469 2144 quinquaginta
3484 2073 3651 2144 quin-

2040 2179 2172 2234 que.
2211 2183 2239 2210 »
2271 2162 2484 2226 Quibus
2512 2162 2697 2216 verbis
2729 2179 2858 2216 cum
2906 2164 3105 2216 Petrus
3150 2162 3431 2215 Diaconus
3460 2162 3652 2233 plures

2039 2266 2335 2304 sermones
2381 2249 2767 2321 homiliasque
2814 2249 2869 2303 S.
2912 2249 3190 2315 Brunoni,
3227 2249 3507 2320 Signiensi
3537 2249 3655 2321 epi-

2037 2355 2231 2409 scopo,
2258 2339 2745 2409 attribuat,quam
2779 2354 2903 2409 cap.
2934 2340 3001 2392 3’+
3023 2340 3101 2392 De
3129 2337 3312 2391 viriris
3343 2337 3655 2392 illustribus

2034 2429 2352 2492 recenseat,
2388 2426 2673 2497 simulque
2706 2442 2827 2480 sese
2854 2426 3071 2493 omnia,
3105 2442 3231 2497 quae
3254 2443 3285 2479 a
3307 2425 3517 2479 Sancto
3545 2426 3653 2480 hoc

2037 2514 2292 2569 antistite
2324 2515 2642 2585 composita
2689 2514 2871 2580 fuere,
2905 2530 3083 2586 Opera
3125 2514 3197 2567 ad
3249 2530 3488 2567 manum
3536 2530 3652 2567 non

2033 2602 2298 2657 habuisse
2326 2602 2549 2670 innuat,
2579 2602 2700 2657 fieri
2733 2603 2898 2656 facile
2934 2604 3124 2672 potest
3166 2605 3228 2655 ut
3268 2616 3564 2657 sermones
3592 2603 3652 2657 in

2038 2691 2291 2762 Operum
2326 2691 2382 2746 S.
2411 2691 2693 2746 Brunonis
2715 2690 3075 2747 Carthusiani
3101 2691 3449 2745 editionibus
3477 2707 3652 2762 supra

2035 2780 2377 2835 memoratis
2391 2780 2581 2835 Sancti
2595 2780 2764 2851 hujus
2782 2780 3127 2834 Patriarchze
3146 2778 3382 2834 nomine
3413 2780 3649 2851 vulgati,

2036 2873 2099 2923 ut
2114 2872 2175 2923 ut
2193 2869 2347 2939 apud
2373 2870 2605 2922 Petrum
2637 2869 2949 2923 Diaconum
2969 2867 3412 2922 inhomiliarum
3435 2884 3654 2922 sermo-

2036 2973 2292 3028 numque
2315 2955 2372 3010 S.
2397 2955 2680 3010 Brunonis
2712 2955 2932 3026 Signini
2962 2956 3202 3010 elencho
3235 2955 3413 3009 titulis
3442 2972 3647 3026 parum

2036 3044 2254 3099 usitatis
2272 3044 2581 3098 insolitisve
2607 3030 2791 3097 afl‘ecti
2813 3060 2928 3099 non
2942 3043 3325 3114 reperiantur,
3343 3043 3652 3098 concinna-

2036 3132 2077 3186 ti
2096 3136 2290 3187 tamen
2309 3148 2439 3186 vere
2469 3132 2540 3185 ab
2574 3132 2679 3185 hoc
2700 3132 2934 3186 fuerint.
2968 3133 3193 3199 Fateor,
3220 3131 3297 3185 sic
3318 3132 3531 3187 habet:
3556 3148 3649 3187 ve-

2036 3238 2167 3275 rum
2197 3236 2327 3274 cum
2374 3220 2646 3291 equidem
2696 3220 2961 3275 bomilias
3004 3236 3419 3292 sermonesque
3474 3220 3655 3276 dictos

2037 3310 2368 3363 Brunonem
2418 3307 2780 3379 Signiensem
2813 3308 3027 3364 habere
3064 3313 3385 3377 auctorem,
3417 3326 3449 3364 e
3484 3311 3653 3364 Petro

2038 3397 2288 3453 Diacono
2313 3400 2554 3463 certum,
2586 3400 2643 3450 ut
2663 3397 2789 3467 jam
2814 3397 3052 3465 dictum,
3073 3415 3190 3453 non
3212 3398 3302 3466 sit,
3325 3398 3655 3469 fuerintque

2039 3502 2104 3541 ex
2128 3486 2253 3556 jam
2283 3502 2455 3557 supra
2482 3485 2643 3539 dicTis
2668 3485 2841 3539 iidem
2876 3490 2993 3539 tam
3019 3486 3076 3540 in
3101 3486 3391 3541 codicibus
3406 3503 3659 3541 mss.an-

2039 3574 2230 3646 tiquis,
2253 3574 2369 3645 qui,
2403 3591 2530 3644 quae
2553 3574 2609 3628 S.
2630 3574 2911 3628 Brunonis
2942 3574 3304 3629 Cartliusiani
3327 3577 3483 3629 certo
3500 3578 3653 3642 sunt,

2040 3680 2210 3735 Opera
2247 3663 2800 3733 complectebantur,
2830 3679 3005 3734 quam
3044 3662 3101 3716 in
3134 3662 3424 3717 codicibus
3452 3663 3654 3718 itidem

2040 3768 2176 3805 mss.
2211 3750 2479 3821 antiquis,
2510 3750 2784 3822 qui,quas
2815 3767 2989 3805 nemo
3012 3751 3265 3805 Brunoni
3299 3751 3540 3823 Signino
3560 3769 3659 3807 ne-

2040 3842 2160 3911 gat,
2216 3839 2644 3894 lucubrationes
2714 3840 3111 3906 continebant,
3163 3839 3401 3911 reperti,
3460 3841 3652 3895 sintne

2039 3927 2170 3982 huic
2202 3927 2410 3982 Sancto
2443 3942 2511 3981 ex
2540 3926 2746 3981 ordine
2775 3928 3145 3982 Benedictino
3180 3919 3429 3998 praesuli,
3457 3946 3530 3984 an
3555 3947 3655 4002 po-

2040 4012 2152 4067 tius
2194 4013 2250 4068 S.
2296 4015 2573 4082 Brunoni,
2607 4015 3118 4071 Carthusianorum
3155 4016 3466 4072 institutori
3491 4018 3652 4074 attri-

2040 4102 2276 4170 buendi,
2310 4106 2508 4157 manet
2533 4104 2718 4158 adhuc
2750 4104 3011 4159 dubium.

2112 4193 2235 4246 710.
2288 4191 2400 4245 Nec
2429 4194 2515 4246 est
2560 4193 2716 4263 quod
2766 4209 3037 4263 reponas,
3084 4198 3345 4250 constare
3388 4196 3589 4249 saltem
3621 4213 3653 4250 e

2041 4279 2209 4333 Petro
2242 4278 2516 4347 Diacono,
2571 4281 2763 4350 plures
2804 4281 2976 4337 fuisse
3023 4300 3056 4337 a
3099 4283 3368 4339 Brunone
3413 4282 3651 4356 Signino

2041 4384 2338 4423 sermones
2378 4368 2748 4439 compositos,
2781 4386 2994 4441 eosque
3045 4371 3311 4443 proinde,
3346 4373 3416 4428 de
3448 4373 3654 4444 quibus

2038 4455 2129 4510 hic
2174 4456 2527 4520 disserimus,
2594 4457 2725 4512 huic
2775 4459 2964 4529 potius
3000 4476 3143 4527 esse,
3182 4477 3357 4532 quam
3399 4460 3652 4535 Brunoni

2040 4544 2415 4602 Carthusiano
2447 4546 2815 4602 ascribendos
2842 4564 2853 4602 :
2884 4549 2966 4602 uti
2994 4548 3172 4615 enim,
3198 4549 3334 4620 quin
3358 4551 3548 4604 Bruno
3569 4548 3653 4604 Si—

2037 4632 2291 4703 gniensis
2322 4634 2530 4704 plures,
2558 4633 2675 4689 imo
2707 4635 2991 4706 plurimos
3020 4652 3318 4691 sermones
3347 4635 3653 4691 concinna-

2036 4720 2131 4787 rit,
2168 4721 2585 4792 ambigendum
2615 4740 2731 4777 non
2763 4725 2869 4790 est,
2903 4723 2981 4777 ita
3013 4740 3141 4791 nec,
3171 4725 3312 4795 quin
3352 4724 3409 4779 id
3455 4726 3648 4780 Bruno

2037 4812 2231 4862 noster
2261 4808 2479 4876 fecerit,
2513 4810 2769 4865 revocari
2800 4813 2988 4882 potest
3013 4810 3073 4864 in
3107 4811 3465 4877 dubium,lta
3496 4812 3651 4867 colli-

2035 4896 2292 4966 gendum
2321 4913 2455 4951 reor
2497 4913 2528 4951 e
2557 4896 2749 4951 Sancti
2782 4901 2905 4950 tum
2948 4898 3272 4969 Epitaphio,
3305 4903 3431 4954 tum
3459 4900 3646 4955 Titulo

2033 4983 2468 5051 funebri,‘inter
2508 4985 2868 5040 recudendos
2914 4988 3049 5055 166;
3099 4987 3158 5040 in
3205 4987 3381 5059 priori
3430 4988 3587 5042 enim
3615 5006 3645 5043 e

2032 5070 2180 5125 binis
2226 5071 2381 5126 hisce
2425 5072 2821 5127 monumentis
2869 5074 3142 5146 antiquis‘,
3176 5077 3331 5147 quod
3362 5076 3647 5132 Brunonis

2028 5160 2251 5214 tumulo
2300 5160 2410 5214 fuit
2440 5161 2769 5232 ascriptum,
2803 5160 3045 5217 Sanctus
3094 5163 3185 5217 hic
3235 5164 3645 5222 Carthusiano-

2027 5262 2157 5300 rum
2184 5247 2481 5302 Institutor
2511 5247 2584 5300 ita
2606 5249 2850 5319 loquens
2880 5249 3206 5305 inducitur:

2129 5335 2354 5391 Primus
2382 5340 2437 5390 in
2462 5338 2561 5391 hac
2584 5356 2754 5393 eremo
2778 5337 2992 5396 Christi
3015 5341 3281 5411 fundator
3317 5343 3490 5400 ovilis.

2232 5425 2521 5483 Promerui
2535 5427 2673 5499 ﬁeri,
2704 5430 2800 5505 qui
2821 5435 2967 5501 τερον
2986 5429 3082 5486 hoc
3114 5429 3308 5505 lapide.
