4066 6032
200 326 314 381 437

277 451 475 505 Bruno
503 452 636 505 mihi
660 468 872 516 nomen,
905 453 1143 520 genita-ir
1181 450 1495 516 Alemanni,
1525 467 1706 521 meque

361 540 659 593 Transtulit
689 539 759 592 ad
789 537 1048 593 Calabros
1072 547 1231 607 grata
1259 541 1405 610 quies
1427 544 1612 592 eremi.

282 628 488 681 Doctor
513 646 679 689 eram,
702 645 880 697 μνωεο
908 624 1132 693 Christi,
1162 630 1271 680 etc.

202 718 270 770 In
303 715 608 787 posteriori
652 732 806 782 vero,
845 732 956 786 quo
1009 716 1440 786 Andegavensis
1472 715 1528 770 S.
1580 715 1829 771 Mauricii

204 805 453 858 ecclesia
475 804 683 859 Sancto
701 808 898 859 nostro
919 805 1514 875 parentavit,sequens
1554 823 1665 859 una
1697 822 1827 858 cum

205 893 568 947 multusaliis
584 893 654 946 de
674 892 732 946 S.
768 894 1037 947 Brunone
1058 893 1263 963 legitur
1278 893 1610 948 versiculus:
1651 916 1675 957 ξ)
1699 893 1831 946 Mul-

204 984 303 1035 tos
332 998 629 1035 sermones
660 982 907 1036 faciebat
937 998 1040 1052 per
1100 982 1387 1052 regiones.
1428 1003 1454 1030 »
1515 981 1656 1035 Cum
1691 997 1828 1051 ergo

201 1069 457 1124 Sanctus
486 1074 701 1136 noster,
738 1071 818 1124 uti
851 1088 881 1125 e
919 1072 1047 1141 jam
1097 1070 1373 1137 recitatis,
1404 1088 1532 1141 quas
1589 1070 1833 1140 praefata

202 1158 354 1211 bina
384 1162 766 1213 monumenta
794 1158 1031 1230 antiqua
1067 1158 1459 1228 suppeditant,
1488 1155 1832 1211 testimoniis

208 1246 595 1301 manifestum
620 1251 723 1313 est,
742 1263 1070 1317 prazconem
1089 1247 1295 1301 Christi
1327 1245 1529 1316 egerit,
1563 1244 1829 1300 dubitan-

220 1335 363 1388 dum
380 1352 496 1389 non
517 1336 766 1405 est,quin
784 1352 1084 1390 sermones
1140 1335 1336 1401 etiam,
1372 1351 1515 1406 quos
1543 1333 1615 1388 ad
1646 1349 1829 1404 popu-

206 1424 337 1478 lum
371 1424 1233 1489 dixit,concinnarit.Quodcum
1265 1424 1344 1477 ita
1370 1424 1461 1489 sit,
1499 1424 1718 1476 nonest
1740 1439 1829 1475 sa-

210 1529 289 1566 ne
317 1512 916 1579 cur,obsermonuma
948 1513 1004 1567 S.
1039 1515 1327 1578 Brunone,
1362 1511 1649 1582 Signiensi
1682 1510 1828 1581 epis-

208 1619 382 1673 copo,
418 1603 873 1673 compositorum
936 1603 1390 1667 multitudinem,
1439 1600 1568 1655 huic
1620 1599 1827 1670 potius,

210 1705 393 1760 quam
413 1689 667 1743 Brunoni
683 1692 877 1744 nostro
907 1690 1291 1744 attribuamus
1331 1688 1514 1742 editos
1530 1687 1701 1757 hujus
1725 1701 1828 1739 no-

1786 322 1967 378 ACTA

1855 453 1910 509 Α
1936 466 2049 503 non
2086 449 2362 513 videatur,
2394 464 2520 520 qum
2570 449 2627 501 in
2686 447 2808 502 aliis
2849 447 3041 503 Sancti
3071 448 3358 519 operibus,
3411 449 3539 520 styli

3430 327 3536 379 438

1931 537 2098 604 ratio;
2119 537 2541 608 aliquantulum
2560 536 2717 590 enim
2737 536 3019 591 diversam
3062 537 3119 590 in
3147 536 3382 591 diversis
3403 537 3537 591 scri-

1930 624 2145 694 ptionis
2177 624 2629 696 generibusstyli
2656 625 2945 679 rationem
2972 626 3043 679 ab
3072 642 3184 680 uno
3217 626 3541 696 eodemque

1930 714 2206 786 scriptore
2238 716 2479 770 subinde
2511 715 2793 781 adhiberi,
2829 716 2965 787 quid
3010 716 3226 770 mirum
3257 717 3284 770 ?
3332 717 3544 770 Verum

1931 804 2308 874 quandonam
2342 820 2643 859 sermones
2690 804 2814 858 illos
2843 804 3083 859 Sanctus
3111 803 3545 875 composuerit?

1932 892 2074 946 Cum
2102 894 2553 959 exhortationes,
2574 910 2714 964 quas
2741 894 3227 963 complectuntur,
3247 892 3545 946 monachis

1930 984 1993 1034 ut
2010 982 2324 1051 plurimum
2357 981 2718 1048 conveniant,
2735 981 2951 1036 fuerint
2967 981 3343 1035 verosimilius
3368 980 3546 1034 iidem

1932 1069 2004 1122 ab
2027 1069 2144 1136 illo,
2181 1086 2312 1123 cum
2345 1071 2403 1123 in
2430 1087 2626 1125 eremo
2662 1087 2760 1124 seu
2794 1070 3170 1124 Carthusiana
3224 1086 3323 1123 seu
3351 1068 3543 1122 Turri-

1930 1161 2069 1211 tana
2090 1158 2213 1228 jam
2244 1159 2919 1230 versaretur,compositi,
2946 1162 3115 1230 atque
3133 1159 3206 1213 ad
3235 1159 3459 1229 eos,qui
3486 1158 3544 1212 in

1932 1246 2294 1316 disciplinam
2319 1249 2368 1319 ej
2380 1266 2439 1303 us
2457 1249 2673 1302 ibidem
2686 1266 2806 1303 sese
2824 1248 3121 1313 dederant,
3156 1247 3541 1318 pronunciati.

1931 1335 2044 1389 Nec
2084 1340 2397 1406 propterea
2428 1340 2647 1391 tamem
2676 1341 2840 1407 putes
2893 1335 3219 1390 verosimile
3252 1352 3368 1390 non
3424 1351 3544 1389 esse

1933 1422 2209 1479 Sanctum
2245 1429 2529 1492 nostrum,
2566 1443 2696 1480 cum
2746 1414 2939 1479 Remis
2970 1425 3155 1479 adhuc
3201 1427 3543 1491 versaretur,

1931 1513 2104 1567 verba
2136 1514 2206 1567 ad
2241 1515 2540 1585 populum,
2575 1517 2776 1568 contra
2808 1531 2871 1567 ac
2904 1530 3065 1567 num.
3095 1516 3187 1580 95,
3223 1512 3544 1579 docuimus,

1931 1617 2189 1673 unquam
2225 1602 2458 1656 fecisse:
2490 1602 2595 1656 etsi
2629 1603 2786 1656 enim
2803 1602 3055 1667 Latinos,
3083 1601 3153 1655 de
3185 1601 3388 1672 quibus
3428 1600 3541 1667 hic,

1931 1706 2229 1745 sermones
2246 1695 2377 1745 tunc
2402 1691 2830 1745 verosimillime
2850 1691 3003 1745 haud
3018 1690 3305 1755 habuerit,
3328 1690 3543 1744 habere

212 1777 375 1831 mine
393 1794 711 1842 sermones,
747 1777 842 1849 qui
871 1778 1067 1843 titulis,
1086 1780 1498 1849 argumentum
1527 1774 1682 1846 quod
1714 1777 1828 1827 tra-
1856 1780 1908 1836 B
1928 1781 2116 1848 potuit
2148 1780 2306 1845 alios,
2340 1779 2618 1834 idiomate
2647 1779 2864 1851 vulgari
2896 1781 3215 1845 contextos,
3247 1777 3344 1849 qui
3365 1778 3541 1832 modo

210 1868 375 1919 ctant
404 1866 1471 1937 exprimentibus,insolitisseuparum
1504 1862 1830 1934 vulgaribus

209 1954 369 2009 haud
402 1954 856 2025 distinguuntur.

282 2047 346 2096 Ἠ
364 2047 411 2096 1.
435 2042 655 2113 Reponi
686 2042 923 2114 quidem
944 2045 1152 2114 potest,
1178 2058 1476 2097 sermones
1500 2057 1645 2112 quos
1684 2039 1826 2094 San-

210 2134 338 2185 ctus
367 2131 442 2185 ad
500 2131 780 2202 populum
832 2132 1053 2197 habuit,
1090 2148 1209 2186 non
1241 2130 1438 2202 lingua
1483 2129 1702 2195 Latina,
1725 2128 1829 2183 sed

209 2220 491 2274 idiomate
509 2219 727 2290 vulgari
756 2220 926 2273 fuisse
946 2219 1180 2273 indubie
1201 2218 1642 2289 conscriptos,ac
1660 2216 1825 2287 proin

208 2324 280 2362 ex
304 2308 517 2362 horum
557 2325 701 2379 quos
730 2308 1092 2363 concinnarit
1126 2307 1517 2373 multitudine,
1576 2321 1680 2377 pro
1707 2321 1824 2359 ser-

211 2396 489 2451 monibus
506 2396 703 2450 Latine
734 2395 1092 2466 conscriptis,
1122 2396 1193 2450 de
1215 2396 1420 2466 quibus
1448 2394 1539 2448 hic
1572 2394 1825 2465 disputa-

212 2483 425 2551 mus,ei
455 2484 838 2538 attribuendis
867 2484 1032 2555 argui
1068 2502 1187 2538 non
1219 2500 1405 2555 posse;
1436 2498 1635 2537 verum
1668 2498 1733 2535 ex
1757 2498 1825 2536 eo

212 2573 369 2644 quod
388 2574 603 2627 multos
614 2575 805 2627 Bruno
824 2573 1100 2627 idiomate
1114 2572 1333 2643 vulgari
1346 2587 1644 2625 sermones
1657 2570 1824 2624 ador-

214 2660 802 2727 narit,multosetiam
835 2677 1142 2731 eum,quos
1181 2660 1399 2714 adsuos
1417 2659 1500 2713 vel
1520 2658 1578 2712 in
1611 2657 1830 2712 altioris

214 2749 436 2803 ordinis
470 2749 721 2803 scientiis
750 2749 945 2803 Remis
972 2749 1279 2820 discipulos
1310 2750 1395 2802 vel
1425 2748 1482 2802 in
1516 2746 1827 2801 Carthusia:

215 2836 609 2908 Calabriazque
640 2837 852 2891 eremis
884 2836 1437 2903 monachosdixerit,
1471 2835 1667 2889 Latine
1699 2851 1830 2889 con-

213 2924 497 2991 cinnasse,
548 2925 823 2980 credibile
877 2930 1139 2997 apparet.
1200 2925 1386 2989 Quare
1441 2922 1827 2996 quorumdam

212 3014 417 3068 saltem
453 3031 519 3067 ex
544 3014 613 3067 iis
642 3014 738 3085 qui
770 3015 1008 3069 nomine
1030 3015 1266 3085 ejusque
1280 3013 1638 3085 prodierunt,
1670 3027 1772 3066 nec
1796 3027 1829 3064 a

213 3102 382 3156 Petro
402 3102 654 3157 Diacono
674 3102 926 3157 Brunoni
946 3102 1233 3173 Signiensi
1264 3103 1473 3156 diserte
1506 3100 1827 3154 attribuun-

214 3192 326 3251 tur,
356 3206 561 3244 revera
577 3191 765 3261 ipsum
783 3208 904 3245 esse
939 3194 1397 3257 auctorem,vero
1423 3205 1657 3260 prorsus
1679 3187 1826 3241 absi-

212 3279 347 3333 mile
384 3296 506 3333 non
534 3284 641 3346 est,
672 3280 807 3333 licet
836 3279 1069 3334 interim
1098 3280 1156 3334 id
1187 3280 1256 3333 de
1284 3279 1554 3334 omnibus
1586 3278 1712 3343 illis,
1763 3292 1827 3330 ac

210 3367 564 3421 nominatim
580 3368 649 3422 de
677 3386 745 3423 eo
768 3368 864 3440 qui
879 3368 1031 3422 inter
1056 3367 1325 3422 undecim
1350 3367 1403 3421 ei
1426 3367 1734 3421 attributos
1749 3366 1827 3419 De

211 3455 637 3511 confessoribus
668 3473 967 3511 sermones
997 3456 1313 3511 secundum
1346 3456 1535 3510 locum
1579 3454 1824 3519 obtinet,

211 3560 537 3599 asseverare
569 3561 687 3599 non
730 3545 935 3612 ausim,
969 3545 1145 3616 quod,
1172 3543 1667 3616 quemadmodum
1688 3543 1828 3596 Mar-

210 3633 455 3700 chesius,
490 3632 549 3687 in
593 3650 694 3687 sua
714 3635 793 3688 De
854 3633 912 3687 S.
966 3635 1234 3687 Brunone
1291 3632 1531 3703 Signino
1590 3632 1824 3703 ejusque

211 3722 483 3792 operibus
502 3722 903 3777 dissertatione
925 3722 1376 3788 historica,hisce
1391 3720 1641 3791 praefixa,
1673 3723 1824 3774 recte

212 3813 396 3873 notat,
430 3810 487 3863 in
504 3811 618 3865 fine
643 3828 711 3865 ea
733 3811 1184 3881 contineat,qua3
1211 3825 1326 3864 non
1343 3809 1449 3863 nisi
1467 3827 1499 3863 a
1516 3809 1821 3875 monacho,

214 3898 936 3969 RegulamBenedictinam
955 3897 1355 3969 professo,dici
1368 3896 1615 3968 potuisse
1636 3897 1828 3951 viden-

214 3990 325 4039 tur.
368 3986 548 4040 Primi
581 3987 819 4057 quidem
867 3986 1226 4041 Carthusiani
1246 3987 1373 4056 jam
1425 3985 1558 4039 inde
1590 3985 1661 4038 ab
1693 3984 1826 4056 ipsis

217 4079 570 4136 S.Brunonis
585 4082 943 4156 temporibus
959 4080 1398 4135 S.Benedictum
1414 4082 1643 4134 Patrem
1658 4097 1823 4134 suum

218 4169 987 4240 appellavere,ejusdemque
1004 4170 1214 4227 festum
1238 4167 1481 4223 solemni
1497 4168 1610 4222 ritu
1624 4168 1824 4222 hodie-

211 4274 323 4328 que
353 4258 685 4323 celebrant;
715 4261 778 4312 ut
804 4257 1377 4327 proinde,‘etsietiam
1408 4259 1465 4310 et
1486 4256 1542 4309 in
1556 4273 1825 4311 sermone

208 4344 312 4399 illo
341 4348 564 4413 auctor,
596 4346 753 4417 quod
783 4350 984 4400 tamen
1015 4362 1131 4399 non
1156 4345 1312 4411 facit,
1368 4344 1553 4399 Patris
1586 4344 1825 4398 nomine

209 4433 628 4491 condecoraret
649 4433 707 4488 S.
742 4434 1454 4505 Benedictum,propterea
1474 4435 1673 4486 tamen
1692 4433 1827 4486 Bru-

208 4522 373 4589 noni,
409 4521 920 4578 Carthusianorum
960 4521 1295 4587 institutori,
1348 4537 1468 4575 esse
1503 4537 1639 4574 eum
1668 4523 1823 4574 certo

208 4610 684 4679 abjudicandum,
705 4610 1125 4666 consectarium
1142 4610 1405 4664 nondum
1428 4609 1597 4677 foret;
1625 4626 1825 4663 verum

205 4697 270 4752 in
301 4699 418 4751 fine
445 4698 705 4769 ejusdem
732 4716 801 4753 ea
825 4701 1106 4769 praeterea
1137 4700 1263 4752 tum
1295 4697 1365 4751 de
1392 4696 1449 4751 S.
1494 4696 1823 4762 Benedicto,

208 4791 337 4842 tum
390 4786 460 4841 de
514 4787 781 4842 domibus
832 4786 1216 4842 Benedictinis
1266 4784 1648 4857 proloquitur,
1700 4801 1827 4855 qua:

209 4874 407 4930 nescio
434 4891 508 4929 an
560 4875 619 4929 in
670 4875 856 4929 virum
903 4875 960 4930 S.
1028 4874 1320 4929 Benedicti
1372 4874 1651 4944 Regulam
1708 4888 1825 4925 non

209 4964 539 5037 professum
574 4964 860 5035 quadrare
893 4964 1057 5018 facile
1107 4962 1413 5017 admissuri
1457 4961 1572 5015 sint
1625 4977 1829 5015 omnes

208 5053 310 5127 qui
360 5052 546 5119 illum,
578 5053 649 5107 de
706 5070 819 5124 quo
870 5052 983 5119 hic,
1018 5068 1352 5106 sermonem
1405 5052 1625 5105 attente
1674 5052 1826 5104 evol-

210 5149 424 5205 verint.

282 5241 565 5296 712.Utut
590 5241 680 5306 sit,
714 5241 935 5315 aliquos
967 5238 1241 5312 equidem
1277 5256 1308 5293 e
1340 5236 1832 5309 sermonibus,qui

212 5328 431 5385 Sancto
465 5329 737 5385 nostroin
756 5345 998 5400 operum
1030 5329 1079 5399 ej
1091 5346 1152 5383 us
1172 5328 1517 5383 editionibus
1530 5329 1837 5399 supralau-

216 5418 368 5473 datis
400 5418 816 5484 attribuuntur,
849 5434 911 5472 re
937 5417 1116 5472 etiam
1172 5433 1306 5471 vera
1328 5416 1399 5471 ad
1421 5433 1556 5471 eum
1582 5416 1838 5470 fortassis

213 5507 537 5579 pertinere,
572 5523 639 5561 ex
661 5506 725 5561 iis
756 5523 884 5577 quas
906 5506 1036 5577 jam
1067 5508 1202 5559 ante
1226 5504 1435 5559 adduxi
1468 5504 1525 5558 in
1553 5503 1836 5571 medium,

217 5598 289 5656 in
315 5596 584 5655 animum
606 5594 839 5664 induco,
871 5595 975 5651 etsi
1008 5593 1245 5650 interim
1276 5591 1413 5648 iniis
1442 5595 1615 5666 plane
1634 5592 1842 5651 eadem

1930 1866 2329 1921 interciderint
2357 1872 2454 1921 aut
2485 1885 2783 1939 nunquam
2814 1867 2990 1921 etiam
3020 1867 3081 1920 in
3106 1867 3325 1920 litteras
3383 1864 3542 1919 missi

1928 1954 2163 2008 fuerint.
2198 1956 2357 2009 Idem
2390 1955 2567 2010 etiam
2615 1959 2755 2027 puta
2804 1955 2874 2010 de
2905 1954 3287 2022 sermonibus,
3321 1954 3366 2008 si
3397 1969 3540 2025 quos

1927 2043 2076 2098 forte
2099 2043 2359 2111 Sanctus,
2386 2061 2517 2098 cum
2562 2043 2620 2098 in
2649 2044 3048 2111 solitudinem,
3079 2044 3285 2098 saeculo
3314 2042 3537 2107 relicto,

1921 2132 2046 2202 jam
2074 2133 2409 2199 secessisset,
2469 2132 2543 2187 ad
2595 2133 2873 2203 populum
2920 2148 3178 2204 unquam
3227 2129 3537 2196 habuerit;

1929 2221 2082 2292 quod
2112 2238 2175 2274 re
2210 2221 2387 2275 etiam
2428 2221 2551 2291 ipsa
2574 2222 2793 2276 factum
2812 2237 2934 2276 esse
2962 2236 3095 2274 vero
3118 2219 3271 2273 haud
3297 2220 3540 2289 apparet

1928 2308 2424 2373 absimile.Quidni
2452 2308 2606 2363 enim
2629 2309 2847 2363 factum
2875 2325 2995 2363 esse
3014 2310 3188 2379 queat
3217 2309 3278 2360 ut
3299 2305 3539 2360 Sanctus

1927 2399 2143 2464 noster,
2178 2397 2281 2451 etsi
2294 2398 2422 2469 jam
2455 2397 2855 2464 eremitarum,
2884 2412 3133 2468 quorum
3161 2395 3234 2450 ad
3260 2395 3539 2465 populum

1926 2485 2099 2539 verba
2124 2486 2312 2541 facere
2358 2504 2478 2542 non
2522 2489 2626 2554 est,
2661 2486 2789 2541 vita:
2836 2485 3164 2540 institutum
3221 2485 3536 2554 amplexus,

1927 2569 2227 2628 sermones
2246 2575 2485 2629 subinde
2498 2575 2570 2629 ad
2594 2576 2873 2645 populum
2894 2573 3161 2628 habuerit
3178 2571 3346 2626 autin
3369 2571 3535 2625 itine-

1927 2662 2105 2730 ribus,
2128 2681 2254 2735 quaa
2277 2681 2343 2717 ex
2360 2664 2525 2717 dictis
2545 2664 2814 2730 confecit,
2833 2662 3000 2717 autin
3028 2661 3296 2727 ecclesiis,
3339 2675 3535 2714 eremo

1928 2769 2028 2807 seu
2051 2753 2388 2820 Turritanaa,
2414 2770 2510 2807 seu
2545 2751 2960 2818 Carthusianie,
3007 2768 3183 2822 quam
3228 2748 3534 2815 incolebat,

1928 2841 2146 2908 vicinis,
2174 2841 2366 2895 adeas
2409 2842 2481 2895 ab
2539 2840 2845 2912 episcopis,
2898 2856 3003 2911 per
3046 2840 3141 2910 pia
3188 2838 3534 2909 incensaque

1926 2930 2156 2999 Viri,cuj
2166 2947 2227 2983 us
2255 2946 2449 2984 raram
2471 2929 2597 2984 vitae
2612 2930 2977 2984 sanctitatem
2994 2930 3353 2999 perspectam
3365 2926 3538 2980 habe-

1927 3018 2089 3085 bant,
2119 3017 2345 3072 monita
2357 3017 2518 3089 gregi
2541 3017 2968 3072 sibicommisso
2989 3016 3259 3088 prodesse
3298 3013 3534 3068 volenti-

1927 3107 2353 3173 bus,evocatus?
2374 3108 2615 3162 «Multos
2632 3105 3134 3176 sermones(verba
3170 3106 3302 3158 sunt
3342 3101 3531 3173 proxi-

1928 3210 2023 3249 me
2058 3194 2295 3261 laudati,
2329 3212 2441 3266 quo
2470 3194 2679 3250 Sancto
2708 3196 3077 3265 parentatum
3108 3192 3234 3259 fuit,
3264 3189 3531 3245 Titulifu—

1928 3284 2138 3355 nebris)
2169 3284 2416 3338 faciebat
2443 3299 2546 3354 per
2574 3284 2861 3355 regiones.
2887 3305 2914 3333 ››

1933 3367 1947 3377 ’
1997 3375 2121 3427 713.
2157 3372 2269 3427 Sed
2295 3373 2415 3427 haec
2449 3372 2519 3427 de
2548 3370 3532 3443 sermonibus;quodSanctuscom-

1926 3461 2182 3531 posuerit
2196 3464 2364 3533 atque
2379 3462 2452 3516 ad
2465 3463 2743 3533 populum
2769 3461 2903 3516 disci
2909 3462 3142 3533 pulosve
3158 3476 3289 3514 suos
3307 3457 3532 3526 dixerit,

1928 3548 2254 3605 disseruisse
2297 3550 2568 3604 sufficiat.
2615 3550 2761 3604 Sunt
2793 3566 2966 3620 porro
3022 3548 3135 3603 duo
3187 3548 3372 3603 adhuc
3425 3546 3537 3601 alia

1926 3653 2123 3707 opera,
2154 3655 2279 3708 quae
2312 3637 2521 3692 Sancto
2550 3641 2748 3692 nostro
2778 3640 2988 3707 printer
2996 3637 3123 3707 jam
3155 3652 3326 3706 supra
3339 3651 3538 3689 recen-

1925 3725 2034 3779 sita
2054 3725 2443 3779 attribuuntur
2470 3725 2729 3779 Primum
2742 3725 2953 3779 horum
2974 3724 3242 3795 est,cujus
3264 3722 3536 3778 meminit

1924 3814 2258 3867 Possevinus
2290 3814 2346 3867 in
2402 3815 2695 3884 Apparatu
2741 3829 2927 3879 sacro,
2962 3828 3207 3884 operum
3240 3811 3527 3877 omnium,

1925 3919 2050 3973 quae
2084 3903 2169 3956 vel
2201 3902 2441 3956 Sanctus
2471 3918 2600 3955 vere
2618 3901 2932 3967 contexuit,
2952 3902 3040 3954 vel
3061 3901 3330 3953 contexta
3356 3898 3428 3952 ab
3461 3914 3530 3953 eo

1926 3989 2079 4044 credi
2112 4007 2145 4043 a
2185 3990 2477 4045 nonnullis
2545 3988 2779 4055 sciebat,
2836 3988 3077 4044 elencho
3131 3987 3528 4058 subjungens:

1930 4099 1958 4129 ‹‹
1981 4079 2171 4132 Exstat
2202 4082 2397 4132 autem
2416 4077 2765 4133 ms.liberDe
2792 4077 3057 4132 laudibus
3074 4077 3195 4131 vita:
3238 4074 3529 4141 solitaria},

1927 4167 1998 4221 ab
2018 4167 2224 4221 eodem
2245 4169 2510 4222 Brunone
2533 4165 3067 4237 conscriptus,apud
3084 4166 3321 4219 Paulum
3344 4165 3530 4235 Roge-

1926 4255 2099 4321 rium,
2157 4255 2619 4323 Carthusianum,
2669 4255 2981 4310 Carthusiae
3031 4254 3284 4309 Venetae.
3319 4274 3346 4301 ››
3391 4252 3533 4306 Hinc

1850 4321 1902 4378 D
1922 4344 2255 4399 Theodorus
2272 4345 2705 4411 Petreius,tuin.
2742 4344 2942 4398 omnia
2961 4343 3019 4398 S.
3038 4341 3319 4397 Brunonis
3355 4356 3536 4412 opera

1927 4433 2175 4488 Coloniae
2192 4433 2521 4505 Agrippinae
2553 4432 2749 4487 recudi
2786 4436 2933 4487 esset
2961 4435 3279 4497 curaturus,
3318 4429 3533 4484 librum

1925 4521 2109 4585 illum,
2144 4538 2256 4592 quo
2290 4538 2405 4575 una
2448 4538 2577 4574 cum
2619 4521 2772 4575 hisce
2814 4519 3271 4589 imprimeretur,
3316 4517 3533 4572 habere

1928 4609 2279 4677 desiderans,
2298 4609 2354 4663 in
2374 4609 2773 4676 Carthusiana,
2806 4625 2981 4680 quam
3000 4607 3537 4675 adornavit,Biblio-

1927 4698 2093 4752 theca
2123 4715 2254 4770 pag.
2290 4700 2377 4764 33,
2411 4697 2764 4752 enumeratis
2785 4697 3055 4752 omnibus
3093 4714 3219 4769 quas
3250 4695 3537 4751 Brunonis

1928 4804 2047 4841 esse
2074 4787 2313 4858 putabat
2345 4786 2632 4856 operibus,
2667 4786 2877 4856 adjecit
2902 4803 2914 4840 :
2943 4808 2970 4835 «
3004 4784 3216 4849 Quibus
3246 4784 3535 4856 (operibus

1929 4892 2142 4948 nempe
2173 4893 2207 4929 a
2229 4876 2493 4929 Brunone
2535 4875 2886 4946 compositis)
2932 4874 3266 4929 Possevinus
3289 4872 3449 4927 addit
3474 4871 3538 4925 li-

1928 4966 2098 5019 brum
2125 4965 2203 5018 De
2226 4964 2488 5018 laudibus
2512 4963 2636 5018 vitm
2666 4963 3135 5033 solitariae,quem
3158 4961 3295 5017 dicit
3318 4961 3537 5014 Veneta

1930 5052 1988 5107 in
1998 5052 2294 5108 Carthusia
2308 5053 2460 5123 apud
2479 5054 2718 5107 Paulum
2735 5052 3288 5123 Rogeriummostra:
3299 5047 3535 5103 familiae

1932 5142 2306 5215 Religiosum,
2343 5144 2799 5213 manuscriptum
2835 5140 3273 5211 asservari;quo
3311 5138 3535 5193 utinam

1934 5233 2107 5304 potiri
2134 5231 2359 5287 liceret!
2392 5235 2454 5287 ut
2499 5231 2777 5287 nimirum
2801 5230 2969 5285 simul
3019 5245 3151 5282 cum
3179 5227 3399 5282 cazteris
3419 5227 3541 5282 Divi

1939 5321 2219 5376 Brunonis
2249 5321 2537 5392 operibus,
2560 5318 2812 5391 jamjam
2836 5334 2939 5389 per
2963 5333 3069 5371 nos
3087 5317 3158 5372 de
3180 5314 3543 5387 superiorum

1936 5411 2229 5465 voluntate
2262 5409 2586 5464 revidendis
2616 5406 3082 5475 recudendisque
3100 5408 3258 5476 prelo
3285 5403 3550 5457 commit-

1940 5501 2114 5554 tatur.
2155 5519 2183 5546 »
2219 5497 2372 5552 Libri
2427 5510 2655 5569 quoque
2682 5493 2779 5552 De
2807 5495 2932 5551 vita:
2963 5494 3233 5549 solitariae
3264 5490 3551 5555 laudibus,

1947 5587 2046 5663 qui
2076 5586 2230 5659 apud
2267 5587 2511 5645 Paulum
2552 5585 2909 5653 Rogerium,
2964 5581 3274 5640 Carthasim
3326 5578 3567 5635 Veneta:
