4014 6052
430 356 534 419 tae

1302 354 1361 415 8.
1386 348 1730 415 BRUNONIS
1772 352 2408 415 CARTHUSIANORUM
2443 350 2912 412 INSTITUTORIS

3622 354 3729 412 440

396 489 725 553 alumnum,
760 470 1102 552 asservatur,
1133 502 1164 540 e
1196 485 1503 541 Possevino
1544 484 1603 541 in
1633 486 1748 541 suis
1790 486 1847 542 in
1881 504 2021 543 con-
2036 486 2091 544 Α,
2123 484 2459 540 firmitatem
2491 503 2525 541 a
2550 488 2762 543 comite
2801 482 3047 555 Rogerio
3068 499 3137 537 ex
3167 482 3528 554 aegritudine,
3554 499 3585 537 e
3618 500 3733 555 qua

396 579 617 631 textam
651 592 684 629 a
715 575 879 631 Surio
911 575 969 629 8.
1003 575 1288 631 Brunonis
1306 576 1494 631 Vitam
1528 577 2017 632 Annotationibus
2118 573 2455 641 obiit,Mileti
2479 576 2886 640 decumbente,
2908 573 3165 643 diploma
3199 571 3441 637 aliud,in
3464 588 3577 643 quo
3608 573 3732 627 haec

400 679 536 735 pag.
570 666 695 727 251,
721 662 998 718 Surianus
1036 663 1324 718 meminit.
1346 664 1559 718 Verum
1589 681 1721 719 cum
1755 666 2013 720 Petreius

401 769 491 819 ea,
524 751 793 823 quaejam
828 751 963 815 dixi,
998 750 1055 805 in
1089 755 1358 807 contexta
1387 770 1519 817 ase,
1564 770 1832 824 annoque
1871 755 2007 808 1609

396 840 550 913 typis
575 842 806 912 vulgata
836 840 1056 896 ordinis
1087 841 1505 896 Carthusiensis
1527 842 1883 913 Scriptorum
1918 843 2007 897 Bi-

392 928 684 984 bliotheca
708 929 767 983 in
790 929 1011 984 litteras
1033 930 1246 998 mittat,
1267 947 1372 985 nec
1390 934 1588 985 tamen
1615 930 2006 1003 laudatus,qui

397 1035 432 1073 a
463 1018 731 1072 Brunone
762 1017 1002 1088 scriptus
1031 1019 1121 1086 sit,
1156 1020 1234 1074 De
1268 1018 1395 1073 vitae
1427 1019 1697 1074 solitaria:
1742 1020 2007 1074 laudibus

396 1105 813 1161 liberinlucem
835 1094 1132 1172 hactenus,
1154 1107 1309 1177 quod
1326 1107 1704 1173 sciam,fuerit
1724 1108 2001 1178 prolatus,

397 1193 877 1261 multumdubito,
892 1212 966 1249 an
987 1212 1185 1249 errore
1204 1196 1426 1249 factum
1448 1212 1567 1250 non
1589 1196 1680 1262 sit,
1702 1198 1765 1251 ut
1782 1196 1997 1250 librum

398 1282 561 1337 illum
593 1299 700 1337 ms.
730 1282 885 1353 apud
911 1284 1155 1337 Paulum
1186 1283 1520 1355 Rogerium,
1549 1285 1864 1339 Barthusize
1897 1285 2004 1337 Ve-

400 1373 550 1425 netae
580 1371 926 1439 allumnum,
991 1374 1210 1426 exstare
1250 1372 1594 1427 existimarit
1647 1372 2004 1428 Possevinus.

471 1462 597 1516 714.
632 1460 780 1524 Quid
806 1460 851 1515 si
876 1460 1028 1531 apud
1060 1462 1301 1515 Paulum
1335 1461 1648 1533 Rogerium
1679 1462 1826 1516 liber
1851 1462 2007 1533 quis-

399 1549 557 1621 piam
600 1549 898 1617 exstiterit,
955 1551 1226 1621 opuscula
1276 1552 1576 1618 nonnulla,
1634 1550 1691 1605 S.
1754 1551 2009 1605 Brunoni

401 1638 778 1695 Carthusiano
805 1638 1100 1706 attributa,
1155 1641 1571 1710 complectens,
1604 1639 1794 1711 eique,
1853 1639 2010 1710 quod

395 1729 698 1800 epistolam
731 1744 959 1800 quoque
985 1746 1018 1783 a
1048 1728 1256 1783 Sancto
1274 1728 1347 1783 ad
1368 1729 1733 1799 Radulphum
1754 1728 2008 1782 Viridem

2114 662 2451 733 singillatim
2496 665 2918 736 exprimuntur,
2955 659 3281 733 postulavit,
3344 661 3725 732 princepsque

2112 749 2385 821 singulari
2405 768 2506 805 suo
2538 752 2595 805 in
2612 752 3007 805 S.Brunonem
3036 751 3336 815 amore,ut
3349 747 3731 803 dubitandum

2112 855 2230 893 non
2262 843 2521 911 apparet,
2557 858 2672 895 non
2707 857 2913 912 parum
2961 838 3033 892 ad
3066 837 3123 891 id
3166 837 3729 908 impellente,postu-

2110 927 2311 982 lationi
2338 929 2460 999 ejus
2507 947 2769 984 annuens
2797 929 3077 1000 diploma,
3136 926 3305 997 quale
3337 924 3385 979 is
3435 926 3725 998 cupiebat,

2109 1014 2411 1087 impertiit.
2447 1017 2639 1071 Exstat
2671 1017 2748 1083 id,
2797 1017 2897 1071 sed
2937 1014 3124 1080 initio,
3181 1016 3463 1085 quantum
3494 1014 3725 1084 opinor,

2110 1104 2403 1171 mutilum,
2437 1106 2590 1176 apud
2642 1105 2952 1160 Surianum
3014 1103 3073 1157 in
3124 1101 3612 1156 Annotationibus
3656 1103 3729 1157 ad

2110 1192 2497 1264 conscriptam
2527 1211 2560 1248 a
2591 1192 2755 1247 Surio
2790 1191 2980 1247 Sancti
3011 1190 3200 1245 Vitam
3232 1206 3365 1261 pag.
3402 1193 3510 1246 234
3538 1192 3596 1245 et
3635 1207 3724 1246 se-

2112 1281 2443 1351 quentibus.

2182 1370 2306 1423 716.
2340 1368 2500 1423 Hisce
2529 1368 2717 1424 verbis
2747 1369 3098 1441 concipitur:
3124 1390 3149 1418 «
3168 1368 3296 1422 Haec
3327 1369 3460 1421 sunt
3480 1367 3726 1423 nomina

2110 1458 2169 1509 et
2196 1455 2364 1511 lineae
2380 1473 2675 1511 servorum
2694 1461 2752 1511 et
2770 1457 3114 1511 villanorum
3140 1459 3375 1509 centum
3393 1456 3722 1523 duodecim,

2111 1544 2207 1615 qui
2236 1544 2453 1600 inventi
2484 1549 2761 1600 suntcum
2783 1544 2982 1615 Sergio
3013 1543 3308 1615 proditore
3339 1543 3397 1598 in
3425 1543 3723 1599 obsidione

2110 1632 2353 1688 civitatis
2380 1634 2587 1705 Capuae
2612 1634 2884 1688 Kalendis
2909 1633 3116 1699 Martii,
3159 1632 3577 1687 lncarnationis
3607 1634 3721 1687 Do-

2109 1720 2253 1773 mini
2279 1738 2433 1775 anno
2452 1721 2759 1775 millesimo
2776 1720 3154 1791 nonagesimo
3178 1719 3724 1786 octavo,indictione

398 1816 693 1887 scriptam,
726 1815 784 1869 in
818 1817 1224 1886 quanonnulla
1249 1816 1306 1870 in
1327 1816 1456 1870 vitae
1487 1817 1754 1872 solitariae
1777 1817 2007 1872 laudem
2033 1812 2085 1871 B
2111 1812 2286 1875 sexta,
2326 1826 2474 1880 quos
2510 1825 2618 1880 ego
2663 1808 2962 1879 Rogerius,
2998 1807 3273 1887 Calabriae
3304 1811 3363 1861 et
3387 1806 3588 1861 Siciliae
3618 1822 3726 1877 per

399 1907 957 1971 commemorantur,
991 1904 1337 1971 contineret,
1371 1905 1572 1960 titulus
1600 1905 1731 1961 libri
1760 1908 1840 1961 De
1880 1906 2008 1960 vitae

397 1992 667 2047 solitariae
698 1991 962 2048 laudibus
999 1992 1173 2047 fuerit
1215 1993 1521 2064 ascriptus?
1554 1996 1741 2066 Atque
1784 1996 1906 2049 haec
1938 1995 2008 2049 de

396 2081 586 2153 primo
606 2098 637 2135 e
663 2081 884 2136 duobus
912 2081 1200 2151 operibus,
1227 2098 1353 2153 qua
1404 2082 1463 2135 in
1497 2099 1763 2154 operum,
1798 2083 2007 2138 Sancto

396 2169 832 2235 attributorum,
865 2169 1215 2224 editionibus
1228 2187 1345 2224 non
1388 2173 1602 2237 sunt,et
1616 2174 1814 2225 tamen
1839 2171 1912 2236 ei,
1947 2172 2009 2223 ut

387 2258 515 2330 jam
548 2256 770 2325 monui,
803 2274 837 2311 a
867 2258 1160 2312 nonnullis
1190 2258 1553 2313 ascribuntur
1583 2277 1597 2327 ;
1646 2259 1801 2330 quod
1832 2258 2006 2313 modo

394 2348 469 2404 ad
494 2347 810 2402 secundum
843 2364 911 2401 ex
938 2347 1093 2401 hisce
1128 2347 1402 2418 pertinet,
1438 2348 1626 2402 oratio
1666 2348 1787 2403 haec
1815 2351 1901 2401 est
1933 2347 2006 2401 ad

392 2436 586 2492 Jesum
618 2435 974 2502 crucifixum,
1009 2452 1043 2489 a
1066 2436 1298 2490 vocibus
1326 2436 1519 2490 hisce:
1553 2458 1580 2486 «
1615 2438 1763 2490 Ante
1812 2436 2004 2490 oculos

393 2524 1019 2595 tuos,Domine,culpas
1038 2528 1262 2580 nostras
1283 2525 1543 2592 ferimus,
1559 2546 1587 2574 »
1616 2524 2000 2596 etc.,incepta,

397 2630 573 2687 quam
598 2613 882 2684 Meleager
912 2612 1260 2679 Pentimalli,
1293 2613 1450 2668 brevi
1479 2631 1513 2668 a
1544 2631 1603 2669 se
1642 2613 1999 2683 conscriptae,

394 2718 666 2773 annoque
703 2704 840 2757 1622
866 2701 1016 2771 typis
1044 2700 1321 2756 Romanis
1340 2703 1584 2774 vulgatae
1613 2701 1669 2756 S.
1720 2701 2003 2755 Brunonis

392 2790 533 2845 Vitae
561 2789 823 2861 praefixit,
858 2789 1323 2861 Sanctoquebuic
1366 2789 1873 2845 Carthusianorum
1892 2790 2007 2843 Ins-

392 2878 616 2934 titutori
645 2877 923 2933 attribuit.
955 2877 1189 2945 Verum,
1224 2878 1414 2951 inquit
1443 2879 1564 2933 fere
1604 2881 1887 2949 quantum
1933 2876 2006 2931 ad

392 2968 776 3024 substantiam
808 2968 866 3022 in
884 2985 986 3023 sua
1011 2968 1081 3022 de
1115 2966 1171 3021 8.
1204 2968 1473 3022 Brunone
1495 2967 1744 3021 Historia
1769 2984 1869 3021 seu
1883 2965 2008 3019 Vita

389 3054 1091 3127 Zannottius,saepiusjam
1121 3071 1294 3126 supra
1314 3054 1596 3121 laudatus,
1632 3055 1884 3108 multum
1915 3052 2007 3107 hic

391 3149 548 3201 errat
573 3144 990 3212 Pentimallius,
1039 3160 1171 3198 cum
1205 3143 1390 3198 oratio
1448 3143 1567 3210 illa,
1609 3145 1673 3196 ut
1724 3140 2007 3195 Antonius

391 3233 665 3307 Maggius,
694 3232 1147 3304 Augustinianus
1179 3230 1640 3297 Bononiensis,in
1660 3246 1834 3300 opere
1853 3229 2007 3299 quod

393 3339 548 3378 anno
576 3325 713 3377 1700
737 3321 888 3393 typis
908 3321 1091 3387 editit,
1126 3321 1438 3391 probatum
1452 3319 1569 3384 dat,
1602 3318 1659 3373 S.
1689 3317 2005 3389 Augustino

392 3411 569 3465 vitate
598 3408 971 3480 Hipponensi,
1003 3408 1164 3479 cujus
1191 3408 1489 3478 episcopus
1527 3410 1652 3461 erat
1690 3408 1747 3460 et
1777 3424 1811 3460 a
1836 3407 2005 3459 Wan-

392 3497 537 3554 dalis
567 3498 825 3569 undique
854 3497 1103 3563 obsessa,
1139 3496 1313 3549 fuerit
1364 3494 1705 3565 composita,
1763 3509 1876 3565 quo
1941 3510 2009 3547 ea

393 3590 453 3642 et
480 3602 721 3659 gregem
751 3584 856 3640 sibi
887 3584 1267 3640 commissum
1308 3584 1382 3639 ad
1415 3583 1673 3638 divinum
1735 3581 2007 3636 auxilium

394 3674 829 3747 implorandum
847 3673 1219 3741 animaret,et
1242 3672 1479 3744 propria
1493 3688 1596 3726 sua
1623 3673 1858 3742 peccata
1873 3673 2007 3724 ante

395 3764 740 3820 Cruciﬁxum
773 3762 1108 3835 genuﬂexus
1163 3777 1361 3816 amare
1400 3762 1720 3832 plangeret.
1758 3759 1883 3812 Alia
1936 3758 2006 3812 de

393 3852 681 3926 Operibus,
714 3868 841 3923 qua:
870 3852 960 3906 vel
990 3849 1181 3906 Sancti
1210 3850 1344 3917 sint,
1374 3850 1463 3903 vel
1488 3849 1541 3903 ei
1596 3847 2004 3911 attribuantur,

393 3942 640 3997 dicenda
670 3957 788 3997 non
820 3939 1076 4006 invenio,
1108 3955 1173 3994 ac
1191 3937 1361 4009 proin
1394 3937 1467 3991 ad
1490 3936 1623 4003 alia,
1640 3952 1767 4007 quae
1781 3934 1853 3988 ad
1870 3949 2005 3987 eum

393 4031 708 4102 pertinent,
729 4030 859 4100 jam
885 4043 1156 4099 propero.

395 4172 424 4239 §
453 4167 632 4224 XLIV.
654 4166 980 4239 Benevolum
1012 4169 1243 4220 z'nterum
1263 4182 1389 4239 erga
1422 4182 1475 4239 se
1498 4162 1732 4239 Sanetus
1758 4165 2001 4239 comitem

463 4241 811 4311 Rogerium.
840 4238 1125 4311 decretorio
1192 4235 1373 4311 morbo
1423 4235 1546 4311 jam
1589 4235 2001 4311 decumbenfegn,

462 4306 758 4381 ε-τρενίτιινι
790 4309 1032 4381 hancque
1073 4307 1260 4381 demde
1309 4309 1421 4381 vita
1448 4307 1700 4381 functum
1737 4306 2003 4381 h‘aud_du_-_

2111 1896 2209 1951 Dei
2239 1898 2594 1952 voluntatem
2620 1913 2832 1963 comes,
2867 1912 2973 1967 pro
3028 1895 3329 1961 miraculo,
3364 1895 3518 1965 quod
3574 1896 3726 1949 Deus

2111 1984 2381 2056 dignatus
2425 1989 2510 2039 est
2533 1984 2675 2039 mihi
2706 1984 3003 2039 visibiliter
3033 1983 3337 2039 ostendere
3364 1983 3726 2038 orationibus

2112 2072 2463 2127 B.Brunonis
2479 2072 2552 2126 ad
2578 2074 2823 2127 salutem
2857 2071 3115 2126 ﬁdelium
3137 2070 3723 2142 Christianorum,qui

2110 2177 2341 2214 mecum
2364 2163 2553 2226 erant,
2577 2163 2634 2214 et
2656 2176 2872 2227 meam,
2909 2158 3115 2214 donavi
3146 2159 3332 2212 eidem
3348 2160 3411 2213 P.
3444 2157 3721 2224 Brunoni,

2110 2250 2344 2320 ejusque
2378 2249 2794 2303 successoribus
2827 2265 2943 2302 non
2989 2249 3170 2302 solum
3203 2247 3374 2317 ipsos,
3408 2248 3506 2302 sed
3547 2246 3723 2302 etiam

2106 2337 2253 2392 filios
2301 2338 2557 2392 filiorum
2589 2354 2827 2392 suorum
2858 2354 3035 2408 usque
3066 2337 3126 2391 in
3184 2338 3627 2407 sempiternum,
3662 2336 3721 2390 in

2108 2443 2299 2481 servos
2328 2429 2638 2497 perpetuos
2666 2430 2724 2480 et
2772 2426 3014 2480 villanos
3062 2442 3193 2479 cum
3253 2425 3525 2480 omnibus
3554 2425 3722 2480 bouis

2107 2530 2312 2568 eorum
2344 2514 2652 2569 mobilibus
2674 2517 2731 2569 et
2762 2514 3078 2580 stabilibus,
3100 2513 3309 2568 habitis
3331 2517 3388 2567 et
3419 2513 3719 2580 habendis,

2106 2602 2317 2673 ubique
2342 2603 2603 2656 locorum
2626 2602 2975 2669 sistentibus,
3009 2602 3398 2673 cujuscunque
3429 2601 3543 2654 sint
3585 2601 3724 2655 artis

2107 2689 2220 2744 sive
2248 2690 2487 2761 negotii,
2535 2691 2649 2745 sive
2690 2690 3025 2753 marinarii;
3090 2707 3232 2761 quos
3277 2689 3607 2760 proditurus
3653 2706 3723 2744 ex

2106 2778 2395 2833 sententia
2424 2778 2673 2833 interfici
2713 2779 2947 2833 diversis
2975 2778 3284 2849 generibus
3309 2777 3720 2850 suppliciorum

2107 2867 2553 2935 damnaveram;
2585 2867 2684 2921 sed
2710 2868 2782 2921 ad
2814 2867 3156 2938 petitionem
3180 2866 3313 2921 dicti
3344 2867 3404 2920 P.
3439 2865 3723 2920 Brunonis

2107 2958 2232 3009 tum
2259 2954 2340 3009 eis
2370 2959 2621 3010 mortem
2652 2955 3037 3027 perniciosam
3067 2953 3318 3025 peperci;
3354 2958 3411 3008 et
3438 2954 3513 3008 ad
3537 2954 3720 3008 eccle-

2107 3042 2323 3097 siarum
2358 3045 2418 3097 Β.
2451 3044 2639 3099 Mariae
2692 3044 2762 3098 de
2813 3060 3010 3098 eremo
3040 3046 3099 3096 et
3127 3044 3186 3097 Β.
3238 3041 3722 3114 prothomartyris

2107 3130 2383 3201 Stephani
2399 3132 2649 3203 obligavi
2680 3133 3298 3204 perpetuasservitutes
3325 3133 3383 3184 et
3409 3130 3719 3197 villanigia,

2108 3221 2165 3273 et
2186 3218 2321 3273 inde
2344 3219 2469 3273 fieri
2500 3219 2607 3274 feci
2659 3218 3106 3290 chirographum
3161 3217 3313 3288 apud
3358 3217 3722 3288 Squillatium

2108 3323 2241 3360 cum
2271 3306 2582 3362 donatione
2615 3323 2793 3377 qnam
2821 3307 2931 3361 feci
2965 3306 3035 3360 de
3060 3305 3414 3360 monasterio
3446 3305 3502 3359 8.
3526 3303 3722 3359 Jacobi

2110 3395 2181 3450 de
2200 3395 2499 3449 Muntauro
2531 3400 2589 3449 et
2616 3396 2925 3449 tenimenti
2966 3395 3070 3449 sui.
3107 3395 3219 3450 Sed
3247 3411 3451 3450 eorum
3484 3393 3726 3449 nomina

2109 3486 2166 3538 et
2180 3483 2362 3538 lineas
2397 3502 2515 3539 non
2546 3484 2834 3539 habentur
2864 3484 2923 3537 in
2954 3484 3163 3538 eodem
3194 3483 3601 3555 chirographo.
3633 3483 3724 3537 Ad

2106 3572 2448 3643 petitionem
2480 3576 2675 3627 autem
2701 3573 2761 3626 F.
2794 3570 3052 3638 Lanvini,
3108 3571 3322 3625 Prioris
3373 3570 3626 3625 ecclesias
3658 3569 3718 3625 S.

2110 3661 2407 3732 Stephani,
2442 3661 2548 3716 isto
2582 3660 2880 3733 privilegio
2904 3660 3047 3730 jussi
3080 3660 3216 3732 poni
3270 3659 3330 3713 in
3370 3659 3719 3715 memoriam

2108 3750 2548 3819 sempiternam,
2583 3753 2641 3803 et
2685 3750 2807 3803 haec
2838 3748 3079 3802 nomina
3108 3751 3166 3801 et
3214 3747 3382 3802 linem
3432 3748 3719 3803 dictorum

2108 3853 2402 3892 servorum
2426 3842 2483 3891 et
2511 3838 2872 3891 villanorum.
2906 3856 2934 3885 ››

2178 3926 2587 3997 717.Rogerius
2610 3925 2785 3980 modo
2825 3924 3201 3991 familiarum,
3231 3941 3371 3996 quas
3398 3924 3455 3978 in
3478 3924 3719 3979 servitu-

2104 4017 2226 4069 tem
2258 4018 2599 4087 perpetuam
2629 4014 2685 4069 S.
2720 4014 2975 4069 Brunoni
3007 4014 3244 4085 ejusque
3304 4014 3719 4089 spccessoribus

2060 4104 2069 4113 “
2106 4102 2283 4170 dedit,
2338 4104 2581 4158 nomina
2624 4106 2906 4171 recenset,
2949 4119 3100 4174 quae,
3154 4102 3251 4173 qui
3286 4103 3437 4157 volet
3467 4101 3725 4157 inveniet

2103 4191 2229 4246 loco
2261 4191 2494 4247 citatato
2526 4192 2679 4264 apud
2707 4191 3141 4262 Surianum,qui
3171 4188 3361 4261 primo
3393 4190 3627 4262 quidem
3655 4192 3716 4246 in

2102 4278 2313 4333 horum
2348 4281 2647 4347 nonnulla,
2693 4296 2820 4351 quae
2869 4278 3220 4345 transcribit,
3272 4278 3353 4332 ita
3399 4279 3712 4333 observat:

463 4366 1012 4452 ddinpost'sequitur,
1047 4379 1374 4452 conﬁrmatis
1404 4366 1459 4452 ei
1483 4384 1640 4452 qntea
1680 4395 1712 4431 a
1743 4376 2007 4452 Paschalz:
2025 4376 2078 4434 D
2104 4391 2132 4418 «
2163 4367 2413 4423 Nomina
2437 4369 2645 4423 barum
2667 4368 3020 4423 familiarum
3042 4366 3566 4436 impraesentiarum
3587 4382 3719 4438 per-

454 4447 1003 4524 papddonqtibnibus
1026 4450 1293 4524 omnibus,
1335 4449 1758 4519 privilegiisque,
1789 4465 1904 4521 qua:
1924 4447 2007 4502 vel

462 4520 495 4579 ἱι
518 4520 705 4579 demite
731 4522 961 4593 Rogerio
986 4520 1069 4593 vel
1087 4521 1155 4575 ab
1185 4520 1305 4574 aliis
1337 4526 1625 4591 acceperat.

463 4645 793 4703 7l5.Milites
815 4643 1143 4717 omnes,qui
1159 4645 1218 4699 in
1256 4642 1558 4699 obsidione
1602 4642 1872 4715 Capuana
1897 4643 2006 4697 Ro-

391 4735 618 4810 gerium
639 4733 1249 4801 comitem,dominum
1264 4748 1431 4788 suum
1442 4731 1745 4803 ,Capuanis
1754 4731 2002 4803 prodere

387 4821 1005 4894 voluerant,captique,
1027 4838 1158 4876 cum
1172 4818 1518 4892 proditionis
1531 4818 1829 4874 consilium
1845 4835 2003 4873 exse-

388 4912 605 4969 cutioni
628 4912 877 4983 jamjam
910 4913 1101 4965 essent
1150 4907 1461 4975 madaturi,
1514 4906 1765 4974 fuerant,
1795 4906 2002 4961 Sancto

384 5004 586 5056 nostro
633 4998 726 5054 hic
754 4998 814 5053 in
845 4997 1181 5054 servitutem
1212 4999 1584 5068 perpetuam,
1644 4995 1809 5062 dato,
1847 4995 2003 5065 quod

386 5090 417 5158 §
451 5088 644 5143 XXXIX
675 5087 969 5158 integrum
1007 5086 1129 5140 fere
1161 5084 1418 5149 recitavi,
1459 5083 1797 5153 diplomate,
1847 5099 1999 5137 anno

390 5176 526 5231 1099
549 5192 616 5230 ex
642 5174 808 5230 dictis
831 5175 955 5245 jam
1002 5172 1343 5237 tradiderat;
1398 5186 1598 5223 verum
1641 5186 1774 5223 cum
1800 5169 1859 5222 in
1892 5170 2000 5224 hoc

383 5263 745 5336 singulorum
785 5263 1016 5317 illorum
1050 5260 1324 5322 militum,
1355 5257 1727 5328 ﬁliorumque
1767 5273 1997 5311 eorum-

385 5350 693 5423 dem,quos
707 5349 876 5404 simul
897 5349 1107 5404 Sancto
1117 5346 1553 5415 Turritanaaque
1583 5360 1780 5398 eremo
1800 5345 1858 5398 in
1876 5362 1994 5399 ser-

380 5439 626 5496 vitutem
658 5442 1000 5511 perpetuam
1036 5437 1082 5491 is
1106 5437 1373 5508 princeps
1411 5432 1631 5506 pariter
1657 5435 1792 5487 tunc
1820 5433 1994 5489 dede-

380 5530 493 5595 rat,
524 5528 768 5584 nomina
787 5543 905 5583 non
935 5529 1126 5581 essent
1148 5540 1433 5597 expressa,
1452 5520 1757 5587 Lanvinus,
1787 5537 1993 5578 mona-

378 5614 538 5676 sterii
563 5613 622 5673 S.
656 5613 935 5690 Stephani
978 5612 1163 5683 Prior,
1195 5613 1271 5669 ad
1330 5610 1619 5683 majorem
1660 5608 1992 5673 donationis

2104 4460 2481 4530 severantpro
2502 4473 2718 4529 magna
2736 4460 2921 4529 parte,
2945 4459 3002 4510 et
3019 4454 3305 4527 deguntin
3333 4454 3493 4526 pagis
3508 4470 3733 4510 mona—

2105 4546 2276 4603 sterio
2299 4546 2615 4619 (Territano
2638 4545 2853 4600 scilicet
2874 4545 2930 4598 in
2959 4544 3222 4600 Calabria
3237 4560 3335 4599 seu
3352 4542 3409 4599 S.
3434 4543 3716 4615 Stephani

2105 4636 2177 4691 de
2206 4636 2474 4708 Nemore)
2527 4634 2795 4705 subjectis
2824 4634 2883 4688 in
2937 4636 3184 4706 utroque
3215 4633 3366 4701 foro,
3427 4632 3525 4705 qui
3580 4637 3717 4689 sunt

2106 4725 2519 4797 Serra,Spatul,
2531 4722 2901 4795 Bivungium,
2924 4722 3238 4794 Gasparina
3249 4725 3307 4777 et
3325 4722 3710 4791 Montaurum,

2105 4817 2163 4868 et
2175 4813 2670 4885 inMonte-pavone
2684 4811 2742 4867 in
2757 4811 3172 4884 temporalibus
3187 4813 3417 4865 tantum
3431 4810 3709 4881 subjecto,

2105 4902 2186 4956 uti
2216 4905 2451 4973 putatur
2475 4901 2646 4956 fuisse
2678 4900 3003 4955 Olivianum
3059 4900 3146 4954 vel
3174 4900 3531 4966 Arunchum,
3562 4902 3621 4953 et
3648 4898 3710 4954 in

2104 4990 2229 5045 aliis
2248 4988 2664 5060 circumpositis
2696 4988 2860 5060 pagis
2886 4992 2944 5043 et
2965 4988 3210 5061 oppidis.
3228 4987 3504 5052 Quaedam
3527 4990 3715 5042 muta-

2102 5082 2307 5133 verunt
2321 5080 2544 5133 vocales
2563 5078 2782 5132 litteras
2807 5078 2895 5132 vel
2917 5077 3159 5149 syllabas
3187 5093 3414 5149 paucas.
3432 5097 3460 5126 »
3490 5076 3711 5131 Deinde

2100 5184 2256 5235 vero,
2289 5167 2663 5238 reliquarum,
2689 5183 2831 5237 quas
2843 5166 3053 5222 Sancto
3079 5166 3137 5220 in
3170 5166 3506 5221 servitutem
3523 5167 3710 5238 Roge-

2100 5258 2216 5311 rius
2237 5254 2776 5322 dedit,familiarnm
2790 5255 2974 5309 allatis
2988 5254 3341 5322 nominibus,
3359 5255 3707 5325 diplomatis,

2099 5363 2195 5400 seu
2224 5345 2522 5417 privilegii,
2556 5344 2716 5414 cujus
2750 5344 2876 5414 jam
2928 5344 3155 5398 initium
3202 5342 3357 5410 dedi,
3401 5342 3579 5399 finem
3609 5359 3709 5399 seu

2095 5435 2407 5491 clausulam
2440 5430 2723 5487 subnectit
2763 5448 2775 5486 :
2801 5432 2879 5487 sic
2900 5436 3097 5487 autem
3152 5432 3277 5485 haec
3301 5431 3477 5487 habet
3507 5450 3519 5488 :
3550 5455 3577 5482 «
3613 5433 3708 5487 Hae

2092 5526 2225 5579 sunt
2246 5525 2479 5577 centum
2502 5520 2818 5576 duodedim
2850 5521 3017 5576 lineae
3045 5535 3346 5575 servorum
3389 5524 3447 5574 et
3478 5521 3711 5575 villano-

2096 5627 2254 5681 rum,
2288 5625 2433 5683 quos
2455 5608 2593 5665 dedi
2624 5609 2689 5665 P.
2736 5608 2992 5667 Brunoni
3046 5610 3105 5664 et
3138 5607 3560 5667 successoribus
3584 5609 3709 5681 ejus
