4014 6052
303 255 405 310 441

1846 249 2033 312 ACTA

3514 256 3627 316 442

300 396 434 435 cum
462 381 734 436 omnibus
760 380 928 435 bonis
950 396 1176 448 eorum,
1205 378 1531 453 ubicunque
1557 380 1692 449 sint,
1721 381 1781 436 in
1800 399 1925 453 per—
1944 388 2000 446 Α
2024 381 2276 437 ecclesiae
2297 382 2560 438 B.Mariaz
2576 382 2646 437 de
2666 399 2883 451 eremo,
2904 385 2961 437 et
2973 381 3248 453 magistro
3269 382 3524 437 Brunoni
3540 400 3630 439 ca-

297 473 563 540 petuum,
595 473 655 523 et
679 469 944 524 habitent
977 470 1322 541 ubicunque;
1343 474 1401 525 et
1430 470 1469 523 ii
1501 471 1735 524 fuerunt
1759 470 1917 541 quasi

300 574 508 611 omnes
533 558 604 611 de
631 558 955 613 tenimento
973 558 1262 631 Squillacii
1295 563 1354 613 et
1370 559 1653 614 Suberati.
1670 560 1783 614 Hoc
1802 558 1917 629 pri-

295 646 584 717 velegium
606 646 879 718 scriptum
904 652 989 701 est
1006 652 1211 719 quarto
1233 647 1383 701 Junii
1403 648 1687 703 mensisin
1700 649 1917 718 capella

298 732 356 788 8.
390 734 637 800 Martini,
674 752 802 806 qua:
844 735 951 789 sita
1000 739 1086 790 est
1118 736 1177 790 in
1209 736 1405 790 medio
1438 735 1679 789 civitatis
1722 736 1912 804 Mileti,

294 821 533 877 inﬁrmo
567 824 846 877 existente
878 824 1129 879 Domino
1156 841 1286 879 meo
1318 826 1549 891 comite,
1574 842 1679 896 per
1708 842 1915 879 manus

292 912 412 967 mei
440 912 701 967 Fulconis
727 913 1007 985 capellani
1043 913 1175 967 dicti
1201 913 1684 981 dominicomitis,
1704 917 1761 967 et
1778 914 1916 968 reci-

295 1003 481 1055 tatum
513 999 572 1054 in
608 1017 860 1068 camera,
889 1001 988 1055 ubi
1014 1001 1169 1055 idem
1211 1002 1480 1056 dominus
1522 1019 1684 1056 meus
1722 1019 1915 1057 comes

294 1090 564 1144 inﬁrmus
596 1090 848 1160 jacebat,
877 1093 1161 1161 praasente
1191 1090 1431 1145 domina
1466 1108 1597 1146 mea
1640 1092 1911 1147 Adelaide

293 1178 585 1233 comitissa
633 1182 691 1232 et
729 1179 1081 1234 concedente
1119 1180 1388 1252 Malgerio
1425 1162 1646 1234 dbmini
1687 1180 1912 1235 comitis

291 1267 436 1332 ﬁlio,
467 1267 844 1337 prmsentibus
875 1269 1046 1323 Petro
1087 1268 1158 1322 de
1199 1268 1526 1336 Moritonio,
1560 1270 1810 1324 Roberto
1840 1270 1909 1324 de

292 1355 758 1426 Layna,Toraldo
774 1356 1139 1421 Carbonello,
1160 1357 1453 1427 Raynaldo
1478 1359 1547 1411 de
1572 1359 1907 1430 Climpcam,

292 1443 508 1498 Uberto
536 1444 608 1498 de
639 1443 868 1511 Selona,
890 1445 1310 1500 lncarnationis
1334 1446 1563 1500 Domini
1588 1448 1909 1501 nostriJesu

292 1530 501 1585 Christi
529 1549 683 1587 anno
706 1532 1013 1588 millesimo
1036 1534 1351 1588 centesimo
1374 1535 1909 1605 primo,indictione

290 1635 470 1673 nona.
497 1621 704 1674 Amen.
739 1627 768 1688 τι
798 1621 1077 1693 Rogerius
1108 1622 1566 1688 comes,Adelais
1599 1623 1906 1677 comitissa.

2023 472 2138 525 sale
2163 471 2517 527 Arunchium
2550 489 2680 526 cum
2713 473 2980 526 omnibus
3019 471 3379 542 pertinentiis
3404 472 3536 538 suis,
3571 475 3629 526 et

2021 576 2223 614 omnes
2255 561 2512 615 villanos.
2552 563 2787 632 Insuper
2830 560 3108 615 concessit
3148 559 3337 614 eidem
3378 558 3630 614 ecclesias

2020 649 2079 702 Β.
2107 650 2295 704 Mariae
2327 653 2383 703 et
2414 649 2752 720 supradictis
2786 649 3057 703 fratribus
3084 648 3196 702 suis
3227 648 3626 702 molendinum

2015 737 2210 791 subtus
2223 738 2614 809 Squillacium,
2631 736 3001 792 constitutum
3022 737 3095 791 ad
3117 737 3338 790 fontem
3363 736 3432 789 de
3446 734 3624 789 Alexi.

2016 826 2172 880 Hanc
2191 826 2569 881 donationem
2589 844 2785 881 rursus
2804 825 3169 881 conﬁrmavit
3192 822 3499 895 praedictus
3531 838 3626 878 co-

2016 931 2138 968 mes
2160 915 2217 967 in
2236 915 2440 986 grandi
2460 918 2517 969 et
2536 915 2931 987 peremptoria
2945 932 3046 969 sua
3065 913 3409 985 aegritudine
3430 928 3628 967 coram

2015 1002 2285 1069 Roberto,
2328 1005 2507 1057 electo
2554 1003 2931 1057 Melitensium
2967 1002 3254 1073 episcopo,
3305 1003 3364 1055 et
3407 1001 3628 1055 Joanne

2015 1090 2364 1160 Squillacino
2397 1091 2686 1163 episc0po.
2720 1112 2747 1140 »
2780 1092 2866 1145 Ab
2893 1091 3066 1157 hisce,
3093 1107 3220 1161 quae.
3239 1089 3330 1143 hic
3351 1088 3628 1143 Surianus

2012 1178 2209 1245 tradit,
2242 1196 2358 1233 non
2386 1195 2616 1250 prorsus
2643 1178 2863 1233 abludit
2880 1178 2938 1232 in
2958 1178 3216 1233 Historia:
3246 1177 3465 1232 ordinis
3488 1174 3623 1229 Car-

2010 1267 2321 1321 thusiensis
2348 1269 2657 1338 Prospectu
2691 1267 2961 1322 Camillus
2999 1266 3255 1333 Tutinus,
3291 1265 3371 1319 ita
3412 1265 3486 1319 ad
3516 1280 3619 1318 an-

2013 1372 2154 1409 num
2190 1359 2324 1411 1102
2356 1356 2607 1411 scribens
2636 1374 2649 1411 :
2688 1379 2713 1405 ‹‹
2750 1356 2957 1411 Comes
2988 1356 3261 1426 Rogerius
3290 1354 3470 1408 donat
3494 1368 3620 1407 mo-

2014 1446 2265 1500 nasterio
2292 1444 2348 1499 S.
2380 1445 2568 1499 Mariae
2601 1446 2671 1499 de
2704 1461 2925 1511 eremo,
2967 1461 3071 1498 nec
3121 1460 3241 1498 non
3282 1440 3535 1496 Brunoni
3567 1442 3625 1493 et

2013 1532 2266 1588 Lanvino
2302 1533 2603 1587 monachis
2648 1536 2705 1586 et
2734 1532 3147 1587 successoribus
3190 1531 3248 1584 in
3280 1531 3624 1602 perpetuum

2012 1620 2122 1673 tria
2148 1626 2332 1675 castra
2347 1622 2662 1687 Aruncum,
2687 1622 3202 1676 Montem-aureum
3227 1623 3283 1672 et
3301 1618 3623 1673 Olivianum

290 1707 493 1761 Petrus
537 1707 606 1762 de
637 1708 962 1763 Moritonio.
994 1710 1315 1779 Malgerius,
1352 1710 1499 1764 ﬁlius
1540 1712 1766 1765 comitis
1798 1712 1908 1765 ΗΟ·
1936 1700 1987 1758 Β
2012 1712 2069 1762 et
2100 1726 2303 1764 eorum
2337 1710 2486 1764 cives
2510 1712 2680 1780 atque
2715 1710 2949 1779 insuper
2969 1708 3369 1763 molendinum
3402 1706 3458 1760 in
3491 1704 3625 1759 civi-

287 1796 456 1867 gerii.
490 1796 774 1850 Robertus
809 1796 879 1852 de
912 1798 1126 1869 Layna.
1161 1799 1480 1853 Thoraldus
1513 1800 1905 1856 Carbonellus.

288 1884 617 1954 Raynaldus
642 1884 712 1938 de
746 1884 1082 1956 Climpcam.
1125 1887 1367 1941 Ubertus
1408 1888 1478 1941 de
1523 1887 1755 1942 Selona.
1791 1889 1908 1960 Ego

288 1972 456 2026 Fulco
475 1972 696 2026 domini
711 1972 938 2027 comitis
956 1974 1183 2045 Rogerii
1203 1976 1531 2046 capellanus
1545 1976 1614 2030 de
1633 1977 1907 2031 mandato

286 2059 409 2130 ejus
437 2060 548 2114 hoc
577 2059 941 2131 privilegium
969 2062 1166 2134 scripsi
1196 2067 1255 2116 et
1285 2080 1378 2117 me
1410 2064 1733 2135 subscripsi.
1771 2086 1798 2112 ››

355 2150 482 2203 ⁵718.
513 2148 888 2216 Morkensius,
922 2150 1019 2221 qui
1054 2150 1113 2204 in
1142 2151 1909 2224 chronologiee-diplomati~

283 2252 433 2303 eam,
471 2252 647 2308 quam
676 2236 745 2291 de
778 2236 835 2291 S.
868 2238 1137 2293 Brunene
1164 2239 1421 2309 digessit,
1450 2240 1767 2294 Diatribam
1796 2258 1903 2297 ms.

284 2321 660 2379 instrumenti
694 2325 864 2396 hujus
908 2330 1133 2398 partem
1166 2326 1381 2395 intulit,
1426 2328 1679 2400 sigillum
1723 2330 1908 2399 plum-

284 2413 461 2467 beum
478 2414 838 2485 autographo
860 2431 891 2468 e
908 2414 1085 2469 corda
1102 2432 1223 2469 esse
1255 2432 1598 2487 appensum,
1626 2434 1656 2471 e
1674 2417 1900 2485 litteris,

287 2518 427 2573 quas
459 2518 527 2555 ex
557 2502 738 2569 Italia,
764 2501 821 2556 id
842 2506 946 2570 est,
972 2520 1003 2557 e
1021 2503 1347 2569 Turritana,
1377 2505 1434 2557 ni
1458 2502 1645 2572 fallar,
1667 2505 1905 2560 Carthu—

281 2589 366 2642 sia
395 2589 703 2660 acceperit,
722 2591 1007 2658 observat,
1028 2595 1200 2662 atque
1233 2592 1585 2646 adamussim
1618 2593 1737 2647 fere
1769 2610 1900 2647 cum

282 2676 528 2732 Suriano
562 2681 684 2732 tum
723 2678 782 2732 in
815 2678 952 2733 dicti
996 2679 1367 2734 instrumenti
1409 2681 1682 2748 clausula,
1724 2698 1899 2752 quam

282 2765 572 2838 integram
598 2767 717 2835 dat,
755 2771 877 2822 tum
904 2768 963 2822 in
996 2768 1278 2839 personis,
1299 2769 1491 2823 eidem
1510 2769 1898 2825 instrumento

279 2854 634 2927 subscriptis,
668 2856 950 2911 convenit.
986 2857 1099 2910 Nec
1133 2857 1562 2912 inobservatum
1603 2858 1895 2929 relinquit,

280 2959 396 2997 non
416 2959 531 2998 uno
561 2943 884 3015 eodemque
902 2946 1078 3000 modo
1104 2962 1328 3012 eorum,
1347 2946 1444 3017 qui
1464 2946 1894 3016 diplomatibus,
1922 2977 1966 3042 ο

277 3048 404 3102 quae
428 3032 607 3099 dedit,
627 3033 1108 3105 subscripserunt,
1146 3036 1389 3089 nomina
1416 3035 1629 3106 ubique
1653 3036 1895 3103 exarari;

276 3120 439 3175 illum
467 3122 645 3189 enim,
677 3122 773 3194 qui
821 3123 1070 3194 exempli
1101 3124 1290 3195 gratia
1333 3124 1391 3177 in
1432 3142 1546 3179 uno
1581 3124 1898 3196 diplomate

277 3208 521 3263 Ubertus
551 3210 622 3264 de
658 3212 843 3265 solma
873 3216 1128 3278 vocatur,
1173 3212 1231 3266 in
1271 3214 1452 3267 altero
1498 3214 1777 3267 Ubertum
1827 3214 1898 3268 de

277 3296 491 3352 Selona
516 3302 612 3352 aut
640 3298 711 3354 de
730 3299 941 3355 Selona
958 3300 1234 3372 appellari
1258 3318 1272 3369 ;
1307 3318 1505 3356 verum
1536 3302 1713 3369 addit,
1744 3303 1899 3374 quod

274 3389 333 3438 et
346 3386 493 3439 mihi
511 3386 602 3441 hic
621 3387 934 3443 dicendum
947 3392 1050 3456 est,
1068 3406 1349 3457 sese,cum
1376 3390 1897 3445 instrumentorum

273 3473 508 3529 illorum
537 3477 897 3549 autographa
929 3478 1003 3531 ad
1033 3494 1273 3532 manum
1305 3493 1423 3531 non
1453 3478 1684 3545 habeat,
1711 3479 1899 3533 sintne

271 3563 383 3618 hoc
411 3564 499 3618 vel
526 3563 633 3619 isto
666 3565 840 3620 modo
881 3565 1121 3620 nomina
1160 3566 1259 3620 illa
1301 3566 1622 3634 scribenda,
1657 3567 1898 3622 definire

273 3668 393 3706 non
419 3667 605 3722 posse.
632 3654 818 3725 Atque
844 3655 966 3708 haec
989 3654 1226 3725 quidem
1268 3654 1329 3707 in
1362 3654 1813 3709 instrumentum
1838 3656 1901 3712 il-

272 3739 373 3794 lud
394 3741 768 3809 Morkensius;
782 3758 1003 3810 verum,
1023 3758 1155 3796 cum
1172 3742 1296 3796 ﬁeri
1320 3742 1572 3812 possitut
1587 3761 1703 3797 non
1727 3761 1899 3800 nemo

272 3828 445 3896 forte,
493 3847 567 3884 an
600 3830 899 3902 Rogerius,
935 3831 1034 3903 qui
1068 3831 1415 3902 proditionis
1450 3831 1738 3902 Capuanaa
1773 3850 1901 3888 reos

273 3918 531 3972 Brunoni
588 3919 647 3972 in
693 3919 1026 3974 servitutem
1076 3919 1340 3987 tradidit,
1395 3919 1774 3992 Sanctusque,
1803 3921 1900 3993 qui

279 4007 518 4063 eosdem
545 4009 653 4063 hoc
671 4008 846 4063 modo
869 4008 975 4063 sibi
996 4009 1197 4080 subjici
1212 4009 1495 4080 permisit,
1518 4013 1720 4064 contra
1742 4028 1903 4066 man—

273 4096 643 4155 suetudinem
656 4096 1025 4151 christianam
1040 4113 1158 4151 non
1171 4097 1664 4168 peccarit,hzereat
1676 4098 1900 4167 dubius,

274 4201 308 4238 e
339 4200 526 4253 more,
572 4185 856 4240 Brunonis
900 4188 1069 4240 aetate
1108 4185 1276 4256 justis
1321 4186 1392 4239 de
1432 4186 1615 4240 causis
1644 4191 1899 4259 recepto,

2011 1799 2128 1851 tate
2171 1798 2487 1869 Squillacii.
2541 1820 2568 1847 »
2602 1799 2835 1863 Verum,
2869 1798 3257 1868 praeterquam
3292 1794 3447 1865 quod
3474 1792 3625 1846 Tuti-

2010 1903 2117 1939 nus
2147 1887 2268 1940 haec
2294 1886 2367 1941 ad
2417 1902 2634 1940 annum
2681 1888 2833 1951 1102,
2868 1901 2980 1956 quo
3041 1901 3107 1939 ex
3151 1883 3404 1938 dicendis
3431 1896 3625 1935 comes

2010 1974 2291 2045 Rogerius
2323 1974 2449 2045 jam
2485 1973 2729 2040 obierat,
2762 1989 3070 2045 perperam
3102 1970 3338 2025 indubie
3365 1984 3622 2024 comme-

2011 2066 2222 2126 moret,
2254 2079 2370 2117 non
2402 2062 2540 2116 satis
2571 2062 2734 2131 capio
2780 2062 2877 2133 qui
2911 2077 3110 2114 verum
3156 2076 3279 2113 esse
3314 2059 3507 2129 queat,
3534 2055 3626 2110 vel

2010 2150 2121 2203 tria
2151 2155 2356 2217 castra,
2378 2154 2674 2204 Aruncum
2704 2166 2935 2219 nempe,
2979 2150 3495 2203 Montemaureum
3525 2159 3626 2198 seu

2007 2240 2390 2307 Mentaurum,
2427 2242 2483 2292 et
2532 2239 2855 2293 Olivianum
2905 2253 3020 2291 una
3069 2253 3201 2291 cum
3249 2231 3625 2306 Squillacensi

2008 2327 2368 2395 molendino,
2405 2330 2467 2381 ut
2493 2326 2732 2381 Tutinus
2780 2327 2872 2380 hic
2920 2325 3136 2390 scribit,
3164 2325 3250 2379 vel
3283 2324 3457 2379 etiam
3482 2322 3627 2375 dun-

2006 2417 2162 2471 taxat
2189 2415 2505 2470 Aruncium
2545 2419 2604 2469 et
2631 2415 2936 2485 praefatum
2966 2413 3390 2479 molendinum,
3424 2414 3487 2466 ut
3525 2409 3626 2464 Su-

2002 2504 2199 2559 rianus
2222 2508 2322 2570 ait,
2375 2503 2585 2558 Sancto
2626 2508 2822 2557 nostro
2872 2507 3001 2574 post
3061 2518 3279 2556 annum
3330 2503 3486 2567 1099,
3538 2496 3624 2553 uti

2003 2593 2176 2646 ambo
2206 2592 2264 2646 hi
2300 2592 2605 2663 scriptores
2632 2592 2891 2657 tradunt,
2917 2608 2950 2645 a
2980 2591 3189 2646 comite
3212 2589 3463 2661 Rogerio
3482 2603 3620 2643 con-

2002 2697 2157 2734 cessa
2184 2680 2438 2750 primum
2463 2680 2632 2734 fuisse
2656 2697 2670 2747 ;
2694 2680 2935 2745 etenim,
2954 2682 3017 2733 ut
3038 2679 3316 2749 diploma,
3334 2694 3496 2732 num.
3512 2678 3615 2731 637

2001 2772 2059 2822 et
2089 2785 2251 2840 seqq.
2284 2768 2614 2836 recitatum,
2650 2769 2826 2823 ﬁdem
2857 2767 3015 2833 facit,
3042 2766 3444 2822 molendinum
3476 2763 3617 2819 illud

2000 2860 2059 2910 et
2087 2857 2200 2911 duo
2224 2874 2255 2911 e
2277 2856 2460 2911 tribus
2493 2857 2659 2911 dictis
2688 2858 2906 2924 castris,
2948 2857 3306 2910 Mentaurum
3339 2853 3616 2908 nimirum

2000 2947 2059 2999 et
2087 2944 2386 2999 Olivanum
2415 2962 2514 2999 seu
2546 2945 2890 3007 Olivianum,
2916 2944 3075 2998 fuere
3117 2944 3189 2997 ab
3221 2943 3328 2996 hoc
3359 2940 3617 3012 principe

2002 3032 2058 3086 S.
2094 3033 2346 3087 Brunoni
2376 3033 2808 3105 Turritanzeque
2837 3048 3035 3087 eremo
3050 3033 3175 3102 jam
3206 3029 3340 3083 inde
3370 3029 3442 3082 ab
3460 3043 3616 3082 anno

2004 3124 2141 3176 1099
2170 3122 2399 3189 collata,
2447 3122 2818 3192 tertiumque,
2853 3121 3009 3191 quod
3048 3119 3142 3173 alii
3175 3120 3469 3171 Aruncum
3513 3131 3614 3169 seu

1998 3211 2354 3277 Arunchum,
2381 3210 2477 3264 alii
2507 3209 2822 3263 Aruncium
2857 3210 3086 3275 vocant,
3112 3207 3239 3277 jam
3272 3205 3408 3259 inde
3435 3203 3614 3258 etiam

2000 3300 2071 3353 ab
2085 3316 2238 3353 anno
2258 3298 2501 3366 1094,uti
2516 3314 2546 3352 e
2565 3297 3073 3369 diplomate,num.
3094 3298 3198 3350 582
3217 3296 3276 3349 et
3292 3292 3613 3364 binisseqq.

1999 3387 2110 3441 huc
2139 3386 2508 3458 transcripto,
2555 3386 2755 3457 liquet.
2811 3385 2994 3440 Credo
3056 3383 3268 3455 itaque,
3305 3384 3404 3436 aut
3446 3379 3614 3435 binos

2001 3475 2261 3529 laudatos
2291 3474 2598 3546 scriptores
2624 3477 2852 3528 tantum
2882 3473 3045 3540 velle,
3069 3489 3103 3526 a
3134 3471 3344 3526 comite
3368 3468 3613 3540 Rogerio

2000 3566 2316 3629 castrorum
2350 3562 2581 3616 illorum
2615 3580 2713 3616 seu
2742 3562 2855 3633 (adi
2888 3561 3495 3631 num.717)pagorum
3517 3556 3616 3611 do-

2002 3658 2290 3725 nationes,
2324 3658 2535 3713 Sancto
2568 3662 2766 3713 nostro
2820 3658 2976 3728 prius
3015 3656 3212 3722 factas,
3264 3654 3426 3708 novis
3464 3652 3614 3707 datis

1984 3746 2411 3818 diplomatibus
2438 3746 2614 3800 semel
2629 3749 2799 3816 atque
2817 3745 3029 3798 iterum
3053 3743 3223 3797 fuisse
3248 3744 3380 3813 post
3395 3755 3613 3795 annum

2006 3837 2140 3889 1099
2171 3834 2560 3900 conﬁrmatas,
2593 3837 2709 3900 aut,
2740 3834 2892 3904 quod
2914 3831 3291 3886 verosimilius
3318 3846 3470 3895 reor,
3492 3844 3612 3882 non

2001 3925 2231 3978 tantum
2257 3923 2550 3988 Tutinum,
2569 3921 2723 3993 quod
2747 3921 3006 3993 quisque,
3035 3936 3165 3973 cum
3188 3918 3248 3972 in
3278 3918 3399 3989 ipso
3429 3930 3617 3983 anno,

2002 4029 2116 4084 quo
2146 4028 2239 4065 res
2270 4014 2430 4081 gesta
2459 4010 2549 4078 sit,
2582 4027 2647 4064 ex
2673 4011 2797 4081 jam
2826 4010 2991 4064 dictis
3020 4011 3177 4062 certe
3222 4009 3394 4073 erret,
3440 4002 3611 4060 facile

2004 4100 2291 4167 admittet,
2324 4115 2522 4154 verum
2556 4099 2734 4153 etiam
2766 4098 3075 4152 Surianum
3100 4094 3464 4151 hallucinari.

2073 4192 2196 4244 720.
2226 4191 2412 4260 Atque
2439 4188 2498 4242 id
2525 4188 2759 4260 quidem
2791 4187 2990 4253 etiam,
3024 4188 3302 4258 quantum
3322 4183 3395 4238 ad
3421 4183 3612 4254 poste-

274 4272 443 4327 omni
470 4274 621 4328 hunc
636 4273 808 4327 fuisse
830 4274 999 4343 culpa
1020 4273 1367 4341 immunem,
1407 4272 1683 4328 Surianus
1708 4275 1769 4329 in
1790 4275 1902 4329 suis
1924 4263 1977 4321 D
2003 4276 2386 4332 rioremhunc
2403 4276 2763 4347 scriptorem,
2783 4275 2937 4330 haud
2958 4274 3274 4331 admodum
3304 4272 3614 4326 difficulter

276 4369 336 4423 in
354 4364 695 4416 contextam
728 4378 760 4415 a
788 4359 957 4417 Surio
981 4361 1173 4415 Sancti
1195 4361 1381 4417 Vitam
1412 4362 1902 4419 Annotationibus

272 4464 411 4521 pag.
445 4452 548 4504 247
587 4452 646 4504 et
693 4449 1065 4521 sequentibus
1113 4454 1268 4504 recte
1313 4451 1585 4505 ostendit.
1622 4452 1821 4520 Porro,
1854 4453 1899 4507 si

273 4537 499 4592 auctori
531 4536 665 4591 huic
693 4536 837 4591 ﬁdes
867 4541 959 4603 ait,
994 4537 1273 4609 Rogerius
1301 4554 1518 4607 comes,
1542 4556 1663 4594 non
1689 4542 1896 4608 solum,

272 4642 391 4699 quo
418 4626 489 4680 de
521 4626 765 4698 agimus,
794 4625 1053 4698 diploma
1075 4644 1173 4680 seu
1190 4627 1558 4699 privilegium
1588 4629 1649 4683 in
1678 4628 1734 4683 S.
1761 4631 1901 4685 Bru-

271 4712 446 4769 nonis
464 4714 896 4785 anritanaaque
921 4714 1103 4768 eremi
1121 4714 1382 4770 favorem
1414 4732 1567 4771 anno
1600 4720 1726 4772 1101
1760 4734 1894 4774 con-

271 4802 460 4870 cessit,
488 4819 689 4858 verum
720 4803 895 4858 etiam
928 4804 1042 4858 duo
1064 4803 1248 4858 adhuc
1279 4804 1412 4859 alia.

343 4893 470 4945 719.
500 4883 750 4958 Etenim,
769 4894 1075 4963 postquam
1095 4891 1153 4945 in
1180 4892 1551 4960 Chronotaxi,
1578 4910 1763 4965 quam
1800 4895 1894 4949 sui

268 4979 334 5034 in
360 4978 419 5033 S.
438 4979 724 5033 Brunonis
743 4979 929 5034 Vitam
940 4979 1422 5035 Annotationibus
1436 4981 1665 5052 adjecit,
1681 4983 1893 5037 factam

271 5067 628 5139 diplomatis,
644 5084 756 5139 quo
787 5068 951 5123 datos
976 5085 1013 5147 β
1039 5086 1097 5123 se
1126 5068 1182 5123 S.
1206 5069 1459 5125 Brunoni
1481 5069 1539 5124 in
1564 5071 1894 5127 servitutem

268 5156 618 5228 proditionis
672 5156 957 5227 Capuanae
1016 5174 1165 5224 reos,
1215 5159 1492 5230 expressis
1535 5161 1895 5232 singulorum

270 5245 630 5312 nominibus,
648 5245 926 5316 Rogerius
936 5261 1130 5300 comes
1150 5247 1893 5315 recensuit,concessionem

267 5333 461 5387 verbis
490 5350 664 5405 supra
693 5332 838 5388 datis
869 5333 942 5388 ad
969 5333 1187 5388 dictum
1216 5351 1437 5389 annum
1474 5340 1602 5391 1101
1643 5354 1894 5393 comme-

267 5422 543 5489 moravit,
572 5437 707 5476 mox
733 5421 809 5476 ad
837 5420 1109 5476 eumdem
1127 5438 1346 5476 annum
1366 5423 1662 5497 subjungit
1679 5442 1727 5480 :«
1750 5428 1893 5481 Item

268 5508 386 5565 alio
408 5509 854 5582 sub‘diplomate
870 5508 1035 5567 dedit
1051 5509 1360 5582 praedictus
1389 5511 1667 5584 Regerius
1699 5530 1894 5572 comes

2002 4365 2213 4420 induco
2246 4365 2305 4419 in
2337 4365 2620 4431 animum,
2645 4364 2800 4437 quod
2838 4364 2897 4418 in
2935 4362 3286 4435 diplomatis,
3320 4377 3455 4416 mox
3496 4375 3617 4414 me-

2001 4453 2212 4509 morati
2245 4469 2515 4525 annoque
2555 4469 2622 4507 ex
2656 4451 2819 4506 dictis
2857 4455 2991 4506 1099
3024 4451 3163 4518 dati,
3196 4453 3380 4523 parte,
3437 4463 3615 4520 quam

2000 4541 2248 4615 ipsemet
2271 4542 2463 4614 operis
2500 4542 2583 4596 sui
2616 4558 2749 4613 pag.
2783 4543 2886 4596 223
2927 4543 2984 4594 et
3012 4556 3173 4612 seqq.
3224 4538 3447 4604 recitat,
3487 4540 3614 4594 tum

1997 4630 2256 4699 Aruncii,
2287 4633 2410 4685 tum
2462 4627 2866 4701 Squillacensis
2900 4626 3220 4683 molendini
3250 4625 3509 4693 donatio,
3544 4624 3602 4679 S.

1998 4720 2254 4775 Brunoni
2287 4737 2321 4774 a
2356 4718 2570 4774 comite
2605 4718 2857 4791 Rogerio
2886 4718 3038 4772 facta
3054 4718 3335 4773 occurrat.
3372 4716 3485 4769 Nec
3525 4715 3612 4769 est

1998 4809 2154 4881 quod
2170 4825 2275 4881 pro
2300 4808 2544 4864 Suriano
2566 4808 2660 4862 hic
2681 4824 2949 4879 reponas,
2987 4808 3263 4862 comitem
3297 4801 3611 4874 Bogerium

1996 4913 2230 4952 reorum
2249 4898 2697 4968 duntaxat,quos
2711 4896 2920 4952 Sancto
2934 4911 3039 4967 per
3052 4895 3308 4966 diploma
3320 4890 3457 4945 anni
3476 4893 3610 4945 1099

1996 4986 2055 5040 in
2079 4987 2413 5041 servitutem
2464 4985 2723 5052 tradidit,
2749 4989 2805 5039 et
2852 4982 3191 5037 monasterii
3217 4981 3277 5036 S.
3308 4978 3502 5035 Jacobi
3536 4978 3609 5033 de

1994 5074 2310 5142 Mentauro,
2333 5074 2488 5146 quod
2520 5072 2577 5128 8.
2610 5073 2866 5128 Brunoni
2887 5089 2989 5144 per
3011 5068 3483 5142 diplomaiti’dem
3512 5084 3610 5122 an-

1997 5162 2055 5216 ni
2076 5165 2208 5217 1099
2231 5163 2532 5234 impertiit,
2551 5162 2609 5217 in
2629 5163 2944 5233 diplomate
2962 5159 3100 5213 anui
3125 5161 3281 5226 1101,
3302 5174 3414 5230 quo
3429 5157 3607 5212 dona-

1995 5250 2185 5306 tiones
2210 5268 2363 5306 anno
2395 5253 2530 5307 1099
2561 5251 2771 5305 Sancto
2795 5266 2827 5303 a
2852 5265 2909 5303 se
2933 5248 3108 5302 factas
3126 5249 3386 5302 recenset
3415 5246 3603 5300 facere

1995 5341 2385 5408 mentionem,
2406 5357 2470 5395 ac
2483 5340 2797 5412 proin,non
2816 5337 3147 5401 Surianum,
3163 5336 3260 5407 qui
3273 5335 3604 5390 Arunchum

1995 5432 2051 5484 et
2070 5429 2473 5485 molendinum
2495 5428 2693 5483 subtus
2705 5424 3081 5498 Squillacium
3105 5424 3162 5480 S.
3180 5424 3603 5480 Brunonianno

1997 5519 2125 5574 1101
2157 5534 2191 5574 a
2220 5517 2433 5574 comite
2455 5514 2936 5589 Rogeriovdatum
2970 5513 3141 5570 fuisse
3164 5513 3382 5584 scribit,
3420 5513 3607 5569 hatlu-
