4014 6052
357 242 462 295 443

1212 238 1268 294 8.
1299 237 1643 294 BRUNONIS
1685 235 2316 294 CARTHUSIANORUM
2359 239 2823 295 INSTITUTORIS

3573 245 3682 298 444

359 361 559 428 cinari,
583 361 681 416 sed
716 361 974 432 diploma
1005 362 1140 417 anni
1179 365 1314 417 1099
1363 380 1526 417 num.
1574 366 1675 418 637
1718 367 1772 416 et
1804 379 1962 433 seqq.
1987 365 2035 421 Α
2067 361 2253 416 tiones
2279 380 2504 430 omnes,
2553 365 2610 419 S.
2649 363 2902 418 Brunoni
2929 367 3101 418 antea
3127 364 3323 430 factas,
3370 365 3678 420 confirma-

355 451 466 506 huc
493 453 854 518 translatum,
883 469 1008 523 quo'
1031 456 1087 507 et
1119 453 1237 506 [ιωο
1261 454 1317 506 et
1337 453 1448 507 alia
1487 454 1689 518 multa,
1707 452 1966 524 proxime

357 539 611 593 recitatis
655 540 846 593 Tutini
892 541 1076 594 verbis
1121 541 1331 610 partim
1376 545 1720 609 memorata,
1755 541 1965 596 Sancto

356 643 550 682 comes
581 628 823 694 dederit,
853 645 972 683 esse
1019 633 1389 698 corruptum;
1441 632 1774 685 Arunchum
1807 629 1963 684 enim

356 733 454 770 seu
483 718 778 770 Aruncum
813 716 869 771 8.
906 718 1158 771 Brunoni
1190 733 1384 771 comes
1422 735 1536 771 non
1575 719 1829 788 primum
1863 735 1966 788 per

357 803 614 874 diploma
643 805 781 859 anni
834 808 968 860 1099
1009 805 1310 876 impertiit,
1369 806 1466 860 sed
1501 807 1624 877 jam
1661 811 1831 862 antea
1850 807 1961 879 (adi

355 909 520 946 num.
545 894 667 963 583)
692 910 794 964 per
825 893 1082 964 diploma
1103 893 1241 947 anni
1274 897 1410 949 109i
1442 895 1738 966 impertito
1764 895 1961 950 termi-

353 997 460 1035 nos
478 981 1036 1052 seulimites(videsis
1056 999 1216 1037 num.
1238 984 1330 1036 6H
1346 983 1541 1052 )jussit
1561 984 1793 1055 apponi;
1809 983 1964 1055 quod

353 1084 489 1122 vero
527 1069 780 1138 pertinet
799 1069 870 1122 ad
903 1069 1306 1124 molendinum
1332 1072 1530 1125 subtus
1563 1072 1959 1143 Squillacium,

352 1155 462 1210 hoc
492 1157 726 1228 quidem
761 1174 875 1210 una
905 1174 1032 1211 cum
1059 1158 1316 1213 Oliviano
1339 1175 1438 1212 seu
1457 1159 1692 1214 Olivano
1725 1161 1961 1232 aliisque

353 1245 646 1299 nonnullis
671 1263 775 1317 per
805 1245 1064 1316 diploma
1102 1245 1238 1300 anni
1283 1250 1414 1301 1099
1449 1247 1657 1302 Sancto
1707 1249 1958 1318 primum

350 1331 590 1403 largitus
643 1337 727 1386 est
761 1350 955 1388 comes
987 1335 1294 1405 Rogerius;
1335 1354 1528 1392 verum
1575 1341 1959 1408 praeterquam

353 1421 508 1491 quod
529 1437 642 1475 non
663 1439 844 1492 pauca
865 1439 930 1475 ex
948 1421 1034 1476 his
1057 1423 1128 1476 ad
1146 1423 1553 1479 Monasterium
1585 1424 1640 1479 S.
1664 1425 1857 1480 Jacobi
1889 1426 1960 1478 de

350 1509 644 1564 Mentauro
683 1513 1030 1581 spectarent,
1063 1511 1255 1581 sicque
1285 1512 1454 1584 hujus
1499 1513 1858 1568 mentionem
1900 1514 1957 1567 in

351 1597 504 1653 dicto
526 1597 660 1651 anni
689 1601 812 1652 1101
845 1598 1161 1668 diplomate
1181 1599 1395 1653 faciens
1413 1601 1690 1672 Rogerius
1718 1602 1960 1658 mentio-

2065 451 2160 517 rit,
2194 455 2366 522 utque
2389 452 2652 522 proinde,
2681 469 2812 506 cum
2841 452 3096 522 diploma
3122 451 3281 506 illud.
3317 457 3488 523 prout
3526 455 3681 525 apud

2066 539 2374 594 Surianum
2409 543 2609 607 exstat,
2644 540 3152 595 confirmationem
3181 541 3340 595 illam
3370 558 3486 596 non
3515 557 3675 597 com-

2065 629 2366 696 plectatur,
2401 646 2516 682 non
2545 645 2650 700 pro
2684 629 3070 684 instrumento
3121 629 3374 700 integro,
3423 630 3526 684 sed
3572 646 3678 700 pro

2065 715 2320 786 ejusdem
2347 721 2508 786 parte
2542 717 2820 771 duntaxat
2845 717 2999 786 possi
3028 718 3250 772 haberi.

2134 808 2257 858 722.
2294 804 2569 859 Surianus
2601 822 2794 876 porro,
2828 807 3296 878 postquamhanc
3324 808 3381 860 in
3415 805 3674 861 medium

2064 891 2316 959 adduxit,
2351 891 2543 962 paucis
2575 893 2874 960 duntaxat,
2908 911 3034 964 qum
3092 894 3181 948 hic
3223 893 3672 968 commemorari

2062 995 2291 1031 necesse
2311 995 2428 1032 non
2452 979 3243 1051 est,interjectissubjungitzu
3265 981 3552 1035 Cmterum
3567 981 3675 1036 hoc

2061 1065 2204 1136 ipso,
2239 1087 2264 1113 ι)
2295 1084 2406 1138 quo
2425 1084 2632 1138 nempe
2650 1068 2848 1121 ultimo
2863 1068 2986 1138 jam
3005 1071 3391 1122 memoratum
3421 1068 3678 1140 diploma

2061 1152 2259 1207 datum
2275 1157 2556 1222 notaturw
2573 1171 2768 1209 mense
2787 1156 2956 1210 Junio
2979 1155 3088 1228 (xxn
3108 1157 3288 1222 die,ut
3303 1158 3360 1210 in
3381 1159 3674 1211 emortua-

2059 1241 2099 1296 li
2124 1243 2268 1296 libro
2289 1243 2602 1298 Carthusize
2636 1245 2802 1312 illius,
2839 1245 3158 1300 Calabrinaa
3205 1262 3416 1316 nempe
3446 1245 3504 1300 S.
3553 1245 3677 1300 Ste-

2060 1329 2258 1401 phani,
2288 1331 2519 1400 legitur,
2563 1333 2644 1386 vel
2700 1349 2809 1386 xxn
2842 1335 2901 1386 ut
2935 1331 2995 1386 in
3025 1333 3364 1402 Cassinensi)
3394 1333 3674 1404 Rogerius

2059 1432 2254 1471 comes
2285 1418 2427 1472 obiit
2453 1435 2606 1474 anno
2637 1423 2789 1486 1101,
2851 1423 2912 1474 ut
2944 1420 3118 1474 habet
3150 1420 3475 1476 Chronicon
3531 1420 3674 1491 Lupi

2060 1505 2474 1578 Protospathae,
2499 1507 2594 1578 qui
2627 1508 2735 1561 huc
2767 1511 3030 1580 tempore
3076 1509 3297 1563 vivebat
3354 1509 3413 1562 in
3443 1509 3670 1580 Apulia,

2060 1594 2322 1664 quunvis
2354 1595 2730 1648 maleJulium
2750 1597 2923 1650 habet
2945 1614 3049 1668 pro
3068 1597 3412 1664 Junio,forte
3436 1597 3674 1668 scripto-

349 1702 485 1740 nem
516 1685 734 1756 pariter
754 1685 982 1740 illorum
1009 1686 1202 1752 faciat,
1229 1688 1351 1741 ﬁeri
1377 1692 1561 1758 potest
1591 1693 1649 1742 ut
1672 1689 1764 1744 hic
1801 1691 1963 1760 prin-
1985 1695 2034 1753 Β
2057 1681 2134 1734 ris
2151 1681 2305 1737 vitio.
2337 1683 2486 1737 Felix
2519 1685 2601 1737 vel
2633 1685 2741 1738 hoc
2773 1685 3012 1739 nomine
3046 1685 3332 1758 princeps,
3367 1685 3520 1756 quod
3541 1688 3674 1754 post

347 1789 481 1844 ceps
513 1772 874 1838 donationes,
907 1773 1048 1844 quas
1092 1773 1148 1827 in
1187 1775 1244 1828 S.
1283 1777 1611 1832 Brunonem
1635 1794 1789 1831 anno
1825 1781 1958 1832 1099

347 1862 688 1927 contulerat,
736 1878 852 1916 non
905 1877 1126 1929 omnes,
1177 1863 1275 1917 sed
1323 1865 1638 1936 praecipuas
1685 1866 1959 1920 duntaxat

347 1965 810 2004 commemorare
843 1949 902 2003 in
935 1951 1176 2020 praefato
1195 1952 1330 2004 anni
1361 1955 1485 2006 1101
1527 1953 1844 2024 diplomate
1868 1971 1960 2008 vo-

344 2037 550 2106 luerit;
576 2040 636 2092 ut
651 2037 1153 2109 proinde,quasin
1185 2039 1292 2093 hoc
1315 2057 1431 2094 non
1470 2046 1748 2110 recenset;
1777 2044 1958 2097 factus

350 2123 502 2178 dicto
526 2142 680 2179 anno
708 2127 843 2179 t099
865 2142 982 2179 non
996 2125 1189 2192 fuisse,
1211 2143 1568 2199 consequens
1583 2147 1698 2184 non
1713 2130 1804 2185 sit.
1829 2132 1954 2186 Jam

344 2227 480 2266 vero
507 2229 640 2266 cum
675 2213 800 2266 haec
845 2212 926 2267 ita
956 2213 1228 2280 habeant,
1265 2233 1380 2270 non
1420 2217 1666 2272 Tantum
1695 2219 1952 2286 Tutinus,

343 2300 446 2354 sed
476 2300 652 2355 etiam
687 2299 980 2369 Surianus,
1001 2302 1161 2369 dum,
1184 2321 1337 2359 anno
1369 2306 1496 2360 1101
1535 2309 1866 2362 Arunchum
1899 2312 1954 2362 et

347 2385 737 2459 Squillacense
771 2389 1172 2446 molendinum
1208 2391 1418 2448 Sancto
1451 2398 1646 2450 nostro
1678 2413 1712 2450 a
1741 2397 1954 2453 comite

343 2477 593 2549 Rogerio
628 2478 829 2532 datum
868 2479 1039 2534 fuisse
1079 2479 1294 2548 scribit,
1344 2481 1519 2538 fuerit
1549 2485 1950 2541 hallucinatus.

413 2568 540 2621 721.
573 2568 759 2636 Atque
786 2566 844 2621 id
875 2583 942 2620 ex
983 2584 1051 2622 eo
1083 2567 1296 2624 factum
1329 2571 1604 2642 suspicor,
1633 2575 1953 2644 quod,cum

342 2653 618 2708 comitem
653 2654 990 2726 Rogerium,
1034 2658 1308 2724 Arunchi,
1353 2661 1672 2715 molendini
1707 2661 1954 2734 Squilla-

339 2741 544 2807 censis,
593 2741 952 2814 aliarumque
989 2745 1303 2800 multarum
1344 2763 1543 2802 rerum
1587 2748 1951 2820 donationes,

343 2847 484 2902 quas
517 2829 726 2886 Sancto
755 2835 926 2886 antea
953 2832 1191 2900 fecerat,
1234 2851 1386 2890 anno
1420 2838 1548 2890 1101
1583 2838 1953 2896 conﬁrmasse

341 2919 548 2973 alicubi
563 2919 813 2991 legisset,
830 2921 1340 2978 conﬁrmationem
1355 2925 1506 2978 hanc
1520 2942 1625 2996 pro
1645 2927 1835 2996 prima
1859 2929 1956 2984 do—

342 3007 580 3062 natione
615 3011 897 3080 quantum
956 3009 1029 3064 ad
1061 3012 1396 3066 Arunchum
1443 3016 1501 3067 et
1547 3015 1953 3070 molendinum

341 3092 728 3166 Squillacense
743 3097 1112 3168 acceperit,in
1131 3115 1438 3154 erroneam
1451 3101 1601 3155 hanc
1617 3102 1952 3172 opinionem

337 3181 846 3256 inductus,partim
863 3185 1018 3256 quod
1034 3187 1231 3241 datum
1250 3205 1410 3242 num.
1438 3191 1542 3244 582
1553 3194 1611 3244 et
1628 3189 1780 3244 binis
1791 3208 1950 3263 seqq.

339 3269 599 3341 diploma
630 3271 702 3326 ad
727 3289 969 3327 manum
1007 3291 1126 3328 non
1149 3275 1436 3343 habuerit,
1471 3277 1849 3348 animumque
1881 3279 1952 3333 ad

337 3357 645 3412 recitatum
663 3375 766 3413 ase
783 3360 920 3413 anni
941 3363 1075 3416 1099
1089 3361 1348 3431 diploma
1362 3380 1477 3418 non
1495 3364 1821 3432 adverterit,
1829 3383 1956 3438 par-

341 3445 448 3500 tim
471 3446 627 3519 quod
645 3447 1117 3521 diplomatis.quo
1134 3467 1290 3505 anno
1312 3454 1435 3505 1101
1459 3452 1800 3508 donationes
1824 3472 1949 3510 om-

337 3538 686 3601 nes,anteaa
699 3552 758 3589 se
781 3535 1100 3592 S.Brunoni
1119 3539 1517 3606 factas,comes
1533 3541 1810 3614 Rogerius
1821 3560 1952 3599 con-

335 3621 605 3692 firmavit,
621 3625 845 3693 partem
862 3625 1159 3694 duntaxat,
1181 3645 1352 3700 supra
1363 3629 1473 3684 huc
1487 3631 1742 3697 allatam,
1762 3631 1820 3686 in
1837 3650 1948 3704 quo

337 3727 442 3766 nec
459 3712 734 3780 Arunchi,
751 3730 856 3768 nec
871 3715 1191 3769 molendini
1213 3716 1616 3788 Squillacensis
1629 3721 1848 3776 mentio
1863 3723 1946 3789 ﬁt,

335 3799 410 3854 ad
425 3817 665 3856 manum
690 3801 972 3857 habuerit.
1014 3804 1094 3857 Ne
1115 3821 1248 3860 vero
1287 3806 1411 3877 quis
1438 3811 1620 3878 putet,
1640 3825 1946 3880 perperam

333 3902 370 3942 a
389 3904 506 3956 me,
525 3890 679 3961 quod
703 3907 768 3944 ex
792 3891 1021 3946 comitis
1037 3893 1266 3962 Rogerii
1304 3895 1440 3948 anni
1475 3899 1601 3950 1101
1630 3897 1946 3966 diplomate

333 3991 507 4046 supra
553 3978 663 4030 huc
701 3978 1113 4049 transcriptum
1162 3984 1266 4046 est,
1303 3998 1407 4052 pro
1454 3983 1622 4052 hujus
1671 3983 1948 4039 duntaxat

330 4066 498 4133 parte
521 4063 740 4117 haberi.
764 4065 1118 4120 Morkensius
1145 4067 1201 4120 in
1235 4068 1948 4142 chronologico-diploma-

332 4149 449 4204 tica
478 4167 579 4205 sua
605 4151 676 4205 de
707 4150 764 4205 S.
801 4152 1071 4206 Brunone
1095 4153 1352 4209 Diatriba
1371 4157 1442 4210 ad
1471 4175 1688 4213 annum
1717 4163 1843 4215 1101
1867 4161 1945 4215 sic

1977 2977 2024 3036 C

2059 1769 2206 1824 hanc
2238 1771 2696 1826 liberalissimam
2747 1773 3145 1839 donationem,
3177 1775 3329 1828 velut
3373 1773 3429 1827 in
3487 1773 3669 1826 altero

2058 1859 2264 1912 szeculo
2301 1863 2634 1930 recepturus
2663 1861 2992 1915 mercedem
3013 1861 3084 1916 ad
3123 1863 3301 1916 Deum
3328 1860 3521 1916 statim
3558 1860 3667 1914 mi-

2058 1945 2240 2015 grarit
2271 1947 2670 2017 pulcherrimis
2725 1948 3131 2003 misericordia:
3183 1949 3460 2004 fructibus
3489 1949 3664 2003 coho-

2058 2037 2333 2102 nestatus;
2349 2052 2521 2106 quem
2538 2035 2814 2090 trimestri
2839 2039 3066 2090 tantum
3089 2039 3217 2108 post
3240 2039 3465 2092 evoluto
3479 2037 3664 2108 spatio

2055 2125 2329 2192 sequutus
2355 2127 2438 2176 est
2462 2124 2518 2178 S.
2539 2125 2750 2192 Bruno,
2785 2125 3014 2191 eodem,
3036 2141 3150 2196 quo
3179 2126 3474 2196 Rogerius,
3508 2141 3662 2179 anno

2056 2207 2126 2263 de
2158 2209 2278 2265 istis
2309 2211 2511 2266 mundi
2563 2213 2884 2267 turbinibus
2915 2217 3217 2280 extractus,
3252 2215 3322 2268 de
3341 2213 3665 2283 mortejam

2053 2298 2489 2366 proximalmtus
2501 2303 2558 2354 et
2578 2301 2647 2354 de
2677 2300 2861 2356 vicina
2874 2301 3240 2356 accersitione
3261 2303 3668 2372 securus,post-

2055 2403 2230 2458 quam
2264 2389 2614 2458 praecessisse
2647 2406 2779 2443 eum
2800 2389 2956 2458 vidit,
2989 2390 3058 2444 de
3085 2390 3244 2460 cujus
3275 2389 3460 2444 adhuc
3497 2389 3666 2444 unius

2055 2476 2235 2528 salute
2257 2477 2572 2542 cogebatur
2615 2494 2735 2531 esse
2761 2477 3054 2532 sollicitus.
3084 2477 3268 2542 Quem
3299 2478 3475 2532 etiam
3499 2479 3662 2532 tanto

2057 2562 2213 2618 ocius
2242 2567 2300 2618 et
2345 2564 2708 2619 festinantius
2755 2565 2914 2636 sequi
2959 2566 3200 2622 voluisse
3244 2565 3390 2620 visus
3443 2569 3549 2632 est,
3601 2569 3665 2620 ut

2057 2651 2210 2722 apud
2239 2669 2532 2706 summum
2557 2653 2814 2723 judicem
2848 2656 3027 2708 Deum
3054 2670 3158 2725 pro
3192 2654 3401 2708 anima:
3433 2653 3663 2724 ejusab-

2057 2739 2362 2808 solutione,
2395 2741 2439 2794 si
2487 2741 2635 2795 forte
2667 2742 2802 2796 locis
2853 2743 3100 2798 obnoxia
3125 2743 3470 2814 purgatoriis
3499 2746 3660 2796 tene-

2055 2832 2216 2882 retur
2237 2828 2442 2896 adhuc,
2490 2829 2806 2884 fiducialius
2839 2830 3241 2899 intercederet,
3270 2831 3472 2886 oblatis
3503 2830 3662 2902 prius

2055 2915 2342 2971 sacriﬁciis
2372 2918 2626 2989 corporis
2655 2921 2713 2972 et
2743 2919 3036 2991 sanguinis
3067 2919 3234 2987 illius,
3259 2920 3356 2992 qui
3409 2937 3443 2973 a
3485 2920 3662 2975 Matre

2055 3005 2310 3077 quinque
2342 3005 2490 3059 siclis
2519 3007 2656 3060 olim
2688 3006 2877 3061 fuerat
2918 3008 3324 3080 redemptus.»
3374 3009 3457 3062 Ita
3482 3007 3576 3062 ille
3601 3010 3662 3060 et

2054 3098 2209 3148 recte
2238 3093 3352 3168 quidem,quantumopinor,Rogerium
3381 3095 3659 3152 comitem

2054 3183 2833 3249 menseJunio,nonJulio,ut
2854 3185 3070 3256 Lupsus
3099 3186 3477 3257 Protospatha
3521 3184 3657 3238 scri-

2053 3269 2406 3337 bit,0biisse,
2441 3287 2472 3324 e
2511 3271 2822 3326 Carthasim
2874 3272 2932 3326 S.
2991 3272 3266 3344 Stephani
3320 3271 3658 3344 Necrologio

2053 3357 2368 3424 contendit,
2398 3358 2531 3412 licet
2550 3358 2783 3413 interim
2798 3361 3045 3414 Fazellus
3061 3361 3157 3416 lib.
3181 3378 3274 3429 vn,
3311 3361 3573 3416 decade?
3603 3363 3662 3414 et

2053 3449 2180 3516 post
2193 3446 2344 3500 hunc
2357 3447 2614 3500 Bocchus
2631 3447 2820 3501 Pirrus
2836 3448 2895 3502 in
2910 3466 3154 3520 regnum
3174 3448 3378 3504 Siciliae
3400 3449 3657 3503 Chrono-

2051 3533 2204 3605 logia
2235 3551 2338 3606 pro
2391 3551 2591 3590 mense
2631 3536 2777 3591 Jutio
2809 3541 2994 3605 stent;
3031 3554 3291 3592 mensem
3317 3539 3474 3592 enim
3503 3538 3656 3590 hunc

2050 3622 2296 3694 Rogerio
2320 3625 2704 3678 emortualem
2753 3641 2786 3678 a
2817 3625 3035 3680 Fazello
3099 3626 3308 3694 notari,
3350 3628 3470 3680 sola
3515 3626 3657 3697 Lupi

2049 3711 2467 3782 Protospathaa,
2502 3713 2557 3765 ni
2587 3713 2772 3780 fallar,
2809 3714 3147 3769 auctoritate
3179 3718 3266 3769 est
3287 3715 3526 3782 factum,
3549 3731 3656 3768 nec

2046 3815 2178 3853 raro
2210 3800 2294 3865 ﬁt,
2325 3803 2385 3853 ut
2410 3799 2468 3853 in
2505 3801 2640 3870 Lupi
2669 3801 2974 3869 Chronico,
3009 3803 3164 3874 quod
3195 3803 3254 3857 in
3289 3804 3458 3874 hujus
3489 3806 3653 3857 auto-

2047 3887 2290 3958 grapho,
2317 3891 2378 3940 ut
2409 3892 2668 3960 apparet,
2706 3891 2995 3945 mensium
3027 3892 3267 3946 nomina
3306 3892 3476 3946 unica
3505 3891 3650 3946 dun-

2049 3979 2201 4029 taxat
2233 3976 2460 4047 capitali
2501 3994 2598 4031 seu
2647 3978 2851 4034 initiati
2884 3972 3077 4036 littera
3141 3985 3373 4036 exarata
3413 3980 3649 4047 fuerint,

2046 4063 2259 4117 mensis
2272 4065 2614 4136 Martiuspro
2649 4067 2789 4123 Maio
2816 4072 2914 4122 aut
2941 4071 3424 4142 eontra,itemque
3439 4068 3652 4124 mensis

2043 4152 2220 4208 Julius
2250 4170 2352 4224 pro
2372 4154 2538 4209 Junio
2561 4159 2661 4208 aut
2679 4160 2882 4212 contra
2908 4175 2942 4212 a
2966 4159 3210 4213 librariis
3250 4159 3465 4230 positus
3492 4157 3648 4212 inve-

331 4236 528 4292 scribit
563 4255 574 4292 :
608 4260 637 4288 «
670 4239 948 4310 Rogerius
994 4257 1190 4296 comes
1235 4243 1513 4299 Calabria),
1558 4249 1616 4300 et
1651 4247 1856 4303 Siciliae
1885 4249 1942 4304 in
1967 4257 2020 4316 D
2047 4241 2257 4295 niatur.
2280 4242 2405 4296 Jam
2455 4259 2610 4310 vero,
2638 4261 2769 4298 cum
2823 4263 2913 4300 res
2963 4247 3041 4300 ita
3080 4247 3310 4315 haheat,
3373 4245 3650 4318 Rogerius

329 4324 1081 4398 peremptoriaaagritudine
1102 4345 1201 4384 sua
1219 4331 1582 4399 donationes,
1605 4333 1942 4391 immunita-

329 4413 418 4465 tes
439 4427 504 4466 ac
526 4412 828 4484 privilegia
843 4414 898 4469 S.
919 4417 1172 4472 Brunoni
1199 4435 1264 4473 ac
1292 4419 1564 4475 fratribus
1592 4424 1772 4478 eremi
1791 4425 1947 4480 Cala-

328 4497 514 4554 brinte
529 4501 810 4556 hactenus
824 4520 1092 4560 concessa
1111 4506 1418 4562 conﬁrmat.
1433 4509 1566 4564 data
1578 4511 1777 4566 charta
1793 4513 1946 4584 apud

327 4585 582 4644 Miletum
607 4591 638 4644 4
668 4590 842 4660 Junii,
862 4591 916 4647 in
937 4611 1049 4665 qua
1062 4597 1120 4648 et
1147 4594 1433 4667 Capuanze
1446 4599 1788 4668 proditionis
1818 4617 1946 4655 reos

329 4675 570 4732 nomine
595 4679 914 4749 quemlibet
927 4699 1026 4737 suo
1055 4683 1345 4753 exprimit.
1368 4705 1395 4733 ››
1419 4685 1547 4739 Haec
1569 4687 1942 4758 Morkensius,

331 4763 451 4835 qui,
468 4765 546 4819 uti
563 4766 809 4836 ipsemet
833 4767 932 4834 ait,
958 4768 1248 4840 integrum
1267 4772 1496 4827 comitis
1512 4774 1740 4846 Rogerii
1761 4777 1944 4848 diplo-

331 4869 448 4920 ma,
473 4859 767 4926 postremo
797 4857 907 4912 huc
937 4859 1370 4932 transcriptum,
1395 4879 1515 4934 prae
1551 4865 1818 4919 manibus
1851 4865 1948 4919 ha-

330 4939 492 5010 buit;
522 4959 652 4997 cum
679 4947 874 4998 autem
921 4943 1200 5018 diploma,
1249 4949 1408 5019 cujus
1453 4951 1638 5005 verbis
1692 4952 1948 5007 recitatis

331 5029 622 5097 meminit,
646 5035 870 5102 quarta,
896 5037 957 5089 ut
983 5033 1088 5101 ait,
1121 5035 1272 5089 Junii
1305 5037 1504 5092 datum
1531 5039 1726 5106 fuerit,
1746 5040 1816 5094 de
1831 5041 1942 5095 alio

325 5133 463 5172 sane
490 5118 830 5190 diptomate,
857 5139 1032 5193 quam
1058 5141 1170 5194 quo
1200 5125 1480 5196 Rogerius
1517 5143 1714 5182 comes
1743 5128 1941 5201 singu-

328 5205 541 5274 lorum,
565 5224 710 5279 quos
737 5209 946 5266 Sancto
976 5212 1034 5266 in
1065 5213 1398 5268 servitutem
1423 5215 1678 5282 tradidit,
1700 5217 1944 5272 nomina

331 5295 670 5365 expressisse
693 5313 726 5350 a
744 5295 987 5354 Suriano
1022 5305 1311 5369 narratur,
1347 5319 1464 5357 non
1487 5303 1759 5374 loquitur;
1784 5304 1941 5376 quod

327 5396 462 5436 cum
487 5383 568 5438 ita
595 5384 688 5452 sit,
722 5401 1080 5460 consequens
1127 5393 1212 5444 est
1263 5394 1326 5445 ut
1374 5392 1484 5446 hoc
1514 5391 1792 5462 Rogerius
1824 5409 1942 5448 non

325 5471 554 5528 tantum
571 5473 811 5530 nomina
827 5475 922 5532 illa
941 5479 1310 5550 recensuerit,
1340 5497 1539 5536 verum
1561 5481 1737 5536 etiam
1755 5481 1935 5538 dona-

2044 4333 2266 4401 septem
2298 4331 2574 4386 duntaxat
2603 4336 2702 4386 aut
2729 4334 3047 4389 octodecim
3096 4335 3216 4390 dies
3260 4353 3293 4390 a
3324 4335 3480 4403 dato,
3513 4352 3650 4407 quo,

2043 4435 2410 4491 quascunque
2441 4425 2611 4476 antea
2642 4422 2700 4477 S.
2732 4424 2984 4478 Brunoni
3015 4423 3251 4492 facerat,
3303 4425 3648 4480 donationes

2043 4509 2424 4576 conﬁrmavit,
2472 4511 2788 4581 diplomate
2837 4511 2895 4566 in
2922 4513 3058 4567 vivis
3089 4513 3303 4568 mansis
3343 4517 3648 4586 superstes.

2117 4599 2240 4651 723.
2258 4595 2530 4652 Sanctum
2549 4603 2808 4654 nostrum
2824 4617 2938 4655 una
2953 4617 3084 4655 cum
3103 4602 3354 4656 Lanvino
3369 4602 3441 4656 ad
3462 4602 3648 4672 Roge-

2045 4683 2222 4748 rium,
2240 4689 2496 4741 extremo
2512 4704 2612 4742 suo
2631 4689 2836 4743 morbo
2851 4689 3018 4745 Mileti
3039 4690 3426 4756 laborantem,
3451 4705 3651 4744 accur-

2047 4772 2205 4839 risse,
2239 4774 2457 4846 piisque
2484 4776 2983 4833 adhortationibus
3011 4782 3067 4834 et
3097 4777 3406 4834 monitisin
3432 4777 3650 4850 gravis-

2047 4861 2206 4916 simis
2225 4862 2558 4917 decretoriaa
2573 4864 2931 4936 {egritudinis
2957 4867 3232 4922 molestiis
3245 4867 3469 4922 assidue
3485 4883 3648 4922 eum-

2046 4949 2180 5003 dem
2209 4966 2330 5004 esse
2352 4953 3032 5020 consolatum,Zanottius
3049 4956 3105 5010 in
3127 4956 3452 5028 conscripta
3475 4973 3508 5010 a
3527 4971 3649 5009 sese

2045 5036 2236 5091 Sancti
2264 5039 2388 5092 Vita
2419 5055 2517 5092 seu
2548 5041 2810 5109 Historia,
2871 5042 2951 5097 uti
2983 5061 3114 5098 eam
3164 5049 3344 5100 vocat.
3397 5060 3523 5114 cap.
3583 5045 3651 5096 30

2043 5125 2257 5192 scribit,
2280 5127 2498 5182 addens
2513 5128 2691 5183 etiam
2728 5131 3057 5186 Brunonem
3081 5148 3213 5186 cum
3235 5131 3444 5197 Mileto,
3463 5147 3493 5184 e
3513 5128 3650 5183 vivis

2033 5215 2160 5285 jam
2176 5217 2396 5272 sublato
2418 5219 2628 5274 comite
2645 5221 2978 5292 Rogerio,in
2995 5224 3360 5279 'l‘urritanam
3382 5238 3647 5277 eremum

2044 5311 2190 5374 esset
2204 5325 2478 5374 reversus,
2498 5311 2792 5382 exsequias
2835 5329 2938 5383 pro
2967 5313 3225 5384 principe
3239 5314 3358 5380 illo,
3387 5312 3478 5367 cui
3505 5327 3643 5366 sane

2043 5395 2360 5465 plurimum
2410 5400 2534 5451 erat
2564 5399 2884 5468 obstrictus,
2917 5401 3216 5468 celebrari,
3249 5415 3650 5473 magnumque

2041 5481 2336 5540 Missarum
2361 5502 2672 5544 numerum
2693 5487 2816 5544 ﬁeri
2838 5505 3083 5558 curasse,
3116 5505 3181 5545 ac
3208 5487 3512 5546 monachis
3536 5487 3652 5545 suis
