4014 6052
242 255 348 310 44Ξὶ

1818 249 1998 306 ACTA

3458 261 3565 316 446

253 383 539 451 prtelerea
562 377 871 449 injunxisse
890 380 951 432 ut
974 376 1256 451 precibus,
1271 376 1619 449 jejuniisque
1638 394 1703 431 ac
1737 376 1860 430 aliis
1884 379 1937 436 A
1960 375 2148 429 Vitam
2178 373 2662 430 Annotationibus
2692 374 2910 437 addita,
2947 392 3079 447 pag.
3114 380 3217 435 403
3246 379 3520 440 Surianus
3548 402 3561 440 ς

242 469 600 539 poenitentiae
633 467 901 539 operibus
926 467 1318 539 multiplicatis
1349 467 1604 522 divinam
1634 464 1854 519 miseri-

235 556 496 611 cordiam
522 574 625 627 pro
640 554 913 627 principis
928 556 985 609 in
1005 555 1370 609 Turritanam
1394 571 1658 609 eremum
1677 554 1851 607 bene-

234 642 591 699 ﬁcentissimi
621 644 817 697 anima
844 643 1242 714 implorarent.
1278 645 1362 696 Ita
1388 644 1512 697 loco
1539 642 1710 695 citato
1734 640 1847 693 ille.

236 732 305 787 Et
334 749 473 787 sane
513 734 621 787 hoc
678 735 1058 803 postremum,
1112 732 1269 803 quod
1326 731 1502 785 etiam
1554 747 1588 784 a
1641 729 1848 785 Sancto

230 818 455 875 factum
489 820 660 874 fuisse
706 819 960 874 Surianis
997 819 1185 874 verbis
1209 819 1468 891 proxime
1510 818 1759 872 recitatis
1791 817 1846 871 in

178 890 199 902 ’
232 910 350 963 ﬁne
404 908 615 975 innuit,
662 925 835 963 nemo
892 908 1078 975 facile,
1115 912 1396 979 quantum
1464 907 1690 979 Opinor,
1752 906 1848 977 qui

233 995 514 1051 Sanctum
543 997 614 1051 ab
646 996 860 1068 ingrati
907 996 1088 1050 animi
1130 996 1264 1050 vitio
1309 995 1641 1066 longissime
1695 993 1847 1049 haud

233 1083 409 1139 dubie
441 1085 717 1139 exstitisse
749 1084 1025 1149 alienum,
1087 1084 1485 1149 considerarit,
1515 1083 1571 1137 in
1607 1083 1845 1137 dubium

232 1172 541 1239 revocavit,
574 1172 677 1227 etsi
710 1172 942 1226 interim
974 1189 1066 1226 res
1124 1174 1279 1226 nullo
1314 1173 1481 1243 plane
1537 1171 1845 1242 antiquita-

226 1261 303 1315 tis
334 1260 670 1314 testimonio
727 1260 1071 1314 conﬁrmata
1121 1260 1463 1313 inveniatur.
1514 1260 1646 1325 Nec,
1708 1260 1847 1330 quin

231 1347 475 1403 Sanctus
487 1353 583 1402 aut
600 1347 845 1419 ipsemet
864 1348 937 1401 ad
976 1347 1250 1402 comitem
1275 1348 1608 1417 Rogcrium,
1635 1346 1847 1418 gravis-

230 1436 379 1491 simo
414 1437 642 1503 morbo,
677 1436 958 1507 quodiem
979 1440 1299 1490 extremum
1322 1436 1715 1502 clausit,Mileti
1749 1437 1845 1489 dc-

230 1525 484 1579 cumben
495 1528 631 1591 tem,
660 1542 773 1595 quo
792 1542 927 1578 eum
959 1524 1014 1578 in
1029 1523 1388 1595 aegritudinis
1407 1524 1681 1577 molestiis
1701 1525 1847 1577 sola-

228 1616 413 1679 retur,
431 1612 654 1684 piisque
672 1612 907 1666 monitis
942 1612 1015 1666 ad
1057 1612 1394 1666 aeternitatis
1425 1611 1535 1665 iter
1563 1628 1849 1682 praepara-

1959 465 2192 518 «Mileti
2247 464 2495 519 existens
2539 481 2588 517 v1
2621 465 2743 518 Kal.
2800 466 3038 535 Augusti
3096 467 3169 520 ad
3222 470 3566 540 petitionem

1956 551 2013 605 S.
2050 552 2333 607 Brunonis
2348 557 2405 607 et
2431 552 2668 607 Lanvini
2698 553 3075 607 donationem
3106 555 3238 622 loci,
3260 575 3432 629 quem
3462 577 3565 631 pro

1955 640 2309 696 habitatione
2340 658 2438 695 sua
2470 641 2679 710 (Brimo
2711 641 2922 695 scilicet
2942 642 3176 714 ejusque
3201 646 3356 716 socii)
3377 648 3565 718 elege-

1949 733 2103 795 rant,
2137 730 2348 784 factam
2378 731 2449 784 ab
2473 730 2719 801 egregiae
2742 730 3040 784 memoria:
3055 732 3267 786 comite
3294 734 3565 804 Bogerio,

1950 820 2008 871 et
2031 819 2462 886 conﬁrmatam,
2487 820 2559 873 ab
2587 819 2817 873 Urbano
2842 820 3109 884 ll,rursus
3131 820 3449 893 diplomate
3463 839 3564 876 suo

1948 907 2276 973 conﬁrmat,
2320 908 2574 979 itemque
2625 907 2967 961 donationes
3005 908 3143 963 alias
3185 912 3242 963 et
3267 909 3565 982 privilegia

1948 994 2165 1050 eisdem
2193 1013 2481 1052 concessa.
2520 1017 2546 1043 ››
2578 995 2834 1061 Tutinus,
2860 995 3236 1052 donationem
3263 998 3560 1065 duntaxat,

1948 1100 2061 1153 qua
2089 1085 2366 1154 Rogerius
2393 1101 2588 1137 comes
2632 1083 2687 1136 S.
2725 1083 2978 1137 Brunoni
3021 1083 3129 1137 tria
3160 1090 3345 1139 castra
3373 1087 3559 1140 Arun-

1948 1188 2099 1237 cum,
2133 1174 2381 1226 Montem
2413 1189 2674 1237 aureum,
2705 1175 2761 1224 et
2793 1171 3301 1243 Olivanum,atque
3328 1173 3562 1244 insuper

1949 1257 2336 1330 Squillaeense
2370 1260 2768 1315 molendinum
2822 1259 3201 1329 impertierat,
3235 1276 3268 1312 a
3305 1259 3559 1313 Paschali

1948 1349 2354 1403 conﬁrmatam
2386 1349 2579 1409 fuisse,
2606 1348 2665 1401 in
2698 1348 2954 1402 Historia:
2978 1348 3392 1403 Carthusiensis
3420 1352 3557 1403 Pro-

1949 1441 2141 1506 spectu
2178 1455 2308 1509 pag.
2349 1441 2414 1492 14
2446 1436 2659 1490 scribit.
2687 1438 2895 1490 Verum
2949 1436 3190 1491 Suriano
3243 1437 3557 1492 assentien-

1952 1522 2091 1577 dum
2124 1524 2267 1577 mihi
2299 1524 2501 1578 suadet
2550 1523 2921 1589 Morkensius,
2969 1523 3065 1594 qui
3100 1524 3314 1578 bullam
3362 1528 3478 1591 aut,
3512 1523 3557 1578 si

1951 1611 2154 1676 mavis,
2191 1613 2382 1677 Breve,
2424 1612 2579 1682 quod
2611 1611 2865 1665 Brunoni
2916 1612 3200 1665 Paschalis
3255 1612 3554 1682 impertiit,

226 1704 341 1765 ret,
368 1717 494 1755 sese
536 1683 864 1765 contulerit,
901 1704 997 1754 aut
1023 1701 1226 1754 saltem
1261 1700 1575 1753 Lanvinum
1599 1700 1845 1755 aliumve
1875 1683 1920 1739 Β
1952 1698 2249 1769 integrum
2278 1700 2555 1753 hactenus
2583 1699 2637 1753 in
2672 1699 2975 1753 Calabrina
3006 1698 3061 1753 S.
3081 1699 3356 1770 Stephani
3381 1700 3555 1754 domo

225 1804 258 1841 e
289 1788 426 1853 suis,
458 1788 553 1859 qui
572 1788 630 1843 id
652 1790 972 1859 praestaret,
994 1788 1235 1855 miserit,
1258 1788 1672 1859 ambigendum
1690 1787 1842 1842 vide-

224 1877 340 1940 tur,
375 1892 507 1929 cum
542 1892 696 1930 anno
760 1878 916 1944 1098,
952 1880 1013 1930 ut
1051 1893 1224 1947 supra
1252 1876 1518 1943 vidimus,
1569 1877 1841 1930 eumdem

220 1963 503 2018 comitem
535 1963 941 2035 Rogerium,ut
971 1982 1104 2019 eum
1138 1965 1194 2018 in
1230 1964 1560 2035 morbi,quo
1590 1965 1660 2018 ab
1692 1965 1839 2019 obsi-

221 2050 397 2105 dione
417 2050 690 2123 Capuana
704 2069 964 2107 reversus
985 2052 1272 2123 Squillacii
1296 2055 1419 2106 tum
1436 2052 1836 2120 decumhebat,

220 2140 504 2194 molestiis
558 2141 861 2208 solaretur,
913 2144 1161 2213 quatuor
1192 2141 1367 2196 etiam
1412 2141 1517 2195 sibi
1555 2142 1839 2211 adjunelis

219 2226 756 2296 sociis,adierit,nec
776 2229 1029 2283 Miletum
1058 2246 1090 2283 a
1112 2229 1416 2284 Turritana
1435 2246 1631 2284 eremo
1657 2231 1837 2285 multo

221 2315 476 2387 longius,
509 2334 685 2387 quam
714 2316 1107 2388 Squillacium,
1140 2318 1210 2373 sit
1238 2322 1551 2373 remotum.

296 2405 422 2459 72’s.
457 2405 753 2471 Attamen,
790 2422 920 2459 cum
967 2405 1208 2461 Sanctus
1230 2407 1357 2477 jam
1412 2406 1547 2461 inde
1579 2406 1651 2461 ab
1681 2423 1835 2461 anno

228 2494 366 2545 1100
400 2495 500 2546 aut
534 2492 710 2547 etiam
744 2493 857 2564 (adi
889 2511 1050 2548 num.
1098 2494 1221 2564 678)
1244 2495 1367 2564 jam
1402 2494 1534 2548 inde
1580 2494 1651 2549 ab
1677 2510 1833 2549 anno

220 2582 359 2634 1099
390 2581 681 2636 continuis
715 2582 836 2638 fere
865 2600 928 2637 ac
959 2583 1245 2655 gravibus,
1282 2584 1363 2638 uti
1396 2584 1517 2654 ipsa
1569 2584 1834 2654 epistola-

213 2685 389 2740 supra
400 2670 528 2739 jam
563 2670 716 2738 data,
736 2688 911 2743 quam
943 2674 1078 2727 tunc
1107 2689 1211 2744 per
1233 2672 1593 2727 Landuinum
1617 2672 1688 2726 ad
1719 2674 1831 2728 Ma-

202 2757 355 2827 joris
387 2759 699 2814 Carthusiae
725 2760 930 2816 fratres
956 2761 1130 2828 misit,
1165 2761 1341 2816 ﬁdem
1389 2761 1544 2827 facit,
1595 2761 1835 2815 inﬁrmi-

212 2844 432 2900 tatibus
463 2847 760 2916 laborarit,
796 2866 901 2903 nec
933 2849 1149 2904 dudum
1170 2852 1317 2920 post,
1348 2849 1427 2903 uti
1446 2848 1596 2921 infra
1624 2849 1835 2904 videbi-

1945 1803 2043 1840 seu
2059 1786 2352 1841 Carthusia
2369 1787 2726 1853 asservari,in
2747 1787 3557 1858 chronologico-diplomatica

1943 1891 2046 1928 sua
2073 1876 2142 1929 de
2170 1875 2219 1929 S.
2260 1877 2525 1929 Brunone
2544 1875 2795 1929 Diatriba
2826 1874 3101 1941 afﬁrmat,
3126 1876 3391 1947 huncque
3414 1892 3556 1948 pree—

1943 1966 2103 2016 terca
2133 1963 2331 2017 scribit
2380 1964 2437 2016 in
2496 1964 2739 2018 modum
2776 1979 2788 2016 :
2826 1985 2853 2012 ‹‹
2887 1963 3178 2017 Paschalis
3230 1965 3275 2016 ll
3324 1980 3474 2035 papa
3503 1981 3553 2018 v1

1942 2051 2308 2123 Kal.Augusti
2332 2068 2485 2105 anno
2515 2055 2641 2105 1011
2676 2050 2845 2105 Mileti
2878 2051 3126 2105 existens
3147 2068 3351 2106 omnes
3383 2052 3557 2105 dona-

1938 2138 2144 2206 tiones,
2180 2139 2578 2194 immunitates
2601 2142 2923 2210 caeteraque
2940 2139 3555 2211 priviligia,aRogeriis

1939 2227 2081 2281 durr-e
2103 2231 2160 2282 et
2187 2228 2396 2283 comite
2424 2244 2711 2295 concessa,
2741 2229 2811 2282 ab
2830 2228 3110 2300 episcopis
3132 2228 3249 2299 (adi
3265 2246 3427 2282 num.
3449 2229 3551 2282 558

1938 2318 1995 2369 et
2013 2317 2621 2389 seq.)Rheginensibus
2637 2321 2694 2371 et
2713 2317 3196 2389 Squillacensibus
3213 2319 3551 2390 approbata,

1936 2406 1995 2457 et
2019 2405 2090 2458 ab
2120 2406 2351 2460 Urbano
2376 2406 2420 2458 Il
2439 2406 2803 2472 conﬁrmata,
2826 2405 2960 2460 data
2981 2406 3133 2461 bulla
3155 2407 3549 2462 corrobOrat.»

1935 2494 2018 2547 Ita
2049 2493 2163 2562 ille,
2189 2499 2245 2547 et
2270 2496 2425 2548 recte
2457 2495 2716 2565 quidem,
2739 2499 3022 2566 quantum
3059 2495 3288 2566 opinor,
3308 2494 3441 2549 licet
3468 2494 3552 2548 in-

1932 2581 2103 2635 terim
2121 2582 2304 2652 ipsam
2323 2582 2538 2636 bullam
2564 2583 2947 2654 pontiﬁciam,
2967 2601 3078 2654 quo
3106 2572 3313 2638 certius
3333 2583 3402 2637 de
3418 2582 3547 2650 illis,

1933 2685 2060 2739 quae
2092 2669 2183 2723 hic
2217 2670 2516 2725 memoria:
2545 2671 2677 2742 proi
2695 2672 2758 2739 it,
2792 2672 3173 2744 pronuntiare
3196 2688 3446 2744 possem,
3474 2670 3548 2726 ad

1934 2773 2171 2812 manum
2199 2759 2403 2813 vellem
2429 2760 2664 2814 habere.

2004 2848 2127 2900 726.
2147 2847 2218 2899 At
2246 2863 2401 2912 vero,
2429 2864 2561 2901 cum
2615 2848 2908 2903 modicum
2943 2849 3219 2903 duntaxat
3270 2848 3549 2922 temporis

216 2950 371 3002 mus,
423 2952 454 2990 e
480 2935 711 3009 mortali
737 2937 844 2991 hac
876 2938 989 2991 vita
1018 2937 1091 2992 ad
1127 2937 1519 2992 immortalem
1548 2937 1831 3008 migrarit,
1868 2969 1914 3027 Ο
1936 2933 2182 3004 spatium
2217 2938 2345 3007 post
2365 2952 2696 2990 concessam
2752 2953 2786 2990 a
2831 2938 3100 2991 Paschale
3140 2938 3358 2991 Bullam
3399 2940 3547 2991 esset

208 3022 465 3078 fueritne
500 3028 638 3079 tunc
662 3026 777 3091 ille,
827 3043 939 3097 quo
1000 3026 1195 3081 minus
1233 3026 1479 3099 ipsemet
1535 3027 1833 3095 comitem,

212 3110 455 3167 adversa
471 3112 796 3167 valetudine
811 3114 979 3169 Mileti
994 3116 1381 3183 laborantem,
1405 3116 1610 3183 adiret,
1629 3117 1832 3171 morbo

212 3199 553 3270 impeditus,
586 3219 703 3256 non
730 3218 937 3273 parum
966 3203 1222 3273 ambigo,
1242 3204 1377 3257 licet
1397 3204 1654 3271 interim,
1692 3204 1829 3276 quin

212 3288 301 3340 vel
340 3286 587 3359 ipsemet
615 3289 859 3344 Sanctus
883 3290 938 3344 id
956 3290 1177 3358 fecerit,
1203 3292 1288 3346 vel
1307 3292 1482 3346 alium
1500 3292 1582 3346 sui
1603 3294 1728 3347 loco
1758 3294 1831 3348 ad

210 3374 530 3446 Rogerium
547 3377 788 3445 miserit,
807 3378 1191 3433 dubitandum
1214 3396 1330 3434 non
1349 3370 1688 3441 arbitrerait
1702 3382 1828 3452 jam

206 3462 347 3517 dixi.
371 3464 515 3518 Utut
531 3464 763 3520 interim
776 3482 869 3520 res
891 3466 1371 3533 habeat,summaz
1384 3468 1653 3539 equidem
1678 3485 1827 3523 curae

208 3551 596 3605 amantissimi
630 3553 927 3625 principis,
990 3571 1023 3608 a
1076 3570 1188 3625 quo
1249 3555 1497 3624 p’urima
1549 3555 1830 3610 beneﬁcia

204 3641 531 3709 acceperat,
550 3642 791 3695 salutem
811 3640 867 3695 S.
907 3641 1156 3695 Brunoni
1179 3641 1368 3708 fuisse,
1404 3642 1569 3696 facile
1589 3642 1827 3714 quisque

203 3741 276 3779 ex
299 3725 426 3796 jam
459 3726 630 3781 dictis
660 3727 965 3800 intelliget.
986 3730 1097 3783 Nec
1117 3746 1249 3783 vero
1283 3730 1824 3802 apparetabsimilc,

201 3813 474 3883 precibus
500 3815 612 3869 suis
641 3816 793 3887 apud
824 3818 1005 3871 Deum
1022 3817 1271 3872 effecisse
1300 3818 1483 3886 illum,
1542 3821 1604 3872 ut
1634 3836 1826 3875 comes

204 3900 487 3972 Rogerius
518 3903 716 3970 vitam,
753 3903 905 3959 inter
958 3906 1214 3959 assiduas
1240 3906 1358 3960 fere
1437 3906 1569 3961 belli
1628 3909 1826 3963 turbas

206 3990 425 4055 actam,
458 3989 609 4044 felici
641 3991 794 4046 exitu
847 3993 1087 4047 tandem
1128 3993 1491 4062 terminaret,
1520 4012 1550 4048 e
1611 3996 1825 4050 misera

202 4075 313 4129 hac
338 4078 728 4149 lacrymarum
761 4097 1270 4153 azrumnarumque
1298 4084 1440 4136 valle
1473 4083 1545 4137 ad
1606 4086 1825 4139 aaterna

200 4165 327 4220 caali
360 4166 575 4237 gaudia
606 4169 933 4223 translatus.
962 4169 1123 4223 Haud
1153 4169 1372 4225 dudum
1405 4175 1671 4241 porro,ut
1697 4173 1821 4243 jam

1937 3023 2218 3092 elapsum,
2244 3024 2524 3094 languore
2569 3040 2668 3077 seu
2714 3024 3169 3091 infirmitatibus,
3204 3025 3542 3096 quibuscum

1937 3108 2269 3177 Sanctus,ut
2300 3110 2540 3178 dictum,
2567 3112 2695 3183 jam
2729 3114 2801 3167 ab
2841 3131 2995 3167 anno
3044 3116 3180 3168 1100
3225 3117 3323 3167 aut
3367 3113 3543 3167 etiam

1932 3199 2103 3268 paulo
2132 3198 2293 3253 citius
2324 3199 2510 3253 fuerat
2552 3201 2933 3267 conﬂictatus,
2964 3202 3242 3274 paulatim
3287 3201 3545 3273 ingrave-

1932 3282 2240 3353 scentibus,
2265 3287 2671 3358 gravissimum
2689 3289 2891 3344 incidit
2909 3290 2966 3344 in
2992 3290 3405 3361 morbum,quo
3423 3292 3545 3343 tan-

1930 3373 2063 3429 dem
2094 3373 2167 3428 ad
2202 3379 2460 3430 extrema
2513 3376 2790 3431 deductus
2814 3395 2844 3431 e
2894 3378 3125 3432 mortali
3175 3380 3281 3432 hac
3326 3378 3440 3432 vita
3470 3377 3545 3432 ad

1929 3460 2007 3515 im
2016 3463 2593 3530 mortalem,vocante
2608 3482 2742 3519 eum
2767 3465 2839 3519 ad
2852 3468 3106 3520 caelestes
3120 3464 3546 3537 nuptiasDomi-

1930 3568 2027 3617 no,
2060 3551 2355 3622 migravit;
2415 3556 2477 3607 ut
2507 3557 2701 3608 autem
2732 3555 2815 3608 vir
2862 3554 3104 3609 Sanetus
3140 3558 3394 3609 mortem
3435 3554 3543 3609 sibi

1928 3640 2394 3713 appropinquare
2421 3642 2614 3709 sensit,
2631 3642 2837 3697 fratres
2849 3661 2980 3698 suos
3006 3661 3103 3698 seu
3129 3644 3437 3714 discipulos
3468 3642 3542 3697 ad

1929 3745 1986 3782 se
2017 3727 2459 3799 vocavit,eisque
2475 3730 2647 3783 totius
2660 3730 2787 3784 vitae
2816 3748 2929 3785 sua)
2953 3732 3025 3786 ab
3046 3731 3288 3785 infantia
3308 3747 3538 3785 cursum

1927 3816 2208 3888 exposuit,
2228 3815 2453 3886 aliaque
2476 3818 2761 3887 prmstitit,
2791 3835 2917 3888 quae
2950 3818 3007 3872 in
3037 3819 3342 3889 encyclica,
3363 3835 3537 3889 quam

1927 3904 1997 3959 de
2037 3904 2219 3959 sancti
2268 3904 2452 3959 Patris
2512 3904 2596 3958 sui
2628 3905 2788 3959 obitu
2842 3906 3210 3977 scripserunt,
3245 3922 3536 3978 quamque

1926 3991 2216 4065 integram
2246 3992 2442 4047 Titulis
2472 3993 2809 4048 funebribus
2874 3995 3250 4064 praemittam,
3296 3994 3538 4065 epistola

1924 4081 2177 4153 religiosi
2191 4081 2510 4136 Turritana:
2528 4081 2713 4137 eremi
2732 4082 2935 4137 incolae
2950 4082 3529 4153 exponunt.«Sciens,

1924 4169 2215 4241 inquiunt,
2250 4170 2384 4241 quia
2412 4169 2728 4225 venithora
2761 4171 2902 4242 ejus,
2936 4174 2999 4225 ut
3029 4173 3284 4225 transeat
3325 4188 3391 4225 ex
3425 4171 3534 4225 hoc

198 4253 405 4307 monui
439 4258 566 4325 post
585 4255 816 4326 Rogerii
844 4257 1071 4311 comitis
1088 4258 1310 4313 obitum
1332 4258 1574 4313 Sanctus
1590 4276 1821 4332 quoque
1846 4254 1898 4312 D
1924 4258 2142 4312 mundo
2174 4259 2245 4312 ad
2275 4259 2863 4325 Patrem,convocatis
2888 4260 3165 4315 fratribus
3185 4259 3534 4330 suis,abipsa

196 4342 384 4397 evivis
402 4343 800 4411 excessit;ante
834 4348 1029 4400 tamen
1076 4364 1249 4418 quam
1285 4347 1345 4401 id
1398 4347 1585 4415 ﬁeret,
1636 4348 1817 4403 dona-

197 4429 412 4496 tiones,
445 4430 864 4499 immunitates,
897 4433 1218 4505 diplomata
1246 4434 1463 4502 omnia,
1495 4436 1817 4492 Turritanaa

194 4534 400 4572 eremo
433 4518 710 4574 hactenus
756 4537 1043 4590 concessa,
1079 4540 1111 4577 a
1162 4523 1430 4577 Paschale
1462 4525 1527 4591 ΙΙ,
1584 4542 1813 4580 summo

191 4606 492 4677 pontiﬁce,
524 4608 621 4679 qui
650 4609 881 4664 Urbano
914 4612 958 4664 ll
991 4627 1145 4665 anno
1179 4613 1314 4666 1099
1343 4629 1373 4665 e
1401 4612 1534 4665 vivis
1566 4613 1810 4681 sublato,

190 4694 252 4749 in
284 4694 342 4749 S.
370 4696 523 4751 Petri
549 4698 886 4753 cathedram
899 4701 1607 4768 successerat,eonﬁrmari
1625 4702 1810 4772 impe-

186 4784 562 4841 travit.Anno
578 4787 791 4842 scilicet
826 4791 981 4855 1101,
1014 4788 1087 4843 ad
1110 4789 1323 4843 Julium
1363 4790 1489 4861 jam
1516 4795 1806 4862 provecto,

186 4871 447 4927 Miletum
477 4876 713 4929 venerat
725 4876 1027 4944 Paschalis,
1046 4877 1267 4949 hacque
1294 4877 1593 4933 occasione
1611 4883 1806 4950 postu-

185 4959 299 5014 lari
324 4961 396 5015 ab
419 4978 487 5016 eo
521 4963 758 5030 curavit,
788 4969 888 5019 aut
910 4965 1087 5020 etiam
1104 4966 1224 5039 ipse
1235 4969 1352 5021 met
1365 4984 1469 5038 per
1483 4984 1541 5021 se
1567 4966 1808 5023 Sanctus

184 5050 521 5121 postulavit,
546 5053 762 5123 ut,quae
791 5052 1110 5108 Turritanze
1139 5071 1338 5109 eremo
1366 5054 1481 5109 sive
1530 5072 1563 5109 a
1597 5056 1806 5111 comite

186 5136 583 5208 Rogerio,sive
613 5139 685 5194 ab
704 5140 826 5194 aliis
856 5141 1289 5213 quibuscunque
1315 5143 1546 5197 fuerant
1577 5146 1804 5212 collata,

184 5240 254 5278 ea
283 5224 406 5296 ipse
448 5241 720 5282 concessa
764 5228 920 5282 bulla
973 5230 1309 5297 roboraret,
1372 5231 1552 5286 sancti
1611 5235 1806 5287 autem

182 5311 289 5365 viri
318 5315 610 5384 postulato
628 5314 1046 5386 benignissime
1064 5318 1321 5388 pontifex
1351 5319 1573 5373 annuit.

256 5404 381 5457 725.
414 5402 702 5457 Paschalis
747 5419 919 5476 papa,
951 5404 1140 5477 inquit
1164 5406 1237 5460 ad
1299 5424 1517 5461 annum
1576 5411 1702 5463 1101
1745 5408 1802 5463 in

188 5486 567 5559 Chronotaxi,
594 5488 708 5545 suis
724 5490 797 5546 ad
810 5493 1139 5548 contextam
1170 5509 1204 5549 a
1231 5492 1396 5549 Surio
1429 5493 1486 5549 S.
1520 5494 1805 5552 Brunonis

1921 4345 2166 4399 infantia
2188 4346 2441 4418 singulas
2492 4350 2690 4402 aetates
2735 4365 2865 4402 suas
2910 4348 3225 4419 replicavit,
3251 4350 3308 4402 et
3360 4347 3534 4403 totius

1918 4434 2199 4504 temporis
2212 4435 2549 4489 suiscientia
2572 4438 2629 4489 et
2659 4436 2950 4490 sententia
2994 4437 3259 4508 dignum,
3285 4460 3312 4485 ››
3345 4436 3403 4491 id
3424 4439 3529 4505 est,

1917 4526 1979 4576 ut
2002 4522 2358 4577 Mahillonius
2378 4522 2437 4576 in
2462 4523 2781 4577 Annalibus
2804 4524 3044 4591 lib.Lxx,
3074 4542 3235 4579 num.
3272 4529 3338 4580 29
3357 4525 3532 4580 inter-

1914 4613 2196 4683 pretatur,
2226 4630 2259 4662 ‹‹
2287 4610 2477 4665 divina
2498 4611 3000 4667 animadversione
3029 4613 3270 4685 dignum
3304 4615 3525 4685 procla-

1912 4699 2106 4753 mavit.
2132 4699 2337 4752 Postea
2364 4699 2537 4752 ﬁdem
2560 4716 2723 4754 suam
2741 4700 2811 4754 de
2844 4701 3119 4755 Trinitate
3152 4705 3443 4772 protracto
3471 4706 3529 4757 et

1907 4786 2197 4859 profundo
2227 4803 2495 4842 sermone
2529 4788 2787 4860 exposuit
2809 4792 2867 4843 et
2892 4790 3167 4845 conclusit
3193 4791 3291 4844 sic.
3318 4812 3345 4838 »
3385 4791 3524 4845 Pro-

1908 4875 2170 4930 fessionis
2193 4875 2327 4929 ﬁdei
2375 4877 2573 4943 modo,
2623 4894 2798 4948 quam
2848 4877 3091 4932 Sanctus
3136 4882 3269 4931 tunc
3300 4878 3513 4945 emisit,

1907 4968 2131 5035 partem
2160 4964 2519 5036 subjungunt
2552 4983 2565 5033 ;
2594 4983 2793 5021 verum
2821 4967 2991 5032 hanc,
3049 4969 3175 5019 tum
3231 4968 3311 5032 ut,
3366 4966 3522 5037 quod

1907 5069 2081 5124 supra
2110 5052 2373 5122 promisi,”
2403 5056 2827 5125 praestem,tum
2856 5071 2927 5108 ne
2958 5052 3049 5106 hic
3082 5052 3401 5124 pretiosum
3432 5071 3524 5108 ve-

1908 5140 2183 5194 neranda:
2211 5141 2570 5212 antiquitatis
2600 5159 2875 5214 purzeque
2928 5158 2993 5195 ac
3046 5141 3279 5195 illibatae
3326 5140 3517 5197 Sancti

1908 5229 2087 5283 nostri
2123 5228 2256 5283 ﬁdei
2302 5234 2751 5284 monumentum
2786 5229 3039 5283 studioso
3069 5229 3266 5284 lectori
3293 5230 3517 5285 deside-

1906 5318 2152 5372 randum
2169 5317 2517 5389 relinquam,
2535 5318 2819 5389 integram
2841 5318 2951 5371 huc
2964 5318 3277 5373 transferre
3303 5319 3461 5373 lubet
3483 5338 3514 5375 e

1905 5409 2131 5477 quarto,
2167 5406 2255 5460 cui
2283 5405 2355 5459 ad
2374 5423 2506 5478 pag.
2527 5406 2630 5460 400
2658 5408 2845 5460 exstat
2876 5405 3180 5474 insertum,
3211 5407 3514 5465 Analecta-

1901 5510 2032 5550 rum
2054 5492 2363 5550 Mabillonii
2395 5496 2576 5548 tomo.
