4066 6032
452 258 557 319 447

1298 261 1355 317 8.
1388 260 1734 317 BRUNONIS
1774 253 2406 316 CARTHUSIANORUM
2444 258 2914 341 INSTITUTORIS

3668 266 3787 322 448

520 391 645 443 727.
676 388 759 441 Ita
788 386 964 441 habet
994 403 1007 442 :
1045 407 1072 436 ‹‹
1101 386 1284 442 Credo
1334 387 1580 441 ﬁrmiter
1618 387 1675 441 in
1723 388 1952 440 Patrem
2005 387 2063 439 et
2083 387 2135 445 A
2159 384 2338 440 fundo
2366 403 2635 441 sermone
2656 389 2927 458 exposuit
2973 391 3030 442 et
3059 388 3334 444 conclusit
3366 389 3464 460 sic,
3501 413 3530 440 «
3588 390 3786 446 Credo

447 475 655 530 Filium
679 479 737 529 et
765 475 1045 546 Spiritum
1083 479 1369 543 sanctum,
1424 478 1654 530 Patrem
1705 475 2053 546 ingenitum,

446 564 652 618 Filium
677 565 1063 635 unigenitum,
1099 564 1375 636 Spiritum
1409 565 1687 619 Sanctum
1717 580 1783 617 ex
1811 567 2054 633 utroque

446 654 880 724 procedentem,
914 656 971 706 et
996 654 1096 707 has
1119 656 1235 707 tres
1278 670 1554 725 personas
1610 669 1790 706 unum
1846 654 2051 706 Deum.

448 740 632 795 Credo
649 741 803 812 quod
819 741 975 794 idem
998 742 1096 795 Dei
1128 742 1295 795 Filius
1315 744 1628 813 conceptus
1650 741 1722 794 sit
1738 741 1808 794 de
1842 740 2055 809 Spiritu

446 832 644 883 sancto
673 846 737 882 ex
768 829 939 883 Maria
966 830 1220 901 Virgine.
1256 829 1440 884 Credo
1472 830 1627 901 quod
1658 829 1828 899 Virgo
1862 828 2055 881 castis-

449 917 595 971 sima
638 917 811 971 fuerit
858 921 992 973 ante
1024 922 1277 990 partum,
1308 919 1467 989 virgo
1515 918 1576 971 in
1614 920 1802 987 partu,
1826 918 1903 983 ,et
1932 918 2060 986 post

449 1008 704 1076 partum,
723 1022 883 1077 Virgo
897 1006 955 1060 in
976 1010 1259 1061 aeternum
1274 1005 1675 1078 permanserit.
1693 1003 2059 1074 Credo,quod

447 1094 604 1149 idem
632 1095 729 1149 Dei
767 1095 937 1149 Filius
982 1099 1291 1166 conceptus
1346 1095 1419 1149 sit
1452 1095 1604 1148 inter
1656 1093 1943 1159 homines,
1999 1095 2061 1145 ut

448 1200 614 1237 verus
640 1184 841 1249 homo,
874 1185 994 1238 sine
1037 1189 1293 1256 peccato.
1357 1184 1539 1238 Credo
1573 1183 1728 1254 quod
1772 1182 1927 1235 idem
1960 1180 2061 1235 Dei

449 1271 911 1327 Filiusinvidiose
928 1290 961 1326 a
983 1273 1218 1342 perﬁdis
1238 1272 1447 1326 Judaais
1468 1275 1664 1342 captus
1679 1271 1768 1338 sit,
1787 1270 2060 1341 injuriose

449 1362 747 1427 tractatus,
800 1360 1009 1431 injuste
1063 1360 1275 1431 ligitus,
1335 1363 1666 1430 consputus,
1720 1360 2059 1429 ﬂagellatus,

452 1452 714 1503 mortuus
736 1452 793 1502 et
823 1449 1093 1519 sepultus.
1126 1449 1430 1503 Descendit
1451 1449 1522 1502 ad
1546 1448 1779 1513 inferos,
1814 1451 1875 1501 ut
1891 1448 2065 1518 capti-

452 1552 549 1590 vos
585 1554 716 1591 suos
746 1537 1189 1603 indeliberaret,
1222 1537 1515 1591 descendit
1558 1541 1795 1608 propter
1834 1537 2060 1589 redem-

452 1625 711 1695 ptionem
740 1628 1015 1691 nostram,
1049 1628 1106 1679 et
1136 1626 1443 1679 resurrexit
1481 1625 1749 1679 Ascendit
1780 1626 1852 1678 ad
1871 1626 2060 1689 caelos,

2162 494 2187 521 »
2225 473 2401 527 etiam
2434 478 2796 529 sacramenta
2822 492 2955 548 quae
2987 479 3183 531 sancta
3215 477 3397 532 credit
3448 480 3505 532 et
3532 496 3787 534 venera—

2157 582 2185 610 »
2218 565 2310 615 tur
2330 563 2595 616 Ecclesia:
2616 567 2672 617 et
2702 564 3049 619 nominatim
3071 581 3283 635 panem
3313 570 3374 621 et
3400 566 3621 634 vinum,
3646 585 3785 638 quae

2138 658 2186 698 ’››
2210 652 2688 705 consecranturin
2710 653 3035 724 altari,post
3055 654 3548 709 consecrationem
3573 673 3783 710 verum

2157 759 2184 787 »
2220 755 2423 808 corpus
2455 756 2575 793 esse
2619 741 2846 795 Domini
2900 742 3079 795 nostri
3117 744 3246 796 Jesu
3295 742 3521 811 Christi,
3580 760 3788 798 veram

2159 847 2187 875 »
2221 843 2457 881 carnem
2490 832 2547 882 et
2572 845 2771 883 verum
2804 830 3170 901 sanguinem,
3206 848 3332 902 quae
3354 834 3413 885 et
3443 848 3548 887 nos
3568 833 3790 905 accipi-

2161 934 2190 962 »
2222 931 2349 968 mus
2380 915 2439 969 in
2471 916 2872 972 remissionem
2897 921 3264 987 peccatorum
3284 922 3787 987 nostrorum,etin

2160 1023 2187 1052 ››
2222 1018 2319 1073 spe
2374 1005 2570 1058 salutis
2627 1010 2880 1072 aiternze,
2910 1028 2936 1054 ››
2994 1023 3099 1060 nec
3132 1010 3333 1060 tamen
3387 1009 3578 1063 verbis
3623 1009 3788 1063 hisce

2160 1093 2535 1148 concludatur
2566 1095 2740 1148 modo
2757 1095 2911 1161 data,
2932 1111 3105 1166 quam
3131 1095 3371 1151 Sanctus
3390 1097 3565 1151 morti
3592 1098 3791 1169 proxi-

2161 1197 2288 1233 mus
2316 1181 2522 1247 emisit,
2556 1183 2686 1236 ﬁdei
2716 1183 3127 1254 professio;etsi
3162 1184 3318 1238 enim
3377 1185 3531 1239 hisce
3564 1186 3636 1239 de
3684 1203 3781 1240 re-

2162 1269 2394 1323 condito
2412 1270 2774 1325 Eucharistize
2790 1275 3152 1325 sacramento
3167 1272 3351 1327 verbis
3390 1273 3502 1327 alia
3522 1289 3637 1328 non
3648 1275 3781 1327 nul-

2162 1357 2237 1423 la,
2257 1374 2383 1427 qua:
2398 1358 2468 1411 ad
2485 1357 2659 1412 ﬁdem
2684 1359 2752 1411 de
2770 1360 3025 1412 sanctissi
3038 1360 3412 1414 ma'l‘rinitate
3428 1362 3781 1432 spectant,in

2157 1445 2281 1514 jam
2315 1446 2551 1499 recitato
2569 1464 2597 1500 e
2613 1447 2920 1501 Mabillonii
2944 1449 3230 1502 Aiialectis
3252 1453 3635 1504 monumento
3651 1450 3788 1503 sub-

2163 1534 2393 1601 dantur,
2436 1535 2560 1604 ipso
2595 1540 2791 1589 tamen
2814 1535 2993 1589 etiam
3035 1537 3204 1607 hujus
3235 1537 3402 1591 initio
3431 1539 3625 1604 verba,
3656 1538 3787 1608 qui-

2165 1623 2269 1675 bus
2298 1640 2459 1676 snam
2492 1624 2734 1677 Sanctus
2758 1624 2827 1677 de
2856 1624 3060 1677 eadem
3112 1625 3472 1679 sanctissima
3497 1625 3785 1679 Trinitale
3812 1674 3817 1675 ,

452 1712 587 1765 inde
620 1716 891 1767 venturus
923 1718 1005 1767 est
1026 1713 1288 1783 judicare
1318 1714 1468 1767 vivos
1508 1718 1565 1767 et
1594 1714 2063 1767 mortuos.Credo
2090 1712 2135 1771 Β
2163 1709 2337 1764 ﬁdem
2367 1710 2645 1781 exposuit,
2681 1716 2997 1783 ponuntur,
3033 1728 3138 1766 nec
3170 1712 3277 1765 nisi
3302 1717 3431 1783 post
3459 1714 3789 1784 verba,qui-

454 1800 827 1855 Sacramenta
886 1818 1013 1872 quae
1068 1803 1359 1856 Catholica
1413 1802 1595 1856 credit
1643 1806 1701 1855 et
1758 1805 2066 1856 veneratur

452 1890 699 1944 Ecclesia
724 1907 736 1943 :
770 1894 828 1944 et
854 1891 1382 1961 nominatim,qnod
1399 1894 1766 1945 consecratur
1796 1892 1853 1945 in
1876 1891 2061 1959 altari,

449 1993 647 2032 verum
682 1993 888 2049 corpus
916 1994 1059 2046 esse,
1086 1996 1281 2033 veram
1329 1996 1565 2033 carnem
1597 1982 1654 2032 et
1706 1995 1902 2034 verum
1933 1996 2062 2033 san-

452 2067 689 2139 guinem
722 2068 953 2123 Domini
1004 2067 1185 2122 nostri
1211 2069 1340 2122 Jesu
1386 2068 1611 2133 Christi,
1649 2086 1821 2140 quem
1877 2073 1933 2121 et
1962 2085 2065 2122 nos

453 2155 765 2226 accipimus
795 2157 853 2209 in
882 2144 1281 2211 remissionem
1308 2161 1677 2226 peccatorum
1709 2161 2061 2222 nostrorum,

449 2243 511 2297 in
541 2261 702 2316 spem
734 2246 926 2299 salutis
956 2249 1208 2299 aeternae.
1245 2245 1427 2299 Credo
1470 2246 1657 2300 carnis
1691 2246 2062 2299 resurrectio-

451 2350 610 2397 nem,
638 2334 813 2388 vitam
861 2337 1161 2389 aeternam.
1197 2336 1403 2387 Amen.
1458 2333 1749 2388 Conﬁteor
1795 2337 1852 2387 et
1891 2335 2061 2413 credo

452 2418 708 2476 sanctam
737 2425 908 2494 atque
942 2422 1293 2477 ineffabilem
1323 2422 1685 2489 Trinitatem,
1718 2424 1970 2490 Patrem,
2006 2426 2063 2476 et

451 2510 654 2565 Filium
684 2514 741 2564 et
772 2510 1047 2582 Spiritum
1075 2514 1359 2578 sanctum,
1406 2530 1584 2565 unum
1619 2514 1801 2565 Deum
1835 2516 2064 2565 natura-

388 2616 389 2619 ‘
450 2599 762 2666 lem,unius
775 2600 1128 2666 substantiae,
1154 2600 1321 2654 unius
1334 2603 1577 2667 naturae,
1604 2600 1770 2653 unius
1798 2600 2062 2669 majesta-

450 2688 523 2743 tis
539 2692 709 2760 atque
733 2689 971 2743 virtutis.
1002 2690 1069 2742 Et
1099 2690 1329 2743 Patrem
1357 2690 1592 2760 quidem
1624 2707 1741 2743 non
1773 2690 2058 2760 genitum,

449 2792 567 2831 non
608 2782 889 2844 creatum,
909 2778 1008 2831 sed
1026 2778 1348 2848 ingenitum
1367 2778 1727 2848 proﬁtemur,
1754 2780 1876 2848 Ipse
1893 2780 2062 2833 Pater

447 2883 482 2920 a
513 2866 668 2920 nullo
688 2865 973 2937 originem
1006 2866 1180 2934 ducit,
1216 2883 1283 2920 ex
1312 2883 1425 2937 quo
1480 2866 1648 2920 Filius
1679 2866 2057 2934 nativitatem,

2162 1799 2287 1863 bus,
2322 1816 2449 1870 quae
2480 1800 2591 1853 alia
2605 1801 2791 1853 adhuc
2809 1801 3338 1867 crederet,Sanctus
3356 1801 3642 1872 professus
3672 1804 3782 1867 est,

2166 1891 2482 1958 sequuntur
2512 1889 2771 1959 proxime
2800 1889 2911 1953 huc
2962 1888 3333 1958 transcripta,
3367 1889 3573 1959 quibus
3613 1905 3785 1942 suam

2166 1976 2237 2029 de
2268 1977 2624 2031 sanctissimo
2674 1977 3088 2048 rcconditoque
3125 1977 3560 2031 Euchararistiae
3598 1994 3791 2032 sacra—

2166 2069 2364 2119 mento
2392 2066 2564 2119 ﬁdem
2596 2066 2865 2120 fratribus
2886 2067 3203 2120 astantibus
3233 2065 3561 2120 declaravit.

2235 2156 2358 2227 729.
2391 2154 2555 2217 Quod
2583 2170 2715 2208 cum
2751 2154 2829 2208 ita
2860 2155 2951 2221 sit,
2983 2154 3193 2208 merito
3243 2158 3532 2226 utcunque
3586 2155 3786 2208 Turri-

2166 2242 2316 2296 tauze
2333 2243 2512 2297 eremi
2542 2243 2745 2297 incolse
2764 2260 2862 2297 seu
2894 2244 2951 2297 S.
2972 2242 3258 2297 Brunonis
3274 2243 3533 2315 discipuli
3554 2244 3614 2296 in
3630 2261 3788 2316 prae-

2163 2329 2281 2383 fata
2297 2331 2539 2401 epistola
2564 2332 3139 2402 encyclica,sanctum
3156 2333 3386 2385 Patrem
3406 2349 3781 2403 suum,quam

2154 2419 2279 2488 jam
2310 2420 2621 2473 moriturus
2653 2421 2862 2485 emisit,
2894 2420 3026 2474 ﬁdei
3062 2432 3177 2474 sua!
3232 2420 3653 2490 professionem
3690 2419 3778 2483 iis,

2163 2524 2290 2577 quae
2314 2508 2384 2561 de
2428 2508 2781 2563 Eucharistia
2826 2509 3110 2575 crederet,
3143 2509 3483 2563 conclusisse
3534 2524 3632 2561 seu
3660 2512 3776 2562 ter-

2164 2596 2430 2663 minasse,
2466 2597 2646 2664 aiunt,
2676 2598 2807 2651 licet
2851 2597 3085 2651 interim
3132 2597 3337 2656 verbis.
3370 2612 3477 2667 per
3507 2596 3782 2651 laudatos

2162 2686 2352 2740 Sancti
2378 2687 2683 2758 discipulos
2708 2687 2911 2752 allatis,
2955 2687 3160 2758 quibus
3192 2686 3250 2740 id
3281 2686 3435 2752 fecit,
3469 2685 3581 2739 alia
3627 2701 3778 2739 non-

2163 2777 2320 2829 nulla
2350 2776 2420 2829 de
2454 2776 2815 2829 sanctissima
2856 2777 3134 2830 Trinitate
3164 2776 3504 2830 subdantur.
3541 2774 3707 2838 Quod
3732 2774 3781 2829 si

2163 2864 2219 2917 id
2251 2864 2568 2935 displiceat,
2615 2863 2920 2918 dicendum
2973 2862 3247 2935 equidem
3294 2864 3481 2935 potius
3530 2864 3778 2929 videtur,

445 2957 503 3007 et
529 2953 775 3026 Spiritus
794 2959 1022 3008 sanctus
1045 2955 1471 3025 processionem
1505 2954 1743 3025 accepit.
1779 2955 2059 3027 Fonsipse
2089 2992 2134 3048 Ο
2158 2953 2475 3007 Turritanae
2506 2953 2686 3006 eremi
2709 2952 2902 3006 Sancti
2929 2953 3234 3023 discipulos
3262 2953 3321 3007 in
3352 2954 3641 3024 loquendo
3666 2953 3778 3006 mi-

444 3040 621 3113 igitur
643 3044 700 3096 et
725 3043 1009 3114 origoest
1041 3043 1217 3097 totius
1267 3042 1606 3097 divinitatis:
1661 3043 1781 3113 ipse
1831 3060 2059 3115 quoque

445 3131 616 3185 Pater
664 3132 911 3185 essentia
963 3132 1199 3202 quidem
1258 3120 1582 3199 ineﬁ'ahilis,
1629 3133 1917 3186 subtantia
1960 3149 2061 3185 sua

444 3217 650 3273 Filium
678 3220 843 3291 genit
872 3220 1263 3287 inetfabiliter,
1302 3236 1406 3274 nec
1436 3224 1636 3273 tamen
1677 3220 1849 3286 aliud,
1885 3237 2057 3291 quam

443 3306 601 3377 quod
630 3307 751 3377 ipse
780 3309 884 3361 est.
914 3308 1121 3360 Genuit
1148 3309 1297 3360 Deus
1322 3309 1527 3374 Deum,
1561 3308 1677 3360 Lux
1709 3308 1938 3362 Lucem.
1972 3308 2058 3361 Al)

440 3392 565 3463 ipso
598 3409 738 3465 ergo
771 3397 857 3448 est
876 3394 1064 3448 omnis
1088 3395 1403 3467 pater‘nitas
1435 3396 1493 3449 in
1527 3396 1668 3450 coelo
1695 3399 1753 3448 et
1785 3396 1842 3449 in
1880 3399 2053 3449 terra.

442 3481 651 3535 Amen.
675 3500 707 3534 »

514 3571 637 3625 728.
658 3571 1097 3625 Monumentum
1110 3571 1219 3625 hoc
1237 3570 1389 3642 apud
1416 3570 1805 3626 Mabillonium
1821 3589 2060 3643 sequen-

441 3659 562 3712 tem
579 3658 637 3712 in
669 3658 856 3729 capite
882 3660 1112 3713 titulum
1146 3660 1314 3725 aut,si
1346 3660 1547 3725 mavis,
1570 3660 1840 3733 scriptam
1869 3660 2057 3714 aSan-

441 3745 517 3800 cti
534 3747 824 3818 discipulis
852 3749 1112 3802 notulam
1144 3748 1380 3819 prmfert
1406 3765 1417 3803 :
1474 3768 1504 3800 <<
1535 3749 1735 3802 Fidem
1796 3749 2059 3820 magistri

440 3835 744 3903 Brunonis,
760 3852 933 3907 quam
957 3836 1349 3892 communiter
1363 3836 1638 3891 fratribus
1651 3838 1764 3891 suis
1784 3840 2063 3909 protesta-

437 3927 529 3979 tus
560 3928 664 3992 est,
698 3941 829 3980 eum
861 3926 1067 3980 horam
1109 3925 1214 3979 sibi
1251 3925 1719 3995 appropinquare
1771 3925 2056 3992 sensisset,

438 4014 503 4065 ut
531 4013 721 4066 omnis
732 4013 922 4067 carnis
942 4014 1094 4066 viam
1112 4012 1818 4083 ingrederetur,scriptam
1833 4030 2059 4067 servare

439 4100 784 4166 curavimus,
812 4116 881 4153 eo
930 4100 1085 4171 quod
1136 4099 1273 4153 satis
1323 4099 1528 4153 intime
1560 4117 1755 4154 coram
1808 4103 1924 4155 Deo
1957 4118 2061 4154 nos

440 4186 591 4241 iliius
624 4187 949 4242 ﬁdeitestes
971 4203 1092 4241 esse
1123 4190 1375 4257 rogaret.
1401 4207 1431 4238 »
1476 4188 1773 4255 Surianus,
1798 4189 1892 4259 qui
1925 4205 2063 4259 quo-

2162 3059 2269 3095 nus
2297 3041 2467 3095 fuisse
2482 3046 2726 3107 exactos,
2762 3058 2936 3112 quam
2969 3042 3294 3113 antiquum,
3329 3043 3483 3113 quod
3514 3059 3544 3096 e
3585 3042 3781 3096 Mabil-

2160 3129 2296 3183 lonii
2324 3130 2611 3183 Analectis
2639 3129 2792 3196 dedi,
2815 3130 3230 3184 documentum
3266 3147 3384 3184 esse
3410 3132 3774 3200 corruptum,

2161 3221 2259 3272 aut
2290 3219 2347 3272 in
2380 3219 2605 3283 ordine,
2648 3234 2783 3289 quo,
2818 3236 2944 3288 qua:
2997 3220 3417 3289 complectitur,
3446 3221 3566 3272 tam
3619 3218 3776 3289 apud

2159 3308 2330 3373 hunc,
2359 3325 2533 3379 quam
2568 3307 2719 3377 apud
2756 3307 3065 3361 Surianum
3096 3308 3281 3379 posita
3309 3312 3458 3374 sunt,
3488 3324 3609 3362 esse
3640 3324 3775 3378 per-

2158 3397 2472 3450 turbatum.
2508 3395 2656 3459 Quid
2688 3396 2797 3449 hoc
2854 3399 3136 3465 prmterea
3190 3396 3413 3450 ratione
3470 3395 3773 3461 doctrinae,

2160 3483 2435 3538 doctrinas
2449 3484 2886 3555 Berengarianze
2906 3501 2935 3537 e
2955 3483 3238 3538 diametro
3257 3487 3537 3554 quantum
3555 3483 3627 3537 ad
3648 3500 3778 3537 san-

2160 3573 2475 3627 ctissimum
2531 3572 2895 3626 Eucharistize
2972 3577 3400 3626 sacramentum
3467 3573 3771 3643 opposita},

2160 3661 2559 3716 annotandum
2582 3660 2976 3726 otferat,facile
2995 3661 3233 3731 quisque
3267 3678 3332 3714 ex
3353 3660 3572 3731 iis,quzc
3608 3677 3773 3717 num.

2160 3752 2227 3803 68
2249 3753 2306 3803 et
2328 3749 2605 3820 seq.dicta
2627 3753 2779 3810 sunt,
2814 3748 3136 3820 perspiciet.
3176 3748 3360 3811 Quare
3391 3765 3460 3802 eo
3487 3749 3775 3802 remisisse

2160 3839 2435 3892 lectorem
2468 3839 2867 3903 contentus,ea
2895 3836 3092 3903 modo,
3122 3854 3249 3908 qua:
3268 3837 3337 3891 de
3363 3840 3773 3908 tempore,quo

2160 3927 2486 3981 Sanctusad
2517 3926 2768 3998 Superos
2802 3926 3094 3996 migravit,
3127 3926 3371 3979 dicenda
3402 3926 3493 3979 hic
3528 3929 3770 3993 restant,

2159 4015 2419 4086 expedio.
2483 4015 2679 4068 Sancti
2712 4014 2769 4067 in
2823 4015 3141 4067 Turritanae
3175 4031 3373 4068 eremo
3395 4014 3655 4084 discipuli
3712 4015 3773 4068 in

2162 4103 2403 4175 epistola
2433 4104 2739 4174 encyclica,
2784 4102 2855 4156 ad
2906 4103 3153 4157 diversas
3184 4102 3447 4157 ecclesias
3478 4106 3775 4157 monaste-

2160 4193 2359 4263 riaque
2391 4191 2600 4262 scripta
2623 4192 2867 4262 jamque
2919 4191 3122 4263 szepius
3170 4191 3425 4257 laudata,
3469 4207 3583 4261 qua
3615 4191 3769 4245 hisce

441 4291 553 4346 que
577 4276 1029 4328 monumentum
1069 4274 1213 4329 illud
1244 4276 1560 4348 integrum,
1596 4294 1630 4331 a
1658 4277 2059 4331 Mabilloniano
2084 4296 2135 4354 D
2161 4280 2513 4333 dilectissimi
2554 4279 2734 4332 Patris
2749 4278 2829 4332 sui
2847 4278 3069 4332 obitum
3089 4278 3773 4351 nuntiarunt,precesque

442 4362 758 4434 exemplari
790 4363 851 4417 in
884 4362 1179 4418 nonnullis
1227 4363 1506 4419 duntaxat
1553 4365 1742 4436 exigui
1772 4366 2057 4420 momenti

440 4451 781 4507 lectionibus
840 4451 1151 4521 diversum,
1185 4453 1245 4507 in
1303 4454 1415 4508 suis
1474 4453 1548 4508 ad
1587 4455 1991 4509 concinnatam
2025 4472 2059 4509 a

444 4538 609 4594 Surio
641 4538 697 4593 S.
732 4540 1014 4594 Brunonis
1043 4540 1228 4596 Vitam
1254 4541 1740 4597 Annbtationibus
1787 4560 1920 4615 pag.
1954 4546 2056 4599 253

442 4630 502 4684 et
530 4644 648 4699 seq.
673 4628 895 4696 recitat,
919 4628 1090 4684 fuisse
1120 4630 1179 4684 id
1210 4631 1267 4684 in
1298 4631 1471 4685 domo
1508 4629 1565 4683 S.
1601 4629 1876 4700 Stephani
1900 4646 2054 4684 anno

445 4718 602 4783 1514,
635 4717 924 4789 quohanc
939 4717 1388 4789 postliminioad
1415 4718 1876 4773 Carthusiensem
1908 4719 2059 4773 ordi-

442 4820 580 4859 nem
602 4805 858 4860 revocari
910 4805 1170 4876 contigit,
1223 4823 1280 4860 1n
1344 4806 1459 4860 ﬁne
1502 4807 1801 4877 cujusdam
1851 4807 2056 4861 veteris

439 4894 744 4966 Menologli
772 4897 1087 4965 repertum,
1124 4896 1423 4963 observat;
1454 4899 1515 4949 ut
1548 4896 1816 4968 proinde,
1851 4912 1965 4967 qua
1998 4895 2056 4949 id

442 4982 935 5055 Sanctidiscipuli,
972 4983 1337 5038 Calabrinam
1391 5000 1655 5039 eremum
1714 4985 2051 5051 incolentes,

442 5073 654 5127 servari
671 5090 791 5127 sese
806 5089 1050 5140 curasse,
1082 5074 1360 5143 produnt,
1394 5077 1620 5128 exstans
1652 5073 1805 5144 apud
1861 5074 2053 5127 Mahil-

443 5162 685 5230 Ionium,
718 5179 966 5235 moxque
995 5164 1107 5217 huc
1162 5164 1509 5235 transcripta
1538 5153 1759 5217 notula‘
1800 5180 1905 5235 pro
1963 5180 2054 5216 su-

443 5255 637 5323 specta
664 5252 933 5306 habenda
954 5268 1072 5307 non
1101 5251 1309 5305 sit.Nec
1343 5256 1427 5306 est
1453 5268 1554 5305 cur
1579 5253 1913 5323 scrupulum
1936 5252 2057 5305 cui-

444 5355 618 5411 quam
641 5342 892 5406 moveat,
917 5340 1072 5411 quod
1088 5340 1341 5410 religiosi
1368 5339 1687 5393 Turritanae
1702 5338 1882 5393 eremi
1897 5339 2054 5392 inco-

444 5428 515 5481 lae
541 5427 600 5481 in
632 5426 874 5497 epistola
905 5427 1191 5498 encyclica
1220 5427 1480 5499 proxime
1499 5426 1734 5481 laudata
1755 5426 1825 5480 de
1846 5426 2056 5481 Sancto

448 5513 644 5570 dicant
662 5531 674 5568 :
698 5534 729 5567 «
752 5513 951 5571 Fidem
963 5531 1127 5570 suam
1154 5514 1225 5568 de
1242 5516 1517 5571 Trinitate
1543 5517 1835 5588 protracto
1851 5519 1908 5570 et
1922 5532 2057 5589 pro-

2159 4385 2262 4439 pro
2295 4369 2416 4438 ejus
2447 4368 2642 4421 anima
2668 4367 2953 4421 abiisdem
2972 4366 3441 4438 postularunt,ita
3469 4367 3572 4421 sub
3590 4367 3770 4421 ﬁnem

2160 4456 2445 4511 scribunt:
2479 4455 2886 4509 «Proximadie
2914 4454 3422 4509 Dominicasancta
3451 4455 3547 4508 illa
3573 4456 3773 4510 anima

2161 4544 2463 4615 (Brunonis
2482 4543 2763 4613 videlicet)
2795 4560 2966 4596 carne
2997 4543 3181 4597 soluta
3211 4547 3295 4596 est
3339 4543 3522 4614 pridie
3555 4543 3768 4611 Nonas,

2156 4634 2215 4687 id
2237 4637 2340 4699 est,
2377 4642 2535 4687 sexta
2569 4632 2683 4698 die,
2717 4631 2976 4687 Octobris
3007 4648 3159 4686 anno
3194 4632 3422 4686 Domini
3459 4631 3769 4688 millesimo

2156 4722 2456 4776 centisimo
2495 4721 2756 4793 primo.»
2790 4721 2856 4775 Et
2899 4720 3268 4788 carminibus,
3330 4721 3535 4792 quibus
3576 4721 3771 4791 Epita-

2154 4811 2378 4881 phium,
2395 4809 2587 4864 Sancti
2610 4810 2832 4864 tumulo
2850 4810 3175 4881 appositum
3203 4810 3466 4882 infraque
3486 4812 3595 4865 huc
3614 4815 3771 4866 tran-

2157 4898 3195 4970 scribendum,constat,penultimum
3213 4900 3288 4953 sic
3306 4900 3499 4953 habet:
3533 4900 3769 4955 «Carnis

2156 4980 2340 5034 vincla
2370 4981 2492 5035 dies
2531 4981 2793 5035 Octobris
2820 4983 2976 5034 sexta
3005 4982 3252 5035 resolvit.
3294 5001 3324 5032 »
3371 4981 3578 5047 Quare,
3634 4998 3768 5035 cum

2155 5069 2416 5142 proxime
2462 5086 2495 5122 a
2541 5068 2739 5122 Sancti
2785 5069 2945 5122 obitu
3002 5068 3156 5122 dicta
3187 5069 3429 5140 epistola
3479 5069 3773 5140 encyclica

2157 5159 2367 5231 scripta
2393 5160 2484 5225 sit,
2511 5175 2615 5212 nec
2649 5159 2868 5212 dudum
2896 5158 3073 5212 etiam
3104 5162 3235 5229 post
3249 5158 3606 5230 epitaphium
3625 5158 3769 5213 illud

2156 5248 2351 5304 Sancti
2381 5250 2630 5303 tumulto
2654 5247 2985 5319 appositum
3013 5247 3184 5301 fuisse
3206 5246 3765 5314 videatur,dubitan-

2157 5338 2296 5392 dum
2323 5355 2459 5393 sane
2492 5337 2646 5391 nullo
2669 5337 2843 5391 modo
2873 5338 2977 5402 est,
3010 5336 3146 5407 quin
3165 5336 3354 5391 Bruno
3382 5340 3435 5390 et
3451 5353 3603 5390 anno
3632 5339 3759 5390 1101

2158 5429 2215 5481 et
2237 5430 2392 5481 sexta
2423 5425 2683 5481 Octobris
2742 5425 2833 5479 die
2893 5424 2967 5479 ad
3016 5424 3329 5479 Dominum
3383 5423 3668 5495 migrarit;
3703 5427 3768 5479 ut

2159 5515 2454 5572 enimvero
2485 5513 2819 5569 mirandum
2846 5513 2937 5583 sit,
2959 5513 3231 5569 Tutinum
3262 5508 3327 5569 in
3354 5504 3614 5570 Historiae
3631 5512 3767 5569 Car-
