4014 6052
329 237 438 297 449

1909 235 2092 294 ACTA

3551 252 3658 312 4-50

331 365 640 422 thusiensis
673 366 1006 438 Prospectu,
1035 381 1172 438 pag.
1211 367 1276 422 14
1305 365 1364 422 8.
1405 363 1688 422 Brunonis
1719 364 1941 420 obitum
1963 372 2018 430 Α
2048 363 2242 418 minus
2270 361 2480 420 diserte
2514 364 2711 433 tradit,
2740 382 2876 439 pag.
2913 371 2976 423 15
3021 368 3099 426 sic
3144 371 3432 432 scribens:
3462 399 3491 428 «
3519 378 3657 434 Cor-

332 472 488 511 anno
515 459 653 510 1102
684 455 1024 510 innexuisse.

405 547 532 599 730.
562 545 674 597 Nec
711 544 898 597 minus
931 543 1267 598 mirandum
1301 546 1406 609 est,
1436 542 1695 596 Historitr
1728 541 1945 596 littera-

330 633 432 689 ria:
466 631 718 687 Francius
744 633 1051 704 scriptores
1075 635 1217 686 tom.
1249 634 1311 686 lX
1343 633 1400 686 in
1433 631 1688 685 inferiori
1723 630 1947 701 pagina:

335 724 439 777 239
471 738 575 776 ora
605 725 831 787 notare,
866 721 1089 794 concipi
1121 738 1238 775 non
1271 737 1434 792 posse
1466 721 1564 793 qui
1619 719 1950 773 Ruinartius

334 811 392 865 in
427 810 640 865 Urbani
665 811 708 864 [l
731 827 896 881 papa:
911 811 1056 877 Vita;
1088 827 1248 864 num.
1280 813 1312 864 '2
1339 826 1470 882 pag.
1501 813 1552 876 8,
1576 809 1632 862 S.
1667 807 1951 861 Brunonis

333 899 557 954 obitum
603 915 756 953 anno
796 901 929 952 1099
957 898 1237 966 innectat;
1268 897 1342 951 ibi
1399 897 1555 952 enim
1603 895 1948 961 Ruinartius,

333 1004 454 1042 non
503 988 572 1042 de
605 989 895 1055 Brunone;
928 988 1028 1041 sed
1061 987 1130 1041 de
1161 987 1391 1041 Urbano
1438 988 1482 1040 ll
1516 1003 1686 1058 papa,
1721 985 1816 1058 qui
1843 985 1952 1038 hoc

333 1093 491 1130 anno
547 1075 775 1141 obierit,
835 1091 1168 1130 sermonem
1223 1075 1380 1142 facit,
1442 1091 1548 1128 nec
1593 1073 1746 1140 alibi,
1797 1072 1951 1144 quod

331 1167 537 1231 sciam,
569 1164 629 1218 in
661 1165 866 1220 eadem
901 1163 1292 1235 Urbanipapae
1309 1164 1432 1216 Vita
1461 1163 1570 1217 alio
1592 1177 1951 1233 anno,quam

335 1270 464 1319 nos,
499 1253 690 1308 Sancti
722 1253 902 1306 nostri
935 1251 1157 1307 obitum
1215 1251 1548 1322 consignat;
1605 1254 1665 1304 ut
1711 1249 1952 1322 proinde

335 1343 498 1398 illum
545 1344 697 1397 male
757 1341 1118 1413 interpretati
1151 1341 1365 1396 laudati
1404 1341 1710 1410 scriptores
1742 1337 1950 1393 verosi-

335 1433 582 1487 millime
612 1430 850 1485 fuerint.
881 1433 1059 1484 Porro
1090 1430 1388 1501 antiquior
1418 1428 1611 1483 Sancti
1635 1427 1814 1482 nostri
1835 1426 1954 1480 bio-

336 1521 594 1593 graphus
620 1520 690 1574 de
723 1536 790 1574 eo
818 1536 980 1573 num.
1019 1518 1218 1572 ultimo
1252 1519 1330 1572 ita
1359 1517 1554 1588 prodit
1603 1515 1900 1571 memoriae
1934 1531 1948 1569 :

265 1625 276 1633 '
339 1629 376 1663 «
403 1608 664 1681 Migravit
694 1608 768 1662 ad
793 1607 1108 1663 Dominum
1141 1609 1271 1678 post
1299 1622 1592 1676 egressum
1639 1603 1951 1659 Carthusiaa

2047 467 2150 522 pus
2184 451 2240 506 S.
2267 453 2550 508 Brunonis
2581 471 2615 508 a
2662 457 2962 513 monachis
2987 461 3294 530 sepulturae
3323 465 3569 522 traditur
3595 467 3656 523 in

2047 541 2293 594 Ecclesia
2318 544 2528 596 sancta:
2552 543 2736 598 Mariae
2757 545 2826 600 de
2843 563 3042 602 eremo
3063 565 3244 621 prope
3275 551 3396 621 ejus
3421 556 3658 611 altare.»

2049 630 2132 682 Ad
2156 631 2297 694 haec,
2324 627 2518 684 Sancti
2549 631 2666 686 vita
2687 632 2812 703 jam
2844 635 3026 690 functi
3055 653 3282 708 corpus,
3316 657 3448 696 cum
3479 642 3661 699 trium

2050 717 2276 771 dierum
2291 718 2473 788 spatio
2490 720 2733 790 publica:
2755 725 3107 779 venerationi
3135 726 3194 781 in
3221 729 3457 783 ecclesia
3477 730 3534 785 S.
3549 733 3664 787 Ma-

2050 804 2150 858 rize
2178 805 2248 860 de
2276 823 2475 860 eremo
2509 809 2830 878 expositum
2861 812 3081 882 fuisset,
3111 815 3184 870 ad
3211 820 3532 874 extremam
3562 819 3663 874 de-

2051 891 2186 946 inde
2218 894 2553 962 coemeterii,
2579 897 2709 950 huic
2733 899 3008 968 adjuncti,
3029 907 3276 972 partem,
3311 905 3392 960 uti
3419 905 3664 978 ipsemet

2053 981 2403 1052 injunxerat,
2439 983 2720 1052 delatum,
2755 987 2812 1041 in
2843 1005 2976 1042 arca
3003 1007 3334 1048 marmorea
3352 993 3665 1052 ibidemse-

2053 1071 2276 1140 pultum
2310 1071 2505 1138 fuisso,
2541 1073 2600 1127 in
2616 1073 2672 1127 S.
2695 1075 2976 1131 Brunonis
3003 1079 3129 1133 Vita
3144 1097 3241 1134 seu
3275 1081 3521 1139 Historia
3535 1102 3662 1158 cap.

2054 1160 2112 1212 31
2150 1159 2444 1214 Zanottius
2471 1161 2684 1229 scribit,
2717 1165 3088 1221 Monumenta
3109 1167 3383 1224 Calabriae
3403 1189 3537 1226 mss.
3559 1190 3664 1245 pro

2053 1263 2110 1299 se
2132 1247 2403 1316 laudans;
2439 1249 2541 1304 etsi
2571 1255 2788 1320 autem,
2818 1255 3011 1325 qualia
3039 1256 3160 1310 haec
3185 1262 3285 1312 aut
3315 1263 3546 1330 quanta
3570 1279 3670 1318 an-

2055 1335 2331 1406 tiquitatis
2353 1337 2488 1404 sint,
2538 1339 2805 1412 nuspiam
2857 1342 3064 1411 edicat,
3125 1351 3388 1402 sanctum
3442 1352 3664 1419 tamen,

2053 1441 2172 1478 non
2204 1425 2263 1480 in
2299 1427 2545 1481 Ecclesia
2571 1427 2628 1483 S.
2666 1429 2964 1501 Stephani,
2991 1435 3088 1489 sed
3115 1437 3203 1490 vel
3226 1436 3283 1490 in
3317 1438 3566 1494 Ecclesia
3603 1441 3664 1496 S.

2051 1513 2239 1568 Mariae
2263 1514 2332 1568 de
2357 1532 2578 1585 eremo,
2614 1523 2674 1572 ut
2725 1520 2962 1576 Tutinus
3003 1523 3200 1591 tradit,
3234 1526 3320 1579 vel
3366 1527 3572 1583 saltem
3605 1529 3666 1586 in

2055 1601 2326 1672 adjuncto
2354 1603 2483 1659 huic
2507 1607 2860 1675 coemeterio,
2886 1613 2947 1664 ut
2975 1611 3310 1668 Zanottiuse
3333 1615 3668 1673 Monumen-

342 1697 653 1754 undecimo
681 1712 838 1750 anno
866 1711 970 1750 nec
993 1696 1118 1766 plus
1143 1711 1249 1748 nec
1271 1693 1483 1760 minus,
1513 1693 1657 1748 sicut
1702 1692 1761 1746 in
1797 1691 1954 1746 libris
1982 1691 2033 1748 B
2053 1690 2124 1743 tis
2146 1690 2254 1744 illis
2285 1693 2590 1747 memoria:
2623 1696 2834 1767 prodit,
2865 1701 3036 1754 terrae
3089 1703 3431 1758 mandatum
3469 1705 3666 1777 fuisse,

342 1785 842 1842 Consuetudinum
874 1782 1075 1838 domni
1103 1783 1398 1854 Guigonis,
1433 1799 1559 1854 quae
1593 1785 1724 1835 sunt
1763 1780 1820 1834 in
1849 1780 1950 1834 do-

343 1892 446 1930 mu
481 1873 818 1940 Carthusiae,
849 1871 1181 1926 continetur
1200 1888 1212 1939 ;
1233 1892 1260 1920 ››
1279 1888 1478 1926 verum
1503 1870 1561 1923 in
1585 1869 1772 1924 verbis
1799 1868 1953 1922 hisce

341 1980 606 2020 errorem
637 1963 871 2030 cubare,
903 1961 1249 2030 vocibusque
1277 1982 1304 2009 ‹‹
1331 1958 1636 2013 undecimo
1664 1974 1817 2012 anno
1850 1973 1954 2010 nec

343 2055 471 2127 plus
502 2070 608 2108 nec
633 2052 825 2106 minus
851 2071 878 2098 ››
915 2049 1338 2104 substituendas
1369 2065 1665 2118 esse,quas
1687 2045 1953 2116 suppedi—

343 2146 533 2197 tatum
591 2158 625 2194 a
668 2139 994 2211 primorum
1049 2141 1295 2208 quatuor
1339 2135 1650 2190 Carthusize
1692 2135 1956 2190 Priorum

345 2230 704 2300 cbronologo
735 2227 943 2298 hicque
979 2242 1139 2280 num.
1178 2231 1207 2280 7
1229 2225 1355 2295 jam
1387 2224 1584 2278 datum
1615 2223 1807 2278 Sancti
1839 2225 1956 2277 elo-

345 2318 508 2390 gium
544 2316 794 2382 exhibet,
819 2316 920 2370 has
948 2318 1276 2386 sequentes,
1305 2337 1330 2362 ‹‹
1368 2313 1673 2367 υηάθριῐιιο
1701 2313 1829 2383 plus
1854 2329 1956 2366 an-

348 2424 447 2474 no,
485 2428 514 2454 »
543 2407 738 2476 palam
771 2407 944 2458 estex
976 2403 1062 2468 iis,
1094 2420 1220 2474 quae
1255 2405 1282 2470 §
1312 2402 1436 2456 XXX
1466 2402 1535 2456 de
1570 2405 1832 2472 tempore
1846 2417 1958 2472 quo

347 2495 590 2550 Sanctus
622 2511 652 2550 e
707 2491 1005 2548 Carthusia
1037 2492 1283 2545 Romam
1343 2491 1413 2545 ab
1473 2491 1702 2545 Urbano
1735 2491 1780 2543 ll
1813 2507 1962 2561 papa

349 2583 650 2638 arcessitus
671 2581 798 2649 fuit,
833 2581 1116 2636 disserens
1142 2596 1302 2634 num.
1330 2581 1432 2633 518
1460 2582 1517 2634 et
1547 2596 1668 2650 seq.
1725 2578 1783 2634 in
1838 2595 1964 2632 me—

350 2671 511 2727 dium
544 2670 773 2726 adduxi.
799 2671 985 2740 Atque
1011 2669 1134 2722 hmc
1155 2668 1226 2721 de
1265 2683 1417 2722 anno
1442 2671 1500 2722 et
1519 2666 1610 2721 die
1631 2684 1745 2739 quo
1772 2668 1962 2722 Bruno

351 2779 382 2816 e
410 2759 642 2815 mortali
671 2760 778 2814 hac
808 2758 925 2812 vita
947 2757 1020 2811 ad
1045 2757 1440 2810 immortalem
1477 2755 1764 2826 migravit,
1814 2756 1964 2810 dicta

352 2848 642 2905 sufficiant
675 2865 690 2916 ;
721 2848 792 2903 ad
822 2864 889 2902 ea
909 2845 1107 2915 modo,
1139 2862 1267 2916 quae
1295 2845 1488 2899 Sancti
1522 2845 1742 2899 obitum
1771 2848 1964 2899 secuta

353 2941 505 3004 sunt,
534 2937 779 3009 gradum
813 2935 1110 2990 faciamus.

356 3026 554 3097 §XLV.
584 3025 731 3093 Quia
758 3027 836 3097 Vin
867 3024 1028 3079 eremi
1081 3021 1394 3097 Turrilana'
1447 3022 1687 3097 Ecclesia
1732 3021 1966 3097 Sanctus

422 3092 872 3168 [αρτ-ἐιξςρριιίευεἳ
921 3105 969 3148 et
1011 3092 1139 3164 quid
1191 3092 1254 3145 de
1287 3095 1591 3168 miraculis,
1639 3095 1966 3164 sepulturam

423 3162 538 3238 ejus
568 3162 784 3233 secutis,
817 3162 1040 3238 aliisque
1091 3162 1360 3216 nonnullis
1409 3167 1481 3219 ad
1519 3183 1646 3238 eum
1685 3162 1968 3236 lutumque

425 3236 787 3310 spectantibus
840 3254 902 3292 ac
945 3236 1188 3310 lernpus,
1215 3251 1333 3310 _quo
1387 3241 1440 3291 in
1499 3236 1848 3300 Sanctorum,
1877 3253 1965 3310 seu

415 3304 598 3382 potius
615 3311 905 3434 fautorum
935 3309 1116 3363 album
1147 3304 1344 3358 relatus
1368 3311 1498 3380 fuit,
1521 3309 1851 3379 praegressis,
1899 3309 1968 3361 sit

426 3399 612 3434 censen
656 3399 766 3434 um.

426 3399 649 3436 censena
656 3399 687 3433 ιι
693 3399 744 3434 m
752 3423 766 3434 .

427 3471 715 3525 751.0um
737 3469 886 3536 duae,
910 3472 973 3524 ut
993 3470 1121 3540 jam
1150 3489 1321 3543 supra
1351 3468 1539 3533 docui,
1584 3467 1640 3522 in
1666 3467 1970 3521 Turritana

359 3576 557 3613 eremo
591 3558 1124 3629 Ecclesiae,quarum
1149 3577 1262 3613 una
1275 3557 1644 3612 sanctissimae
1671 3556 1773 3612 Dei
1801 3555 1968 3609 Geni-

359 3647 487 3702 trici
515 3647 702 3702 Mariae
728 3650 785 3700 et
817 3647 874 3701 S.
892 3648 1098 3702 Joanni
1139 3649 1422 3718 Baptistzr,
1448 3649 1629 3700 altera
1659 3645 1848 3698 eidem
1873 3643 1968 3697 Dei

358 3735 626 3791 Genitrici
660 3735 796 3790 etS.
833 3735 1125 3807 Stephano
1158 3735 1570 3806 protomartyri
1601 3751 1754 3788 sacra
1803 3737 1969 3798 esset,

362 3825 556 3879 Sancti
597 3823 778 3878 nostri
809 3828 978 3878 aetate
1033 3824 1375 3890 exstiterint,
1404 3823 1652 3877 fueritne
1685 3822 1728 3876 is
1759 3821 1816 3876 iu
1843 3822 1970 3886 bac,

363 3930 436 3968 an
471 3913 641 3966 inilla
663 3915 832 3966 terra:
866 3913 1526 3982 mandatus,potestnon
1559 3909 1852 3964 immerito
1871 3909 1973 3962 du-

364 4000 558 4067 bitari,
593 4000 717 4054 aliis
742 4017 846 4071 pro
870 3999 1046 4072 priori
1080 4017 1110 4054 e
1139 4000 1359 4054 duabus
1403 4000 1510 4054 illis
1560 3998 1830 4063 ecclesiis,
1878 3999 1977 4051 aut

367 4092 520 4143 certe
561 4104 665 4159 pro
714 4089 884 4159 hujus
914 4105 1042 4160 qua:
1074 4088 1415 4159 simpliciter
1445 4087 1616 4141 etiam
1671 4109 1697 4136 ‹‹
1731 4085 1978 4140 Ecclesia

368 4179 426 4232 8.
449 4178 632 4233 Mariae
678 4177 748 4231 de
791 4193 1040 4230 eremo»
1072 4176 1389 4243 dicebatur,
1443 4175 1773 4230 coemeterio
1808 4192 1822 4242 ;
1855 4173 1980 4229 aliis

369 4269 570 4320 contra
596 4282 698 4336 pro
737 4265 1044 4336 posteriori
1087 4282 1118 4318 e
1145 4265 1364 4319 duabus
1385 4264 1548 4318 dictis
1583 4263 1829 4318 ecclesiis
1857 4279 1982 4335 pro-

369 4353 785 4418 nuntiantibus,
817 4352 949 4406 licet
979 4353 1213 4406 interim
1251 4352 1304 4406 in
1359 4352 1728 4407 concordiam
1778 4368 1982 4405 omnes

372 4445 661 4512 utcunque
685 4440 942 4495 fortassis
972 4445 1188 4511 queant
1216 4440 1442 4506 adduci,
1477 4441 1556 4493 uti
1587 4457 1652 4494 ex
1693 4439 1844 4493 infra
1895 4439 1978 4493 di-

373 4530 568 4584 cendis
583 4546 832 4600 pronum
855 4529 965 4583 erit
983 4528 1273 4599 colligere.
1299 4531 1376 4581 Ac
1388 4530 1718 4582 Brunoncm
1745 4528 1979 4599 quidem

373 4618 432 4672 in
465 4617 520 4671 8.
553 4617 830 4688 Stephani
886 4617 1151 4682 Ecclesia,
1213 4633 1340 4687 quae
1391 4619 1447 4670 et
1495 4615 1772 4687 temporis
1821 4617 1982 4686 lapsu

373 4730 400 4755 «
448 4705 696 4761 Ecclesia
745 4705 802 4760 S.
837 4705 1113 4776 Stephani
1145 4705 1215 4758 de
1250 4721 1489 4759 nemore
1520 4722 1618 4759 seu
1651 4705 1722 4759 de
1750 4705 1920 4758 bosco
1956 4725 1981 4752 ››

372 4794 523 4848 dicta
551 4793 680 4860 fuit,
708 4794 994 4864 sepultum
1017 4793 1210 4859 fuisse,
1244 4793 1678 4847 Blomenvenna
1717 4793 1983 4864 huncque

373 4885 598 4937 secutus
618 4881 816 4936 Surius
838 4881 896 4935 in
935 4881 1259 4951 conscripta
1275 4897 1306 4934 a
1322 4898 1380 4934 se
1404 4881 1584 4935 sancti
1605 4881 1727 4934 Vita
1754 4880 1980 4946 diserie,

373 4975 436 5025 ut
465 4973 726 5043 apparet,
747 4969 1067 5024 afﬁrmant.
1097 4969 1248 5022 Binis
1267 4969 1420 5022 hisce
1437 4968 1628 5023 Sancti
1653 4969 1984 5039 biographis

372 5075 492 5112 sese
526 5057 736 5112 deinde
752 5058 1071 5127 junxerunt
1090 5057 1448 5112 Mabillonius
1471 5057 1525 5110 in
1545 5057 1862 5110 Annalibus
1893 5058 1986 5111 Be-

375 5146 686 5202 nedictinis
710 5145 807 5199 lib.
829 5149 918 5212 70,
953 5162 1116 5211 num,
1135 5149 1222 5210 29,
1243 5144 1806 5200 Historiaslitteraria:
1851 5145 1983 5200 Fra-

374 5234 474 5288 ciaa
501 5233 809 5305 scriptores
855 5237 998 5287 tom.
1033 5233 1119 5300 IV,
1149 5249 1284 5304 pag.
1319 5236 1422 5289 210
1455 5233 1662 5304 aliique
1699 5234 1982 5290 nonnulli.

372 5324 444 5377 At
471 5339 603 5376 vero
623 5321 871 5376 Camilus
885 5321 1122 5375 Tutinus
1143 5321 1200 5375 in
1227 5321 1484 5375 Historiae
1501 5321 1718 5375 ordinis
1750 5321 1985 5376 Cartim-

377 5411 570 5466 siensi.
607 5411 939 5480 Prospectu,
973 5409 1248 5464 Sanctum
1275 5413 1535 5462 nostrum
1568 5408 1626 5462 in
1653 5409 1893 5464 Ecclesia
1923 5409 1980 5464 8.

379 5500 565 5556 Mariae
601 5498 671 5553 de
719 5515 916 5552 eremo
975 5500 1329 5569 sepulturam
1384 5501 1615 5553 nactum
1669 5515 1811 5564 esse,
1867 5515 1980 5553 non

2001 4234 2054 4292 D

2054 1779 2412 1834 credendum
2467 1781 2713 1850 videtur,
2762 1785 2916 1856 quod
2947 1804 3081 1842 eum
3112 1788 3170 1842 in
3218 1793 3579 1863 monasterii,
3607 1795 3667 1850 in

2055 1884 2169 1938 quo
2204 1884 2271 1922 ex
2302 1868 2465 1924 dictis
2497 1870 2698 1926 decem
2741 1873 2966 1929 circiter
2997 1877 3163 1931 annis
3193 1878 3368 1934 vitam
3417 1883 3671 1939 eremiti—

2056 1972 2183 2010 cam
2216 1957 2476 2023 duxerat,
2502 1959 2750 2015 Ecclesia
2771 1966 2870 2017 aut
2886 1965 3090 2018 saltem
3117 1965 3176 2019 in
3197 1967 3366 2038 hujus
3395 1975 3666 2026 eamete-

2056 2043 2142 2098 rio
2170 2046 2377 2117 potius,
2409 2065 2584 2119 quam
2609 2049 2666 2104 in
2700 2053 3036 2107 monasterii
3063 2055 3314 2124 alterius,
3334 2058 3490 2129 quod
3523 2077 3670 2117 nun-

2059 2151 2234 2205 quam
2264 2135 2601 2206 incoluerat,
2627 2141 3063 2213 monachisque,
3086 2143 3213 2198 vitae
3245 2147 3557 2204 eremiticaa
3571 2151 3676 2206 mi-

2061 2239 2168 2276 nus
2193 2223 2340 2294 aptis
2371 2229 2744 2296 exstruxerat,
2764 2229 3010 2286 Ecclesia
3037 2233 3266 2304 sepeliri
3286 2235 3548 2308 voluisse,
3580 2256 3674 2295 ve-

2059 2311 2318 2387 rpsimile
2345 2320 2640 2386 appareat.

2132 2403 2258 2454 732.
2281 2402 2368 2455 Ad
2401 2403 2522 2458 haec
2548 2405 2818 2461 Morotius
2867 2407 2925 2462 in
2980 2409 3403 2484 Chronologico
3454 2415 3675 2472 ordinis

2063 2486 2480 2548 Carthusiensis
2539 2493 2784 2550 Theatra
2831 2514 2966 2569 pag.
3009 2502 3111 2554 226
3165 2500 3242 2554 sic
3279 2501 3477 2558 scribit
3509 2521 3522 2559 :
3557 2527 3586 2556 ‹‹
3615 2506 3674 2561 8.

2063 2588 2333 2641 Brunone
2355 2583 2413 2637 in
2430 2587 2761 2638 sanctorum
2788 2587 2984 2640 album
3002 2589 3207 2651 relato,
3227 2590 3276 2660 ej
3287 2608 3349 2645 us
3377 2608 3584 2666 corpus
3605 2596 3677 2652 ab

2066 2672 2315 2729 Ecclesia
2345 2672 2402 2726 8.
2431 2672 2618 2726 Mariae
2646 2673 2716 2727 de
2744 2674 2909 2728 Turri
2956 2675 3029 2730 ad
3057 2677 3230 2731 aliam
3291 2678 3347 2732 S.
3400 2679 3680 2752 Stephani

2067 2764 2137 2818 de
2161 2777 2402 2816 nemore
2435 2762 2778 2814 translatum
2811 2766 2916 2816 est.
2945 2784 2972 2810 ››
3007 2765 3089 2817 lta
3119 2765 3349 2832 ille;cui
3379 2784 3508 2822 cum
3527 2785 3677 2840 prae-

2067 2857 2224 2906 terea
2251 2849 2344 2904 alii
2377 2849 2639 2902 nonnulli
2669 2850 2974 2920 scriptores
3003 2851 3093 2905 hic
3123 2855 3528 2926 assentiantur,
3544 2875 3680 2915 vere

1995 2980 2040 3037 Ο
2065 2941 2237 2994 fuisse
2269 2938 2327 2992 S.
2361 2937 2662 3004 Brunonis,
2688 2939 2897 2993 sanctis
2927 2957 3025 2994 seu
3073 2941 3260 3011 potius
3309 2944 3383 2998 ob
3435 2945 3681 3003 dicenda

2066 3027 2248 3082 beatis
2267 3027 2390 3096 jam
2425 3026 2656 3097 ascripti
2689 3043 2894 3097 corpus
2925 3028 2998 3082 ad
3015 3029 3322 3085 Ecclesiam
3355 3032 3411 3086 8.
3443 3033 3683 3106 Stepha-

2067 3116 2126 3170 ni
2160 3133 2228 3170 ex
2260 3115 2504 3169 Ecclesia
2537 3114 2602 3169 S.
2629 3115 2815 3170 Mariae
2868 3118 3232 3184 translatum,
3284 3120 3678 3180 indubitatum

2067 3207 2327 3276 apparet,
2355 3202 2606 3257 maxime
2637 3219 2770 3257 cum
2802 3205 2988 3258 nullus
3026 3223 3258 3278 prorsus
3310 3210 3556 3280 scriptor
3586 3229 3680 3267 oc-

2067 3296 2280 3358 currat,
2312 3291 2409 3363 qui
2439 3291 2794 3346 contrarium
2823 3293 3368 3363 prodatmemoriae.
3388 3299 3515 3354 Jam
3546 3317 3682 3358 vero

2069 3399 2200 3437 cum
2235 3381 2293 3435 id
2325 3381 2404 3434 ita
2429 3379 2520 3446 sit,
2556 3379 2912 3452 Sanctusque
2938 3383 3132 3449 eloco,
3163 3401 3277 3455 quo
3295 3389 3463 3442 terra:
3491 3387 3683 3446 fuerat

2070 3470 2399 3534 mandatus,
2431 3469 2503 3524 ad
2536 3468 2592 3524 S.
2623 3469 2898 3542 Stephani
2944 3473 3252 3529 Ecclesiam
3286 3478 3687 3535 verosimiliter

2070 3558 2244 3613 fuerit
2285 3559 2620 3623 translatus,
2650 3558 2824 3612 fuisse
2854 3576 2989 3614 eum
3015 3561 3074 3615 in
3117 3563 3368 3618 Ecclesia
3399 3566 3456 3620 S.
3493 3567 3683 3624 Mariae

2071 3648 2142 3700 de
2175 3661 2371 3700 eremo
2401 3646 2757 3716 sepulturam
2790 3651 3043 3714 nactum,
3067 3650 3389 3706 verosimile
3422 3659 3686 3725 apparet.

2072 3735 2144 3786 At
2174 3748 2308 3786 vero
2331 3732 2574 3803 inquies,
2599 3737 2907 3804 postquam
2930 3737 3346 3792 monasterium
3365 3739 3424 3795 S.
3451 3741 3692 3814 Stepha-

2075 3821 2132 3874 ni
2165 3819 2602 3874 aCarthusiensi
2657 3819 2919 3875 instituto
2979 3822 3052 3876 ad
3098 3823 3470 3881 Cisterciense
3531 3847 3685 3885 anno

2079 3912 2215 3964 H92
2238 3907 2550 3974 defecerat,
2585 3907 2823 3962 abbates
2846 3907 2996 3962 illius
3021 3910 3206 3978 veriti,
3227 3929 3299 3965 ne
3325 3913 3688 3972 Carthusiani

2076 3996 2630 4052 sacraslnstitutoris
2655 3997 2742 4051 sui
2771 3997 3042 4069 reliquias
3073 4005 3424 4070 repeterent,
3459 4021 3691 4062 summa

2079 4103 2176 4140 eas
2204 4102 2436 4156 semper
2465 4102 2621 4153 cura,
2673 4089 2735 4140 ut
2764 4088 3193 4144 Blomenvenna
3251 4093 3308 4144 et
3356 4097 3486 4164 post
3539 4095 3692 4152 hunc

2081 4175 2275 4229 Surius
2305 4175 2363 4228 in
2388 4173 2502 4228 suis
2534 4175 2604 4228 de
2639 4175 2906 4230 Brunone
2947 4177 3440 4236 lucubrationibus
3481 4199 3510 4237 e
3541 4183 3694 4241 facta

2081 4279 2185 4335 per
2237 4262 2754 4317 Carthasianorum
2812 4263 3325 4335 Neapolitanorum
3386 4270 3500 4339 (adi
3528 4289 3689 4328 num.

2081 4352 2204 4421 780)
2239 4351 2498 4406 Priorem
2529 4352 2810 4406 relatione
2844 4355 3143 4409 memoriae
3185 4357 3458 4427 produnt,
3515 4366 3698 4418 custo-

2083 4440 2344 4504 dierunt;
2379 4439 2534 4510 quod
2557 4443 2618 4493 ut
2642 4440 2901 4494 facerent
2920 4443 3362 4511 securius,nunc
3388 4447 3516 4516 hoc,
3543 4467 3698 4506 nunc

2083 4527 2180 4581 illo
2212 4528 2358 4592 loco,
2385 4528 2592 4581 abbate
2624 4527 2921 4596 duntaxat,
2957 4530 3184 4602 alioque
3223 4533 3345 4589 viro
3375 4535 3486 4590 ﬁde
3519 4537 3695 4610 digno

2082 4632 2205 4670 rem
2239 4619 2532 4681 noscente,
2559 4632 2722 4670 sacra
2762 4616 2860 4671 illa
2912 4619 3162 4690 pignora
3219 4625 3605 4696 collocarunt;
3637 4634 3699 4685 ut

2084 4704 2327 4776 proinde
2360 4721 2426 4758 ex
2459 4720 2527 4758 eo
2577 4705 2731 4776 quod
2757 4705 2879 4760 huic
2907 4723 2938 4760 e
2969 4707 3025 4761 8.
3054 4709 3242 4765 Marias
3275 4711 3345 4766 de
3371 4730 3568 4770 eremo
3601 4717 3698 4771 Ec-

2083 4793 2254 4846 clesia
2279 4793 2353 4846 ad
2387 4792 2694 4847 Ecclesiam
2730 4793 2786 4848 8.
2822 4794 3100 4866 Stephani
3130 4797 3202 4850 de
3224 4815 3464 4855 nemore
3495 4820 3594 4857 seu
3625 4805 3696 4860 de

2085 4881 2278 4946 bosco,
2313 4897 2443 4934 cum
2467 4897 2622 4935 anno
2655 4885 2790 4936 1514
2819 4888 3154 4938 sanctorum
3171 4901 3270 4940 seu
3293 4888 3593 4945 beatorum
3607 4909 3699 4948 ca-

2085 4971 2280 5040 talogo
2315 4971 2646 5024 Brunoncm
2680 4971 2882 5025 ascribi
2913 4972 3267 5044 contigisset,
3296 4976 3510 5032 fuerint
3539 4983 3698 5036 tran-

2087 5058 2250 5123 slata,
2273 5057 2694 5112 consectarium
2718 5059 3054 5131 neutiquam
3084 5061 3178 5128 sit,
3215 5067 3278 5118 ut
3305 5063 3362 5116 in
3391 5066 3598 5122 eadem
3638 5069 3696 5124 S.

2084 5146 2269 5201 Mariae
2303 5145 2548 5200 Ecclesia
2571 5149 2740 5199 terra;
2771 5146 3008 5201 fuissent
3058 5149 3354 5206 mandata.
3390 5155 3472 5208 Ita
3500 5160 3702 5214 contra

2085 5234 2420 5306 Opinionem
2449 5250 2562 5305 qua
2583 5233 2880 5301 Sanctum,
2925 5252 3042 5289 non
3077 5236 3132 5290 in
3167 5239 3415 5296 Ecclesia
3464 5241 3520 5297 S.
3571 5244 3694 5300 Ste-

2085 5323 2282 5393 phani,
2312 5323 2412 5376 sed
2449 5322 2506 5376 in
2534 5321 2781 5376 Ecclesia
2811 5321 2868 5376 S.
2904 5323 3092 5379 Maria:
3139 5331 3237 5382 aut
3266 5329 3474 5384 saltem
3501 5332 3558 5386 in
3587 5333 3692 5388 hu-

2079 5413 2171 5482 jus
2193 5411 2523 5466 eoemeterio
2545 5411 2898 5481 sepulturam
2929 5417 3159 5469 nactum
3185 5416 3556 5489 arbitramur,
3591 5439 3694 5494 po-

2085 5504 2194 5555 test
2225 5500 2407 5572 argui.
