4066 6032
437 297 535 355 451

507 423 633 480 733.
666 419 876 473 Verum
909 412 1048 487 quid
1089 411 1133 468 si
1167 411 1240 467 ad
1279 409 1585 483 praefatum
1637 403 2040 461 Carthusiano-
2066 404 2121 463 Α

434 529 570 570 rum
595 508 874 581 priorem,
904 502 1057 575 quod
1089 502 1158 555 de
1191 498 1484 554 occultatis
1522 514 1555 549 a
1583 491 2045 549 Cisterciensibus

438 603 496 658 S.
530 596 812 656 Brunonis
833 591 1510 663 reliquisBlomenvenna
1531 587 1587 638 et
1610 581 1804 637 Surius
1818 595 2041 633 memo-

436 694 590 756 rant,
618 683 1062 741 falso'duntaxat
1104 693 1338 731 rumore
1372 673 1542 727 fuerit
1573 668 1870 725 delatum?
1911 668 2041 720 Esse

438 755 855 845 saneapparet,
894 785 993 821 cur
1024 767 1103 820 ita
1147 766 1361 818 factum
1407 764 1657 833 putetur.
1694 755 1919 845 Etenim
1952 771 2038 845 sa-

440 882 601 923 crum
634 842 827 917 Sancti
845 872 1050 926 corpus
1082 868 1236 907 anno
1274 847 1629 915 12313,Sancti
1651 842 2040 899 canonizatio-

438 951 682 1019 nem,uti
701 964 830 1003 eam
850 946 1075 1009 vocant,
1096 940 1709 1012 proximeprzegresso,
1742 934 1799 987 in
1832 932 1888 985 S.
1918 931 2039 1019 iMa-

437 1044 535 1099 riae
569 1018 834 1100 Ecclesia,
882 1036 943 1086 ut
978 1029 1213 1084 Tutinus
1245 1027 1302 1081 in
1354 1025 1614 1079 Historiae
1657 1020 1876 1076 ordinis
1903 1018 2039 1073 Car-

436 1126 739 1185 thusiensis
769 1123 1075 1192 Prospectu
1096 1116 1166 1170 ad
1186 1130 1403 1169 annum
1436 1115 1568 1167 1513
1589 1108 1886 1164 memoria?
1907 1122 2033 1177 pro-

436 1219 537 1285 dit,
560 1216 667 1271 fuit
689 1213 1117 1284 repertum,nec
1136 1202 1458 1258 verosimile
1482 1197 1949 1263 videtur,factum
1982 1193 2040 1247 id

432 1306 603 1362 fuisse
631 1320 697 1357 ex
725 1316 815 1366 eo,
849 1296 1005 1369 quod
1044 1294 1278 1348 abbates
1309 1291 1365 1344 S.
1410 1286 1686 1359 Stephani
1721 1285 2038 1369 pretiosum

434 1397 790 1453 thesaurum,
819 1368 933 1459 quo
964 1401 1095 1437 eum
1135 1381 1476 1441 ocultarent,
1508 1394 1537 1429 e
1594 1370 1943 1427 monasterio
1977 1368 2035 1423 S.

437 1480 736 1554 Stephani,
764 1470 1237 1531 commorationis
1261 1484 1376 1521 sum
1409 1468 1554 1529 loco,
1580 1463 1638 1516 in
1672 1462 1829 1531 cujus
1854 1459 2037 1554 Eccle-

434 1574 515 1629 sia
540 1545 809 1644 primitus
832 1562 1028 1617 fuisset
1074 1556 1422 1619 reconditus,
1482 1553 1554 1607 ad
1608 1549 1918 1644 Ecclasiam
1978 1545 2035 1599 S.

433 1636 643 1726 Maria),
676 1674 708 1710 a
739 1654 887 1709 dicto
914 1645 1260 1703 monasterio
1291 1644 1607 1713 scjunctam
1639 1655 1736 1692 seu
1760 1636 2037 1726 dissitam,

1289 284 1347 342 S.
1373 279 1716 340 BRUNONIS
1756 272 2387 336 CARTHUSIANORUM
2424 265 2894 330 lNSTITUTORIS

3647 266 3758 324 452

2290 408 2591 462 Transtulit
2620 406 2690 461 ad
2718 404 2976 462 Calabros
2992 409 3149 474 grata
3167 402 3310 476 quies
3341 402 3504 457 eremi

2214 497 2414 551 Doctor
2443 516 2607 561 eram,
2632 513 2810 567 pra'co
2839 493 3060 561 Christi,
3096 496 3177 546 vir
3206 500 3360 546 notus
3391 495 3445 546 in
3476 493 3622 555 orbe,

2286 585 2522 656 Desuper
2552 585 2684 639 illud
2708 591 2821 637 erat
2839 585 3040 652 gratia,
3075 599 3181 635 non
3208 583 3474 649 meritum,

2216 672 2411 728 Carnis
2433 673 2605 726 rincla
2633 673 2741 726 dies
2769 672 3001 728 Octobris
3020 675 3166 724 sexta
3189 670 3420 732 resolvit,

2283 761 2517 832 Spiritui
2538 764 2786 832 requiem,
2820 754 2915 832 qui
2942 760 3065 828 legis
3095 761 3215 824 ista,
3237 764 3370 829 pete.

2142 852 2225 904 Ita
2252 849 2346 904 ille
2379 849 2571 904 Sancti
2600 849 2779 903 nostri
2804 847 3155 918 biographus
3189 864 3201 900 :
3229 846 3277 900 ei
3309 850 3503 901 autem
3528 848 3585 902 in
3611 864 3756 904 con-

2141 938 2374 991 cinnata
2404 954 2436 990 a
2461 954 2519 991 se
2546 936 2725 990 sancti
2755 936 2878 989 Vita
2902 936 3188 988 Puteanus
3215 934 3388 987 etiam
3414 935 3703 989 consentit
3738 954 3753 1004 ;

2142 1025 2198 1079 in
2231 1024 2535 1097 posteriori
2559 1028 2752 1078 tamen
2784 1023 2951 1093 hujus
2981 1021 3253 1089 editione,
3288 1021 3440 1093 apud
3467 1022 3755 1078 Judocum

2140 1112 2470 1166 Ascensinm
2503 1111 2729 1165 Parisiis
2761 1127 2913 1164 anno
2947 1111 3080 1164 £524
3110 1109 3415 1177 adornata,
3448 1109 3508 1163 in
3538 1111 3753 1165 carmi-

2141 1200 2673 1270 nibus,quibusjam
2693 1200 2892 1253 datum
2912 1197 3105 1253 Sancti
3125 1197 3482 1270 epitaphium
3501 1202 3751 1266 constat,

2141 1289 2383 1342 mutatio
2416 1288 2702 1359 qua‘piam
2726 1288 2876 1342 facta
2908 1290 3011 1341 est.
3047 1288 3156 1342 Pro
3187 1287 3378 1359 primo
3407 1287 3565 1342 enim
3581 1289 3759 1343 hexa-

2142 1379 2350 1439 metro,
2380 1374 2807 1430 verosimiilime
2840 1374 2995 1446 quod
3029 1373 3086 1428 in
3117 1390 3185 1429 eo
3234 1378 3435 1428 contra
3463 1376 3754 1445 prosodiae

2140 1465 2295 1535 leges
2326 1463 2574 1517 secunda
2604 1463 2821 1533 syllaba
2866 1462 2923 1516 in
2958 1463 3233 1517 vocabulo
3263 1479 3490 1517 eremus
3516 1468 3760 1519 contra-

2140 1552 2330 1617 hatur,
2359 1552 2607 1624 positum
2633 1555 2717 1605 est
2745 1552 2852 1605 hoc
2881 1551 3037 1604 aliud
3066 1567 3078 1604 :
3105 1574 3131 1599 ‹‹
3162 1550 3570 1606 Primusinhac
3586 1552 3751 1607 Chri-

2142 1641 2208 1694 sti
2242 1640 2516 1695 fundator
2548 1639 2707 1694 ovilis
2732 1656 2928 1693 eremo
2959 1656 3022 1706 ;»
3054 1639 3304 1693 secundo
3335 1644 3528 1694 autem
3554 1646 3757 1713 penta-

432 1721 874 1803 transtulissent.
904 1740 1028 1791 Jam
1062 1751 1193 1788 vero
1221 1748 1351 1785 cum
1404 1731 1459 1783 id
1490 1730 1568 1783 ita
1608 1727 1697 1791 sit,
1751 1724 1943 1789 fuisse,
1980 1721 2037 1777 S.
2071 1724 2120 1781 B
2145 1731 2333 1782 metro
2368 1727 2573 1781 eadem
2621 1726 3052 1781 verosimillime
3080 1726 3148 1781 de
3177 1743 3346 1780 causa
3376 1728 3753 1784 substitutum

434 1840 767 1893 Brunonem
797 1829 853 1882 in
886 1824 1131 1879 Ecclesia
1162 1821 1218 1875 S.
1267 1819 1453 1873 Maria}
1488 1819 1584 1871 aut
1616 1815 1817 1868 saltem
1850 1812 1906 1865 in
1941 1811 2040 1865 ad-

424 1925 628 1996 juncto
659 1918 790 1973 huic
812 1910 1139 1969 coemeterio
1163 1913 1329 1963 terrae
1354 1905 1717 1968 mandatum,
1753 1899 2043 1996 verosimi:

432 1986 560 2077 iius,
595 2006 866 2064 omnibus
897 1996 1294 2060 consideratis,
1315 1994 1573 2065 apparet.
1606 1991 1716 2043 Nec
1744 1991 1848 2053 cst,
1886 1986 2039 2058 quod

430 2100 522 2155 hic
548 2076 782 2167 objieias
812 2106 966 2144 anno
1002 2088 1135 2140 1513
1161 2084 1353 2137 datam
1387 2081 1651 2150 infraque
1683 2076 2041 2167 recitan‘dam

433 2162 697 2241 LeonisX
726 2175 1149 2251 papmbullarn,
1184 2171 1239 2223 in
1276 2186 1389 2240 qua
1418 2168 1530 2239 :adi
1587 2181 1749 2219 num.
1790 2162 1916 2232 755)
1951 2180 2038 2215 se-

432 2272 670 2348 quentia
698 2269 913 2329 isthzee,
941 2286 967 2313 ‹‹
1001 2264 1064 2315 In
1098 2259 1258 2329 cujus
1298 2253 1641 2328 {Monasterii
1677 2252 1947 2306 nimirum
1980 2251 2037 2305 S.

432 2338 727 2432 Stephani)
753 2351 998 2408 Ecclesia
1017 2364 1223 2417 corpus
1254 2345 1311 2398 S.
1353 2340 1791 2432 Brunonis,dicti
1824 2338 2043 2432 ordinis

430 2427 789 2509 institutoris,
848 2439 1054 2494 dicitur
1098 2452 1215 2488 esse
1248 2431 1680 2494 reconditum,»
1738 2427 1911 2480 verba
1954 2442 2043 2480 oc-

431 2539 701 2601 currunt;
732 2533 1119 2604 praeterquam
1146 2522 1299 2577 enim
1329 2519 1482 2591 quod
1515 2536 1577 2571 ex
1607 2517 1850 2571 aliorum
1895 2516 2040 2604 dun-

428 2622 707 2695 taxat,qui
728 2603 889 2673 facile
905 2612 1085 2685 decipi
1101 2606 1644 2683 potuere,relatione
1658 2622 1752 2659 seu
1770 2603 2041 2675 Opinione

430 2693 687 2790 pontifex
711 2710 789 2763 ita
815 2702 1332 2790 ibidcmloquatur,
1367 2696 1582 2790 cellulm
1617 2712 1650 2748 a
1680 2693 1736 2747 S.
1774 2694 2039 2790 Brunone

432 2783 611 2878 prope
645 2794 953 2853 Ecclesiam
1013 2790 1071 2844 8.
1122 2786 1309 2841 Mariae
1353 2784 1423 2837 de
1472 2799 1670 2836 eremo
1717 2783 2036 2847 exstruetae,

429 2870 859 2965 quamdamque
880 2896 994 2935 una
1009 2894 1136 2932 cum
1153 2878 1259 2929 hac
1274 2871 1604 2928 monasterii
1630 2870 1876 2940 speciem
1890 2886 2035 2939 pra:-

425 2957 697 3044 ferentes,
730 2975 853 3046 jam
882 2969 1014 3023 inde
1043 2968 1114 3020 ab
1147 2980 1321 3029 anno,
1368 2979 1481 3033 quo
1542 2958 1791 3029 religiosi
1846 2957 2035 3028 hujus,

426 3063 875 3132 monasteriique
909 3057 966 3113 S.
994 3051 1487 3124 Stephaniincolae
1515 3049 1587 3102 ad
1603 3046 2033 3101 Cisterciensem

427 3155 689 3211 ordinem
714 3165 832 3203 sese
849 3164 915 3201 ex
938 3141 1193 3198 dicendis
1215 3137 1609 3199 transtulere,l
1630 3138 1725 3188 192
1747 3138 1845 3188 aut
1860 3134 2034 3187 etiam

426 3244 591 3298 citius
619 3234 953 3297 inhabitari,
1009 3234 1069 3283 ut
1096 3229 1357 3300 apparet,
1415 3224 1727 3287 desierunt,
1785 3222 2035 3275 ecclesiae

425 3334 484 3387 S.
526 3327 713 3383 Marize
741 3337 937 3376 curam
972 3316 1204 3371 interim
1231 3331 1293 3366 ac.
1340 3310 1664 3366 dominium
1687 3310 2034 3363 monasterio

423 3421 482 3477 S.
516 3412 791 3486 Stephani
822 3408 1093 3480 gerente;
1130 3402 1273 3456 adeo
1307 3404 1366 3453 ut
1398 3401 1505 3486 hoc
1535 3398 1606 3451 ab
1645 3397 1738 3486 illo
1772 3401 2035 3467 tempore

426 3508 565 3562 duas
593 3485 874 3562 ecclesias,
909 3493 1149 3546 alteram
1187 3503 1396 3557 nempe
1452 3485 1508 3538 S.
1544 3485 1751 3549 Mariae,
1794 3486 2036 3539 alteram

426 3598 488 3654 S.
521 3587 797 3664 Stephani
827 3576 1364 3647 dictam,habnerit,
1395 3578 1569 3664 atque
1583 3573 1685 3626 sub
1702 3572 2039 3664 monasterii,

389 3717 397 3725 -
424 3685 481 3741 S.
510 3661 785 3752 Stephani
811 3676 880 3729 de
913 3673 1085 3725 Bosco
1119 3666 1376 3730 nomine,
1407 3680 1520 3716 non
1551 3662 1658 3715 hoc
1684 3661 2036 3727 tantum,sed

424 3750 691 3829 etiam—S.
722 3764 908 3821 Maria:
940 3760 1009 3814 de
1038 3772 1235 3811 eremo
1262 3751 1680 3808 monasterium
1721 3750 1939 3803 venisse
1964 3750 2037 3803 vi-

426 3866 647 3920 deatur.
676 3860 755 3911 Ita
785 3850 1026 3908 omnino
1062 3849 1321 3909 autumo,
1359 3841 1512 3913 quod
1551 3841 1607 3893 in
1644 3837 2036 3893 monumentis

425 3949 715 4011 omnibus,
749 3956 901 3996 anno
932 3939 1065 3992 H92
1096 3929 1528 4004 posterioribus,
1548 3927 1607 3978 in
1636 3925 1839 3996 quibus
1861 3925 1930 3979 de
1946 3940 2034 3977 τε-

424 4037 639 4110 Iigiosis
666 4030 983 4085 Turritanaa
1018 4020 1199 4075 eremi
1246 4017 1458 4071 (edibus
1490 4030 1678 4067 sermo
1713 4012 1795 4079 ﬁt,
1850 4014 2034 4067 solum

425 4101 498 4181 Si
531 4115 808 4191 Stephani
840 4113 911 4166 de
929 4110 1104 4163 Bosco
1138 4101 1553 4158 monasterium
1582 4103 1960 4152 memoretur.

488 4212 610 4266 734.
634 4187 761 4262 iam
796 4216 951 4266 vero,
1001 4211 1130 4248 eum
1163 4193 1219 4246 id
1252 4191 1330 4245 ita
1375 4190 1465 4253 sit,
1504 4187 1560 4241 S.
1595 4189 1878 4241 Brunonis
1909 4205 2033 4241 cor-

2144 1819 2227 1869 est
2258 1817 2365 1868 hoc
2426 1832 2672 1886 sequens
2703 1814 2854 1869 aliud
2894 1832 2906 1868 :
2939 1835 2969 1866 «
3000 1815 3311 1869 Transtulit
3352 1815 3424 1869 ad
3479 1816 3756 1872 Calabros

2143 1906 2308 1974 grata
2331 1904 2491 1974 quies
2507 1902 2781 1956 nemoris.
2820 1924 2846 1949 ››
2878 1903 2963 1956 Ad
3000 1903 3123 1957 1]ch
3155 1902 3351 1957 Surius
3404 1920 3509 1974 pro
3542 1905 3754 1960 ultimo

2144 1992 2422 2063 epitaphii
2484 1991 2705 2046 recitati
2767 1994 3134 2062 pentametro
3176 2008 3423 2063 sequens
3478 1994 3751 2048 exhibet:

2143 2103 2169 2127 ‹‹
2206 2079 2343 2133 Ossa
2375 2083 2613 2133 manent
2644 2081 2889 2147 tumulo,
2920 2080 3313 2151 spiritusastra
3338 2081 3757 2151 petit.»Verum

2143 2184 2272 2221 cum
2300 2171 2355 2220 et
2386 2167 2441 2221 in
2469 2167 2780 2238 antiquiori
2812 2167 2949 2221 Vitm
2978 2184 3011 2221 a
3042 2169 3298 2222 Putaneo
3327 2172 3608 2223 conteme
3631 2171 3755 2225 edi—

2143 2255 2320 2322 tione,
2355 2256 2757 2309 Basilezehand
2789 2255 3006 2309 dudum
3032 2258 3161 2327 post
3185 2273 3403 2311 annum
3434 2260 3567 2312 ltili
3589 2258 3761 2313 ador-

2143 2348 2279 2398 nata
2311 2348 2366 2398 et
2399 2344 2455 2397 in
2490 2344 2738 2416 antiquis
2764 2344 3147 2411 documentis,
3181 2344 3253 2398 ad
3288 2344 3555 2401 editionis
3581 2347 3754 2418 hujus

2142 2434 2354 2487 calcem
2384 2433 2640 2503 adjectis,
2676 2432 2784 2486 tria
2825 2432 2951 2503 jam
3008 2433 3158 2488 dicta
3226 2435 3485 2489 carmina
3543 2437 3753 2491 eodem

2145 2523 2341 2587 modo,
2372 2539 2483 2593 quo
2511 2522 2663 2592 apud
2698 2522 3211 2589 Blomenvennam,
3238 2524 3525 2593 legantur,
3562 2525 3752 2597 fuisse

2144 2628 2280 2665 sane
2303 2611 2509 2664 eodem
2545 2610 2718 2664 etiam
2754 2610 2928 2664 modo
2962 2610 3230 2681 primitus
3254 2612 3486 2683 scripta,
3522 2614 3745 2669 Sancti-

2140 2717 2250 2771 que
2283 2699 2503 2752 tumulo
2528 2698 2808 2769 apposita,
2860 2697 3381 2769 verosimillimum,
3417 2718 3488 2755 ne
3537 2702 3747 2770 dicam,

2140 2786 2529 2841 indubitatum
2564 2790 2821 2856 apparet.

2210 2879 2334 2929 735.
2354 2874 2733 2930 Discutiamus
2760 2875 2934 2929 modo
2966 2892 3093 2946 quae
3126 2880 3255 2947 post
3281 2875 3475 2931 Sancti
3500 2882 3751 2951 sepultu-

2140 2978 2261 3015 ram
2289 2961 2595 3033 contigisse
2633 2965 2960 3017 narrantur.
2996 2987 3021 3012 «
3056 2962 3320 3035 Sepultus
3347 2968 3432 3019 est
3463 2970 3682 3034 autem,
3717 2988 3748 3020 »

2138 3048 2324 3120 inquit
2371 3049 2429 3103 in
2468 3050 2648 3103 sancti
2706 3050 2832 3103 Vita
2886 3052 3340 3119 Blomenvenna,
3390 3078 3415 3102 ‹‹
3453 3053 3534 3108 vir
3564 3055 3663 3109 Dei
3689 3055 3745 3110 iu

2139 3138 2489 3191 monasterio
2519 3155 2618 3191 suo
2638 3137 2831 3193 Sancti
2854 3137 3129 3210 Stephani
3146 3144 3592 3213 proton‘iartyris
3620 3147 3750 3215 post

2137 3243 2430 3279 summum
2461 3228 2638 3280 altare
2666 3244 2679 3292 ;
2703 3226 2775 3281 ad
2811 3228 2968 3297 cujus
2995 3229 3323 3298 sepulcrum
3355 3231 3486 3285 fons
3512 3238 3751 3288 emanat

2137 3315 2309 3379 vivus,
2345 3315 2440 3386 qui
2476 3315 2667 3368 divina
2701 3316 3010 3369 clementia
3044 3319 3102 3369 et
3131 3317 3253 3387 ejus
3286 3319 3508 3374 meritis
3556 3324 3751 3377 multis

2138 3403 2394 3456 fidelium
2424 3405 2634 3474 Optatic
2652 3403 2909 3456 remedia
2922 3404 3147 3460 confert
3162 3405 3418 3460 sanitatis
3448 3408 3550 3462 Ubi
3568 3410 3749 3466 etiam

2138 3495 2200 3544 ut
2231 3491 2363 3545 alibi
2393 3491 2621 3561 legitur,
2655 3495 2739 3544 cst
2770 3492 2960 3546 videre
2995 3494 3280 3560 mirabile,
3318 3512 3497 3551 caecos
3528 3498 3751 3554 illumi-

2140 3578 2493 3641 nari,surdos
2514 3579 2584 3631 ad
2602 3578 2862 3631 auditum
2897 3579 3139 3646 restitui,
3166 3598 3403 3636 mancos
3426 3585 3748 3641 mutilatos-

2138 3684 2246 3738 que
2274 3666 2755 3737 sanari,leprosos
2786 3667 3074 3735 mundari,
3108 3685 3141 3721 a
3190 3669 3456 3724 daemone
3489 3672 3749 3728 obsessos

2138 3755 2291 3809 ocius
2320 3754 2639 3824 repurgari.
2668 3755 2873 3808 Verum
2906 3755 2993 3808 his
3036 3756 3303 3811 omnibus
3357 3759 3667 3827 miraculis,
3701 3763 3746 3816 si

2138 3842 2266 3895 divo
2300 3842 2644 3912 Hieronymo
2663 3841 3079 3908 creditur,illud
3102 3848 3185 3897 est
3208 3846 3391 3915 magis
3408 3847 3746 3903 mirandum

2137 3929 2290 4001 quod
2322 3929 2503 3982 ferme
2532 3946 2735 3983 omnes
2757 3929 2814 3982 in
2848 3932 3035 3984 rotulo
3061 3931 3378 4000 (titulorum
3408 3934 3745 3991 funebrium

2137 4017 2492 4072 edendorum
2516 4017 2764 4086 [seriem,
2791 4019 2848 4070 E.
2872 4020 2954 4080 P.]
2979 4022 3297 4089 complexu)
3341 4023 3609 4092 praedicto
3636 4029 3753 4080 stu-

2138 4122 2274 4175 pere
2305 4106 2706 4170 seostendunt,
2739 4107 2876 4160 dum
2901 4107 3068 4161 toties
3100 4109 3382 4178 replicant
3410 4129 3470 4165 ac
3492 4128 3751 4168 consona

2081 4210 2090 4219 ’
2136 4210 2270 4247 voce
2304 4194 2900 4265 prmdicant,gloriam
2922 4194 3084 4248 illum
3109 4200 3164 4250 et
3198 4197 3481 4252 honorem
3516 4203 3750 4255 tantum

424 4316 550 4372 pus,
584 4298 646 4349 ut
678 4295 741 4346 ut
770 4289 827 4343 S.
862 4284 1046 4341 Μᾶΐίω
1082 4278 1324 4334 Εοοιθδίδ
1356 4279 1504 4330 θδθθῖ
1547 4274 1932 4340 reconditum,
1976 4276 2030 4328 in
2060 4293 2109 4350 D
2136 4283 2353 4335 calcare
2370 4281 2679 4335 etintanta
2697 4283 2822 4336 vitae
2845 4284 3200 4350 austeritate,
3220 4286 3456 4340 veritate
3478 4292 3535 4341 et
3563 4290 3751 4358 perfe-

426 4364 763 4443 inonasterii
796 4377 853 4431 8.
886 4368 1161 4442 Stephani
1202 4364 1448 4419 Ecclesia
1494 4364 1710 4434 jacere,
1763 4380 1796 4416 a
1848 4364 2034 4417 Leone

424 4491 573 4547 papa
605 4469 716 4524 dici
748 4466 960 4535 absque
985 4455 1235 4511 veritatis
1258 4451 1558 4524 dispendio
1736 4450 1889 4503 bulla
1938 4450 2031 4547 cit:

422 4538 628 4637 potuit.
661 4558 767 4610 Nec
798 4551 1058 4623 apparet,
1086 4546 1577 4598 Blomenvennam
1611 4538 1888 4609 aliosque,
1938 4540 2033 4609 qui

425 4627 607 4708 sancti
636 4659 842 4716 eurpus
873 4641 930 4693 in
961 4632 1313 4690 monasterio
1346 4631 1402 4684 S.
1434 4627 1708 4699 Stephani
1734 4644 1832 4680 seu
1864 4627 1919 4680 in
1936 4628 2038 4681 hn-

418 4743 512 4815 jus
540 4732 786 4792 Ecclesia
807 4727 1091 4798 sepultum
1127 4721 1319 4785 fuisse,
1356 4718 1633 4779 scribunt,
1671 4716 1741 4769 de
1790 4716 2036 4769 Ecclesia

423 4805 633 4886 sancta:
667 4819 851 4877 Mariae
886 4831 1004 4871 non
1027 4828 1190 4882 posse
1221 4807 1487 4877 intelligi.
1519 4806 1726 4859 Verum
1763 4805 1877 4858 sive
1902 4808 2033 4858 tan-

423 4922 556 4977 dem
589 4913 832 4969 Sanctus
870 4907 927 4961 in
962 4905 1088 4967 hac,
1123 4899 1235 4952 sive
1265 4898 1321 4950 in
1369 4896 1466 4949 illa
1499 4894 1679 4948 eremi
1713 4893 2030 4947 Calabrinre

427 5003 672 5064 Ecclesia
704 4998 993 5053 tumulum
1018 4991 1216 5043 nactus
1249 4985 1440 5046 fuerit,
1484 4998 1730 5053 sequens
1762 4982 2032 5053 equidem

425 5096 498 5151 ad
526 5095 699 5153 hunc,
733 5085 813 5141 uti
842 5084 899 5137 in
923 5078 1240 5146 conscripta
1278 5090 1311 5126 a
1338 5089 1395 5126 se
1419 5070 1610 5124 Sancti
1632 5069 1757 5122 Vita
1772 5071 2037 5123 Blomen-

424 5197 631 5247 venna,
646 5186 977 5231 sermonem
1002 5167 1071 5221 de
1087 5167 1314 5218 Brunon
1324 5161 1367 5213 is
1380 5160 1669 5229 sepultura
1695 5157 1997 5211 instituens
2016 5200 2029 5225 ,

423 5272 683 5331 testatur,
712 5256 1079 5332 Epitaphium
1105 5251 1211 5305 fuit
1234 5247 1559 5321 appositum
1591 5262 1603 5298 :

498 5361 732 5415 Pramus
766 5353 821 5403 in
844 5348 942 5399 hac
963 5358 1133 5398 eremo
1157 5338 1360 5393 Christi
1378 5332 1817 5415 [mutaturovilis

568 5439 852 5501 Promerui
869 5435 1005 5504 ﬁeri,
1033 5430 1128 5501 qui
1153 5435 1298 5495 legor
1333 5425 1428 5477 hoc
1460 5410 1650 5501 lapillo:

504 5533 685 5586 Bruno
713 5526 843 5581 mihi
871 5535 1081 5582 nomen,
1101 5514 1334 5588 genitrix
1350 5511 1665 5570 Alemam’a,
1688 5526 1872 5581 meque

2136 4370 2325 4423 ctione
2342 4385 2567 4422 cursum
2604 4369 2730 4422 vitae
2752 4370 3409 4428 feliciterconsummare
3436 4376 3745 4445 potuisse.»

2138 4460 2219 4511 Ita
2236 4458 2329 4511 ille
2349 4475 2360 4511 :
2382 4474 2451 4511 ne
2471 4460 2665 4511 autem
2685 4458 2989 4530 quisquam
3019 4459 3089 4513 de
3112 4460 3307 4528 fontis,
3342 4463 3411 4517 ad
3433 4462 3626 4519 Sancti
3654 4469 3744 4520 tu-

2140 4548 2385 4612 mulum,
2408 4546 2485 4599 uti
2520 4546 2610 4599 hic
2642 4550 2898 4600 astruere
2931 4548 3173 4614 videtur,
3211 4552 3744 4622 prodigirmrcitati,

2136 4636 2372 4689 veritate
2428 4634 2683 4688 fortassis
2728 4636 3008 4707 ambigat,
3044 4655 3175 4691 mox
3205 4640 3499 4711 subjungit
3527 4660 3537 4696 ;
3567 4669 3589 4690 (ς
3620 4644 3745 4699 Non

2137 4723 2305 4776 debet
2328 4727 2517 4776 autem
2543 4722 2808 4794 cuiquam
2826 4726 3154 4795 scrupulum
3181 4730 3485 4795 moverc,si
3505 4731 3745 4787 fonsille

2130 4812 2253 4881 jam
2290 4811 2360 4863 ad
2411 4812 2734 4879 sepulcrum
2778 4812 2889 4864 Viri
2920 4812 3016 4867 Dei
3056 4831 3171 4867 non
3206 4820 3476 4871 cernatur
3509 4835 3521 4885 ;
3557 4820 3750 4875 fontes

2136 4898 2347 4969 quippe
2378 4899 2916 4953 miraculosecducti
2946 4919 3060 4955 non
3087 4918 3316 4972 semper
3333 4909 3464 4958 sunt
3484 4910 3750 4977 perpetui

2137 4987 2279 5041 sicut
2308 5004 2411 5039 nec
2449 4987 2578 5040 fons
2605 4987 2735 5053 olei,
2766 4988 2859 5059 qui
2897 4992 3159 5059 tempore
3190 4992 3501 5047 nativitatis
3533 4996 3744 5057 Christi

2138 5075 2559 5146 Rimaslegitur
2587 5092 2908 5129 emanasse.
2939 5077 3058 5130 Vidi
3083 5094 3190 5149 ego
3222 5079 3294 5132 ad
3314 5086 3574 5136 sanctum
3592 5085 3744 5139 Mau-

2134 5164 2335 5219 ricium
2358 5164 2413 5216 in
2445 5165 2568 5217 loco
2601 5164 3006 5219 dccol‘ationis
3037 5166 3437 5236 ejusfoiamcn
3463 5171 3746 5241 sincoleo,

2133 5269 2236 5323 per
2267 5251 2422 5323 quod
2452 5251 2587 5305 olim
2624 5269 2922 5306 emanasse
2943 5254 3134 5308 oleum
3155 5255 3224 5309 ab
3251 5257 3575 5312 accolisloin
3602 5260 3748 5314 illius

2130 5339 2541 5394 vasserebatur.
2574 5340 2836 5394 Miracula
2876 5342 3032 5397 enim
3065 5360 3097 5397 a
3126 5344 3372 5399 Domino
3405 5345 3547 5401 ﬁunt
3570 5347 3627 5401 in
3654 5365 3745 5403 re-

2130 5428 2516 5482 velationnem
2547 5430 3188 5486 etcommendationem
3224 5433 3538 5488 sanctitatis
3558 5454 3743 5490 servo-

2129 5516 2416 5587 ri-incjus,
2449 5519 2503 5568 et
2524 5514 2675 5584 ideo,
2701 5517 2795 5571 ubi
2820 5535 3020 5573 eorum
3040 5519 3312 5576 sanctitas
3355 5522 3623 5594 perfecta:
3652 5525 3737 5581 in-
