4014 6052
270 288 377 346 453

1856 280 2037 339 ACTA

3501 281 3607 342 454

268 412 544 482 notuerit,
568 432 682 469 non
709 431 1005 486 nunquam
1031 414 1309 469 miracula
1331 416 1574 468 cessant.
1595 413 1673 467 De
1695 413 1891 465 sancto
1915 414 1967 472 Α
1990 405 2142 476 rum)
2202 404 2541 461 immediate
2586 405 2716 461 fons
2755 403 2911 460 vivus
2955 408 3210 473 emanat,
3271 405 3368 480 qui
3417 407 3608 467 divina

266 504 496 559 Nicolao
531 504 758 574 legitur,
794 505 947 575 quod
982 521 1047 558 ex
1090 504 1264 558 sacris
1295 503 1515 557 ossibus
1545 502 1665 572 ejus
1697 503 1888 555 oleum

266 593 660 658 emanaverit;
695 593 793 647 sed
822 594 894 647 ob
917 593 1199 647 demerita
1231 592 1447 665 populi,
1468 608 1581 645 uno
1611 607 1639 642 ο
1668 606 1885 643 succes-

265 682 489 737 soribus
520 681 632 736 suis
662 681 732 735 de
764 682 896 736 sede
934 698 1035 735 sua
1066 681 1275 754 injuste
1304 682 1557 752 expulso,
1589 680 1766 732 fluere
1796 678 1889 731 de-

265 771 444 826 sierit.

340 899 463 951 736.
506 918 533 944 «
577 895 703 949 Pari
750 895 925 949 modo
967 895 1412 948 existimandum
1469 896 1554 947 est
1599 892 1669 946 de
1727 892 1885 946 fonte

264 985 326 1039 S.
365 984 665 1049 Brunonis,
695 969 973 1038 nimirum
1003 985 1294 1037 exsulante
1327 1000 1359 1037 a
1391 981 1740 1035 monasterio
1766 981 1886 1050 ejus

259 1073 569 1143 religione,
606 1074 677 1127 ab
706 1072 827 1143 ipso
861 1072 1215 1126 sanctissime
1242 1072 1530 1125 inchoata.
1567 1071 1707 1124 Cum
1725 1070 1885 1123 enim

258 1162 349 1217 vir
378 1162 621 1216 Sanetus
654 1162 1039 1216 obdormiSset
1065 1161 1117 1213 in
1146 1161 1413 1226 Domino,
1445 1159 1659 1214 mansit
1680 1176 1882 1213 mona-

259 1251 506 1305 sterium
540 1251 726 1321 ipsum
758 1250 813 1303 in
844 1250 1138 1321 proposito
1168 1249 1294 1302 vitae
1327 1248 1635 1302 eremitiece
1666 1248 1777 1301 sive
1797 1264 1885 1300 or-

259 1339 417 1393 dinis
445 1338 882 1403 Carthusiensis,
917 1354 1087 1409 quam
1123 1338 1277 1408 prius
1325 1338 1381 1390 in
1411 1353 1609 1390 eremo
1644 1336 1881 1389 Carthu-

259 1426 358 1480 size
391 1430 450 1479 et
493 1430 693 1498 postea
734 1427 791 1480 in
840 1425 1115 1480 Calabriae
1176 1442 1373 1479 eremo
1422 1428 1647 1478 sanctus
1692 1425 1881 1477 Bruno

257 1515 530 1569 instituit.
570 1515 973 1570 Successerunt
994 1515 1043 1568 ei
1080 1514 1135 1568 in
1168 1514 1453 1584 regimine
1485 1513 1650 1566 dicta!
1678 1512 1883 1566 domus

258 1604 521 1675 quinque
556 1604 779 1657 Priores
810 1620 988 1674 usque
1021 1604 1092 1657 ad
1127 1600 1884 1673 tempm'avenerabilisGui-

260 1692 451 1763 gonis,
472 1691 685 1746 Prioris
708 1691 933 1761 Majoris
970 1690 1306 1746 Carthasim.
1335 1690 1563 1744 Cunctis
1595 1706 1727 1743 vero
1763 1689 1881 1743 die-

261 1779 370 1835 bus
398 1780 715 1847 seniorum,
742 1779 834 1851 qui
866 1779 1126 1833 viderant
1166 1782 1223 1833 et
1263 1779 1566 1833 audierant
1608 1782 1665 1831 et
1708 1794 1879 1831 nove-

259 1873 397 1922 rant
425 1868 622 1922 omnia
646 1884 821 1940 opera
850 1867 1104 1935 Domini,
1134 1885 1260 1938 quae
1312 1885 1417 1938 per
1455 1885 1683 1921 servum
1715 1883 1881 1920 suum

261 1959 596 2012 Brunonem
638 1957 867 2029 Operari
916 1957 1184 2028 dignatus
1234 1962 1355 2025 est;
1404 1956 1608 2028 quibus
1644 1956 1880 2009 tandem

257 2046 695 2100 succedentibus
715 2046 859 2109 aliis,
884 2045 979 2117 qui
998 2046 1116 2099 haec
1137 2062 1253 2099 non
1280 2048 1582 2110 noverant,
1608 2045 1873 2113 cumjam

261 2134 405 2208 ordo
438 2132 854 2188 Carthusiensis
906 2133 963 2186 in
1007 2132 1184 2186 Gallia
1224 2133 1375 2187 circa
1423 2132 1783 2187 Carthusiam
1825 2135 1881 2185 et

260 2222 394 2275 alibi
414 2220 783 2291 multiplicari
801 2220 1080 2292 coepisset,
1104 2223 1528 2274 monasterium
1565 2220 1700 2273 illud
1726 2220 1882 2273 Cala-

260 2311 401 2365 bria:
434 2311 619 2363 solum
652 2310 933 2363 remansit
963 2326 995 2363 a
1026 2309 1328 2363 sanctitate
1371 2312 1429 2362 et
1473 2309 1696 2363 fervore
1735 2308 1879 2361 tanti

265 2398 451 2453 Patris
477 2415 581 2469 per
610 2403 869 2468 teporem
910 2399 1289 2468 degenerans.
1328 2398 1467 2451 Cum
1493 2414 1623 2451 vero
1642 2414 1675 2451 a
1702 2397 1876 2451 domo

263 2486 577 2541 Carthusiae
614 2486 936 2540 visitatores
967 2489 1023 2540 et
1052 2487 1464 2539 reformatores
1487 2489 1708 2555 petens,
1744 2501 1875 2554 pro-

263 2580 392 2647 pter
423 2575 755 2629 distantiam
774 2574 1014 2629 nimiam
1028 2575 1240 2628 habere
1257 2591 1371 2627 non
1395 2577 1603 2645 posset,
1631 2574 1703 2627 ad
1723 2574 1878 2627 aliud

262 2664 647 2734 propositum,
688 2664 956 2719 ordinem
996 2662 1207 2718 scilicet
1258 2663 1715 2729 Cisterciensem,
1756 2662 1877 2735 qui,

266 2755 389 2805 tum
442 2768 642 2805 recens
670 2753 962 2822 plantatus
995 2755 1049 2803 et
1085 2768 1117 2803 a
1148 2753 1345 2804 sancto
1380 2751 1671 2805 Bernardo
1702 2751 1875 2805 verbo

265 2844 436 2911 atque
467 2842 731 2911 exemplo
766 2840 1001 2910 rigatus,
1032 2839 1089 2892 in
1126 2856 1339 2909 magno
1373 2839 1597 2893 fervore
1616 2856 1875 2909 perseve-

264 2929 451 2994 rabat,
486 2946 545 2982 se
577 2930 840 2993 contulit,
876 2945 1006 2982 cum
1031 2928 1157 2997 jam
1207 2927 1265 2980 in
1300 2928 1594 2997 proposito
1643 2926 1879 2981 Carthu-

264 3016 465 3070 siensis
496 3016 734 3083 ordinis,
769 3017 827 3069 in
863 3033 974 3087 quo
1010 3016 1247 3069 fundata
1278 3016 1486 3081 fuerat,
1515 3016 1681 3069 annis
1720 3032 1875 3069 sexa-
1901 3022 1947 3080 ί]

264 3104 427 3176 ginta
455 3105 777 3159 durasset.»
805 3106 885 3158 Ita
909 3106 1184 3158 hactenus
1202 3105 1651 3169 Blomenvenna,
1668 3104 1876 3157 iterum

264 3192 355 3246 hic
399 3193 526 3259 sibi,
577 3197 637 3247 ut
670 3210 821 3263 saepe
870 3193 1029 3255 alias,
1065 3196 1346 3263 quantum
1397 3192 1464 3245 ad
1500 3191 1875 3262 substantiam

265 3281 521 3349 Surium,
559 3298 673 3335 non
707 3286 905 3335 tamen
940 3284 1285 3345 Puteanum,
1314 3283 1514 3350 utpote
1548 3280 1644 3352 qui
1688 3280 1879 3334 Sancti

264 3369 487 3424 meritis
516 3370 698 3423 multa
730 3373 861 3439 post
908 3370 1031 3440 ejus
1071 3369 1290 3423 obitum
1338 3368 1613 3421 miracula
1652 3367 1880 3439 operari

265 3458 579 3511 Dominum
613 3458 913 3528 dignatum
941 3475 1084 3523 esse,
1111 3457 1721 3527 generatimduntaxat
1742 3456 1878 3511 scri-

265 3548 382 3611 bat,
417 3547 876 3600 consentientem
910 3547 1149 3599 habens.
1189 3546 1394 3597 Verum
1431 3545 1568 3614 quid
1606 3545 1780 3599 modo
1809 3545 1879 3598 de

265 3634 447 3699 fonte,
484 3634 579 3704 qui
614 3634 688 3687 ad
729 3633 920 3686 Sancti
969 3636 1249 3687 tumulum
1297 3631 1562 3702 prodigio
1608 3633 1882 3685 excitatus

264 3722 459 3788 fuerit,
491 3723 562 3775 de
594 3721 882 3776 miraculis
910 3722 980 3775 ad
1012 3722 1186 3787 hunc,
1215 3720 1554 3774 facientibus
1602 3720 1657 3773 id
1690 3722 1882 3774 Sancti

266 3809 508 3875 meritis,
545 3826 757 3880 magno
792 3826 1034 3863 numero
1060 3808 1316 3879 patratis,
1348 3808 1416 3861 de
1453 3813 1734 3877 tempore,
1769 3826 1881 3879 quo

263 3897 307 3952 is
334 3898 621 3951 exaruerit
652 3915 750 3951 seu
785 3915 906 3952 esse
940 3897 1189 3963 desierit,
1230 3914 1292 3949 ac
1327 3897 1560 3949 tandem
1595 3897 1767 3949 etiam
1813 3897 1883 3950 de

264 4003 457 4053 causa,
488 3987 562 4040 ob
596 4002 768 4057 quam
803 3986 909 4039 hoc
938 3985 1227 4051 acciderit,
1257 3985 1625 4037 sentiendum
1657 3984 1786 4037 est?

338 4129 466 4182 737.
501 4127 572 4180 Ut
619 4144 650 4179 a
700 4126 966 4198 prodigio
1001 4125 1223 4179 excitati
1266 4125 1338 4179 ad
1388 4127 1671 4179 tumulum
1711 4124 1885 4178 fontis

269 4214 476 4281 ducam
533 4213 783 4281 initiun,
818 4230 949 4267 cum
990 4213 1159 4284 hujus
1202 4230 1304 4267 nec
1348 4215 1634 4267 Puteanus
1664 4214 1717 4267 in
1754 4230 1886 4268 con-

269 4309 482 4378 scripta
516 4325 548 4361 a
577 4326 635 4363 se
668 4308 953 4363 Brunonis
982 4309 1127 4371 Vita,
1165 4325 1266 4361 nec
1301 4311 1466 4373 ullus,
1501 4309 1653 4380 quod
1685 4308 1882 4375 sciam,

266 4397 517 4467 scriptor
548 4413 644 4450 seu
674 4397 910 4468 aequalis
938 4414 1033 4450 seu
1062 4414 1273 4467 suppar
1300 4398 1662 4450 mentionem
1690 4397 1882 4464 faciat,

268 4500 389 4537 esse
421 4500 559 4537 sane
589 4484 811 4537 videtur
838 4501 958 4550 cur,
995 4501 1067 4537 an
1097 4502 1228 4539 vere
1266 4485 1335 4537 ad
1372 4484 1559 4538 Sancti
1594 4486 1883 4539 tumulum

266 4572 548 4626 miraculo
583 4572 712 4627 fons
744 4573 1019 4645 eruperit,
1058 4574 1115 4625 in
1149 4572 1385 4626 dubium
1416 4590 1449 4625 a
1490 4590 1605 4625 non
1650 4573 1884 4628 nemine

267 4664 590 4715 revocetur.
627 4661 839 4714 Etvero
878 4678 1008 4715 cum
1042 4660 1253 4714 inventi
1289 4660 1500 4713 fuerint
1532 4661 1649 4731 qui,
1680 4678 1882 4732 quem-

267 4748 588 4802 admodum
621 4764 795 4818 supra
823 4749 1086 4813 vidimus,
1121 4748 1177 4802 in
1212 4748 1528 4813 Carthusia,
1566 4765 1697 4801 cum
1737 4749 1883 4803 hanc

266 4836 511 4891 Sanctus
542 4836 776 4907 ejusque
803 4836 939 4890 socii
971 4837 1224 4908 primum
1254 4836 1497 4889 fuissent
1520 4836 1781 4905 ingressi,
1806 4836 1885 4888 di-

264 4924 475 4977 vinitus
518 4922 691 4975 fuisse
731 4924 1038 4978 excitatum
1084 4924 1331 4989 fontem,
1382 4923 1744 4988 contixerint,
1787 4926 1885 4975 aut

263 5013 470 5066 saltem
504 5028 569 5065 ex
594 5029 789 5067 errore
821 5013 1192 5079 crediderint,
1226 5012 1424 5084 quidni
1459 5012 1633 5066 etiam
1667 5012 1883 5065 factum

265 5117 386 5155 esse
421 5104 699 5172 queatut,
726 5102 811 5155 vel
840 5119 903 5156 ex
933 5118 1127 5156 errore
1154 5103 1238 5155 vel
1262 5118 1327 5155 ex
1345 5100 1601 5171 fingendi
1631 5100 1880 5167 licentia,

264 5188 533 5262 prodigio
568 5189 641 5243 ad
668 5189 858 5243 Sancti
894 5190 1072 5244 nostri
1100 5191 1390 5243 tumulum
1424 5189 1706 5243 ebulliisse
1754 5189 1880 5243 fon-

266 5281 409 5345 tem,
440 5279 499 5331 in
532 5278 753 5331 litteras
784 5278 1020 5331 missum
1059 5278 1254 5344 fuerit,
1300 5277 1752 5349 propensiusque
1784 5277 1880 5331 de-

267 5367 401 5421 inde
434 5383 499 5419 ac
526 5366 770 5433 facilius,
812 5383 987 5437 quam
1024 5383 1128 5436 par
1173 5369 1340 5429 esset,
1397 5384 1427 5419 a
1484 5366 1880 5438 prodigiorum

270 5453 601 5507 amantibus
627 5454 909 5507 creditum
944 5455 972 5507 '?
999 5457 1267 5507 Attamen
1293 5470 1420 5507 eum
1444 5456 1741 5525 sequentia
1761 5456 1882 5507 hinc

266 5543 465 5610 verba,
502 5565 528 5592 ‹‹
562 5543 727 5597 Juxta
757 5545 1081 5614 sepulcrum
1127 5545 1247 5614 ejus
1286 5544 1362 5615 (ὃ.
1400 5543 1680 5597 Brunonis
1721 5543 1885 5598 nimi-

1990 495 2298 548 clementia
2333 496 2390 548 in
2423 495 2591 565 hujus
2622 494 2733 548 Viri
2766 494 2945 548 sancti
3000 495 3220 549 meritis
3252 498 3443 552 multis
3480 500 3605 555 lan-

1988 583 2263 652 guoribus
2282 583 2412 637 ﬁde]
2424 584 2539 637 Eum
2554 586 2765 653 optata:
2783 583 3008 637 confert
3022 583 3278 638 remedia
3289 586 3603 655 sanitatis,»

1988 669 2309 741 primorum
2326 671 2580 743 quinque
2609 672 2920 726 Carthusia:
2940 672 3205 727 Priorum
3220 673 3605 747 ehronologus

1987 774 2085 811 seu
2104 760 2397 830 antiquior
2418 760 2611 814 Sancti
2635 761 2817 814 nostri
2845 761 3195 832 biographus
3213 779 3373 815 num.
3399 763 3603 819 ultimo

1987 848 2336 917 suppeditet,
2365 852 2544 919 isque,
2572 848 2770 918 utjam
2800 864 2978 919 supra
2999 849 3602 915 docui,smculo‘tertio

1912 974 1915 975 ν
1988 933 2238 1001 decimo,
2264 951 2327 988 ac
2342 936 2533 1005 proin,
2551 936 2773 990 duobus
2793 937 2941 991 forte
2965 938 3227 991 nondum
3259 943 3388 1008 post
3410 939 3606 994 Sancti

1987 1023 2212 1077 obitum
2237 1024 2455 1078 saeculis
2477 1026 2704 1095 elapsis,
2731 1026 3009 1093 ﬂoruerit,
3040 1044 3144 1081 nec
3167 1045 3323 1095 eum,
3349 1029 3506 1099 quod
3528 1029 3601 1083 de

1986 1112 2169 1181 fonte,
2192 1114 2262 1168 ad
2288 1114 2479 1169 Sancti
2498 1117 2784 1169 tumulum
2811 1116 3140 1188 prodigiose
3172 1118 3436 1186 excitato,
3470 1136 3598 1174 ver-

1984 1201 2071 1256 bis
2096 1203 2348 1257 recitatis
2375 1208 2687 1271 memorat,
2709 1208 2807 1258 aut
2829 1222 2893 1259 ex
2917 1205 3227 1276 antiquiori
3256 1223 3603 1262 monumen-

1986 1294 2064 1356 to,
2105 1294 2203 1343 aut
2232 1294 2435 1345 saltem
2464 1309 2493 1345 e
2526 1293 2832 1347 traditione
2858 1293 3130 1360 hausisse,
3156 1310 3288 1348 vero
3318 1297 3599 1365 appareat

1985 1379 2269 1447 absimile,
2315 1397 2344 1433 e
2390 1383 2543 1433 terra
2598 1382 2670 1434 ad
2721 1381 3003 1435 Brunonis
3051 1383 3361 1449 tumulum,
3407 1386 3525 1450 aut,
3554 1382 3600 1456 si

1986 1466 2186 1532 mavis,
2220 1484 2283 1520 ex
2310 1467 2417 1520 hoc
2448 1467 2568 1537 ipso
2603 1484 2718 1520 non
2751 1468 3002 1539 erupisse
3035 1470 3428 1542 prodigiosum
3477 1471 3603 1525 fon-

1984 1558 2124 1621 tem,
2159 1555 2555 1609 indubitanter
2584 1572 2906 1611 asseverare
2941 1575 3058 1611 non
3102 1560 3308 1627 ausim,
3350 1560 3483 1614 licet
3516 1559 3603 1615 in-

1985 1641 2155 1694 terim
2185 1643 2255 1696 de
2290 1659 2372 1709 re,
2407 1643 2564 1713 quod
2606 1643 2941 1697 indubitatae
2974 1662 3205 1716 prorsus
3235 1664 3299 1701 ac
3329 1652 3500 1704 certa:
3530 1648 3596 1703 ﬂ-

1905 1746 1954 1803 B
1984 1729 2074 1783 dei
2106 1731 2245 1784 vade
2279 1748 2395 1784 non
2426 1732 2726 1798 innitatur,
2763 1734 3010 1787 multum
3045 1734 3326 1789 dubitem.

2053 1821 2176 1873 738.
2198 1819 2308 1873 Nec
2333 1820 2775 1886 dubitationem,
2802 1838 2951 1892 quae,
2986 1822 3141 1892 quod
3173 1840 3289 1877 non
3327 1826 3595 1896 amplius,

1982 1904 2230 1976 ipsemet
2276 1907 2707 1961 Blomenvenna
2737 1910 2925 1963 verbis
2963 1911 3215 1966 recitatis
3246 1913 3483 1981 fatente,
3523 1915 3597 1969 ad

1983 1992 2175 2047 Sancti
2208 1996 2500 2049 tumulum
2542 1997 2672 2050 fons
2703 1997 3047 2066 inveniatur,
3086 2017 3201 2055 non
3242 2019 3448 2073 parum
3493 2021 3594 2059 au-

1981 2085 2170 2152 getur,
2202 2085 2405 2137 tollere
2445 2088 2666 2155 queunt
2712 2103 2840 2157 quae
2880 2087 3242 2157 potissimum
3274 2090 3365 2144 hic
3402 2090 3596 2146 Sancti

1980 2170 2333 2241 biographus
2386 2171 2441 2225 in
2483 2188 2653 2225 causa
2682 2173 2853 2227 fuisse
2886 2172 3081 2229 scribit
3131 2180 3194 2231 ut
3236 2178 3598 2250 prodigiosus

1978 2258 2108 2312 fons
2134 2260 2226 2313 ille
2250 2260 2537 2314 exaruerit
2557 2278 2656 2314 seu
2677 2277 2798 2316 esse
2824 2262 3076 2317 desierit.
3103 2266 3247 2320 Dato
3262 2266 3439 2334 enim,
3465 2283 3596 2321 vere

1979 2347 2150 2402 fuisse
2182 2349 2404 2402 fontem
2437 2349 2509 2403 ad
2534 2348 2726 2404 Sancti
2758 2352 3043 2405 tumulum
3088 2354 3354 2425 prodigio
3386 2356 3596 2410 excita-

1980 2438 2126 2502 tum,
2162 2436 2393 2492 desiisse
2427 2454 2583 2505 eum,
2618 2439 2792 2510 quod,
2827 2443 2888 2493 ut
2930 2457 3037 2512 per
3076 2443 3250 2496 verba
3296 2460 3458 2497 num.
3490 2446 3594 2499 736

1979 2526 2217 2579 recitata
2249 2528 2467 2596 (utpote
2498 2544 2603 2598 per
2634 2544 2832 2581 vocem
2883 2528 3100 2600 Religio
3134 2530 3249 2601 (adi
3272 2548 3434 2585 num.
3470 2533 3591 2605 742)

1978 2612 2131 2666 idem
2165 2613 2404 2680 ibidem,
2442 2615 2596 2685 quod
2637 2632 2740 2686 per
2776 2632 2973 2670 vocem
3019 2618 3193 2685 Ordo,
3239 2619 3594 2693 intelligens)

1976 2704 2120 2756 velle
2152 2702 2395 2768 videtur,
2425 2704 2675 2775 religiosi
2699 2704 3017 2760 Tum-itane:
3042 2708 3223 2761 eremi
3255 2708 3455 2763 incola:
3484 2709 3599 2764 Cis-

1978 2791 2261 2844 terciense
2294 2791 2619 2845 institutum
2652 2798 2843 2847 essent
2873 2795 3146 2864 amplexi,
3181 2812 3389 2866 parum
3436 2815 3597 2853 vero-

1979 2879 2167 2933 simile
2201 2882 2462 2949 apparet,
2503 2896 2636 2933 eum
2681 2881 2737 2934 hi
2790 2881 3069 2936 duntaxat
3111 2883 3171 2938 id
3222 2884 3487 2953 fecerint,
3511 2888 3591 2954 ut,

1977 2969 2227 3038 collapsa
2274 2967 2427 3036 apud
2476 2984 2573 3022 eos
2602 2970 2872 3039 religiosa
2917 2970 3242 3042 disciplina,
3275 2991 3308 3027 a
3336 2974 3452 3028 vita
3483 2974 3592 3028 mi-

1979 3074 2084 3109 nus
2116 3059 2362 3120 austera,
2394 3056 2465 3109 ad
2497 3073 2694 3126 quam,
2725 3058 3262 3126 primaevoinstituti
3289 3062 3373 3115 sui
3400 3062 3591 3133 rigore

1978 3144 2200 3213 relicto,
2235 3144 2584 3211 defecerant,
2624 3146 2696 3199 ad
2727 3146 2951 3201 vivendi
2994 3164 3265 3202 normam
3296 3149 3483 3221 magis
3523 3151 3595 3205 ri-

1978 3234 2173 3304 gidam
2203 3233 2500 3305 magisque
2526 3238 2785 3288 sanetam
2823 3238 3182 3290 transeuntes
3215 3239 3330 3293 Deo
3374 3240 3593 3311 perfec-

1979 3323 2091 3376 tius
2121 3323 2341 3394 possint
2370 3323 2666 3398 famulari,
2690 3325 3188 3393 quemadmodum
3210 3326 3594 3398 ipsemetBlo-

1981 3427 2309 3465 menvenna
2340 3412 2526 3465 verbis
2552 3394 2805 3466 recitatis
2832 3412 3091 3467 indicare
3112 3414 3356 3481 videtur,
3388 3416 3593 3471 ﬁdem-

1981 3516 2091 3570 que
2138 3499 2315 3552 etiam
2368 3499 2506 3553 facit
2560 3515 2693 3553 mox
2752 3500 3048 3555 recitanda
3089 3502 3379 3589 legstini
3431 3522 3594 3576 papae

1982 3588 2135 3641 bulla
2166 3605 2263 3641 seu
2297 3588 2487 3641 breve.
2525 3587 2669 3641 Sunt
2698 3588 2935 3659 quidem
2970 3590 3067 3660 qui
3112 3587 3239 3645 illos
3288 3609 3320 3645 a
3355 3593 3594 3647 Carthu-

1981 3676 2149 3728 siensi
2181 3676 2440 3730 instituto
2469 3676 2543 3730 ob
2576 3693 2773 3729 causas
2813 3694 2940 3747 qum
2970 3680 3087 3732 Deo
3134 3679 3325 3733 minus
3369 3682 3596 3750 placere

1982 3765 2306 3830 debuerint,
2341 3764 2603 3817 resiliisse
2646 3766 3044 3833 contendunt;
3078 3784 3276 3822 verum
3314 3770 3466 3824 hisce
3507 3789 3594 3825 as-

1983 3853 2346 3906 sentiendum
2378 3870 2492 3906 non
2522 3869 2641 3905 esse
2691 3853 2788 3906 alii
2836 3855 3052 3920 volunt,
3095 3872 3201 3910 nec
3248 3874 3495 3927 quorum
3528 3877 3597 3914 ex

1982 3935 2145 4012 parte
2180 3941 2388 3995 veritas
2415 3944 2544 4007 stet,
2577 3942 2823 3994 multum
2858 3942 2931 3996 ad
2972 3958 3098 3997 rem
3147 3949 3403 3998 nostram
3435 3946 3593 4000 facit.

1982 4032 2194 4085 Demus
2216 4030 2371 4083 enim
2393 4030 2590 4095 etiam,
2609 4030 2825 4099 justam
2844 4031 3108 4096 omnino,
3131 4032 3203 4085 ob
3217 4050 3389 4103 quam
3402 4034 3595 4088 Turri-

1984 4122 2133 4173 tanaa
2149 4119 2329 4172 eremi
2348 4120 2549 4172 incola:
2565 4118 2992 4173 aCarthusiensi
3013 4119 3084 4172 ad
3098 4119 3469 4175 Cisterciense
3486 4122 3599 4176 ins-

1985 4208 2219 4261 titutum
2250 4207 2610 4274 deflexerint,
2640 4223 2872 4260 causam
2913 4224 3028 4261 non
3066 4208 3363 4277 exstitisse,
3394 4227 3499 4285 nec
3518 4211 3595 4265 sic

1907 4306 1958 4363 Ι)
1986 4300 2179 4349 tamen
2194 4296 2514 4350 verosimile
2532 4296 2753 4362 evadet,
2784 4296 2998 4349 factum
3019 4312 3140 4350 esse
3163 4300 3225 4350 ut
3237 4298 3384 4365 fons,
3405 4300 3500 4371 qui
3519 4300 3592 4354 ad

1984 4385 2272 4438 tumulum
2312 4384 2347 4438 S
2385 4384 2667 4437 Brunonis
2687 4384 2955 4454 prodigio
2985 4384 3259 4439 excitatus
3280 4387 3498 4454 fuisset,
3523 4388 3597 4442 ob

1985 4490 2185 4527 eorum
2219 4473 2291 4526 ad
2309 4472 2680 4527 Cisterciense
2695 4471 3023 4525 institutum
3048 4472 3454 4541 defectionem,
3473 4492 3599 4530 exa-

1985 4561 2184 4615 ruerit.
2212 4560 2634 4629 Qualiscunque
2658 4559 2814 4612 enim
2844 4576 2912 4613 ea
2944 4560 3139 4628 fuerit,
3173 4578 3295 4615 sese
3325 4563 3596 4634 equidem

1985 4650 2058 4703 ad
2082 4649 2207 4702 vitae
2241 4648 2566 4701 institutum
2604 4649 2760 4702 nullo
2800 4664 3033 4718 prorsus
3064 4666 3094 4702 e
3124 4650 3308 4720 capite
3342 4655 3599 4706 contem-

1985 4738 2240 4792 nendum
2267 4736 2574 4807 multisque
2591 4736 2815 4790 nomini
2846 4754 3284 4809 ussummopere
3299 4755 3596 4795 commen-

1983 4826 2240 4880 dandum
2270 4827 2632 4889 transtulere,
2670 4842 2773 4879 nec
2807 4826 2885 4892 id,
2922 4826 3031 4880 nisi
3051 4827 3398 4881 assentiente
3420 4845 3485 4882 ac
3502 4846 3600 4899 ap-

1983 4915 2267 4985 probante
2300 4930 2527 4967 summo
2558 4914 2828 4983 pontiﬁce
2862 4915 3187 4981 Caelestino,
3216 4915 3425 4984 fecere,
3460 4919 3538 4971 uti
3564 4934 3596 4973 e

1982 5004 2157 5067 bulla,
2191 5020 2303 5074 qua
2326 5002 2417 5055 hic
2457 5002 2535 5055 eis
2569 5003 2639 5056 ad
2677 5002 3108 5056 Cislerciensem
3143 5004 3409 5058 ordinem
3441 5009 3594 5060 tran-

1982 5090 2179 5145 seundi
2214 5091 2546 5144 facultatem
2581 5090 2733 5157 fecit,
2769 5091 3140 5145 manifestum
3173 5095 3276 5145 est.

2052 5183 2175 5235 739.
2210 5180 2364 5232 Hanc
2390 5178 2599 5233 idcirco
2624 5196 2654 5232 e
2686 5179 2952 5245 Suriano,
2973 5180 3067 5250 qui
3086 5180 3595 5236 eamsuisadcom—

1984 5270 2229 5344 positam
2262 5285 2295 5321 a
2328 5267 2493 5322 Surio
2516 5267 2573 5321 S.
2604 5268 2885 5320 Brunonis
2908 5268 3093 5322 Vitam
3109 5271 3594 5326 Annotationibus

1984 5378 2081 5415 seu
2112 5360 2302 5432 potius
2346 5357 2693 5413 Chronotaxi
2739 5357 2891 5411 hisce
2934 5358 3171 5427 adjectae
3216 5376 3349 5430 pag.
3400 5363 3503 5416 469
3536 5365 3592 5416 et

1983 5468 2101 5522 δίη.
2164 5448 2421 5515 inseruit,
2472 5446 2782 5499 transferre
2839 5446 2947 5498 huc
3003 5449 3178 5501 lubet.
3232 5448 3321 5501 Sic
3370 5450 3590 5505 habet:

1988 5564 2014 5593 «
2045 5540 2378 5595 ()mlestinus
2408 5536 2724 5608 episcopus,
2774 5552 2970 5591 servus
3016 5554 3313 5593 servorum
3348 5538 3470 5607 Dei,
3511 5540 3592 5595 di-
