4066 6032
500 280 608 337 455

1360 276 1418 334 8.
1442 275 1789 334 BRUNONIS
1829 274 2468 334 CARTHUSIANORUM
2503 279 2970 338 INSTITUTORIS

3731 280 3843 341 486

502 399 667 457 lectis
684 399 818 455 ﬁliis
847 398 1120 455 fratribus
1145 400 1391 455 coenobii
1436 400 1495 455 8.
1537 400 1812 471 Stephani
1845 402 1915 456 de
1947 402 2121 456 Bosco
2140 406 2195 465 Α
2228 401 2322 455 hic
2348 419 2501 457 anno
2537 403 2692 469 tl9l,
2740 401 2812 457 ad
2853 400 3108 472 Aprilem
3141 399 3267 473 jam
3315 404 3607 474 provecto,
3640 403 3717 459 ad
3746 421 3845 459 su-

506 490 567 545 in
600 489 863 544 Calabria
894 491 1135 543 salutem
1153 493 1210 544 et
1236 490 1607 561 apostolicam
1629 490 2117 545 benedictionem.

503 579 590 634 Ad
603 578 897 649 religionis
914 578 1177 633 ordinem
1194 580 1635 650 propagandum
1665 582 1721 633 et
1747 580 1819 633 ad
1848 597 1978 634 suos
1998 580 2120 649 pal-

506 667 677 722 mites
706 666 1097 721 extendendos
1128 684 1193 720 ex
1227 668 1398 721 ofﬁcii
1432 667 1612 721 nostri
1644 668 1838 722 debito
1870 684 2119 740 propen-

506 756 643 811 siori
677 771 812 809 cura
849 754 1127 809 debemus
1159 756 1482 821 intendere,
1515 760 1572 810 et
1596 756 1785 826 ipsum
1809 756 2002 811 divina
2024 756 2122 809 fla-

507 845 737 915 grantia
763 845 1141 916 pullulantem
1172 848 1369 899 tenere
1394 862 1500 915 pro
1532 846 1763 911 viribus,
1797 849 1854 900 et
1898 847 2117 902 fovere.

508 934 652 988 Cum
684 934 858 1005 igitur
884 933 1078 987 divina
1098 934 1473 1004 inspiratione
1499 936 1776 1005 praeventi
1792 938 1895 990 sub
1910 937 2117 991 Cister-

507 1023 710 1078 ciensis
735 1022 954 1077 ordinis
980 1023 1340 1077 observantia
1363 1024 1651 1079 volueritis
1666 1025 1913 1079 militare
1944 1028 2001 1079 et
2024 1042 2117 1079 su-

507 1128 611 1183 per
659 1112 768 1165 hoc
803 1111 1307 1166 confirmationem
1340 1113 1720 1182 apostolicam
1771 1118 1827 1167 et
1856 1114 2116 1169 favorem

506 1199 669 1253 Prior
699 1202 903 1265 vester,
939 1200 1013 1253 ad
1045 1216 1148 1254 nos
1180 1200 1435 1266 veniens,
1467 1201 1673 1255 obnixe
1718 1202 1968 1273 petierit,
2002 1204 2116 1257 fra-

505 1292 661 1342 trum
696 1291 1026 1343 nostrorum
1055 1290 1484 1343 communicato
1528 1290 1785 1357 consilio,
1818 1308 1950 1345 cum
1982 1292 2116 1347 dex-

505 1385 645 1436 tera:
671 1378 883 1433 Excelsi
914 1378 1157 1431 mutatio
1189 1377 1468 1443 videatur,
1484 1382 1734 1433 vestrum
1766 1380 1874 1434 hoc
1905 1396 2117 1450 propo-

506 1470 677 1525 situm
706 1466 1207 1532 commendamus,
1241 1469 1318 1533 et,
1352 1470 1415 1519 ut
1445 1467 1655 1521 amodo
1677 1468 1778 1520 sub
1794 1469 1998 1523 eadem
2023 1469 2118 1522 ob-

507 1556 793 1612 servantia
824 1559 880 1609 et
910 1554 1266 1609 correctione
1293 1555 1513 1607 abbatis
1544 1558 1600 1608 et
1630 1555 1871 1609 fratrum
1906 1557 2115 1611 Fossa:-

506 1648 676 1701 Nova:
700 1645 886 1698 vivere
918 1643 1193 1707 debeatis,
1224 1645 1281 1696 et
1328 1645 1557 1712 gratum
1601 1645 1718 1697 Deo
1770 1645 2113 1699 famulatum

2224 508 2489 562 premam
2514 490 2773 545 Ecclesiae
2799 490 3132 544 cathedram
3173 490 3346 545 fuerit
3374 496 3620 559 evectus,
3654 493 3842 549 bulla-

2220 596 2332 651 que
2364 579 2537 634 tertio
2571 580 2700 633 ldus
2731 596 2829 632 seu
2872 582 2927 633 11
2958 579 3289 633 Decembris
3318 579 3432 645 die,
3466 597 3619 635 anno
3636 582 3841 637 Ponti-

2221 668 2419 722 ﬁcatus
2449 668 2571 738 ejus
2584 667 2836 721 secundo
2855 667 2991 721 data
3006 670 3260 733 notetur,
3284 670 3704 724 consectarium
3731 675 3840 735 est,

2221 760 2282 810 ut
2303 756 2643 810 monasterii
2676 756 2733 809 8.
2769 755 3045 825 Stephani
3078 756 3149 809 de
3181 757 3357 810 Bosco
3389 756 3597 811 fratres
3624 776 3725 813 seu
3755 776 3843 814 re-

2220 845 2406 916 ligiosi
2436 845 2752 899 Turritanae
2787 844 2967 898 eremi
2999 844 3201 898 incola:
3232 861 3385 899 anno
3430 846 3668 901 demum
3702 851 3840 906 1192

2220 936 2317 986 aut
2338 933 2806 1004 sequentisinitio
2821 933 2893 987 ad
2921 932 3355 987 Cisterciensem
3375 924 3639 990 ordinem
3652 939 3843 991 trans-

2220 1022 2409 1087 ierint,
2442 1039 2505 1076 ac
2532 1022 2720 1092 proin,
2749 1024 2812 1075 ut
2850 1022 3265 1076 monasterium
3288 1022 3427 1077 illud
3457 1040 3574 1078 non
3606 1028 3839 1080 tantum

2219 1110 2383 1164 annis
2440 1110 2665 1163 circiter
2703 1110 3019 1180 sexaginta,
3063 1113 3125 1164 ut
3166 1111 3600 1167 Blomenvenna
3646 1114 3840 1169 verbis

2218 1215 2389 1269 supra
2406 1199 2514 1252 huc
2546 1198 2901 1269 transcriptis
2920 1197 3113 1265 tradit,
3146 1199 3247 1253 sed
3263 1203 3496 1254 centum
3518 1216 3836 1272 propemo-

2218 1287 2356 1341 dum
2389 1291 2446 1340 et
2476 1287 2722 1357 amplius
2752 1286 2809 1339 in
2840 1286 2991 1353 vitae,
3026 1287 3183 1359 quod
3204 1287 3262 1341 in
3302 1304 3370 1342 eo
3397 1294 3623 1344 secutus
3642 1290 3838 1345 fuerat

2219 1374 2274 1429 S.
2312 1376 2526 1441 Bruno,
2556 1374 2817 1429 instituto
2837 1375 3077 1442 durarit,
3096 1377 3398 1449 pluresque
3415 1377 3613 1445 etiam,
3651 1395 3834 1450 quam

2217 1463 2492 1534 quinque,
2529 1463 2769 1517 instituti
2804 1463 3240 1532 Carthusiensis,
3281 1469 3593 1537 antequam
3630 1467 3705 1521 ad
3740 1467 3831 1522 Ci-

2216 1552 2551 1606 stercienses
2582 1553 2871 1617 transiret,
2902 1553 3124 1624 priores
3152 1554 3438 1608 habuerit.

2286 1640 2495 1695 741.Ε1
2518 1656 2651 1694 vero
2677 1640 2946 1695 Camillus
2969 1641 3208 1696 Tutinus
3228 1642 3286 1696 in
3320 1643 3499 1710 brevi,
3538 1645 3693 1715 quod
3726 1662 3831 1700 suo

506 1737 623 1790 Deo
658 1732 1016 1804 impendere,
1056 1730 1394 1787 auctoritate
1442 1732 1773 1800 apostolica,
1825 1734 1978 1788 salvo
2013 1735 2111 1787 Ec-
2139 1736 2190 1795 B
2215 1728 2474 1782 Historias
2507 1729 2726 1784 ordinis
2765 1730 3183 1784 Carthusiensis
3207 1733 3531 1802 prospectui
3563 1734 3830 1801 attexuit,

504 1822 689 1877 clesiaa
724 1820 1169 1889 Romanmjure,
1191 1819 1623 1873 confirmamus.
1644 1821 1788 1875 Nulli
1825 1839 1962 1893 ergo
1984 1839 2111 1877 om-

504 1910 642 1965 nino
663 1908 969 1964 hominum
1002 1907 1188 1971 liceat,
1223 1908 1369 1961 hanc
1402 1908 1675 1978 paginam
1707 1913 1915 1963 nostra
1945 1927 2110 1965 cons-

502 1998 787 2054 titutionis
818 2000 875 2051 et
907 1996 1364 2051 conﬁrmationis
1392 1996 1730 2067 infringere,
1763 2003 1870 2052 etc.
1905 2000 2111 2053 Datum

503 2086 791 2151 Laterani,
827 2087 896 2139 Ill
931 2086 1058 2138 ldus
1091 2085 1351 2137 decemb.
1386 2086 1756 2139 Pontificatus
1799 2087 1979 2140 nostri
2010 2103 2112 2141 an-

503 2192 580 2230 no
611 2180 664 2230 2.
706 2196 732 2221 ››
768 2174 910 2228 Cum
943 2190 1102 2241 ergo,
1148 2173 1227 2226 uti
1273 2189 1302 2225 e
1343 2174 1640 2227 Pontiﬁcio.
1679 2175 1801 2229 haec
1833 2176 1986 2229 bulla
2016 2193 2113 2229 seu

503 2263 664 2319 brevi
697 2261 1055 2332 intelligitur,
1088 2260 1329 2315 coenobii
1363 2261 1419 2315 8.
1450 2261 1722 2332 Stephani
1752 2263 1822 2319 de
1858 2265 2030 2318 Bosco
2054 2265 2111 2318 in

509 2352 771 2407 Calabria
806 2352 1014 2405 fratres
1042 2366 1143 2403 seu
1175 2349 1425 2420 religiosi
1466 2351 1780 2406 Turritame
1811 2354 1993 2407 eremi
2025 2354 2111 2408 in-

504 2443 664 2509 colae,
698 2457 815 2495 non
849 2442 1076 2493 tantum
1104 2455 1220 2493 non
1250 2444 1631 2509 repugnante,
1664 2440 1762 2494 sed
1787 2440 1961 2495 etiam
1985 2458 2115 2512 pro-

503 2531 679 2586 bante
738 2527 1214 2601 propositumque
1267 2544 1466 2581 eorum
1508 2528 1777 2582 laudante
1819 2532 2109 2601 pontiﬁce,

505 2620 578 2675 ad
612 2618 1047 2674 Cisterciensem
1079 2616 1346 2670 ordinem
1375 2615 1702 2685 migrarint,
1736 2617 1926 2689 sicque
1951 2620 2007 2674 id
2028 2622 2111 2676 fa-

504 2707 709 2761 ciendo
742 2709 942 2761 contra
975 2706 1156 2759 Deum
1200 2703 1436 2757 indubie
1470 2720 1586 2758 non
1622 2706 1934 2775 peccarint,
1983 2726 2110 2763 nes-

502 2796 590 2851 cio
626 2796 783 2850 enim
821 2810 977 2857 vero,
1013 2811 1085 2848 an
1117 2792 1377 2846 futurum
1409 2792 1499 2857 sit,
1551 2797 1614 2847 ut
1642 2795 1881 2866 quisque
1908 2801 1995 2851 sat
2018 2815 2111 2852 ve-

501 2884 759 2940 rosimile
793 2882 1125 2947 arbitretur,
1158 2880 1319 2934 illum
1339 2897 1539 2934 eorum
1557 2883 1861 2937 transitum
1881 2901 2112 2940 causam

504 2992 626 3032 esse
660 2972 933 3046 potuisse,
965 2970 1039 3025 ob
1070 2986 1242 3040 quam
1268 2970 1585 3024 Turritanm
1621 2973 1801 3026 eremi
1833 2973 1981 3040 fons,
2017 2976 2111 3046 qui

502 3064 574 3118 ad
605 3060 799 3116 Sancti
828 3059 1115 3113 tumulum
1138 3057 1402 3128 prodigio
1435 3058 1708 3113 excitatus
1738 3061 1930 3128 fuerit,
1970 3064 2111 3117 exis-

499 3157 621 3206 tere
666 3148 917 3213 desierit,
957 3150 1076 3211 aut,
1116 3147 1161 3200 si
1207 3146 1405 3211 mavis,
1452 3151 1755 3203 exaruerit.
1798 3150 1923 3204 Jam
1956 3167 2112 3219 vero,

502 3257 633 3296 cum
664 3255 755 3293 res
806 3238 889 3291 ita
918 3235 1147 3299 habeat,
1194 3237 1393 3288 manet
1439 3252 1576 3288 sane
1622 3253 1687 3290 ex
1719 3255 1891 3308 supra
1928 3239 2111 3307 dictis,

503 3346 568 3384 ac
599 3325 849 3381 maxime
898 3341 963 3377 ex
991 3340 1081 3389 eo,
1107 3322 1261 3392 quod
1296 3322 1445 3387 fons,
1482 3323 1577 3392 qui
1604 3325 1870 3395 prodigio
1906 3328 2113 3382 excita-

500 3421 591 3471 tus
622 3414 815 3477 fuerit,
859 3428 978 3466 non
1010 3410 1259 3479 amplius
1304 3410 1524 3476 existat,
1556 3428 1719 3482 seque
1750 3430 1814 3467 ac
1856 3420 1989 3468 ante
2018 3417 2117 3470 du-

503 3505 686 3568 bium,
715 3519 788 3555 an
815 3499 1092 3553 miraculo
1123 3498 1449 3567 hujusmodi
1481 3500 1633 3553 locus
1646 3517 1900 3571 unquam
1919 3504 2109 3560 fuerit.

571 3593 696 3648 ⁸740.
726 3590 836 3643 Nec
864 3588 1110 3642 multum
1134 3586 1207 3640 ad
1229 3602 1353 3639 rem
1378 3586 1530 3651 facit,
1552 3589 1911 3659 prodigiosos
1926 3593 2112 3647 fontes

501 3698 620 3736 non
646 3695 767 3733 esse
784 3692 1014 3748 semper
1038 3678 1375 3745 perpetuos;
1398 3674 1501 3728 etsi
1529 3676 1683 3730 enim
1700 3677 1755 3731 id
1776 3696 1972 3733 verum
1988 3698 2109 3735 esse

500 3768 849 3833 dederimus,
883 3781 1241 3835 consequens
1283 3763 1561 3817 duntaxat
1602 3765 1728 3832 erit,
1776 3771 1857 3829 ut,
1891 3769 1994 3822 etsi
2035 3770 2109 3823 ad

499 3858 691 3914 Sancti
721 3855 1008 3910 tumulum
1047 3854 1178 3907 fons
1203 3868 1319 3905 non
1339 3853 1587 3923 amplius
1618 3853 1960 3922 inveniatur,
1980 3858 2107 3911 fons

496 3950 690 4001 tamen
708 3941 1072 4015 prodigiosus
1087 3940 1301 3993 ibidem
1328 3939 1566 3993 existere
1584 3941 1894 4011 aliquando
1912 3948 2107 4015 potue-

495 4035 609 4101 rit;
641 4032 794 4086 unde
824 4030 1014 4099 reipsa
1042 4028 1217 4081 etiam
1269 4027 1489 4080 fontem
1527 4028 1855 4096 hujusmodi
1889 4031 2101 4087 ibidem

498 4120 637 4175 olim
664 4117 1079 4185 exstitisse,pro
1104 4114 1428 4167 indubitato
1464 4116 1650 4168 nullus
1670 4121 1822 4170 certe
1848 4119 2099 4175 habebit.

497 4207 661 4273 Quod
692 4206 737 4260 si
766 4203 998 4259 interim
1033 4203 1170 4255 fons
1199 4200 1563 4271 prodigiosus
1592 4204 1664 4259 ad
1696 4205 1887 4260 Sancti
1922 4211 2099 4264 nostri

2137 3018 2184 3076 C

2215 1814 2496 1869 Chronico
2516 1815 2741 1869 Priores
2761 1832 2876 1869 non
2891 1819 3117 1871 tantum
3131 1817 3512 1889 quinque,sed
3526 1820 3828 1888 tredecim,

2213 1902 2309 1974 qui
2340 1903 2413 1956 ad
2443 1902 2499 1957 S.
2523 1904 2802 1957 Brunonis
2830 1904 3201 1977 praecriptum
3224 1906 3589 1961 Turritanam
3621 1906 3679 1962 8.
3702 1907 3829 1963 Ste-

2212 1991 2388 2061 phani
2424 1992 2685 2057 domum,
2714 1995 3024 2063 antequam
3055 1993 3178 2047 haec
3204 1992 3576 2050 Cisterciense
3608 1995 3833 2050 institu-

2214 2083 2336 2133 tum
2366 2081 2837 2150 amplecteretur,
2870 2081 2942 2135 ad
2962 2098 3183 2136 annum
3209 2099 3385 2154 usque
3433 2087 3566 2139 1192
3605 2100 3828 2152 rexere,

2212 2184 2313 2222 suo
2345 2168 2588 2239 singulis
2618 2169 2854 2223 nomine
2885 2170 3168 2240 apposito,
3187 2175 3467 2238 recenset,
3487 2187 3829 2245 eorumque,

2214 2256 2311 2327 qui
2344 2260 2474 2326 post
2505 2256 2772 2328 quintum
2807 2275 2839 2311 a
2867 2258 2923 2312 S.
2961 2258 3226 2313 Brunone
3254 2259 3470 2326 ﬂoruit,
3504 2277 3657 2315 anno
3694 2265 3832 2317 1138

2214 2344 2418 2398 obiisse
2453 2349 2636 2400 notat.
2664 2347 2729 2399 Et
2754 2363 2891 2400 sane
2916 2364 2949 2400 a
2977 2346 3184 2401 Tutino
3225 2349 3416 2418 plures
3433 2349 3629 2417 etiam,
3650 2367 3829 2422 quam

2215 2433 2593 2504 quinque,qui
2618 2433 2691 2487 ad
2708 2450 2996 2501 normam,
3016 2455 3046 2488 ιι
3059 2433 3270 2490 Sancto
3294 2441 3492 2491 nostro
3511 2436 3834 2493 inTurrita-

2213 2539 2289 2575 na
2321 2522 2598 2577 Calabriae
2644 2539 2841 2577 eremo
2894 2523 3237 2590 institutam,
3290 2525 3465 2579 vitam
3510 2528 3833 2597 exegerint,

2213 2610 2437 2664 Priores
2469 2616 2621 2665 recte
2655 2613 3007 2679 enumerari,
3042 2614 3539 2668 verosimillimum
3562 2620 3830 2685 apparet,

2215 2702 2335 2751 tum
2364 2716 2428 2752 ex
2448 2699 2574 2770 jam
2623 2699 2807 2766 dictis,
2852 2704 2974 2754 tum
3008 2702 3184 2756 etiam
3215 2717 3280 2755 ex
3315 2701 3403 2768 iis,
3437 2719 3564 2774 qua:
3600 2704 3711 2758 huc
3742 2705 3829 2759 fa-

2213 2786 2421 2840 cientia
2453 2787 2509 2840 in
2557 2804 2660 2841 sua
2710 2788 2779 2842 de
2813 2789 3320 2844 Carthusianorum
3352 2790 3528 2844 initiis
3554 2791 3833 2848 Disserta-

2214 2873 2370 2928 tione
2384 2893 2543 2929 num.
2572 2878 2640 2929 20
2670 2879 2727 2930 ct
2748 2877 2968 2949 aliquot
2998 2894 3157 2949 seqq.
3193 2878 3544 2945 Columbius,
3574 2879 3650 2933 uti
3672 2881 3829 2936 hunc

2214 2963 2538 3017 consulenti
2561 2968 2832 3035 patescct,
2857 2966 2914 3019 in
2938 2966 3195 3021 medium
3219 2966 3469 3021 adducit.
3500 2968 3624 3021 Jam
3663 2984 3826 3036 vero,

2214 3067 2343 3104 cum
2379 3052 2500 3105 haec
2532 3052 2610 3106 ita
2637 3054 2909 3120 habeant,
2936 3071 3041 3108 nec
3071 3054 3222 3122 fons,
3252 3055 3347 3126 qui
3374 3055 3637 3127 prodigio
3661 3056 3738 3111 ad
3760 3056 3825 3111 S.

2216 3140 2500 3194 Brunonis
2526 3142 2815 3195 tumulum
2867 3146 3023 3196 ortus
3062 3142 3153 3210 sit,
3196 3144 3501 3211 exaruisse,
3541 3161 3641 3198 seu
3676 3161 3825 3213 esse,

2217 3233 2529 3300 antequam
2558 3230 2614 3283 S.
2648 3230 2922 3301 Stephani
2947 3232 3362 3286 monasterium
3384 3232 3458 3286 ad
3482 3233 3827 3288 Cistercien-

2216 3334 2273 3371 se
2308 3317 2634 3371 institutum
2669 3319 3005 3386 transiisset,
3040 3320 3269 3375 desiisse
3292 3338 3325 3375 a
3369 3322 3826 3390 Blomenvenna,

2216 3405 2477 3477 aliisque,
2503 3405 2597 3477 qui
2634 3406 2890 3477 ejusdem
2939 3424 3069 3461 cum
3105 3424 3172 3462 eo
3204 3409 3495 3481 opinionis
3523 3414 3673 3473 sunt,
3707 3414 3827 3464 sta-

2215 3497 2429 3560 tuatur,
2464 3510 2824 3565 consequens
2864 3499 2967 3562 est,
3012 3500 3073 3551 ut
3096 3496 3228 3551 fons
3282 3497 3377 3552 ille
3430 3513 3547 3552 non
3592 3501 3827 3554 tantum

2212 3582 2631 3653 quinquaginta
2653 3584 2878 3637 circiter
2909 3589 3005 3639 aut
3034 3586 3349 3657 sexaginta,
3373 3587 3473 3641 sed
3500 3587 3829 3658 nonaginta

2211 3671 2456 3741 amplius
2492 3672 2657 3725 annis
2676 3676 2804 3743 post
2829 3672 3021 3726 Sancti
3040 3674 3230 3741 nostri
3257 3674 3478 3729 obitum
3496 3675 3705 3729 debeat
3722 3676 3830 3730 du-

2210 3776 2380 3825 rasse,
2415 3760 2518 3813 etsi
2551 3761 2784 3815 interim
2809 3761 2937 3815 idin
2962 3762 3234 3832 opinione
3265 3762 3548 3817 dictorum
3576 3764 3823 3833 scripto-

2207 3861 2356 3912 rum,
2390 3847 2487 3918 qui
2520 3849 2699 3902 eremi
2730 3848 3045 3903 Calabrinaa
3080 3849 3153 3903 ad
3198 3848 3595 3904 Cistercienses
3625 3851 3820 3905 defec-

2207 3932 2424 3988 tionem
2444 3935 2570 4005 jam
2602 3936 2735 3990 inde
2768 3938 2839 3991 ab
2871 3953 3024 3992 anno
3062 3939 3197 3992 1160
3218 3941 3313 3991 aut
3335 3938 3508 3991 etiam
3527 3939 3823 3994 citiusfac-

2206 4026 2323 4077 tam
2345 4029 2621 4091 statuunt,
2637 4043 2670 4080 a
2687 4027 2923 4081 veritate
2956 4027 3195 4082 omnino
3236 4028 3308 4081 sit
3326 4027 3604 4082 alienum.
3626 4030 3819 4101 Atque

2205 4111 2325 4165 haec
2347 4117 2498 4179 sunt,
2524 4131 2650 4184 quae
2678 4118 2801 4167 tum
2816 4115 2886 4169 de
2900 4115 3345 4187 prodigiosoillo
3366 4115 3547 4183 fonte,
3576 4117 3649 4172 ad
3663 4116 3813 4172 San-

2204 4200 2275 4252 cti
2308 4203 2614 4267 tumulum,
2636 4203 2714 4255 uti
2745 4220 2778 4257 a
2798 4204 3166 4273 scriptoribus
3185 4219 3357 4275 supra
3379 4204 3625 4259 laudatis
3637 4206 3820 4261 refer-

494 4298 788 4353 tumulum
820 4308 1075 4363 unquam
1108 4290 1408 4355 exstiterit,
1452 4294 1628 4363 atque
1659 4294 1731 4347 ob
1765 4311 2018 4363 causam,
2070 4316 2103 4353 ει
2124 4296 2176 4355 Ῑ)
2204 4291 2313 4355 tur,
2336 4294 2553 4356 exorto,
2574 4294 2697 4345 tum
2720 4292 2789 4346 de
2817 4296 3078 4363 tempore
3102 4295 3309 4363 quo,et
3334 4309 3503 4347 causa
3529 4294 3601 4348 ob
3632 4311 3815 4366 quam

493 4384 741 4441 laudatis
766 4380 1139 4451 scriptoribus
1170 4378 1499 4445 adductam,
1533 4380 1809 4436 duntaxat
1847 4384 2097 4454 desierit,

494 4474 542 4528 is
570 4471 839 4543 equidem
868 4468 1100 4533 diutius,
1137 4484 1312 4537 quam
1359 4466 1526 4520 annis
1558 4468 1975 4541 quinquaginta
2003 4478 2101 4529 aut

492 4561 789 4633 sexaginta
819 4557 1059 4613 durarit.
1094 4557 1235 4610 Eten
1267 4572 1325 4609 m
1359 4572 1491 4609 cum
1519 4557 1851 4612 Ccelestinus
1882 4562 1924 4613 11
1952 4578 2100 4633 papa

492 4666 647 4706 anno
684 4650 838 4713 1144,
872 4663 985 4718 quo
1017 4643 1430 4699 monasterium
1454 4644 1510 4698 S.
1546 4645 1819 4716 Stephani
1840 4648 1909 4701 de
1924 4651 2097 4706 Bosco

493 4738 566 4793 ad
597 4735 1030 4792 Cisterciensem
1062 4732 1328 4787 ordinem
1362 4734 1620 4787 nondum
1653 4734 1824 4788 fuisse
1855 4740 2096 4793 transla-

491 4832 638 4894 tum,
676 4841 739 4880 ac
772 4823 937 4894 proin
972 4822 1211 4885 fontem,
1248 4820 1343 4891 qui
1371 4820 1443 4874 ad
1471 4820 1528 4874 S.
1586 4822 1866 4877 Brunonis
1903 4827 2095 4880 tumu-

490 4918 607 4971 lum
630 4912 896 4986 prodigio
910 4909 1081 4965 fuerit
1102 4909 1393 4973 excitatus,
1416 4909 1677 4963 nondum
1693 4927 1812 4964 esse
1840 4912 2092 4982 desiisse,

490 5004 645 5077 apud
676 5018 900 5066 omnes,
937 4999 1033 5071 qui
1085 4998 1428 5052 miraculum
1466 4998 1615 5051 istud
1659 4998 1994 5067 admittunt,
2035 5004 2094 5057 in

489 5094 747 5149 confesso
778 5093 883 5155 est,
916 5088 1093 5141 vitam
1136 5103 1267 5139 cum
1322 5089 1510 5140 morte
1554 5089 1945 5155 commutarit,
1990 5109 2095 5147 nec

487 5184 684 5236 tamen
713 5179 913 5242 serius,
940 5192 1114 5247 quam
1133 5174 1339 5227 steculo
1356 5172 1722 5239 duodecimo,
1738 5175 1954 5230 dictum
1968 5196 2094 5234 mo-

488 5267 802 5323 nasterium
852 5265 926 5319 ad
983 5261 1439 5317 Cisterciensiem
1486 5261 1747 5315 ordinem
1784 5265 2091 5335 transierit,

488 5355 822 5413 leestinus
855 5368 1025 5424 papa,
1054 5350 1151 5422 qui
1182 5350 1397 5403 bullam
1404 5349 1530 5419 jam
1559 5350 1854 5404 recitatam
1888 5370 2089 5409 mona-

486 5444 640 5501 sterii
676 5443 733 5495 8.
755 5439 1031 5511 Stephani
1054 5439 1124 5492 de
1148 5439 1321 5492 Bosco
1346 5438 1617 5491 fratribus
1634 5437 1931 5508 impertiit,
1948 5442 2090 5497 alius

488 5549 607 5590 esse
631 5547 750 5585 non
772 5531 979 5604 potest,
1022 5541 1197 5598 quam
1231 5526 1562 5582 Coelestinus
1584 5527 1689 5593 Ill;
1724 5543 1921 5598 quare,
1954 5547 2086 5586 cum

2202 4393 2320 4431 esse
2351 4377 2397 4431 is
2429 4378 2679 4447 desierit,
2716 4380 2961 4434 dicenda
2989 4385 3316 4436 occurrunt.
3357 4382 3691 4438 Proximum
3726 4390 3816 4440 est

2201 4468 2261 4517 ut
2291 4464 2362 4519 de
2394 4466 2705 4534 miraculis,
2738 4486 2865 4539 quae
2915 4485 3130 4539 magno
3176 4487 3418 4526 numero
3460 4487 3564 4541 per
3612 4472 3810 4528 Sancti

2201 4554 2412 4607 merita
2450 4555 2620 4609 fuisse
2641 4561 2892 4627 patrata,
2939 4573 3004 4611 ac
3046 4557 3296 4612 maxime
3329 4559 3387 4613 in
3420 4560 3674 4614 favorem
3709 4578 3811 4617 eo-

2201 4658 2351 4708 rum,
2386 4643 2480 4714 qui
2515 4661 2545 4697 e
2580 4650 2903 4700 memorato
2929 4646 3260 4717 prodigiose
3308 4648 3469 4702 fonte
3510 4651 3809 4717 bibissent,

2200 4730 2505 4801 contigisse
2538 4734 2967 4787 Blomenvenna
2995 4734 3179 4789 verbis
3208 4751 3379 4806 supra
3424 4737 3535 4791 huc
3561 4740 3811 4793 transla-

2198 4817 2268 4870 tis
2298 4818 2507 4890 aliique
2534 4821 2833 4875 memoriae
2864 4821 3138 4892 produnt,
3162 4839 3316 4877 nunc
3348 4826 3609 4878 tractem.

2268 4908 2390 4960 742.
2428 4931 2453 4957 ‹‹
2486 4909 2660 4975 Licet,
2692 4909 2876 4981 inquit
2907 4910 2977 4963 de
2995 4910 3051 4964 S.
3072 4912 3337 4966 Brunone
3352 4913 3809 4981 Blomenvenna,

2197 4994 2484 5050 miraculis
2499 4998 2696 5052 multis
2708 4998 2978 5053 claruisse
3001 5000 3245 5069 legatur,
3262 5003 3478 5068 tamen,
3497 5002 3653 5073 quod
3682 5003 3811 5058 sine

2198 5084 2395 5140 dolore
2416 5087 2671 5141 recolere
2690 5103 2936 5159 nequeo,
2960 5104 3078 5142 non
3105 5092 3238 5142 sunt
3261 5089 3589 5160 hujusmodi
3628 5091 3808 5146 mira-

2197 5175 2323 5227 cula
2351 5191 2439 5240 ea,
2481 5190 2595 5245 qua
2642 5173 2850 5240 decuit,
2885 5174 3185 5245 diligentia
3215 5176 3564 5246 conscripta;
3598 5181 3718 5244 aut,
3760 5178 3808 5233 si

2196 5262 2516 5333 conscripta
2533 5262 2785 5328 fuerunt,
2811 5264 3043 5317 alterius
3066 5264 3361 5333 religionis
3393 5265 3807 5335 (Cisterciensis

2195 5351 2474 5419 videlicet.)
2509 5352 2803 5405 monachis
2836 5352 2891 5405 in
2929 5353 3341 5407 monasterium
3369 5354 3493 5425 ejus
3537 5355 3805 5411 intranti-

2188 5439 2313 5507 bus,
2331 5440 2584 5510 primum
2610 5440 2994 5512 negligentius
3010 5443 3219 5515 scripta
3248 5442 3549 5509 custodita,
3583 5443 3796 5500 deinde

2197 5528 2499 5600 deperdita
2524 5531 2672 5583 sunt.
2698 5530 3316 5597 »ltaille,adamussim
3349 5530 3524 5585 etiam
3554 5531 3662 5586 sibi
3683 5533 3789 5589 Su-
