4066 6032
227 246 332 308 457
1799 242 1833 300 Α

1937 244 1980 301 Α
2425 249 2439 260 “
2594 288 2601 296 -
3437 256 3543 320 458

216 372 395 442 rium,
420 373 480 428 et
509 373 793 446 quantum
809 371 882 428 ad
904 371 1336 442 miraculorum,
1356 388 1483 445 quae
1507 370 1831 445 generatim
1857 378 1912 438 Α
1938 372 2198 428 nostram
2217 370 2608 447 cognitionem
2623 374 2967 451 scriptorum
2980 378 3175 456 inopia
3191 385 3547 458 temporum-

218 461 416 517 Sancti
431 463 655 518 meritis
675 462 1152 534 patratafuerint,
1170 462 1606 518 multitudinem
1626 464 1831 517 Putea-
1935 476 2046 530 que
2075 461 2289 533 injuria
2317 480 2436 519 non
2467 466 2812 537 pervenisse,
2842 474 3541 544 pag.314praafatus,non

222 568 369 607 num
383 553 601 623 pariter
621 552 1086 607 consentientem
1113 553 1360 621 habens;
1389 568 1591 607 verum
1608 553 1832 606 nullum
1868 550 1881 559 ’
1933 565 2134 620 pauca,
2159 568 2285 624 quae
2317 558 2449 625 post
2474 556 2688 611 factam
2720 558 3022 627 Brunonis,
3057 561 3139 615 uti
3165 579 3296 618 eam
3329 566 3539 621 vocant

215 656 475 711 prorsus,
492 642 647 714 quod
667 660 699 697 a
715 642 925 697 Sancto
949 645 1253 714 patratum.
1272 642 1463 708 fuerit,
1490 641 1832 696 miraculum
1932 639 2454 710 canonizationem,
2474 645 2727 701 evenisse
2741 647 2863 718 ejus
2878 647 3284 706 intercessione
3308 668 3548 708 narran-

214 727 279 783 in
312 731 651 800 particulari
687 734 1026 799 recensent;
1059 731 1438 786 assertionem
1494 734 1686 784 autem
1721 746 1834 801 qua
1932 728 2045 793 tur,
2080 728 2139 782 in
2171 730 2431 786 medium
2460 732 2711 801 adducit,
2735 736 2936 807 hisque
2952 736 3127 792 etiam
3149 739 3261 813 duo
3286 742 3545 812 praemit-

215 819 404 873 multa
434 836 470 873 a
496 819 707 874 Sancto
738 823 968 890 patrata
998 820 1169 874 fuisse
1198 820 1474 874 miracula
1502 818 1834 891 generatim
1933 815 2024 882 tit,
2060 832 2209 886 quae,
2233 822 2545 891 antequam
2571 823 2759 879 Bruno
2787 825 2845 879 in
2869 829 3203 882 sanctorum
3228 845 3325 883 seu
3351 829 3548 886 beato-

214 907 489 975 traditur,
524 908 819 980 scriptoris
844 910 1047 963 saltem
1071 909 1379 980 synchroni
1414 908 1640 980 ﬁdeque
1673 906 1834 978 digni
1932 919 2065 958 rum
2099 905 2298 961 album
2330 908 2664 977 referretur,
2696 913 2973 969 accidere.

208 995 551 1051 testimonio
580 996 914 1051 conﬁrmari
943 997 1134 1051 velim.
1170 997 1358 1051 Fuisse
1372 996 1607 1069 quidem
1622 997 1835 1050 multos
2004 994 2130 1046 744.
2150 992 2292 1047 Cum
2316 996 2386 1049 de
2404 998 2573 1051 rebus
2587 1000 2784 1067 modo,
2806 1017 2954 1072 quae,
2980 1002 3315 1076 priusquam
3334 1003 3545 1061 Sancto

212 1086 372 1140 male
404 1085 704 1151 habentes,
739 1086 835 1157 qui
861 1087 1088 1153 efonte,
1112 1087 1185 1142 ad
1199 1087 1490 1141 tumulum
1504 1084 1833 1156 prodigiose
1933 1080 2136 1147 cultus,
2170 1080 2412 1151 Sanctis,
2445 1088 2731 1157 proprius,
2764 1090 3060 1160 pontiﬁcia
3082 1092 3421 1148 auctoritate
3444 1093 3544 1149 de-

212 1176 444 1239 exorto,
473 1173 771 1240 bibissent,
802 1173 1056 1244 pristinas
1079 1174 1308 1229 sanitati
1338 1174 1652 1239 restitutos,
1684 1171 1831 1226 anti-
1933 1168 2202 1237 ferretur,
2238 1187 2504 1240 evenere,
2539 1175 2628 1229 hic
2659 1180 2925 1245 tractem,
2965 1180 3125 1234 lubet
3154 1181 3264 1234 huc
3318 1184 3376 1236 et
3426 1181 3539 1236 duo

212 1262 389 1333 quior
415 1263 593 1316 etiam
625 1262 817 1317 Sancti
852 1263 1032 1317 nostri
1064 1263 1417 1333 biographus
1448 1262 1631 1316 verbis
1662 1277 1834 1332 supra
1932 1255 2028 1309 illa
2056 1259 2321 1331 prodigia
2352 1263 2685 1331 transferre,
2723 1266 2944 1333 lectori,
2979 1271 3262 1339 quantum
3293 1285 3446 1336 reor,
3480 1269 3541 1324 in

209 1350 367 1405 datis
389 1351 680 1419 afﬁrmat;
713 1368 912 1406 verum
948 1370 1053 1406 nec
1105 1353 1196 1406 hic
1226 1355 1313 1406 sat
1342 1351 1610 1422 antiquus
1633 1354 1737 1417 est,
1772 1352 1834 1403 ut
1929 1361 2159 1401 summa
2173 1350 2487 1405 multorum
2502 1352 3132 1422 miraculorum,Saucti
3166 1358 3390 1413 meritis
3404 1359 3541 1413 ante

209 1442 340 1493 tuto
374 1439 427 1494 ei
452 1440 630 1494 ﬁdere
663 1441 967 1511 possimus,
1000 1442 1110 1495 Nec
1135 1441 1454 1512 quidquam
1485 1440 1641 1507 facit,
1678 1439 1833 1511 quod
1932 1435 2279 1505 permissum
2314 1439 2437 1509 ejus
2457 1441 2673 1495 cultum
2701 1444 3143 1499 ecclesiasticum
3157 1448 3543 1516 patratorum,

210 1529 519 1598 prmsentis
544 1529 822 1600 temporis
851 1529 1036 1583 verbis
1070 1533 1232 1583 utens
1262 1532 1602 1600 sequentem
1623 1528 1834 1582 scribat
1933 1538 2060 1592 quae
2091 1525 2166 1578 ad
2198 1528 2593 1597 cognitionem
2625 1535 2882 1586 nostram
2914 1537 3317 1604 pervenerant,
3350 1535 3538 1606 pauci-

205 1616 275 1669 in
303 1616 566 1684 modum,
592 1618 794 1671 «Juxta
819 1618 1185 1689 sepulchrum
1206 1618 1254 1688 ej
1267 1617 1677 1671 usimmcdiate
1704 1616 1834 1670 fons
1932 1613 2049 1665 tate
2074 1611 2269 1668 futura
2286 1632 2400 1670 non
2425 1617 2672 1689 ingrata.
2689 1619 2971 1688 Primum,
3001 1622 3058 1676 in
3082 1639 3193 1695 quo
3226 1627 3445 1691 tamen,
3467 1640 3541 1679 an

205 1704 409 1758 vivum
433 1708 689 1771 emanat,
722 1705 821 1776 qui
866 1705 1061 1760 divina
1087 1705 1397 1760 clementia
1425 1705 1483 1758 in
1534 1705 1701 1775 hujus
1732 1704 1833 1758 viri
1857 1711 1906 1768 B
1938 1699 2181 1755 Sanctus
2208 1707 2436 1773 partem
2468 1705 2754 1772 habuerit,
2786 1711 2871 1761 est
2909 1708 3171 1776 dubium,
3204 1710 3283 1764 sic
3324 1712 3539 1767 habet:

202 1790 407 1847 Sancti
435 1793 655 1847 meritis
687 1793 884 1848 multis
914 1794 1256 1866 langoribus
1300 1792 1560 1847 ﬁdelium
1611 1795 1822 1864 optatae
1938 1807 1965 1837 α
1999 1788 2167 1842 Anno
2217 1791 2448 1844 Domini
2502 1796 2629 1846 1131
2690 1809 2822 1847 cum
2868 1795 3100 1851 illustris
3135 1798 3435 1853 Gaufridus
3466 1799 3539 1855 de

203 1879 440 1934 confert
468 1881 728 1935 remedia
759 1882 1040 1949 sanitatis,
1072 1904 1098 1930 ››
1136 1882 1332 1954 sicque
1361 1882 1431 1936 de
1451 1882 1614 1935 fonte
1643 1878 1835 1952 prodi—
1933 1874 2239 1943 Lorotello,
2273 1894 2468 1933 comes
2489 1880 2804 1936 Cantazarii
2843 1884 2902 1938 in
2933 1883 3214 1953 Calabria,
3246 1886 3395 1940 ﬁlius
3425 1888 3537 1942 Ro-

203 1968 398 2040 είοεο,
429 1969 526 2040 qui
557 1972 726 2024 (etate
753 1987 856 2025 sua
874 1972 1060 2025 adhuc
1088 1971 1386 2037 exstiterit,
1404 1970 1827 2041 miraculisque,
1932 1960 2130 2032 dulphi
2152 1965 2377 2019 comitis
2394 1966 2464 2020 de
2479 1967 3030 2041 Lorotello,nepotis
3044 1973 3535 2045 comitisRogerii,

205 2072 345 2127 qua).
374 2061 498 2111 tum
520 2057 736 2111 haustis
766 2075 833 2112 ex
864 2059 976 2113 hoc
1001 2058 1164 2131 aquis
1197 2062 1423 2129 patrata
1454 2057 1688 2123 fuerint,
1712 2074 1826 2111 ser-
1931 2050 2254 2106 fundatoris
2285 2070 2350 2107 ac
2385 2054 2665 2110 dotatoris
2688 2058 2870 2112 eremi
2911 2058 2967 2113 S.
3018 2061 3204 2116 Marias
3233 2061 3303 2116 de
3360 2063 3538 2117 Turre

208 2161 456 2200 manem
483 2146 672 2201 facere
716 2147 981 2202 videatur
1011 2165 1025 2215 ;
1074 2148 1210 2202 dato
1254 2148 1413 2201 enim
1451 2147 1627 2201 etiam
1680 2146 1832 2199 hunc
1930 2143 2255 2194 revocasset
2285 2142 2627 2198 donationes
2658 2146 2957 2216 cujusdam
2989 2148 3239 2204 ecclesia:
3272 2151 3537 2205 omnium

204 2237 478 2289 uestrum
511 2235 898 2307 biographum
947 2237 1017 2291 de
1065 2236 1354 2290 miraculis
1406 2240 1672 2305 tempore
1727 2250 1828 2288 suo
1931 2226 2297 2297 Sanctorum,
2326 2234 2385 2284 et
2414 2234 2701 2287 terrarum
2731 2238 2789 2289 et
2817 2234 3117 2291 vinearum
3136 2237 3535 2296 intenimento

204 2322 389 2393 gestis
416 2324 606 2378 facere
638 2341 996 2392 sermonem,
1027 2325 1201 2379 ﬁdem
1220 2324 1265 2378 is
1294 2325 1422 2391 sibi,
1446 2340 1579 2378 cum
1614 2324 1670 2377 in
1698 2322 1829 2377 Car—
1931 2316 2125 2385 Oppidi
2158 2318 2436 2386 Badulati,
2489 2336 2521 2373 a
2548 2337 2606 2374 se
2639 2325 2696 2375 et
2720 2338 2754 2375 a
2780 2325 2966 2377 matre
2999 2341 3100 2379 sua
3130 2326 3299 2380 Berta
3333 2327 3536 2397 factas,

204 2412 407 2467 thusia
438 2413 645 2484 majori
664 2414 1021 2469 ειΤιητίιθηει
1050 2431 1248 2468 eremo
1265 2430 1381 2469 non
1402 2429 1608 2485 parum
1633 2412 1830 2467 dissita
1928 2404 2046 2458 Deo
2066 2406 2471 2478 vindice,gravi
2493 2411 2849 2479 apostemate
2861 2414 2947 2465 est
2966 2411 3025 2466 in
3056 2416 3285 2485 pectore
3316 2416 3535 2472 saucia-

200 2500 519 2571 scripserit,
552 2504 771 2556 certam
804 2503 1190 2574 undequaque
1225 2504 1395 2572 atque
1440 2501 1827 2555 indubitatam
1928 2494 2038 2564 tus,
2075 2494 2227 2547 unde
2255 2498 2312 2548 et
2366 2496 2439 2550 ad
2472 2500 2731 2552 extrema
2778 2499 3026 2567 devenit,
3059 2504 3252 2574 atque,
3300 2504 3532 2561 condito

198 2605 366 2660 aegre
388 2590 705 2645 admodum
732 2590 791 2645 in
824 2607 1025 2645 eorum
1058 2591 1393 2645 narratione
1423 2589 1827 2644 conciliaturas
1926 2582 2301 2650 testamento.
2328 2599 2458 2638 cum
2493 2586 2667 2639 Πιοΐῑί
2702 2587 2997 2658 ΡΥοΧίωιιε
3038 2594 3203 2657 esset,
3231 2607 3263 2645 ἃ
3289 2592 3536 2663 Rogerio

206 2678 371 2748 apud
403 2695 608 2733 omnes
633 2683 738 2733 εει,
771 2679 859 2733 Ad
884 2680 1008 2733 hmo
1040 2678 1446 2733 historicorum
1478 2678 1536 2731 in
1571 2692 1822 2743 morem,
1928 2667 1998 2722 de
2028 2670 2232 2724 Arenis
2267 2671 2617 2741 admonitus,
2645 2678 2708 2728 ut
2730 2692 2819 2729 res
2844 2676 3054 2747 injuste
3106 2678 3326 2733 ablatas
3378 2680 3538 2736 resti-

202 2766 330 2840 qui,
372 2783 500 2838 quae
561 2766 923 2839 temporibus
970 2766 1277 2839 praeteritis
1325 2769 1488 2836 gesta
1540 2769 1693 2832 sunt,
1720 2781 1825 2838 per
1924 2759 2135 2825 tueret,
2171 2758 2342 2813 simul
2374 2776 2438 2814 ac
2465 2762 2658 2816 ablata
2685 2762 2952 2830 restituit,
2976 2765 3446 2837 sanguineexore
3477 2770 3537 2824 et

198 2855 508 2927 pungentis
539 2855 820 2928 temporis
845 2856 1019 2910 verba
1050 2871 1168 2910 non
1195 2870 1329 2909 raro
1355 2858 1670 2927 exponunt,
1702 2854 1820 2910 for-
1925 2844 2161 2900 naribus
2181 2848 2417 2915 ﬂuente,
2442 2849 2673 2904 sanitati
2699 2850 2955 2921 pristinas
2969 2856 3053 2907 est
3081 2853 3358 2923 redditus;
3378 2857 3534 2927 quod

199 2942 372 2997 ιεεείε
397 2942 489 2997 hic
518 2943 790 3014 loquitur,
1849 2993 1893 3014 ﬂ
1925 2933 2132 2988 clarius
2162 2951 2229 2989 ex
2261 2935 2558 3007 ipsiusmet
2591 2939 2778 2992 verbis
2803 2942 2861 2993 et
2886 2940 3272 2998 instrumento
3302 2944 3533 2999 restitu-

273 2993 882 3088 ἷέὲξῇιδᾶξέιζέέηε
937 3033 996 3087 ει
1026 3031 1224 3087 sul-ius
1254 3047 1323 3086 εο
1371 3031 1494 3102 ipso
1526 3032 1674 3098 ιοοο,
1706 3048 1819 3103 quo
1846 2993 1893 3053 α
1924 3020 2095 3076 tionis
2126 2993 2365 3093 patebit,
2390 3025 2484 3078 ubi
2505 3025 2583 3079 sic
2614 3025 2724 3080 ait:
2774 2993 3532 3087 ..naggigzgrggiit'a

194 3121 541 3187 fontem,ad
566 3120 847 3175 Brunonis
880 3121 1165 3174 tumulum
1198 3119 1461 3191 prodigio
1486 3120 1795 3174 excitatum

1924 3131 1951 3159 »
1980 3110 2213 3164 Domini
2249 3112 2407 3180 1131,
2449 3112 2648 3167 indict.
2682 3130 2777 3169 vui
2826 3132 3025 3171 mense
3075 3117 3351 3187 Octobris,
3398 3136 3530 3175 cum

192 3211 371 3263 aetate
393 3224 495 3262 sua
511 3224 628 3263 non
651 3208 898 3281 amplius
915 3208 1192 3262 exstitisse
1206 3207 1561 3275 fatentur,de
1586 3224 1676 3274 eo,
1700 3224 1820 3263 non
1923 3220 1953 3247 θ)
1984 3215 2091 3270 880
2122 3199 2423 3254 Gallfl‘idus
2470 3202 2541 3256 de
2594 3203 2901 3272 LoroteIIO,
2957 3205 3257 3262 Cantazari
3313 3224 3528 3278 comes,

200 3313 369 3351 secus
399 3300 572 3368 atque
593 3296 637 3350 si
662 3297 850 3351 adhuc
868 3296 1195 3362 exstitisset,
1220 3311 1326 3366 per
1347 3295 1651 3366 praesentis
1667 3298 1817 3350 tem-
1923 3308 1952 3335 ))
1979 3287 2218 3358 juvenili
2260 3290 2569 3360 cupiditate
2627 3295 2880 3361 tenerel‘,
2936 3311 3031 3361 De,
3090 3297 3246 3368 (Ιιιοά
3295 3297 3535 3355 άοῐῐιίῐιει

192 3384 358 3456 poris
383 3385 624 3438 verbum
656 3386 990 3456 loquuntur,
1025 3384 1186 3454 prior
1207 3383 1440 3455 quidem
1467 3384 1576 3437 hoc
1608 3383 1813 3439 modo:
1918 3393 1952 3426 »
1983 3379 2171 3431 mater
2186 3394 2320 3432 mea
2344 3380 2865 3437 venerabilisBerta
2885 3398 2991 3454 pro
3020 3386 3255 3440 ecclesia
3267 3388 3532 3444 omnium

196 3497 227 3523 ι(
260 3472 351 3526 Ad
374 3472 536 3543 cujus
569 3473 648 3543 (S.
684 3472 968 3527 Brunonis
998 3472 1231 3543 nempe)
1267 3471 1633 3543 sepulchrum
1688 3471 1818 3526 fons
1924 3484 1953 3514 »
1978 3464 2323 3522 Sanctorum
2341 3468 2412 3522 de
2437 3469 2760 3525 tenimento
2788 3471 2859 3525 de
2890 3472 3189 3532 Padulato.
3224 3491 3399 3546 quam
3428 3477 3528 3532 de-

192 3564 442 3617 emanat
466 3560 695 3627 vivus;»
731 3559 1017 3633 posterior
1044 3575 1180 3614 vero
1212 3559 1318 3614 isto
1350 3576 1361 3613 :
1422 3581 1449 3609 ‹‹
1469 3559 1555 3613 Ad
1577 3559 1699 3629 ejus
1729 3575 1816 3613 se-
1921 3573 1950 3601 »
1985 3553 2150 3607 derat
2180 3555 2242 3608 Β.
2274 3556 2463 3610 Mariae
2491 3558 2563 3611 de
2594 3574 2792 3613 eremo
2823 3576 2889 3613 ac
2913 3560 3080 3616 beato
3108 3562 3528 3636 Protomartyri

193 3652 469 3722 pulcrum
493 3649 624 3704 fons
645 3650 802 3703 vivus
834 3647 1226 3720 prorumpit.»
1248 3648 1360 3702 Nec
1381 3647 1817 3719 alterius,quam
1917 3660 1946 3689 »
1989 3643 2172 3696 terras
2201 3644 2381 3698 cultas
2412 3648 2471 3698 et
2517 3645 2780 3713 incultas,
2809 3648 3046 3703 arbores
3102 3650 3444 3706 domesticas
3469 3656 3529 3708 et

191 3738 500 3810 pungentis
530 3737 811 3808 temporis
836 3737 1033 3804 verbo,
1075 3752 1209 3807 quo,
1239 3735 1435 3789 multis
1461 3734 1599 3789 olim
1614 3736 1817 3790 hausta
1914 3746 1947 3780 »
1978 3728 2261 3784 silvestres
2291 3748 2519 3804 quoque
2546 3734 2784 3789 vilianos
2810 3735 3073 3790 etvineas
3091 3738 3524 3809 conﬁrmarem,

195 3843 230 3881 e
264 3827 430 3881 fonte
460 3826 557 3880 illo
588 3842 740 3897 aqua
792 3825 1101 3879 sanitatem
1131 3824 1304 3878 fuisse
1330 3823 1679 3891 restitutam,
1714 3824 1811 3878 de-
1914 3838 1943 3866 »
1977 3819 2078 3872 sed
2108 3818 2299 3889 potius
2330 3835 2682 3889 revocarem,
2712 3824 2837 3893 plus
2867 3827 3139 3894 expetens
3182 3827 3526 3897 temporalia

190 3916 437 3981 clarent,
465 3914 682 3969 ibidem
718 3916 958 3967 utuntur
990 3930 1004 3982 ;
1055 3916 1118 3966 ut
1164 3911 1407 3984 proinde
1436 3928 1503 3966 ex
1537 3928 1630 3979 eo,
1658 3912 1813 3984 quod
1909 3926 1938 3956 »
1974 3923 2149 3977 quam
2170 3910 2533 3973 aeterna,Deo
2549 3910 3087 3983 permittente,post
3112 3928 3261 3967 mem
3286 3929 3520 3969 revoca-

190 4001 488 4074 antiquior
520 4001 714 4056 Sancti
751 4001 932 4056 nostri
987 4000 1341 4072 biographus
1397 4000 1467 4055 de
1498 4000 1807 4069 miraculis,
1912 4012 1941 4042 »
1978 3994 2149 4049 tionis
2170 3996 2491 4051 triennium
2512 3997 2570 4051 in
2585 3998 2884 4053 stomacho
2911 3998 2996 4053 sui
3017 3999 3277 4055 horribili
3302 4005 3524 4073 aposte-

191 4106 325 4162 qum
352 4090 411 4144 S.
455 4090 744 4146 Brunonis
774 4089 998 4145 meritis
1027 4091 1258 4161 patrata
1285 4088 1520 4155 fuerint,
1540 4104 1644 4159 per
1670 4105 1812 4161 praa-
1910 4101 1940 4131 η
1976 4086 2132 4137 mate
2163 4084 2450 4138 sauciatus
2493 4085 2637 4140 adeo
2675 4085 2838 4154 dure,
2887 4089 2969 4154 ut,
2999 4086 3263 4143 vitalibus
3291 4089 3522 4162 spiritus

189 4179 373 4233 sentis
402 4180 683 4252 temporis
712 4179 955 4234 verbum
992 4178 1281 4249 loquatur,
1317 4193 1672 4249 consequens
1692 4193 1810 4232 non
1916 4192 1945 4221 »
1977 4172 2295 4240 diminutis,
2327 4191 2361 4228 a
2388 4174 2627 4230 medicis
2660 4175 3015 4248 desperarer.

185 4265 282 4333 sit,
321 4270 384 4320 ut
416 4266 537 4321 haec
559 4270 729 4321 aetate
781 4283 882 4321 sua
914 4268 1075 4336 gesta
1124 4281 1246 4320 esse
1294 4263 1680 4336 signiﬁcatum
1712 4280 1807 4319 vo-
1830 4280 1883 4340 D
1982 4265 2105 4316 745.
2133 4263 2390 4317 «Verum
2420 4267 2551 4334 post
2586 4264 2885 4319 conditum
2919 4266 3333 4320 testamentum
3378 4264 3521 4321 dixit

190 4354 383 4409 luerit.
414 4355 541 4409 Jam
571 4371 727 4421 vero,
763 4370 893 4409 cum
928 4354 985 4408 id
1016 4353 1097 4408 ita
1115 4354 1207 4421 sit,
1238 4369 1310 4407 an
1340 4369 1456 4407 non
1475 4353 1546 4407 de
1566 4352 1633 4406 iis
1662 4352 1807 4407 dun-
1908 4369 1936 4398 υ
1972 4350 2116 4404 mihi
2135 4351 2405 4406 dominus
2427 4352 2705 4424 Rogerius
2727 4352 2800 4407 de
2818 4352 3042 4419 Arenis,
3060 4353 3156 4425 qui
3170 4354 3346 4409 modo
3362 4356 3519 4411 testis

187 4445 368 4510 taxat,
402 4459 533 4515 quae
561 4443 780 4498 dudum
812 4442 989 4497 etiam
1017 4444 1152 4496 ante
1193 4444 1426 4496 aetatem
1453 4457 1615 4495 suam
1647 4443 1809 4511 gesta
1907 4457 1933 4485 ›;
1971 4436 2154 4493 adfuit
2182 4442 2532 4495 testamento
2555 4440 2708 4511 apud
2723 4440 3032 4494 Castellum
3058 4457 3294 4509 novum,
3320 4442 3418 4497 ubi
3443 4458 3515 4499 eo

184 4529 425 4596 fuerint,
449 4545 785 4585 sermonem
807 4530 1088 4595 instituat,
1106 4529 1426 4584 admodum
1445 4527 1803 4593 estdubium,
1906 4543 1936 4572 »
1966 4527 2233 4598 tempore
2256 4526 2594 4582 inﬁrmabar
2628 4545 2640 4581 :
2677 4526 2970 4582 Conﬁrma
2996 4544 3139 4599 puro
3170 4529 3515 4587 restituendi

183 4634 251 4672 ac
280 4619 474 4690 proin,
505 4618 660 4690 quod
693 4618 765 4673 de
823 4617 1115 4672 miraculis
1150 4633 1363 4688 magno
1396 4632 1641 4671 numero
1702 4632 1806 4688 per
1906 4633 1934 4661 »
1969 4614 2286 4685 pr0posito,
2319 4631 2448 4685 quae
2481 4615 2760 4669 revocasti
2816 4616 2878 4669 Β.
2939 4618 3351 4691 protomartyri
3383 4619 3511 4675 Ste-

182 4706 381 4760 Sancti
429 4706 639 4761 merita
696 4706 896 4777 gestis,
952 4705 1254 4760 memoria:
1311 4705 1525 4775 prodit,
1580 4707 1803 4759 certum
1905 4722 1934 4750 »
1974 4702 2490 4774 phano;estenim
2520 4703 2666 4757 tanti
2685 4703 2880 4758 meriti
2902 4704 3512 4778 apudDeum,quodte

181 4794 430 4848 omnino
459 4796 632 4865 atque
668 4793 1062 4853 indubitatum
1085 4794 1278 4848 facere
1300 4808 1417 4847 non
1445 4795 1654 4863 potest,
1673 4792 1805 4847 licet
1903 4811 1931 4839 »
1966 4791 2264 4860 poteritab
2287 4790 2396 4845 isto
2423 4793 2781 4862 apostemate
2806 4792 3073 4848 liberare.
3091 4792 3303 4856 Quibus
3322 4796 3509 4850 verbis

182 4881 443 4948 interim,
478 4881 617 4954 quin
671 4882 889 4954 aliquot
940 4883 1147 4936 saltem
1206 4881 1485 4936 miracula
1538 4880 1799 4948 Sanctus,
1900 4898 1930 4927 ››
1973 4878 2363 4949 auditis,jussi
2392 4895 2496 4951 per
2525 4894 2741 4933 novum
2770 4881 3206 4948 testamentum,
3258 4882 3414 4953 quod
3445 4883 3506 4938 in

179 4970 366 5025 beatis
396 4971 662 5026 nondum
725 4969 1071 5041 adscriptas,
1128 4970 1391 5040 patrarit,
1424 4986 1455 5024 e
1484 4969 1802 5024 sanctitatis
1902 4986 1931 5015 »
1961 4969 2263 5045 momento
2289 4966 2500 5021 iterum
2523 4966 2777 5034 condidi,
2824 4968 3177 5023 conﬁrmari.
3209 4969 3411 5024 Mirum
3444 4970 3507 5026 in

180 5059 360 5123 fama,
394 5075 511 5130 qua
546 5058 699 5131 apud
731 5058 1003 5114 Calabros
1029 5062 1165 5113 ante
1192 5058 1252 5113 id
1276 5062 1505 5131 tempus
1524 5073 1629 5129 per
1659 5074 1799 5129 qua-
1903 5076 1930 5104 ››
1962 5055 2204 5110 modum
2225 5055 2368 5128 ccepi
2385 5056 2574 5111 subito
2599 5056 2879 5128 sanguine
2909 5056 3161 5128 putrido,
3184 5057 3401 5112 ﬂuente
3432 5059 3506 5115 de

181 5147 524 5218 dringentos
537 5146 782 5219 amplius
795 5146 1664 5214 annosinclaruit,dubitandum
1679 5161 1798 5200 non
1898 5164 1927 5194 ››
1962 5160 2061 5198 ore
2084 5148 2141 5199 et
2173 5144 2429 5212 naribus,
2461 5144 2853 5208 liberari.Quo
2875 5144 2992 5199 viso
3024 5144 3300 5200 miraculo
3331 5147 3505 5203 devo-

181 5237 482 5307 appareat.
515 5235 581 5289 Et
610 5251 747 5289 vero
781 5235 1077 5299 Surianus,
1096 5234 1152 5287 in
1170 5234 1282 5288 suis
1300 5234 1373 5288 ad
1387 5232 1443 5288 S.
1464 5235 1796 5289 Brunonem
1897 5252 1929 5285 >>
1962 5235 2052 5286 tus
2082 5232 2212 5287 misi
2235 5232 2453 5288 litteras
2481 5232 2754 5287 fratribus
2773 5232 3025 5287 eremitis
3038 5248 3105 5287 eo
3137 5234 3378 5306 die,quo
3405 5253 3507 5291 na-

182 5325 370 5380 Vitam
400 5323 895 5392 annotationibus,
926 5324 1110 5377 multa
1155 5322 1452 5389 miracula,
1493 5339 1621 5394 qua:
1645 5324 1796 5377 Deus
1896 5341 1925 5370 »
1957 5319 2041 5373 vis
2065 5321 2474 5388 Genuensium,
2493 5320 2564 5373 ab
2580 5320 3246 5376 Alexandriaveniensin
3266 5326 3502 5393 portum

180 5414 253 5468 ad
283 5412 700 5469 declarandam
732 5412 790 5466 S.
828 5411 1132 5477 Brunonis,
1162 5411 1504 5465 confessoris
1531 5411 1637 5479 sui,
1670 5412 1792 5482 glo-
1897 5430 1925 5459 ››
1962 5408 2189 5474 castelli
2221 5410 2373 5475 novi,
2421 5407 2653 5462 ruinam
2688 5412 2773 5463 est
2801 5424 2983 5478 passa.
3006 5410 3175 5465 Venit
3205 5413 3398 5464 autem
3428 5410 3503 5464 ad

181 5500 329 5556 riam
357 5501 590 5575 operari
619 5501 692 5555 ad
723 5499 844 5570 ejus
858 5499 1296 5555 invocationem
1316 5498 1583 5573 dignatus
1612 5498 1790 5567 est,ad
1898 5518 1927 5545 ››
1966 5512 2059 5551 me
2092 5497 2163 5551 ad
2191 5500 2442 5552 castrum
2477 5509 2675 5549 meum
2728 5497 3041 5554 Cantazarii
3072 5499 3403 5578 Rodulphps
3434 5497 3508 5554 de

615 5597 847 5653 Pnaon.
882 5596 1035 5654 CLII.
3084 5599 3149 5655 15
