4014 6052
487 266 593 327 4ὅ9

1340 267 1763 329 S.BRUNONlS
1812 269 2443 327 CARTHUSIANORUM
2485 270 2954 328 lNSTlTUTORIS

3705 274 3813 333 460

489 416 517 446 ››
543 390 843 463 Crucifixo,
877 393 1253 451 eremitarum
1272 397 1329 452 8.
1363 398 1570 464 Maria),
1600 396 1728 452 etS.
1765 401 2091 467 protomar-
2122 401 2175 458 Α
2203 398 2357 468 quod
2376 397 2583 469 partim
2602 397 3821 468 saltemSanctinostriintercessione,fuerit

487 504 517 535 »
546 485 685 556 tyris
716 483 1032 555 Sthephani
1061 486 1358 555 magister,
1384 490 1581 541 etcum
1606 502 1673 539 eo
1697 486 1876 539 frater
1895 487 2093 539 Arna]-

487 593 517 623 ››
543 573 648 628 dus
677 576 735 627 et
765 573 908 639 Odo,
941 575 993 625 et
1027 573 1205 627 Guido
1238 575 1525 640 monachi,
1560 573 1764 645 quibus
1794 572 2089 643 praesenti-

486 682 514 712 »
531 662 635 717 bus
646 661 891 733 praecepi
914 678 1165 731 praesens
1180 662 1538 734 privilegium
1557 680 1659 733 per
1672 678 1878 715 manus
1891 661 2088 716 scribae

486 771 515 800 »
545 750 777 805 Roberii
805 750 1105 816 conscribi,
1147 754 1205 803 et
1255 768 1379 821 qum
1437 752 1673 805 domina
1721 754 1910 806 mater
1962 767 2092 804 mea

488 860 516 889 ››
547 838 802 903 dederat,
830 858 858 885 ››
890 841 997 892 etc.
1030 839 1161 892 Tale
1192 842 1276 892 est
1306 856 1335 892 e
1363 839 1588 894 Suriani
1619 838 1954 893 recensione
1978 838 2091 909 pri-

486 943 669 993 mum,
685 926 839 997 quod
852 925 942 980 hic
955 927 1535 981 commemorandum
1555 927 1706 993 duxi,
1726 927 2087 994 miraculum,

482 1014 867 1069 instrumento
889 1014 1064 1068 etiam
1079 1015 1304 1085 publico
1323 1015 1910 1069 conﬁrmatum.Cum
1931 1031 2087 1083 vero,

484 1119 590 1157 nec
611 1103 759 1156 forte
788 1102 1109 1168 immerito,
1145 1119 1217 1157 an
1250 1102 1307 1156 in
1338 1104 1446 1157 hoc
1490 1107 1717 1174 partem
1752 1103 2089 1174 quampiam

483 1192 542 1248 S.
575 1192 764 1246 Bruno
794 1190 1061 1245 habuerit
1090 1190 1337 1244 dubitari
1395 1208 1558 1262 posse
1616 1192 1897 1257 videatur,
1936 1192 2088 1246 dicto

480 1280 867 1335 instrumento
892 1279 1266 1351 publico,quo
1285 1279 1344 1333 id
1376 1280 1589 1345 firmat,
1623 1298 1753 1334 mox
1772 1279 2085 1351 subjuugit:

483 1391 511 1420 α
533 1368 1073 1438 Quod(miraculum
1104 1384 1316 1438 nempe
1340 1368 1467 1437 jam
1516 1368 1786 1438 relatum)
1820 1369 1994 1422 etiam
2028 1367 2085 1421 S.

449 1522 452 1526 ι
480 1456 736 1512 Brunoni
766 1455 938 1510 tribui
971 1455 1179 1509 debere
1199 1456 1271 1510 ob
1299 1472 1495 1509 curam
1520 1440 1693 1527 quam
1725 1456 1781 1510 in
1815 1458 1955 1511 cmlo
1986 1472 2090 1527 po-

479 1547 618 1601 situs
649 1545 854 1601 domus
885 1560 999 1598 sua:
1026 1544 1193 1615 gerit,
1222 1560 1395 1598 nemo
1453 1548 1537 1598 est
1605 1544 1702 1615 qui
1752 1545 2030 1616 ambigat.
2059 1564 2088 1595 ››

477 1635 562 1688 Ita
589 1634 703 1699 ille,
732 1636 957 1704 partem
986 1633 1189 1687 saltem
1220 1632 1278 1686 in
1296 1633 1476 1686 relato
1504 1633 1781 1687 miraculo
1798 1634 1854 1687 S.
1875 1635 2089 1690 Bruno-

2203 490 2516 556 patratum,
2535 486 2804 558 quodque
2834 488 3009 541 etiam
3035 487 3157 557 ejus
3178 488 3813 557 canonizationem,seu

2205 574 2339 628 vivae
2365 576 2515 628 vocis
2535 577 2851 641 oraculum,
2887 592 2999 647 quo
3035 593 3098 629 ex
3128 575 3382 631 dicendis
3418 578 3529 632 Leo
3568 579 3609 631 Χ
3661 595 3813 650 papa

2202 664 2355 717 cultu
2382 664 2605 718 Sanctis
2634 665 2869 735 proprio
2918 664 2977 719 in
3020 665 3225 719 ordine
3258 665 3642 721 Carlhusiensi
3673 685 3811 723 eum

2195 752 2305 806 coli
2325 752 2605 824 permisit,
2637 753 2927 825 praecessit
2953 771 2966 819 ;
2993 770 3191 808 verum
3218 754 3465 808 aliatum
3482 758 3728 826 patrata,
3747 756 3809 811 in

2195 842 2401 911 quibus
2421 841 2662 896 Sanctus
2681 846 2906 913 partem
2928 843 3212 908 habuerit,
3229 843 3811 915 diligentissimalicet

2191 930 2342 984 facta
2374 930 2667 1002 indagine,
2698 931 2954 985 invenire
2976 932 3129 987 haud
3155 933 3326 1003 quivi.

2264 1019 2387 1072 747.
2424 1020 2601 1072 Porro
2629 1018 2918 1085 Zanotius,
2950 1020 3045 1090 qui
3076 1020 3133 1073 in
3164 1024 3482 1075 contextaa
3510 1038 3569 1075 se
3583 1021 3639 1075 8.
3665 1022 3805 1077 Bru-

2193 1106 2365 1159 nonis
2390 1106 2517 1161 Vita
2539 1124 2665 1178 cap.
2693 1110 2760 1162 34
2791 1108 2917 1177 jam
2940 1109 3205 1173 relatam,
3248 1109 3511 1183 patrique
3547 1109 3604 1163 8.
3623 1110 3806 1165 Ludo-

2192 1193 2299 1247 vici
2328 1195 2631 1248 Bertrandi
2653 1197 2909 1249 oblatam
2931 1196 2986 1250 8.
3022 1198 3304 1252 Brunonis
3347 1201 3404 1250 et
3429 1197 3485 1251 8.
3516 1198 3800 1253 Vincentii

2191 1282 2431 1336 Ferrerii
2464 1284 2893 1355 apparitionem
2915 1285 3093 1339 etiam
3124 1286 3321 1352 refert,
3363 1303 3489 1357 cap,
3519 1290 3607 1352 32,
3631 1304 3743 1359 quo
3767 1304 3800 1341 e

2193 1368 2385 1424 Sancti
2411 1371 2590 1425 nostri
2628 1374 2851 1426 tumulo
2882 1373 3106 1427 fontem
3124 1373 3451 1445 prorupisse
3492 1391 3622 1429 cum
3656 1391 3801 1429 non-

2192 1458 2363 1511 nullis
2380 1458 2506 1513 aliis
2526 1477 2584 1514 se
2610 1461 2940 1531 praegressis
2972 1462 3185 1529 scribit,
3208 1479 3238 1515 e
3256 1480 3390 1517 mss.
3422 1480 3548 1534 quae.
3580 1463 3797 1529 laudat,

2194 1545 2472 1601 Calabriae
2500 1550 2897 1603 monumentis
2930 1550 3108 1615 addit,
3135 1551 3426 1619 virtutem,
3459 1551 3591 1606 dicti
3623 1552 3801 1605 fontis

2192 1635 2355 1705 aquis
2383 1652 2416 1689 a
2437 1638 2552 1691 Deo
2578 1637 2821 1691 sanandi
2841 1639 3435 1707 morbosinditam,ad
3452 1640 3606 1712 parvi
3621 1640 3797 1707 lacus,

477 1721 537 1777 ni
563 1720 1147 1788 attribuendam,sese
1176 1736 1292 1775 non
1308 1720 1570 1775 dubitare
1592 1720 1870 1789 indicans;
1888 1738 2090 1778 verum
2120 1711 2170 1770 Β
2191 1722 2249 1776 in
2285 1741 2399 1795 quo
2421 1724 2682 1791 Sanctus,
2726 1743 2859 1780 cum
2888 1727 2947 1780 in
2977 1727 3116 1781 vivis
3146 1731 3312 1794 esset,
3368 1711 3576 1799 corpus
3606 1746 3795 1796 suum,

477 1810 534 1865 in
564 1811 769 1876 altero,
803 1809 958 1880 quod
1001 1808 1095 1862 hic
1135 1808 1312 1862 etiam
1367 1809 1647 1875 dandum,
1682 1808 1960 1864 miraculo
1990 1827 2089 1865 seu

472 1898 664 1970 potius
691 1896 1056 1969 apparitione
1089 1899 1322 1968 partem
1350 1896 1618 1951 habuisse
1643 1897 1944 1965 Sanctum,
1971 1915 2089 1953 cer-

471 1990 596 2041 tum
628 1985 870 2041 omnino
907 1987 1010 2052 est,
1046 1985 1128 2039 uti
1171 1985 1410 2057 quisque
1455 1985 1622 2040 facile
1658 1986 1956 2055 fatebitur,
1990 1987 2086 2058 qui

470 2075 560 2130 vel
590 2074 647 2129 id
674 2074 951 2128 duntaxat
982 2073 1316 2144 perlegerit.

541 2163 666 2217 746.
702 2163 784 2215 En
825 2162 1016 2227 verba,
1061 2162 1325 2232 quibusa
1365 2162 1598 2217 laudato
1642 2161 1886 2217 Suriano
1946 2179 2079 2235 pag.

472 2253 579 2306 3l7
611 2253 669 2304 et
700 2266 819 2321 seq.
844 2249 1113 2303 refertur.
1148 2271 1175 2299 (ι
1195 2250 1355 2303 Circa
1384 2267 1603 2304 annum
1638 2253 1773 2304 1510
1799 2251 2082 2306 Valencite

469 2338 531 2396 in
561 2338 853 2409 Aragonia
891 2338 1142 2392 Joannes
1175 2337 1434 2409 Aloysius
1469 2339 1779 2393 Bertranus
1803 2340 1844 2392 Τ
1847 2340 2076 2407 abellio,

473 2427 571 2499 qui
602 2429 784 2481 multo
814 2428 932 2480 tem
948 2442 1089 2497 pore
1119 2426 1229 2481 fuit
1281 2427 1619 2481 benefactor
1645 2429 1701 2481 et
1742 2432 2082 2499 procurator

474 2515 785 2570 Carthusiai
809 2514 1179 2582 Porta-Casii,
1200 2515 1273 2569 ob
1301 2532 1600 2585 magnam,
1622 2532 1795 2585 quam
1828 2533 1967 2588 erga
2019 2516 2076 2572 S.

474 2605 807 2659 Brunonem
840 2602 1206 2657 devotionem
1238 2604 1498 2674 gerebat,
1532 2620 1599 2657 ex
1617 2603 1889 2658 diuturna
1907 2605 2075 2677 tegri-

467 2691 669 2748 tudinc
687 2691 760 2746 ad
791 2690 993 2746 mortis
1039 2691 1291 2745 confinia
1345 2691 1656 2746 devenerat
1691 2696 1825 2746 ante
1870 2693 2077 2748 feriam

466 2783 732 2853 quartam
764 2779 989 2850 Majoris
1012 2780 1414 2845 hebdomadas,
1445 2783 1504 2834 et
1530 2798 1663 2836 cum
1692 2798 1725 2834 a
1751 2782 1984 2835 medicis
2006 2783 2077 2837 de

465 2870 514 2940 ej
525 2888 586 2923 us
606 2869 786 2923 salute
808 2869 1235 2923 conclamatum
1253 2873 1419 2935 esset,
1455 2869 1641 2923 subito
1670 2870 1934 2940 aperiens
1951 2887 2080 2925 ocu-

2192 1829 2305 1883 quo
2335 1812 2392 1867 id
2424 1813 2751 1884 castigaret,
2786 1832 3048 1886 mergere
3072 1816 3314 1871 subinde
3341 1817 3582 1883 solebat,
3622 1835 3798 1889 aquas

2189 1900 2501 1968 transiisse,
2530 1919 2664 1956 cum
2715 1903 2969 1975 primum
3025 1905 3394 1960 Turritanum
3419 1905 3476 1960 S.
3516 1905 3796 1977 Stephani

2190 1990 2609 2043 monasterium
2625 1989 3047 2046 aCarthusiensi
3066 1992 3327 2048 instituto
3345 1993 3796 2047 adCisterciense

2188 2078 2483 2131 deﬂexisse
2500 2081 2537 2132 t.
2560 2078 2682 2142 Quo
2697 2083 2891 2134 autem
2917 2080 2976 2135 id
2997 2081 3221 2152 probet,
3245 2084 3440 2136 nostra
3455 2082 3642 2136 adhuc
3662 2084 3797 2136 asta-

2187 2167 2264 2232 te,
2288 2182 2353 2219 ac
2387 2167 2637 2221 maxime
2655 2169 3040 2234 Pentecostes,
3071 2186 3184 2240 qua
3209 2187 3435 2224 sacrum
3458 2169 3652 2224 Sancti
3675 2186 3797 2225 cor-

2185 2269 2294 2324 pus
2325 2270 2389 2307 ex
2416 2255 2652 2309 ecclesia
2682 2255 2739 2310 8.
2766 2256 2953 2311 Maria:
2985 2258 3057 2311 ad
3088 2258 3389 2312 ecclesiam
3425 2258 3482 2312 8.
3515 2257 3797 2329 Stephani

2184 2339 2292 2393 fuit
2308 2342 2670 2409 translatum,
2689 2344 2868 2397 tribus
2884 2344 3082 2399 diebus
3094 2346 3251 2399 festis
3268 2363 3547 2417 aquarum
3564 2346 3793 2400 illarum

2184 2427 2391 2483 virtute
2410 2430 2718 2485 innumera
2735 2434 3160 2503 propemodum
3181 2433 3492 2505 quotannis
3514 2434 3797 2489 beneficia

2184 2516 2457 2572 divinitus
2488 2520 2759 2587 conferri,
2802 2521 3192 2592 miraculaque
3237 2523 3474 2592 patrari,
3526 2522 3795 2593 adjungit

2181 2603 2337 2658 idem
2369 2606 2615 2678 scriptor
2641 2625 2817 2679 penes
2848 2626 3023 2680 quem
3057 2613 3180 2664 tum
3215 2615 3497 2681 quantum
3546 2611 3619 2665 ad
3645 2612 3790 2675 hac,

2182 2695 2305 2747 tum
2329 2699 2611 2765 quantum
2627 2696 2699 2751 ad
2724 2697 3016 2763 virtutem,
3044 2715 3077 2752 a
3096 2698 3413 2769 prodigiosi
3440 2698 3613 2752 fontis
3629 2700 3794 2770 aquis

2181 2782 2255 2836 ad
2286 2783 2508 2853 prasfati
2537 2785 2692 2838 lacus
2723 2802 2900 2856 aquas
2928 2787 3290 2853 translatam,
3324 2787 3463 2841 fides
3494 2787 3588 2841 sit.
3617 2786 3794 2842 Catta-

2178 2887 2309 2925 rum
2339 2875 2400 2925 ut
2431 2874 2731 2941 miraculo,
2751 2876 3045 2946 quodjam
3064 2876 3197 2929 inde
3223 2895 3256 2929 a
3286 2875 3478 2930 Sancti
3510 2876 3669 2929 obitu
3684 2893 3795 2932 caa-

461 2958 551 3014 los
576 2957 937 3030 petiitvestes
954 2957 1027 3010 ad
1055 2956 1435 3026 induendum)
1466 2961 1638 3028 atque
1670 2957 2078 3039 interroganti-
2101 2997 2149 3056 C
2179 2961 2667 3033 ptum,hodieque
2682 2980 3048 3034 perseverare
3061 2965 3264 3030 fertur,
3293 2965 3485 3031 §hunc
3500 2964 3788 3031 claudam,

463 3046 568 3103 bus
588 3045 906 3117 respondit,
938 3046 1166 3098 sanctos
1203 3045 1521 3099 Vicentium
1572 3046 1895 3100 Ferrerium
1929 3051 1986 3100 et
2015 3047 2071 3101 8.

460 3136 788 3191 Brunonem
812 3133 884 3188 ad
901 3150 960 3187 se
992 3132 1250 3198 intrasse,
1280 3136 1337 3185 et
1355 3132 1462 3187 sibi
1480 3132 1681 3187 dixisse
1711 3151 2075 3207 nequaquam

457 3224 569 3295 hac
599 3223 720 3277 vice
748 3240 806 3277 se
840 3221 1210 3288 moriturum,
1250 3222 1351 3275 sed
1401 3221 1474 3274 ad
1506 3221 1802 3276 ecclesiam
1838 3240 1905 3277 ea
1930 3224 2076 3278 feria

464 3315 670 3383 quarta
699 3311 773 3365 ad
797 3310 989 3365 divina
1019 3309 1209 3364 officia
1242 3309 1530 3363 audienda
1553 3311 1827 3364 accedere
1841 3312 2072 3378 debere,

462 3398 617 3470 quod
646 3401 703 3452 et
731 3397 919 3468 reipsa
943 3396 1230 3466 prtestitit.
1289 3398 1475 3467 Atque
1510 3397 1583 3451 ob
1613 3397 1670 3452 id
1704 3398 1846 3452 adeo
1880 3400 2073 3471 inpos-

461 3498 652 3549 terum
685 3493 741 3547 8.
802 3493 1131 3551 Brunonem
1160 3493 1374 3559 dilexit,
1411 3495 1493 3559 ut,
1529 3509 1659 3546 cum
1690 3497 1889 3564 postea
1920 3512 2073 3551 anno

464 3584 600 3638 1514
626 3582 736 3636 Leo
762 3583 801 3635 X
831 3584 954 3652 ejus
982 3582 1193 3635 festum
1243 3581 1580 3635 solemniter
1606 3582 1665 3635 in
1696 3584 1945 3637 ecclesiis
1971 3585 2073 3639 0r-

464 3670 613 3726 dinis
626 3670 1015 3738 concessisset,
1034 3670 1153 3741 ipse
1167 3669 1280 3724 suis
1295 3671 1639 3740 sumptibus,
1659 3672 1925 3725 eamdem
1945 3673 2075 3729 Car:

461 3758 712 3823 thusiam
733 3760 956 3830 petens;
990 3757 1113 3828 ejus
1148 3756 1517 3811 festivitatem
1570 3761 1687 3811 tam
1722 3758 1778 3812 in
1839 3760 2075 3814 ecclesia

462 3862 636 3917 quam
655 3846 715 3900 in
742 3845 993 3900 trichoro
1008 3846 1204 3917 peregi
1230 3846 1621 3917 procuraverit
1637 3846 1709 3899 ad
1733 3847 1957 3901 obitum
1984 3866 2073 3903 us-

460 3951 648 4006 que.»
689 3935 938 3989 Joannes
967 3934 1225 4005 Aloysius
1276 3934 1607 4000 Bertranus,
1663 3934 1751 3987 cui
1789 3936 2072 4006 apparitio

460 4022 555 4077 hic
584 4023 768 4076 relata
820 4020 1047 4092 obtigit,
1075 4037 1106 4074 e
1153 4021 1406 4074 secunda
1444 4037 1641 4087 uxore,
1685 4038 1856 4092 quam
1895 4023 2075 4094 priori

462 4108 1046 4176 mortua,duxerat,S.
1074 4108 1422 4162 Ludovicum
1446 4109 1829 4163 Bertrandum
1856 4112 2076 4166 ordinis

463 4196 931 4269 praedicatorum,
962 4196 1032 4251 de
1050 4212 1163 4267 quo
1180 4195 1254 4250 ad
1273 4212 1326 4250 ιχ
1341 4196 1553 4250 mensis
1564 4197 1733 4267 hujus
1759 4197 1935 4266 diem,
1961 4217 2074 4271 quo

2181 3048 2630 3117 Blomenvenna,
2648 3068 2820 3122 quem
2845 3052 2978 3106 dein
2999 3057 3222 3106 secutus
3248 3056 3409 3106 estet
3435 3052 3653 3118 Surius,
3684 3054 3791 3108 sub

2176 3135 2356 3189 ﬁnem
2379 3154 2413 3190 a
2439 3155 2497 3191 se
2531 3143 2813 3193 contextae
2845 3140 3035 3195 Sancti
3064 3141 3190 3194 Vita
3210 3140 3285 3194 sic
3300 3140 3519 3194 scribit:
3557 3143 3647 3194 «Α
3668 3158 3792 3196 mo-

2177 3225 2429 3278 nasterio
2465 3230 2657 3280 autem
2673 3227 2779 3281 isto
2804 3228 3127 3290 (Turritano
3162 3244 3373 3298 nempe
3396 3226 3454 3281 8.
3485 3227 3788 3299 Stephani)

2176 3327 2281 3381 per
2310 3313 2666 3383 crepidinem
2704 3315 2979 3369 torrentis
3034 3318 3208 3386 plano
3258 3315 3465 3370 itinere
3501 3319 3631 3371 ιΞὶΟΟ
3661 3334 3789 3387 pas-

2177 3415 2345 3452 suum
2364 3402 2694 3471 pervenitur
2706 3404 2778 3456 ad
2794 3408 3027 3457 antrum
3042 3404 3791 3459 devotissimum.Montibus

2176 3487 2461 3558 siquidem
2495 3495 2685 3545 artum
2720 3493 2856 3547 satis
2881 3497 2939 3548 et
2966 3494 3218 3548 cinctum
3255 3494 3608 3560 nemoribus,
3641 3494 3790 3563 ejus-

2177 3574 2310 3629 dem
2332 3578 2491 3632 vallis
2508 3583 2767 3634 extrema
2789 3576 3391 3648 clas-dentibus,deviié
3415 3585 3472 3635 et
3498 3582 3786 3648 solitariis,

2175 3680 2279 3719 nec
2321 3667 2469 3721 ultra
2491 3669 2712 3723 aditum
2744 3671 3001 3724 humano
3030 3670 3149 3724 usui
3182 3670 3791 3741 prtebentibus.Supra

2175 3754 2327 3809 istud
2355 3758 2587 3810 antrum
2615 3757 2961 3811 aediﬁcatum
2981 3762 3065 3812 est
3093 3758 3248 3812 haud
3269 3758 3492 3826 grande
3509 3759 3786 3812 sacellum

2177 3859 2308 3899 cum
2337 3844 2503 3899 altari
2524 3847 2628 3900 sub
2680 3846 2847 3899 titulo
2875 3846 3054 3900 sancti
3089 3846 3393 3913 Brunonis,
3429 3845 3789 3900 Coloniensis

2179 3934 2460 4006 magistri,
2493 3938 2704 3989 sancta:
2737 3934 2924 3989 Mariae
2958 3933 3027 3987 de
3062 3933 3245 3999 Turri,
3301 3933 3520 3988 ordinis
3551 3934 3793 3988 Carthu-

2175 4023 2374 4078 siensis
2390 4023 2731 4078 institutoris
2745 4023 3036 4094 primi,cuj
3046 4040 3108 4078 us
3122 4022 3197 4076 ibi
3215 4021 3407 4093 imago
3431 4022 3657 4092 depicta
3670 4039 3793 4076 cer-

2175 4113 2355 4167 nitur.
2374 4115 2436 4166 ln
2453 4113 2562 4167 hoc
2600 4116 2769 4167 antro
2798 4111 2938 4165 item
2973 4111 3072 4165 Dei
3097 4128 3288 4165 servus
3319 4128 3386 4164 ex
3400 4127 3468 4165 eo
3493 4113 3786 4182 tempore,

2176 4218 2290 4273 quo
2322 4201 2576 4272 primum
2601 4200 2733 4254 illuc
2763 4199 2936 4266 venit,
2967 4216 3145 4270 usque
3174 4199 3233 4252 in
3260 4198 3416 4253 diem
3436 4199 3641 4254 mortis
3669 4215 3789 4253 sum

463 4267 688 4352 colitur,
728 4284 882 4355 apud
911 4299 1017 4338 nos
1048 4286 1271 4354 agetur,
1315 4285 1513 4355 postea
1564 4285 1783 4355 genuit.
1820 4267 1997 4342 Docet
2016 4288 2076 4343 id
2098 4267 2151 4326 D
2175 4267 2495 4344 incredibili
2521 4289 2745 4342 fervore
2773 4267 3112 4357 permansit.
3137 4287 3224 4341 Ad
3248 4286 3525 4341 indicium
3547 4290 3605 4342 et
3632 4303 3791 4341 com-

464 4388 571 4428 nos
607 4375 733 4427 tum
754 4372 898 4442 ipsa,
926 4371 987 4425 in
1018 4388 1131 4443 qua
1186 4371 1392 4426 eadem
1443 4372 1726 4443 apparitio
1783 4378 2071 4443 narratur,

465 4459 647 4515 sancti
664 4459 835 4530 hujus
851 4459 1194 4516 confessoris
1214 4460 1359 4527 Vita,
1383 4477 1417 4515 a
1438 4460 1736 4517 Vincentio
1757 4463 2072 4520 Iustiniano

465 4548 671 4615 Antist,
694 4548 1000 4603 Valentino
1028 4548 1246 4603 ordinis
1266 4547 1324 4603 S.
1355 4548 1640 4603 Dominici
1672 4551 2076 4620 alumno,idio-

464 4638 621 4692 mate
651 4636 951 4707 Hispanico
979 4636 1304 4708 conscripta
1340 4653 1405 4692 ac
1454 4636 1667 4692 deinde
1700 4640 1883 4695 altero
1931 4642 1978 4711 ej
1991 4659 2074 4695 us-

470 4725 605 4782 dem
636 4724 856 4780 ordinis
884 4724 1151 4797 religioso
1184 4725 1243 4779 in
1286 4725 1548 4797 linguam
1582 4727 1833 4781 Italicam
1888 4746 2070 4796 versa,

466 4817 593 4869 tum
622 4814 800 4869 etiam
831 4814 1095 4869 laudatus
1124 4812 1399 4868 Surianus
1442 4814 1503 4867 in
1535 4815 1910 4887 apparitionis
1931 4820 2071 4873 alte-

466 4902 587 4958 rius
617 4902 810 4957 eidem
834 4903 1062 4974 Aloysio
1086 4902 1363 4957 Bertrano
1380 4902 1586 4957 oblatae
1605 4903 1870 4976 infraque
1891 4906 1951 4959 in
1962 4907 2073 4978 Ap-

464 4990 707 5062 pendice
722 4990 793 5045 ad
815 4990 1061 5062 gloriam
1078 4991 1451 5060 posthumam
1469 4992 2070 5064 memorandaa,quam

463 5078 810 5149 apparitioni
816 5079 942 5150 jam
958 5081 1205 5133 narratae
1230 5079 1488 5149 proxime
1519 5080 2070 5150 subjungit,relatio-

463 5183 557 5220 ne.
586 5169 771 5237 Atque
802 5166 1152 5237 itaquidem,
1186 5183 1316 5220 cum
1343 5170 1668 5221 memorata
1682 5168 2064 5239 apparitione,

460 5254 805 5309 facientibus
831 5255 889 5308 id
920 5257 1042 5309 tam
1074 5253 1131 5308 S.
1166 5254 1453 5307 Brunonis
1485 5271 1657 5325 quam
1695 5256 1751 5308 S.
1786 5256 2066 5312 Vincentii

462 5342 707 5396 Ferrerii
738 5342 978 5408 meritis,
1022 5342 1282 5413 Aloysius
1312 5342 1680 5409 Bertrandus,
1713 5344 2067 5414 periculosis-

458 5429 602 5483 sime
636 5429 1008 5495 decumbens,
1038 5429 1222 5484 subito
1256 5432 1428 5500 atque
1484 5429 1775 5501 insperato
1807 5434 2063 5502 pristina:

458 5517 1545 5585 fueritsanitatircstilutus,1niracuium
1572 5519 1746 5575 modo
1760 5520 2061 5592 habemus,

2176 4377 2616 4432 mendationem
2643 4392 2778 4431 vero
2810 4375 3034 4429 eximiae
3048 4375 3368 4429 sanctitatis
3382 4375 3505 4444 ejus
3523 4392 3701 4447 usque
3724 4375 3787 4429 in

2174 4466 2521 4520 hodiernum
2554 4464 2711 4518 diem
2738 4464 2916 4530 locus,
2950 4463 3009 4517 in
3037 4480 3150 4535 quo
3194 4466 3323 4534 post
3350 4479 3610 4517 excessus
3643 4480 3785 4519 con-

2175 4554 2623 4628 templationum
2649 4554 2776 4607 laxa
2791 4554 3056 4607 membra
3086 4552 3240 4606 nuda
3258 4552 3436 4607 humo
3454 4552 3785 4617 collidebat,

2173 4644 2416 4698 herbam
2449 4658 2750 4713 nunquam
2774 4641 2965 4695 reddit
2986 4641 3045 4694 in
3075 4639 3281 4711 spatio,
3301 4656 3414 4712 quo
3450 4643 3573 4694 tum
3604 4640 3785 4712 ipsius

2173 4732 2317 4786 sacri
2340 4729 2595 4802 corporis
2609 4745 2881 4783 mensura
2896 4728 3267 4795 tendebatur,
3296 4745 3426 4782 cum
3450 4733 3651 4784 tamen
3682 4729 3790 4783 cir-

2173 4835 2537 4891 cumquaque
2592 4834 2846 4872 crescere
2889 4819 3181 4871 cernatur.
3238 4816 3353 4871 Hoc
3401 4819 3522 4871 tam
3553 4816 3789 4871 evidens

2172 4908 2517 4963 miraculum
2540 4922 2745 4961 omnes
2769 4905 2878 4960 loci
2907 4905 3055 4959 illius
3085 4905 3291 4960 accolae
3323 4904 3786 4961 constantissime

2172 4998 2522 5050 asseverant.
2556 5015 2583 5044 »

2243 5086 2366 5139 748.
2398 5083 2684 5137 Hactenus
2710 5081 2803 5135 ille
2831 5098 2844 5135 :
2881 5098 3082 5135 verum
3111 5080 3392 5153 quidquid
3417 5081 3491 5136 sit
3513 5080 3583 5135 de
3594 5096 3791 5151 perse-

2168 5174 2406 5225 verante
2429 5170 2717 5240 hodieque
2750 5169 3049 5234 miraculo,
3084 5169 3239 5240 quod
3258 5168 3443 5223 verbis
3472 5169 3625 5223 hisce
3658 5187 3782 5224 me-

2171 5258 2729 5329 moratur,quodque
2758 5257 2815 5311 in
2837 5257 3030 5311 medio
3042 5256 3491 5328 relinquendum
3509 5257 3779 5323 arbitror,

2169 5347 2444 5401 Sanctum
2458 5345 2749 5417 equidem,
2786 5349 2990 5400 contra
3020 5362 3085 5399 ac
3109 5344 3642 5399 Blomenvennahic
3668 5349 3783 5401 tra-
3862 5350 3866 5353 ’

2169 5436 2271 5501 dit,
2298 5453 2330 5488 a
2363 5434 2455 5488 die
2488 5450 2606 5504 quo
2664 5434 3030 5487 Turritanam
3082 5432 3140 5487 8.
3187 5433 3374 5487 Maria:
3421 5433 3477 5486 in
3513 5433 3780 5490 Calabria

2167 5539 2427 5581 ercmum
2450 5522 2705 5598 primum
2728 5522 3013 5594 ingressus
3036 5525 3140 5590 est,
3175 5521 3249 5578 ad
3281 5539 3445 5577 suum
3473 5538 3648 5595 usque
3679 5523 3782 5580 ob-
