4066 6032
157 348 258 408 481

1738 342 1921 401 ACTA

3375 346 3482 411 462

158 474 307 532 itum
340 475 400 530 in
433 477 625 541 antro,
655 488 760 547 per
789 470 964 528 verba
994 469 1239 528 recitata
1268 468 1588 544 designato.
1613 486 1771 527 com-
1795 482 1849 541 Α
1872 472 1998 523 tum
2030 444 2604 540 apparet,tentatum
2634 465 2950 541 quidquam
3005 466 3213 540 fuerat,
3241 490 3353 545 quo
3384 475 3482 532 Vir

157 568 454 619 moratum
487 580 603 618 non
638 579 755 616 esse
787 578 885 616 seu
930 561 1236 627 habitasse,
1279 564 1500 615 certum
1531 559 1771 614 omnino

155 658 330 728 atque
359 654 747 708 indubitatum
772 651 913 706 mihi
943 650 1079 706 facit
1111 652 1197 705 vel
1228 652 1414 705 solum
1445 649 1768 716 Mesimerii,

153 742 558 815 Squillacensis
616 740 889 812 episcopi,
940 739 1199 812 diploma
1246 756 1346 793 seu
1400 738 1769 809 privilegium

150 849 317 888 num.
354 833 458 887 558
497 834 556 884 et
589 846 709 900 seq.
736 829 957 883 datum.
987 829 1049 881 In
1081 828 1189 882 hoc
1217 827 1375 882 enim
1406 826 1642 882 antistes
1672 825 1766 880 ille

152 921 493 991 sequentem
512 917 767 990 loquitur
782 917 843 970 in
862 916 1104 970 modum
1132 932 1195 969 :«
1223 916 1307 971 Me
1326 916 1764 986 rogare(comes

149 1007 446 1079 Rogerius)
470 1007 739 1078 dignatus
759 1008 843 1060 est
861 1021 965 1076 pro
977 1003 1436 1059 honoratissimis
1464 1002 1762 1058 monachis

147 1100 207 1152 et
228 1095 504 1163 eremitis,
531 1094 761 1150 domnis
798 1093 1010 1148 scilicet
1046 1094 1314 1147 Brunone
1356 1096 1413 1146 et
1435 1092 1757 1146 Lanvino...

145 1186 341 1240 locum
363 1202 397 1240 a
428 1186 545 1239 Deo
575 1186 885 1249 servatum,
921 1181 1017 1252 qui
1036 1181 1231 1235 Turris
1261 1179 1761 1247 dicitur,incolen-

144 1273 300 1328 tibus
353 1274 410 1327 in
441 1272 775 1327 veneranda
806 1269 1123 1324 admodum
1156 1269 1392 1323 ecclesia
1421 1267 1756 1340 gloriosissi-

144 1378 259 1416 me
287 1361 549 1416 Domina:
583 1363 792 1415 nostrm
813 1358 909 1414 Dei
944 1357 1258 1429 genitricis,
1289 1373 1353 1411 ac
1383 1356 1561 1411 sancti
1590 1357 1757 1411 Joan-

142 1448 233 1501 nis
268 1448 534 1519 Baptistaz
578 1445 976 1519 praecursoris;
1006 1445 1212 1517 quibus
1256 1445 1443 1499 verbis
1474 1460 1604 1499 cum
1633 1447 1752 1499 tam

141 1538 475 1591 Brunonem
509 1552 682 1607 quam
712 1534 1031 1589 Lanvinum
1064 1534 1121 1587 in
1143 1533 1512 1587 sanctissimae
1532 1532 1631 1588 Dei
1652 1549 1750 1604 ge-

142 1624 363 1678 nitricis
394 1623 631 1678 ecclesia
651 1623 959 1688 habitasse,
990 1638 1107 1675 non
1133 1622 1371 1676 obscure
1402 1622 1493 1675 hic
1524 1621 1748 1687 innuat,

140 1715 262 1767 toto
294 1712 570 1767 Sanctum
602 1715 885 1783 tempore,
918 1726 1031 1782 quo
1079 1710 1137 1764 in
1189 1725 1386 1764 eremo
1448 1709 1752 1764 Calabrina

1874 559 1966 612 ille
1999 559 2408 613 celeberrimus
2435 560 2600 629 juxta
2623 576 2688 614 ac
2720 559 3129 629 sanctissimus,
3152 562 3249 633 qui
3279 567 3338 619 et
3363 565 3478 620 cla-

1871 647 2161 702 rissimum
2194 648 2458 702 ordinem
2512 648 2857 713 instituerat,
2913 653 2970 704 et
3025 649 3329 705 virtutibus
3365 653 3480 710 suis

1868 737 2040 807 plane
2068 736 2288 791 eximiis
2318 738 2673 793 Carthusiam
2708 738 2963 808 primum
2997 755 3062 794 ac
3082 740 3289 795 deinde
3322 742 3479 797 Cala-

1868 825 2055 881 briam
2100 826 2462 897 potissimum
2494 828 2826 895 illustrarat,
2859 844 2959 882 seu
3006 832 3337 885 sanctorum
3376 848 3478 888 seu

1865 914 2170 970 beatorum
2215 932 2458 972 numero
2491 933 2523 970 a
2552 932 2780 972 summo
2815 916 3089 989 pontiﬁce
3119 919 3472 979 adscribere-

1860 1004 1975 1061 tur.

1932 1094 2055 1146 750.
2102 1092 2277 1147 Addit
2326 1093 2591 1147 Bailletus
2634 1097 2779 1149 tom.
2812 1096 2883 1148 Ill
2909 1095 3186 1163 Vitarum,
3235 1097 3342 1152 col.
3378 1100 3467 1167 9t,

1860 1177 2051 1233 Sancti
2083 1182 2429 1236 memoriam
2454 1185 2573 1236 toto
2601 1182 2696 1236 illo
2711 1183 3269 1254 quadringentorum
3290 1202 3469 1243 anno-

1858 1283 1988 1321 rum
2015 1269 2197 1338 spatio
2252 1269 2309 1323 in
2343 1270 2600 1324 Calabria
2630 1272 2783 1341 apud
2812 1272 3079 1326 homines
3110 1274 3253 1328 adeo
3294 1274 3464 1330 fuisse

1857 1359 2202 1426 neglectam,
2236 1361 2298 1412 ut
2320 1359 2507 1412 nullus
2538 1360 2707 1430 plane
2741 1360 2812 1413 ab
2842 1360 2994 1414 hisce
3026 1361 3320 1433 religionis
3350 1365 3464 1419 cul-

1854 1444 1944 1496 tus
1968 1447 2091 1498 tum
2122 1444 2201 1499 illi
2232 1445 2407 1500 fuerit
2440 1447 2676 1501 delatus.
2698 1447 2907 1501 Verum
2937 1448 3042 1503 hac
3070 1449 3129 1502 in
3159 1466 3222 1504 re
3252 1450 3481 1508 falsum‘

1852 1529 2021 1585 fuisse
2048 1532 2387 1604 scriptorem
2415 1534 2596 1601 illum,
2633 1552 2697 1588 ex
2720 1535 2805 1601 iis,
2840 1552 2966 1607 quae
2982 1537 3086 1591 sub
3113 1540 3393 1595 contexta:
3424 1557 3459 1596 a

1851 1635 1910 1672 se
1941 1619 2133 1674 Sancti
2160 1620 2297 1676 Vitae
2326 1623 2500 1677 linem
2517 1623 2575 1676 in
2597 1624 2812 1678 litteras
2832 1624 3010 1678 mittit
3030 1626 3459 1683 Blomenvenna

1850 1708 2171 1763 verosimile
2204 1714 2464 1780 apparet.
2490 1712 2717 1765 Etenim
2745 1712 2963 1767 ibidem
2995 1714 3073 1767 sic
3095 1714 3270 1769 habet
3298 1732 3311 1770 :
3344 1738 3370 1765 «
3388 1718 3455 1771 Al

138 1804 396 1855 versatus
417 1804 519 1868 est,
552 1800 611 1854 in
634 1801 875 1871 praefato
912 1803 1078 1855 antro
1135 1802 1570 1853 commoratum
1601 1814 1745 1865 esse,
1778 1807 1826 1865 Β
1847 1794 1970 1849 haec
1997 1797 2120 1851 loca
2146 1800 2379 1867 (nempe
2403 1799 2475 1852 ad
2507 1802 2759 1866 antrum,
2787 1800 2847 1854 in
2873 1817 2986 1872 quo
3018 1801 3260 1857 Sanctus
3287 1803 3450 1859 habi-

136 1890 581 1944 Blomenvennae
614 1889 949 1954 aliorumve,
984 1888 1197 1958 absque
1243 1887 1480 1957 antiquo
1516 1887 1657 1941 vade
1686 1885 1746 1940 id

132 1977 536 2043 asserentium,
585 1975 924 2030 auctoritate
972 1974 1293 2045 prudenter
1345 1972 1470 2045 quis
1499 1972 1743 2027 credat?

129 2065 579 2120 Blomenvennaa
624 2064 859 2136 quidem
907 2063 1001 2117 alii
1033 2062 1340 2132 scriptores
1391 2061 1742 2116 recentiores

129 2153 549 2225 suffragantur;
596 2168 795 2206 verum
830 2168 935 2205 nec
970 2150 1029 2205 hi
1066 2152 1246 2204 ullum
1277 2166 1381 2221 pro
1415 2166 1473 2203 se
1503 2149 1741 2202 laudant

129 2246 429 2296 auctorem
464 2243 981 2296 monumentumve
1022 2238 1347 2310 antiquum.
1384 2238 1495 2291 Nec
1524 2240 1610 2292 est
1639 2254 1739 2291 cur

130 2346 235 2403 pro
264 2329 331 2383 iis
360 2329 417 2383 in
450 2329 711 2383 medium
739 2328 831 2381 hic
853 2328 1158 2400 quisquam
1175 2326 1442 2393 adducat,
1461 2342 1587 2397 qua:
1621 2342 1741 2380 me-

125 2421 356 2473 morato
389 2420 579 2484 antro,
610 2419 670 2471 ut
709 2415 1001 2470 Zanottius
1032 2415 1091 2468 in
1123 2414 1305 2469 sancti
1356 2414 1480 2468 Vita
1508 2430 1635 2485 cap.
1672 2417 1731 2468 3t

126 2506 185 2561 in
216 2506 331 2560 fine
365 2508 634 2559 testatum
687 2505 842 2569 facit,
874 2502 1146 2574 inscripta
1171 2504 1460 2573 leguntur,
1492 2519 1737 2573 sequen-

129 2592 208 2648 tia
236 2594 411 2648 verba
442 2609 454 2646 :
494 2616 520 2643 ‹‹
555 2595 617 2646 In
644 2609 873 2647 summa
903 2591 1274 2646 veneratione
1325 2608 1388 2646 ac
1418 2592 1743 2646 reverentia

128 2682 435 2737 habendus
466 2684 551 2735 est
578 2682 733 2735 locus
765 2681 892 2749 iste,
938 2681 1143 2734 fratres
1201 2679 1502 2744 carissimi,
1536 2679 1595 2732 in
1626 2696 1739 2751 quo

124 2771 312 2825 fidelis
343 2769 550 2824 Christi
575 2786 768 2823 servus
792 2786 857 2823 ac
898 2785 1074 2823 sacrae
1110 2768 1336 2839 paginae
1366 2768 1569 2823 doctor
1598 2770 1737 2822 Bru-

123 2876 199 2914 no
234 2858 539 2929 multiplici
567 2873 871 2929 pcenarum
915 2873 1129 2928 genere
1161 2872 1366 2928 corpus
1396 2872 1562 2909 suum
1597 2856 1657 2909 af
1661 2855 1740 2909 tli-

118 2947 237 3015 xit;
272 2947 330 3000 in
362 2962 474 3017 quo
494 2948 623 3017 post
653 2945 821 3015 hujus
852 2945 1074 2999 miserae
1102 2944 1231 2998 vitae
1263 2960 1492 2997 cursum
1523 2943 1597 2997 ad
1626 2960 1737 2999 cce-

118 3036 244 3090 lum
275 3034 556 3103 evolavit;
590 3056 616 3081 ››
658 3033 829 3088 fuisse
860 3033 1016 3087 enim
1048 3033 1171 3086 haec
1203 3032 1288 3085 vel
1318 3031 1512 3086 statim
1544 3031 1734 3086 aSan-

1847 1884 2001 1950 tarit,
2037 1888 2094 1937 et
2119 1885 2192 1939 ad
2222 1886 2522 1941 ecclesiam
2556 1886 2613 1940 S.
2648 1887 2833 1941 Mariae
2861 1888 2930 1942 de
2963 1890 3183 1961 eremo)
3214 1893 3453 1962 populo-

1844 1988 1975 2026 rum
2001 1976 2262 2041 catervse,
2291 1992 2455 2029 senes
2483 1992 2612 2029 cum
2638 1976 2985 2047 junioribus,
3015 1980 3234 2048 parvuli
3259 1984 3452 2036 etmu—

1840 2058 2027 2126 lieres,
2064 2062 2281 2116 nobiles
2311 2066 2367 2116 et
2398 2062 2703 2134 ignobiles,
2730 2063 3016 2135 principes
3046 2069 3103 2119 et
3132 2066 3351 2122 domini
3373 2068 3447 2123 ob

1838 2149 2183 2203 sanctissimi
2214 2151 2496 2205 Brunonis
2525 2152 2961 2207 venerationem
2992 2156 3050 2208 et
3079 2154 3446 2212 devotionem

1840 2238 1908 2291 ad
1965 2238 2085 2307 ejus
2112 2237 2286 2292 etiam
2311 2239 2593 2293 beneficia
2622 2239 2957 2308 obtinenda,
2988 2242 3147 2313 quasi
3177 2243 3352 2315 degat
3384 2244 3445 2300 in

1838 2325 2127 2393 humanis,
2158 2343 2289 2380 eum
2318 2327 2703 2394 attendentes,
2727 2329 2992 2384 certatim
3015 2330 3333 2398 conﬂuunt,
3353 2348 3445 2387 re-

1840 2417 2105 2468 verenter
2130 2414 2429 2481 accedunt,
2463 2418 2652 2482 orant,
2680 2416 2946 2471 adorant.
2990 2418 3281 2492 Praecipue
3311 2436 3445 2476 vero

1841 2506 2073 2556 antrum
2104 2520 2201 2557 seu
2232 2519 2489 2574 specum,
2524 2504 2594 2558 de
2621 2521 2734 2576 quo
2779 2522 2973 2577 supra,
3033 2506 3091 2560 in
3148 2524 3261 2578 quo
3323 2507 3446 2564 fere

1839 2584 2069 2660 semper
2097 2592 2248 2645 solus
2267 2591 2516 2646 Domino
2533 2591 2749 2647 famula
2759 2593 3450 2662 batur,tantareverentia

1841 2680 1899 2731 et
1937 2677 2164 2744 affectu,
2195 2678 2635 2751 incredibilique
2672 2680 2785 2734 ﬁde
2839 2681 3259 2753 frequentatur,
3291 2683 3448 2757 quod

1841 2765 2017 2820 etiam
2046 2766 2394 2838 quandoque
2422 2769 2614 2837 plures
2657 2773 2975 2824 cernuntur
2994 2787 3111 2825 non
3145 2771 3252 2825 nisi
3280 2772 3450 2828 nudis

1839 2855 2079 2925 pedibus
2109 2872 2143 2908 a
2170 2855 2522 2909 monasterio
2551 2856 2792 2926 przefato
2821 2856 2898 2927 (S.
2920 2856 3194 2929 Stephani
3213 2861 3447 2931 nempe)

1838 2941 1979 2996 illud
2001 2942 2293 2997 accedere.
2318 2943 2425 2997 Alii
2454 2944 2614 2998 ﬂexis
2661 2945 2907 3014 genibus
2939 2947 3290 3002 ambulando
3342 2965 3445 3003 an-

1838 3033 1992 3084 trum
2024 3047 2273 3098 sacrum,
2306 3034 2525 3086 terram
2558 3036 2614 3086 et
2653 3048 2786 3086 saxa
2803 3049 2867 3087 ex
2883 3033 3187 3089 devotione
3216 3036 3447 3107 lingen-

120 3124 195 3179 cti
223 3123 408 3188 obitu,
436 3123 521 3176 vel
544 3096 758 3176 saltem
790 3120 944 3175 haud
971 3120 1187 3174 dudum
1210 3122 1338 3190 post
1369 3122 1535 3174 antro
1564 3135 1737 3190 appo-
1767 3096 1812 3153 Ο
1836 3120 1942 3187 tes,
1966 3096 2344 3191 lacrymisque
2375 3119 2544 3174 infusi
2575 3120 2951 3175 circumeunt.
2988 3124 3163 3177 Porro
3186 3123 3257 3178 de
3277 3096 3445 3181 antro

115 3212 245 3278 sita,
268 3227 374 3282 pro
391 3214 549 3265 certo
584 3209 710 3282 quis
733 3208 987 3263 asserat?
1037 3207 1203 3271 Quod
1233 3207 1306 3261 ad
1328 3224 1423 3261 me
1460 3206 1731 3277 pertinet,

117 3301 373 3355 multum
406 3297 789 3353 dubitandum
819 3313 973 3362 reor,
1007 3313 1081 3350 an
1115 3295 1308 3350 Sancti
1352 3295 1735 3349 canonizatio-

111 3406 207 3455 ne,
231 3388 316 3441 uti
336 3404 468 3441 eam
485 3385 1041 3456 vocant,antiquiora
1054 3384 1523 3438 sint.Brunonem
1541 3383 1732 3455 itaque

112 3476 363 3532 subinde
392 3475 770 3547 quidem,quo
789 3473 1039 3527 orationi
1070 3471 1509 3543 divinarumque
1534 3489 1731 3526 rerum

114 3563 486 3621 meditationi
521 3579 585 3617 ac
615 3560 1093 3633 contemplationi
1125 3560 1372 3631 quietius
1394 3564 1642 3627 vacaret,
1671 3561 1730 3614 in

114 3658 380 3715 antrum,
409 3652 895 3706 aBlomenvenna
932 3651 1344 3715 memoratum,
1378 3649 1535 3719 quod
1582 3665 1616 3702 a
1672 3647 1730 3702 S.

110 3742 306 3797 Marias
339 3740 409 3794 de
438 3756 636 3794 eremo
654 3737 894 3793 ecclesia
915 3754 1014 3791 seu
1035 3736 1408 3799 monasterio,
1424 3736 1579 3807 quod
1591 3734 1731 3789 San-

107 3834 234 3884 ctus
261 3828 570 3895 incolebat,
633 3827 787 3881 haud
841 3827 1089 3879 multum
1150 3825 1368 3891 aberat,
1414 3823 1725 3890 secessisse,

103 3917 263 3974 haud
292 3916 600 3971 difﬁculter
632 3914 1010 3981 crediderim;
1043 3912 1393 3967 habitaritne
1441 3915 1635 3965 tamen
1667 3911 1727 3965 in

102 4024 195 4071 eo,
230 4005 463 4059 haerebo
498 4003 723 4069 dubius,
765 4003 949 4057 donec
994 4001 1292 4067 validiora,
1327 4016 1454 4071 quae
1485 4016 1722 4055 omnem

102 4094 174 4149 de
209 4096 319 4148 hoc
348 4092 775 4147 dubitationem
801 4090 998 4144 animo
1032 4089 1285 4143 eximere
1314 4091 1450 4143 nata
1479 4087 1612 4154 sint,
1638 4104 1726 4140 ar-

105 4185 393 4254 gumenta
421 4180 816 4253 producantur
842 4179 902 4233 in
928 4178 1208 4232 medium.

98 4291 127 4358 §
160 4288 336 4358 XLYI.
371 4287 475 4340 Leo
505 4285 723 4358 X12030
753 4284 933 4358 ordini
963 4282 1336 4358 Carthusiensi
1365 4283 1721 4358 Ttm'itanum

170 4361 228 4412 in
257 4356 520 4416 Calabria

172 4432 277 4495 tui,
310 4429 619 4498 cultumque
647 4426 841 4481 Sancti
859 4427 1271 4480 ecclesiasticum
1284 4425 1572 4495 permittit.

169 4534 574 4592 749.lnTitulis
590 4533 924 4587 funebribus
945 4550 1062 4586 non
1083 4530 1720 4603 paucisinfrarecuden-

100 4624 186 4678 dis
198 4640 298 4676 seu
314 4623 663 4676 diversarum
682 4620 1047 4675 ecclesiarum
1069 4619 1621 4673 monasteriorumve
1648 4617 1722 4671 ad

100 4712 325 4766 litteras
348 4709 829 4779 encyclicasinfra
860 4708 1076 4779 pariter
1108 4706 1485 4771 recudendas,
1515 4706 1721 4777 quibus

101 4800 159 4854 S.
188 4797 473 4853 Brunonis
488 4797 676 4851 obitus
695 4797 991 4851 nuntiatus
1014 4796 1095 4850 eis
1112 4813 1143 4849 a
1158 4794 1349 4848 Sancti
1368 4812 1397 4848 e
1414 4795 1719 4848 Turritaua

99 4903 305 4943 eremo
337 4886 627 4958 discipulis
658 4887 864 4950 fuerat,
915 4902 1153 4955 respons
1176 4884 1292 4938 η’ἱίδ
1341 4900 1458 4937 non
1492 4886 1717 4936 tantum

97 4994 132 5031 a
163 4974 432 5030 doctrina
460 4975 781 5045 virtuteque
813 4973 1023 5027 eximia
1055 4971 1602 5035 Sanctuslaudatur,
1624 4986 1717 5023 ve-

99 5081 229 5119 rum
276 5063 456 5117 etiam
490 5078 625 5116 eum
653 5066 906 5117 nontam
924 5059 1293 5130 illoruin,qui
1327 5057 1718 5128 responsorias

100 5154 227 5207 illas
255 5151 677 5222 dabant,quam
699 5151 995 5204 hoscemet
1014 5148 1161 5201 illius
1176 5147 1442 5218 precibus
1457 5145 1718 5216 indigere

100 5242 462 5306 declaratur;
495 5239 651 5310 quod
680 5255 816 5292 sane
841 5238 1003 5291 illum
1028 5252 1132 5306 pro
1157 5235 1273 5289 viro
1303 5238 1499 5288 sancto
1522 5233 1718 5304 cogni-

105 5333 233 5384 tum
257 5327 387 5399 jam
420 5330 544 5381 tum
583 5326 891 5381 universim
926 5325 1094 5379 fuisse
1127 5326 1472 5395 argumento
1503 5322 1719 5377 est.Ve-

108 5434 264 5485 rum,
300 5416 403 5472 etsi
420 5433 512 5471 res
544 5417 623 5470 ita
648 5414 935 5480 habuerit,
964 5412 1442 5482 annitamenjam
1478 5410 1724 5487 amplius

115 5503 546 5577 quadringenti,
574 5504 731 5576 quod
765 5503 975 5557 mirum
1011 5500 1187 5556 videri
1215 5503 1422 5572 potest,
1487 5499 1559 5552 ab
1605 5500 1727 5570 ejus

115 5595 278 5651 obitu
301 5596 469 5650 erant
490 5593 689 5665 elapsi,
722 5609 853 5648 cum
885 5592 1133 5648 necdum
1160 5607 1193 5644 a
1214 5589 1511 5662 quopiam,
1545 5604 1726 5661 quan—

1836 3206 1958 3277 ipso
1989 3225 2087 3261 seu
2113 3224 2255 3279 rupe
2286 3208 2504 3279 aliquid
2556 3225 2662 3280 pro
2696 3208 2962 3264 maximis
3015 3210 3267 3266 habituri
3319 3212 3448 3268 reli-

1834 3295 1980 3367 quiis
2000 3296 2331 3364 detrahunt,
2367 3299 2539 3368 atque
2569 3297 2651 3352 ita
2679 3297 2752 3352 ad
2774 3297 3011 3371 propria
3027 3304 3292 3355 remeant
3313 3317 3445 3356 cum

1831 3385 2062 3457 gaudio.

1904 3477 2026 3528 751,
2053 3497 2079 3522 ‹‹
2110 3473 2337 3537 Quanta
2365 3490 2497 3529 vero
2531 3475 2836 3531 devotione
2875 3476 2950 3531 ad
2979 3478 3131 3532 hunc
3166 3477 3447 3535 sanctissi-

1834 3577 1995 3614 mum
2013 3561 2575 3615 PatremBrunonem
2601 3562 3208 3620 afﬁcianturCalabriaa
3223 3566 3443 3637 episco-

1830 3647 1911 3719 pi,
1944 3649 2200 3715 abbates,
2232 3648 2476 3719 praelati,
2511 3649 2786 3721 religiosi,
2812 3652 3102 3725 principes
3133 3654 3442 3720 etiam,co-

1833 3737 2022 3802 mites,
2050 3738 2298 3791 barones
2322 3738 2639 3808 vulgusque
2675 3738 3027 3807 universum,
3056 3758 3231 3796 nemo
3257 3742 3444 3797 verbis

1831 3825 2111 3896 explicare
2162 3824 2423 3879 sufficiet.
2468 3826 2562 3879 Est
2582 3830 2865 3898 praeterea
2894 3844 3012 3882 non
3060 3830 3233 3900 longe
3261 3846 3295 3883 a
3320 3846 3442 3885 mo-

1828 3915 2078 3969 nasterio
2111 3914 2351 3985 prwfato
2383 3914 2566 3984 spatio
2616 3931 2888 3987 passuum
2916 3919 3019 3971 300
3062 3934 3267 3972 nemus
3313 3934 3437 3973 am-

1825 4002 2172 4073 plissimum,
2202 4003 2357 4073 quod
2410 4003 2547 4057 Golo
2600 4003 2927 4069 nominant,
2983 4005 3055 4059 ab
3119 4004 3241 4075 ipso
3274 4022 3435 4061 servo

1825 4090 1926 4145 Dei
1961 4091 2300 4160 deputatum
2328 4107 2399 4161 ap
2433 4091 2914 4146 instaurationem
2940 4093 3275 4148 monasterii
3309 4094 3433 4163 ejus

1826 4179 2121 4232 duntaxat.
2156 4178 2211 4232 Si
2235 4179 2359 4249 quis
2388 4196 2522 4233 vero
2553 4196 2692 4233 ausu
2712 4181 3023 4235 temerario
3037 4185 3239 4236 contra
3256 4183 3436 4238 sancti

1824 4266 1928 4320 viri
1958 4266 2384 4321 ordinationem
2414 4267 2607 4321 venire
2636 4268 3064 4338 attemptaverit
3121 4270 3298 4340 (fama
3352 4273 3437 4324 est

600 4398 612 4409 .
646 4351 916 4427 Stephani
942 4357 1323 4408 monasierium
1361 4354 1527 4427 jubet_
1576 4354 1721 4406 resti-
1743 4351 1794 4408 D
1824 4356 2087 4409 omnium
2104 4355 2378 4409 Calabriae
2407 4358 2750 4425 populorum
2776 4357 2951 4427 longa
2972 4358 3323 4427 experientia
3344 4359 3437 4414 fir-

1823 4442 2000 4512 mata)
2036 4442 2289 4496 divinam
2349 4444 2631 4497 ultionem
2664 4461 2781 4497 non
2813 4444 3021 4498 evadit.
3050 4466 3077 4493 ››
3123 4446 3253 4500 Haec
3284 4446 3379 4501 ille
3414 4464 3427 4502 :

1822 4547 1947 4605 qua:
1981 4547 2132 4598 cum,
2168 4531 2377 4585 Sancto
2420 4531 2681 4584 nondum
2715 4530 2809 4584 diu
2860 4548 2964 4602 per
3004 4533 3253 4587 Leonem
3297 4535 3337 4588 X
3369 4535 3427 4589 in

1821 4621 2174 4681 sanctorum,
2199 4635 2296 4671 seu
2316 4618 2503 4689 potius
2528 4635 2591 4671 ex
2609 4617 2863 4671 dicendis
2880 4619 3205 4687 beatorum,
3231 4622 3427 4676 album

1822 4707 2023 4772 relato,
2055 4705 2112 4758 iu
2146 4706 2364 4759 litteras
2396 4706 2638 4772 miserit,
2683 4722 2787 4759 nec
2820 4710 2954 4760 tunc
2988 4707 3264 4777 primum,
3295 4726 3424 4764 cum

1820 4794 1877 4847 id
1908 4794 2125 4848 factum
2157 4812 2191 4847 a
2224 4793 2491 4864 pontiﬁce
2519 4794 2614 4847 illo
2644 4793 3145 4859 fuisset,eximium
3160 4797 3331 4865 plane
3361 4815 3426 4852 ac

1819 4882 2168 4954 singularem
2181 4882 2432 4953 ,qualem
2446 4882 2630 4936 verbis
2651 4882 2900 4936 recitatis
2918 4883 3425 4954 depingit,cultum

1818 4970 1877 5024 in
1929 4971 2189 5025 Calabria
2221 4974 2417 5023 sancto
2446 4970 2615 5023 fuisse
2645 4970 2921 5037 delatum,
2970 4972 3293 5027 verosimile
3325 4991 3426 5045 ap-

1818 5062 2040 5129 pareat,
2076 5057 2310 5111 Bailleto
2334 5058 2990 5123 asserenti,Brunonem,
3019 5075 3151 5114 cum
3184 5060 3365 5115 beatis
3395 5079 3430 5117 a

1822 5146 2008 5200 Leone
2034 5162 2184 5217 papa
2210 5145 2837 5211 adscriberetur,fuisse
2860 5149 2918 5200 et
2938 5163 3003 5200 ex
3028 5149 3291 5203 omnium
3307 5150 3426 5206 fere

1821 5234 1880 5288 in
1899 5234 2161 5289 Calabria
2181 5236 2466 5289 memoria
2479 5235 2754 5301 deletum,
2784 5236 2841 5288 et
2863 5235 3018 5289 nullo
3046 5235 3260 5291 ibidem
3278 5242 3433 5297 cultu

1823 5321 2518 5389 aﬂ'ectum,indubitanter
2536 5322 2796 5377 assentiri
2818 5338 2936 5377 non
2968 5323 3435 5392 ausim,maxime

1825 5426 1957 5464 cum
1989 5427 2051 5463 ex
2086 5411 2477 5477 veneratione,
2506 5425 2623 5480 qua
2644 5428 2784 5484 erga
2803 5409 3284 5479 Sanctum,etiam
3298 5415 3434 5470 bea-

1826 5498 1898 5551 tis
1928 5499 2191 5551 nondum
2245 5498 2625 5568 adscriptum,
2661 5499 2933 5555 Calabria:
2978 5501 3219 5571 populos
3246 5499 3441 5567 fuisse,

1832 5584 2075 5642 recitata
2105 5586 2558 5642 Blomenvennae
2599 5590 2782 5647 verba
2806 5587 3085 5659 indicant,
3124 5589 3451 5652 verosimile
