  <div class='ocr_page' id='page_1' title='image "/cluster/home/n/w/nwhite01/storage/ocr_20150623/152/hvd.32044054760103/237.png"; bbox 0 0 4014 6052; ppageno 0'>
   <div class='ocr_carea' id='block_1_1' title="bbox 552 303 656 361">
    <p class='ocr_par' dir='ltr' id='par_1_1' title="bbox 552 303 656 361">
     <span class='ocr_line' id='line_1_1' title="bbox 552 303 656 361; baseline 0.01 -1"><span class='ocrx_word' id='word_1_1' title='bbox 552 303 656 361; x_wconf 79' lang='grc'>463</span> 
     </span>
    </p>
   </div>
   <div class='ocr_carea' id='block_1_2' title="bbox 1410 287 3023 350">
    <p class='ocr_par' dir='ltr' id='par_1_2' title="bbox 1410 287 3023 350">
     <span class='ocr_line' id='line_1_2' title="bbox 1410 287 3023 350; baseline -0.001 -1"><span class='ocrx_word' id='word_1_2' title='bbox 1410 291 1468 349; x_wconf 85' lang='grc'>8.</span> <span class='ocrx_word' id='word_1_3' title='bbox 1498 289 1845 349; x_wconf 83' lang='lat' dir='ltr'>BRUNONIS</span> <span class='ocrx_word' id='word_1_4' title='bbox 1889 287 2521 347; x_wconf 79' lang='lat' dir='ltr'>CARTHUSIANORUM</span> <span class='ocrx_word' id='word_1_5' title='bbox 2557 290 3023 350; x_wconf 80' lang='lat' dir='ltr'>INSTITUTOBIS</span> 
     </span>
    </p>
   </div>
   <div class='ocr_carea' id='block_1_3' title="bbox 3776 291 3885 351">
    <p class='ocr_par' dir='ltr' id='par_1_3' title="bbox 3776 291 3885 351">
     <span class='ocr_line' id='line_1_3' title="bbox 3776 291 3885 351; baseline -0.018 0"><span class='ocrx_word' id='word_1_6' title='bbox 3776 291 3885 351; x_wconf 64' lang='grc'>464</span> 
     </span>
    </p>
   </div>
   <div class='ocr_carea' id='block_1_4' title="bbox 558 416 3886 503">
    <p class='ocr_par' dir='ltr' id='par_1_4' title="bbox 558 416 3886 503">
     <span class='ocr_line' id='line_1_4' title="bbox 558 416 3886 503; baseline -0.004 -16"><span class='ocrx_word' id='word_1_7' title='bbox 558 428 854 503; x_wconf 83' lang='lat' dir='ltr'>appareat,</span> <span class='ocrx_word' id='word_1_8' title='bbox 888 423 1060 482; x_wconf 85' lang='lat' dir='ltr'>fuisse</span> <span class='ocrx_word' id='word_1_9' title='bbox 1085 422 1167 479; x_wconf 92' lang='lat' dir='ltr'>illi</span> <span class='ocrx_word' id='word_1_10' title='bbox 1188 421 1361 478; x_wconf 90' lang='lat' dir='ltr'>etiam</span> <span class='ocrx_word' id='word_1_11' title='bbox 1384 421 1598 475; x_wconf 91' lang='lat' dir='ltr'>cultum</span> <span class='ocrx_word' id='word_1_12' title='bbox 1618 417 1838 474; x_wconf 81' lang='lat' dir='ltr'>Sanctis</span> <span class='ocrx_word' id='word_1_13' title='bbox 1867 416 2168 490; x_wconf 89' lang='lat' dir='ltr'>proprium</span> <span class='ocrx_word' id='word_1_14' title='bbox 2191 422 2244 480; x_wconf 81' lang='grc' dir='ltr'><strong>Α</strong></span> <span class='ocrx_word' id='word_1_15' title='bbox 2270 417 2454 471; x_wconf 88' lang='lat' dir='ltr'>rando</span> <span class='ocrx_word' id='word_1_16' title='bbox 2477 417 2604 488; x_wconf 87' lang='lat' dir='ltr'>jam</span> <span class='ocrx_word' id='word_1_17' title='bbox 2627 418 2763 474; x_wconf 90' lang='lat' dir='ltr'>inde</span> <span class='ocrx_word' id='word_1_18' title='bbox 2781 420 2853 475; x_wconf 89' lang='lat' dir='ltr'>ab</span> <span class='ocrx_word' id='word_1_19' title='bbox 2887 435 3041 474; x_wconf 90' lang='lat' dir='ltr'>anno</span> <span class='ocrx_word' id='word_1_20' title='bbox 3086 419 3221 473; x_wconf 77' lang='grc'><strong>1504</strong></span> <span class='ocrx_word' id='word_1_21' title='bbox 3262 416 3592 488; x_wconf 90' lang='lat' dir='ltr'>cogitarint,</span> <span class='ocrx_word' id='word_1_22' title='bbox 3633 416 3886 491; x_wconf 76' lang='lat' dir='ltr'>ipsemet</span> 
     </span>
    </p>
   </div>
   <div class='ocr_carea' id='block_1_5' title="bbox 557 517 1115 575">
    <p class='ocr_par' dir='ltr' id='par_1_5' title="bbox 557 517 1115 575">
     <span class='ocr_line' id='line_1_5' title="bbox 557 517 1115 575; baseline -0.016 0"><span class='ocrx_word' id='word_1_23' title='bbox 557 520 631 575; x_wconf 88' lang='lat' dir='ltr'>ab</span> <span class='ocrx_word' id='word_1_24' title='bbox 657 519 812 574; x_wconf 88' lang='lat' dir='ltr'>hisce</span> <span class='ocrx_word' id='word_1_25' title='bbox 840 517 1115 571; x_wconf 88' lang='lat' dir='ltr'>delatum.</span> 
     </span>
    </p>
   </div>
   <div class='ocr_carea' id='block_1_6' title="bbox 630 594 2168 671">
    <p class='ocr_par' dir='ltr' id='par_1_6' title="bbox 630 594 2168 671">
     <span class='ocr_line' id='line_1_6' title="bbox 630 594 2168 671; baseline -0.01 -8"><span class='ocrx_word' id='word_1_26' title='bbox 630 610 755 663; x_wconf 83' lang='grc'>⁸752.</span> <span class='ocrx_word' id='word_1_27' title='bbox 780 606 1015 671; x_wconf 87' lang='lat' dir='ltr'>Verum,</span> <span class='ocrx_word' id='word_1_28' title='bbox 1038 605 1099 656; x_wconf 91' lang='lat' dir='ltr'>ut</span> <span class='ocrx_word' id='word_1_29' title='bbox 1120 602 1183 655; x_wconf 90' lang='lat' dir='ltr'>ut</span> <span class='ocrx_word' id='word_1_30' title='bbox 1204 600 1295 668; x_wconf 85' lang='lat' dir='ltr'>sit,</span> <span class='ocrx_word' id='word_1_31' title='bbox 1314 598 1483 655; x_wconf 86' lang='lat' dir='ltr'>fuisse</span> <span class='ocrx_word' id='word_1_32' title='bbox 1517 614 1651 652; x_wconf 91' lang='lat' dir='ltr'>eum</span> <span class='ocrx_word' id='word_1_33' title='bbox 1682 596 1975 667; x_wconf 83' lang='lat' dir='ltr'>equidem,</span> <span class='ocrx_word' id='word_1_34' title='bbox 1992 594 2168 649; x_wconf 89' lang='lat' dir='ltr'>etiam</span> 
     </span>
    </p>
   </div>
   <div class='ocr_carea' id='block_1_7' title="bbox 560 682 2169 755">
    <p class='ocr_par' dir='ltr' id='par_1_7' title="bbox 560 682 2169 755">
     <span class='ocr_line' id='line_1_7' title="bbox 560 682 2169 755; baseline -0.011 -2"><span class='ocrx_word' id='word_1_35' title='bbox 560 682 2169 755; x_wconf 74' lang='lat' dir='ltr'>eumnondumbeatorumhonoresaCartbusianispublice</span> 
     </span>
    </p>
   </div>
   <div class='ocr_carea' id='block_1_8' title="bbox 560 771 2169 848">
    <p class='ocr_par' dir='ltr' id='par_1_8' title="bbox 560 771 2169 848">
     <span class='ocr_line' id='line_1_8' title="bbox 560 771 2169 848; baseline -0.011 -8"><span class='ocrx_word' id='word_1_36' title='bbox 560 785 666 840; x_wconf 90' lang='lat' dir='ltr'>sibi</span> <span class='ocrx_word' id='word_1_37' title='bbox 683 782 892 838; x_wconf 89' lang='lat' dir='ltr'>deferri</span> <span class='ocrx_word' id='word_1_38' title='bbox 907 778 1262 843; x_wconf 89' lang='lat' dir='ltr'>obtinuisset,</span> <span class='ocrx_word' id='word_1_39' title='bbox 1291 792 1394 848; x_wconf 90' lang='lat' dir='ltr'>pro</span> <span class='ocrx_word' id='word_1_40' title='bbox 1413 774 1620 828; x_wconf 89' lang='lat' dir='ltr'>Sancto</span> <span class='ocrx_word' id='word_1_41' title='bbox 1662 773 1733 827; x_wconf 89' lang='lat' dir='ltr'>ab</span> <span class='ocrx_word' id='word_1_42' title='bbox 1767 771 1919 827; x_wconf 87' lang='lat' dir='ltr'>hisce</span> <span class='ocrx_word' id='word_1_43' title='bbox 1933 771 2169 842; x_wconf 84' lang='lat' dir='ltr'>aliisque</span> 
     </span>
    </p>
   </div>
   <div class='ocr_carea' id='block_1_9' title="bbox 558 861 2169 935">
    <p class='ocr_par' dir='ltr' id='par_1_9' title="bbox 558 861 2169 935">
     <span class='ocr_line' id='line_1_9' title="bbox 558 861 2169 935; baseline -0.012 -5"><span class='ocrx_word' id='word_1_44' title='bbox 558 873 822 930; x_wconf 90' lang='lat' dir='ltr'>habitum</span> <span class='ocrx_word' id='word_1_45' title='bbox 842 871 1279 932; x_wconf 89' lang='lat' dir='ltr'>henoratumve,</span> <span class='ocrx_word' id='word_1_46' title='bbox 1326 881 1391 919; x_wconf 85' lang='lat' dir='ltr'>ex</span> <span class='ocrx_word' id='word_1_47' title='bbox 1423 861 1817 935; x_wconf 80' lang='lat' dir='ltr'>apparitionis,</span> <span class='ocrx_word' id='word_1_48' title='bbox 1839 878 1952 932; x_wconf 89' lang='lat' dir='ltr'>qua</span> <span class='ocrx_word' id='word_1_49' title='bbox 1982 861 2169 913; x_wconf 90' lang='lat' dir='ltr'>Bruno</span> 
     </span>
    </p>
   </div>
   <div class='ocr_carea' id='block_1_10' title="bbox 564 948 2170 1019">
    <p class='ocr_par' dir='ltr' id='par_1_10' title="bbox 564 948 2170 1019">
     <span class='ocr_line' id='line_1_10' title="bbox 564 948 2170 1019; baseline -0.012 -1"><span class='ocrx_word' id='word_1_50' title='bbox 564 980 683 1019; x_wconf 90' lang='lat' dir='ltr'>sese</span> <span class='ocrx_word' id='word_1_51' title='bbox 716 977 832 1015; x_wconf 90' lang='lat' dir='ltr'>una</span> <span class='ocrx_word' id='word_1_52' title='bbox 862 975 992 1014; x_wconf 92' lang='lat' dir='ltr'>cum</span> <span class='ocrx_word' id='word_1_53' title='bbox 1024 956 1080 1012; x_wconf 95' lang='grc'>8.</span> <span class='ocrx_word' id='word_1_54' title='bbox 1135 953 1434 1008; x_wconf 84' lang='lat' dir='ltr'>Vincentio</span> <span class='ocrx_word' id='word_1_55' title='bbox 1486 950 1744 1006; x_wconf 89' lang='lat' dir='ltr'>Ferrerio</span> <span class='ocrx_word' id='word_1_56' title='bbox 1789 948 2170 1019; x_wconf 85' lang='lat' dir='ltr'>spectandum</span> 
     </span>
    </p>
   </div>
   <div class='ocr_carea' id='block_1_11' title="bbox 559 1034 2170 1123">
    <p class='ocr_par' dir='ltr' id='par_1_11' title="bbox 559 1034 2170 1123">
     <span class='ocr_line' id='line_1_11' title="bbox 559 1034 2170 1123; baseline -0.012 -17"><span class='ocrx_word' id='word_1_57' title='bbox 559 1050 787 1123; x_wconf 80' lang='lat' dir='ltr'>Aloysio</span> <span class='ocrx_word' id='word_1_58' title='bbox 805 1049 1082 1103; x_wconf 89' lang='lat' dir='ltr'>Bertrano</span> <span class='ocrx_word' id='word_1_59' title='bbox 1099 1041 1404 1115; x_wconf 66' lang='lat' dir='ltr'>aegrotanti</span> <span class='ocrx_word' id='word_1_60' title='bbox 1433 1039 1711 1105; x_wconf 84' lang='lat' dir='ltr'>exhibuit,</span> <span class='ocrx_word' id='word_1_61' title='bbox 1744 1037 2024 1091; x_wconf 87' lang='lat' dir='ltr'>relatione</span> <span class='ocrx_word' id='word_1_62' title='bbox 2043 1034 2170 1105; x_wconf 89' lang='lat' dir='ltr'>jam</span> 
     </span>
    </p>
   </div>
   <div class='ocr_carea' id='block_1_12' title="bbox 563 1128 2168 1208">
    <p class='ocr_par' dir='ltr' id='par_1_12' title="bbox 563 1128 2168 1208">
     <span class='ocr_line' id='line_1_12' title="bbox 563 1128 2168 1208; baseline -0.011 -14"><span class='ocrx_word' id='word_1_63' title='bbox 563 1132 1571 1208; x_wconf 88' lang='lat' dir='ltr'>data,utpoteinquaergaBrunonem</span> <span class='ocrx_word' id='word_1_64' title='bbox 1582 1128 2168 1198; x_wconf 88' lang='lat' dir='ltr'>,tanquamsanctum,</span> 
     </span>
    </p>
   </div>
   <div class='ocr_carea' id='block_1_13' title="bbox 561 1212 2173 1298">
    <p class='ocr_par' dir='ltr' id='par_1_13' title="bbox 561 1212 2173 1298">
     <span class='ocr_line' id='line_1_13' title="bbox 561 1212 2173 1298; baseline -0.012 -15"><span class='ocrx_word' id='word_1_65' title='bbox 561 1227 737 1282; x_wconf 89' lang='lat' dir='ltr'>modo</span> <span class='ocrx_word' id='word_1_66' title='bbox 770 1223 1045 1298; x_wconf 84' lang='lat' dir='ltr'>peculiari</span> <span class='ocrx_word' id='word_1_67' title='bbox 1075 1218 1359 1275; x_wconf 78' lang='lat' dir='ltr'>aﬂ‘ectusis</span> <span class='ocrx_word' id='word_1_68' title='bbox 1376 1214 1907 1281; x_wconf 87' lang='lat' dir='ltr'>fuissetraditur,fas</span> <span class='ocrx_word' id='word_1_69' title='bbox 1921 1215 2005 1267; x_wconf 89' lang='lat' dir='ltr'>est</span> <span class='ocrx_word' id='word_1_70' title='bbox 2019 1212 2173 1267; x_wconf 88' lang='lat' dir='ltr'>colli-</span> 
     </span>
    </p>
   </div>
   <div class='ocr_carea' id='block_1_14' title="bbox 560 1299 2171 1390">
    <p class='ocr_par' dir='ltr' id='par_1_14' title="bbox 560 1299 2171 1390">
     <span class='ocr_line' id='line_1_14' title="bbox 560 1299 2171 1390; baseline -0.011 -19"><span class='ocrx_word' id='word_1_71' title='bbox 560 1333 697 1390; x_wconf 83' lang='lat' dir='ltr'>gere</span> <span class='ocrx_word' id='word_1_72' title='bbox 713 1299 2171 1380; x_wconf 86' lang='lat' dir='ltr'>utietiamexeo,quodCarthusianitandem,quieum</span> 
     </span>
    </p>
   </div>
   <div class='ocr_carea' id='block_1_15' title="bbox 561 1390 2175 1472">
    <p class='ocr_par' dir='ltr' id='par_1_15' title="bbox 561 1390 2175 1472">
     <span class='ocr_line' id='line_1_15' title="bbox 561 1390 2175 1472; baseline -0.013 -11"><span class='ocrx_word' id='word_1_73' title='bbox 561 1406 779 1461; x_wconf 85' lang='lat' dir='ltr'>fatente</span> <span class='ocrx_word' id='word_1_74' title='bbox 811 1402 1079 1472; x_wconf 88' lang='lat' dir='ltr'>ipsemet.</span> <span class='ocrx_word' id='word_1_75' title='bbox 1118 1397 1376 1461; x_wconf 89' lang='lat' dir='ltr'>Bailleto,</span> <span class='ocrx_word' id='word_1_76' title='bbox 1425 1393 1692 1465; x_wconf 86' lang='lat' dir='ltr'>privatim</span> <span class='ocrx_word' id='word_1_77' title='bbox 1728 1392 1928 1445; x_wconf 90' lang='lat' dir='ltr'>saltem</span> <span class='ocrx_word' id='word_1_78' title='bbox 1953 1390 2175 1443; x_wconf 87' lang='lat' dir='ltr'>sancto-</span> 
     </span>
    </p>
   </div>
   <div class='ocr_carea' id='block_1_16' title="bbox 563 1475 2174 1549">
    <p class='ocr_par' dir='ltr' id='par_1_16' title="bbox 563 1475 2174 1549">
     <span class='ocr_line' id='line_1_16' title="bbox 563 1475 2174 1549; baseline -0.012 0"><span class='ocrx_word' id='word_1_79' title='bbox 563 1510 695 1549; x_wconf 92' lang='lat' dir='ltr'>rum</span> <span class='ocrx_word' id='word_1_80' title='bbox 734 1489 1051 1545; x_wconf 87' lang='lat' dir='ltr'>honoribus</span> <span class='ocrx_word' id='word_1_81' title='bbox 1082 1486 1141 1540; x_wconf 93' lang='lat' dir='ltr'>in</span> <span class='ocrx_word' id='word_1_82' title='bbox 1182 1482 1498 1539; x_wconf 89' lang='lat' dir='ltr'>Darthusiis</span> <span class='ocrx_word' id='word_1_83' title='bbox 1520 1498 1553 1535; x_wconf 91' lang='lat' dir='ltr'>a</span> <span class='ocrx_word' id='word_1_84' title='bbox 1586 1479 1891 1534; x_wconf 88' lang='lat' dir='ltr'>Calabrina</span> <span class='ocrx_word' id='word_1_85' title='bbox 1940 1475 2174 1531; x_wconf 83' lang='lat' dir='ltr'>diversis</span> 
     </span>
    </p>
   </div>
   <div class='ocr_carea' id='block_1_17' title="bbox 564 1566 2176 1646">
    <p class='ocr_par' dir='ltr' id='par_1_17' title="bbox 564 1566 2176 1646">
     <span class='ocr_line' id='line_1_17' title="bbox 564 1566 2176 1646; baseline -0.012 -9"><span class='ocrx_word' id='word_1_86' title='bbox 564 1580 853 1646; x_wconf 82' lang='lat' dir='ltr'>colebant,</span> <span class='ocrx_word' id='word_1_87' title='bbox 878 1577 948 1631; x_wconf 92' lang='lat' dir='ltr'>de</span> <span class='ocrx_word' id='word_1_88' title='bbox 972 1574 1121 1630; x_wconf 89' lang='lat' dir='ltr'>illius</span> <span class='ocrx_word' id='word_1_89' title='bbox 1164 1589 1261 1627; x_wconf 89' lang='lat' dir='ltr'>seu</span> <span class='ocrx_word' id='word_1_90' title='bbox 1286 1568 1721 1625; x_wconf 89' lang='lat' dir='ltr'>canonizatione</span> <span class='ocrx_word' id='word_1_91' title='bbox 1764 1585 1860 1622; x_wconf 91' lang='lat' dir='ltr'>seu</span> <span class='ocrx_word' id='word_1_92' title='bbox 1889 1566 2176 1621; x_wconf 84' lang='lat' dir='ltr'>beatiﬁca-</span> 
     </span>
    </p>
   </div>
   <div class='ocr_carea' id='block_1_18' title="bbox 565 1652 2177 1740">
    <p class='ocr_par' dir='ltr' id='par_1_18' title="bbox 565 1652 2177 1740">
     <span class='ocr_line' id='line_1_18' title="bbox 565 1652 2177 1740; baseline -0.012 -14"><span class='ocrx_word' id='word_1_93' title='bbox 565 1671 722 1726; x_wconf 90' lang='lat' dir='ltr'>tione</span> <span class='ocrx_word' id='word_1_94' title='bbox 748 1665 1112 1740; x_wconf 89' lang='lat' dir='ltr'>procuranda</span> <span class='ocrx_word' id='word_1_95' title='bbox 1131 1662 1308 1716; x_wconf 88' lang='lat' dir='ltr'>etiam</span> <span class='ocrx_word' id='word_1_96' title='bbox 1340 1657 1667 1729; x_wconf 86' lang='lat' dir='ltr'>cogitarint.</span> <span class='ocrx_word' id='word_1_97' title='bbox 1722 1656 1994 1710; x_wconf 88' lang='lat' dir='ltr'>Camillus</span> <span class='ocrx_word' id='word_1_98' title='bbox 2019 1652 2177 1708; x_wconf 91' lang='lat' dir='ltr'>Tuti-</span> 
     </span>
    </p>
   </div>
   <div class='ocr_carea' id='block_1_19' title="bbox 2272 503 3881 580">
    <p class='ocr_par' dir='ltr' id='par_1_19' title="bbox 2272 503 3881 580">
     <span class='ocr_line' id='line_1_19' title="bbox 2272 503 3881 580; baseline 0.003 -22"><span class='ocrx_word' id='word_1_99' title='bbox 2272 503 2541 559; x_wconf 84' lang='lat' dir='ltr'>Camillus</span> <span class='ocrx_word' id='word_1_100' title='bbox 2569 507 2825 576; x_wconf 87' lang='lat' dir='ltr'>Tutinus,</span> <span class='ocrx_word' id='word_1_101' title='bbox 2871 507 2966 580; x_wconf 91' lang='lat' dir='ltr'>qui</span> <span class='ocrx_word' id='word_1_102' title='bbox 3023 506 3077 561; x_wconf 91' lang='lat' dir='ltr'>id</span> <span class='ocrx_word' id='word_1_103' title='bbox 3119 507 3243 578; x_wconf 91' lang='lat' dir='ltr'>jam</span> <span class='ocrx_word' id='word_1_104' title='bbox 3275 509 3401 560; x_wconf 89' lang='lat' dir='ltr'>tum</span> <span class='ocrx_word' id='word_1_105' title='bbox 3445 507 3516 561; x_wconf 90' lang='lat' dir='ltr'>ab</span> <span class='ocrx_word' id='word_1_106' title='bbox 3544 506 3612 560; x_wconf 91' lang='lat' dir='ltr'>iis</span> <span class='ocrx_word' id='word_1_107' title='bbox 3640 508 3881 576; x_wconf 88' lang='lat' dir='ltr'>factum,</span> 
     </span>
    </p>
   </div>
   <div class='ocr_carea' id='block_1_20' title="bbox 2269 593 3884 664">
    <p class='ocr_par' dir='ltr' id='par_1_20' title="bbox 2269 593 3884 664">
     <span class='ocr_line' id='line_1_20' title="bbox 2269 593 3884 664; baseline 0.004 -19"><span class='ocrx_word' id='word_1_108' title='bbox 2269 593 2453 647; x_wconf 86' lang='lat' dir='ltr'>verbis</span> <span class='ocrx_word' id='word_1_109' title='bbox 2488 610 2622 648; x_wconf 86' lang='lat' dir='ltr'>mox</span> <span class='ocrx_word' id='word_1_110' title='bbox 2654 596 2798 650; x_wconf 90' lang='lat' dir='ltr'>datis</span> <span class='ocrx_word' id='word_1_111' title='bbox 2820 596 3032 664; x_wconf 86' lang='lat' dir='ltr'>scribit,</span> <span class='ocrx_word' id='word_1_112' title='bbox 3068 594 3330 650; x_wconf 88' lang='lat' dir='ltr'>dubitare</span> <span class='ocrx_word' id='word_1_113' title='bbox 3346 610 3440 648; x_wconf 93' lang='lat' dir='ltr'>me</span> <span class='ocrx_word' id='word_1_114' title='bbox 3464 594 3617 649; x_wconf 86' lang='lat' dir='ltr'>facit.</span> <span class='ocrx_word' id='word_1_115' title='bbox 3652 598 3884 651; x_wconf 85' lang='lat' dir='ltr'>Etenim</span> 
     </span>
    </p>
   </div>
   <div class='ocr_carea' id='block_1_21' title="bbox 2267 679 3886 755">
    <p class='ocr_par' dir='ltr' id='par_1_21' title="bbox 2267 679 3886 755">
     <span class='ocr_line' id='line_1_21' title="bbox 2267 679 3886 755; baseline 0.003 -21"><span class='ocrx_word' id='word_1_116' title='bbox 2267 679 2327 735; x_wconf 90' lang='lat' dir='ltr'>in</span> <span class='ocrx_word' id='word_1_117' title='bbox 2355 683 2645 749; x_wconf 79' lang='lat' dir='ltr'>Chronico,</span> <span class='ocrx_word' id='word_1_118' title='bbox 2676 685 2829 755; x_wconf 90' lang='lat' dir='ltr'>quod</span> <span class='ocrx_word' id='word_1_119' title='bbox 2868 684 3210 738; x_wconf 85' lang='lat' dir='ltr'>concinnato</span> <span class='ocrx_word' id='word_1_120' title='bbox 3253 700 3286 737; x_wconf 90' lang='lat' dir='ltr'>a</span> <span class='ocrx_word' id='word_1_121' title='bbox 3324 700 3382 737; x_wconf 89' lang='lat' dir='ltr'>se</span> <span class='ocrx_word' id='word_1_122' title='bbox 3405 682 3621 737; x_wconf 90' lang='lat' dir='ltr'>ordinis</span> <span class='ocrx_word' id='word_1_123' title='bbox 3648 684 3886 739; x_wconf 85' lang='lat' dir='ltr'>Carthu-</span> 
     </span>
    </p>
   </div>
   <div class='ocr_carea' id='block_1_22' title="bbox 2269 768 3881 842">
    <p class='ocr_par' dir='ltr' id='par_1_22' title="bbox 2269 768 3881 842">
     <span class='ocr_line' id='line_1_22' title="bbox 2269 768 3881 842; baseline 0.004 -19"><span class='ocrx_word' id='word_1_124' title='bbox 2269 768 2473 824; x_wconf 88' lang='lat' dir='ltr'>siensis</span> <span class='ocrx_word' id='word_1_125' title='bbox 2526 773 2848 842; x_wconf 88' lang='lat' dir='ltr'>prospectui</span> <span class='ocrx_word' id='word_1_126' title='bbox 2883 772 3141 838; x_wconf 84' lang='lat' dir='ltr'>attexuit,</span> <span class='ocrx_word' id='word_1_127' title='bbox 3174 771 3253 825; x_wconf 90' lang='lat' dir='ltr'>ita</span> <span class='ocrx_word' id='word_1_128' title='bbox 3280 774 3605 826; x_wconf 85' lang='lat' dir='ltr'>memorat:</span> <span class='ocrx_word' id='word_1_129' title='bbox 3642 795 3669 823; x_wconf 87' lang='grc'>‹‹</span> <span class='ocrx_word' id='word_1_130' title='bbox 3711 775 3881 829; x_wconf 78' lang='lat' dir='ltr'>Anno</span> 
     </span>
    </p>
   </div>
   <div class='ocr_carea' id='block_1_23' title="bbox 2276 859 3881 931">
    <p class='ocr_par' dir='ltr' id='par_1_23' title="bbox 2276 859 3881 931">
     <span class='ocr_line' id='line_1_23' title="bbox 2276 859 3881 931; baseline 0.003 -19"><span class='ocrx_word' id='word_1_131' title='bbox 2276 861 2407 912; x_wconf 88' lang='grc'><strong>1505</strong></span> <span class='ocrx_word' id='word_1_132' title='bbox 2442 859 2803 915; x_wconf 83' lang='lat' dir='ltr'>Carthusiani</span> <span class='ocrx_word' id='word_1_133' title='bbox 2834 860 3105 915; x_wconf 89' lang='lat' dir='ltr'>monachi</span> <span class='ocrx_word' id='word_1_134' title='bbox 3127 860 3186 914; x_wconf 92' lang='lat' dir='ltr'>in</span> <span class='ocrx_word' id='word_1_135' title='bbox 3217 860 3463 931; x_wconf 89' lang='lat' dir='ltr'>capitulo</span> <span class='ocrx_word' id='word_1_136' title='bbox 3498 862 3755 931; x_wconf 83' lang='lat' dir='ltr'>generali</span> <span class='ocrx_word' id='word_1_137' title='bbox 3787 863 3881 917; x_wconf 83' lang='lat' dir='ltr'>Ja-</span> 
     </span>
    </p>
   </div>
   <div class='ocr_carea' id='block_1_24' title="bbox 2271 947 3881 1021">
    <p class='ocr_par' dir='ltr' id='par_1_24' title="bbox 2271 947 3881 1021">
     <span class='ocr_line' id='line_1_24' title="bbox 2271 947 3881 1021; baseline 0.002 -20"><span class='ocrx_word' id='word_1_138' title='bbox 2271 947 2413 1002; x_wconf 92' lang='lat' dir='ltr'>cobo</span> <span class='ocrx_word' id='word_1_139' title='bbox 2449 948 2519 1001; x_wconf 89' lang='lat' dir='ltr'>de</span> <span class='ocrx_word' id='word_1_140' title='bbox 2546 948 2835 1020; x_wconf 80' lang='lat' dir='ltr'>Aragonia</span> <span class='ocrx_word' id='word_1_141' title='bbox 2860 950 3169 1004; x_wconf 73' lang='lat' dir='ltr'>Carthusize</span> <span class='ocrx_word' id='word_1_142' title='bbox 3201 948 3881 1021; x_wconf 62' lang='lat' dir='ltr'>NeapolitanzeMatthazo</span> 
     </span>
    </p>
   </div>
   <div class='ocr_carea' id='block_1_25' title="bbox 2271 1035 3885 1108">
    <p class='ocr_par' dir='ltr' id='par_1_25' title="bbox 2271 1035 3885 1108">
     <span class='ocr_line' id='line_1_25' title="bbox 2271 1035 3885 1108; baseline 0.002 -19"><span class='ocrx_word' id='word_1_143' title='bbox 2271 1035 2668 1103; x_wconf 89' lang='lat' dir='ltr'>Bononiensis,</span> <span class='ocrx_word' id='word_1_144' title='bbox 2728 1038 3009 1093; x_wconf 87' lang='lat' dir='ltr'>Ludovico</span> <span class='ocrx_word' id='word_1_145' title='bbox 3046 1038 3309 1105; x_wconf 67' lang='lat' dir='ltr'>Mantum,</span> <span class='ocrx_word' id='word_1_146' title='bbox 3340 1037 3564 1108; x_wconf 84' lang='lat' dir='ltr'>Hugoni</span> <span class='ocrx_word' id='word_1_147' title='bbox 3598 1039 3885 1093; x_wconf 80' lang='lat' dir='ltr'>Romanae</span> 
     </span>
    </p>
   </div>
   <div class='ocr_carea' id='block_1_26' title="bbox 2271 1125 3888 1200">
    <p class='ocr_par' dir='ltr' id='par_1_26' title="bbox 2271 1125 3888 1200">
     <span class='ocr_line' id='line_1_26' title="bbox 2271 1125 3888 1200; baseline 0.002 -22"><span class='ocrx_word' id='word_1_148' title='bbox 2271 1125 2557 1196; x_wconf 89' lang='lat' dir='ltr'>prioribus</span> <span class='ocrx_word' id='word_1_149' title='bbox 2574 1126 3092 1193; x_wconf 89' lang='lat' dir='ltr'>demandarunt,ut</span> <span class='ocrx_word' id='word_1_150' title='bbox 3109 1127 3523 1181; x_wconf 89' lang='lat' dir='ltr'>monasterium</span> <span class='ocrx_word' id='word_1_151' title='bbox 3543 1126 3888 1200; x_wconf 89' lang='lat' dir='ltr'>S.Stephani</span> 
     </span>
    </p>
   </div>
   <div class='ocr_carea' id='block_1_27' title="bbox 2270 1212 3885 1287">
    <p class='ocr_par' dir='ltr' id='par_1_27' title="bbox 2270 1212 3885 1287">
     <span class='ocr_line' id='line_1_27' title="bbox 2270 1212 3885 1287; baseline 0.002 -22"><span class='ocrx_word' id='word_1_152' title='bbox 2270 1212 2536 1285; x_wconf 82' lang='lat' dir='ltr'>religioni</span> <span class='ocrx_word' id='word_1_153' title='bbox 2565 1214 2985 1269; x_wconf 87' lang='lat' dir='ltr'>restituendum</span> <span class='ocrx_word' id='word_1_154' title='bbox 3007 1217 3295 1269; x_wconf 85' lang='lat' dir='ltr'>curarent.</span> <span class='ocrx_word' id='word_1_155' title='bbox 3317 1215 3380 1268; x_wconf 89' lang='lat' dir='ltr'>Hi</span> <span class='ocrx_word' id='word_1_156' title='bbox 3403 1218 3528 1287; x_wconf 88' lang='lat' dir='ltr'>post</span> <span class='ocrx_word' id='word_1_157' title='bbox 3542 1216 3726 1269; x_wconf 88' lang='lat' dir='ltr'>varios</span> <span class='ocrx_word' id='word_1_158' title='bbox 3748 1231 3885 1269; x_wconf 87' lang='lat' dir='ltr'>eam</span> 
     </span>
    </p>
   </div>
   <div class='ocr_carea' id='block_1_28' title="bbox 2272 1303 3887 1376">
    <p class='ocr_par' dir='ltr' id='par_1_28' title="bbox 2272 1303 3887 1376">
     <span class='ocr_line' id='line_1_28' title="bbox 2272 1303 3887 1376; baseline 0.002 -21"><span class='ocrx_word' id='word_1_159' title='bbox 2272 1303 2611 1357; x_wconf 88' lang='lat' dir='ltr'>memoratis</span> <span class='ocrx_word' id='word_1_160' title='bbox 2637 1303 2910 1357; x_wconf 90' lang='lat' dir='ltr'>cardinali</span> <span class='ocrx_word' id='word_1_161' title='bbox 2941 1305 2997 1357; x_wconf 88' lang='lat' dir='ltr'>et</span> <span class='ocrx_word' id='word_1_162' title='bbox 3010 1303 3421 1357; x_wconf 87' lang='lat' dir='ltr'>Tornafrancia</span> <span class='ocrx_word' id='word_1_163' title='bbox 3451 1307 3887 1376; x_wconf 86' lang='lat' dir='ltr'>tractatus,post</span> 
     </span>
    </p>
   </div>
   <div class='ocr_carea' id='block_1_29' title="bbox 2275 1390 3886 1464">
    <p class='ocr_par' dir='ltr' id='par_1_29' title="bbox 2275 1390 3886 1464">
     <span class='ocr_line' id='line_1_29' title="bbox 2275 1390 3886 1464; baseline 0.001 -21"><span class='ocrx_word' id='word_1_164' title='bbox 2275 1390 2621 1445; x_wconf 87' lang='lat' dir='ltr'>decennium</span> <span class='ocrx_word' id='word_1_165' title='bbox 2654 1394 2993 1463; x_wconf 85' lang='lat' dir='ltr'>protractos,</span> <span class='ocrx_word' id='word_1_166' title='bbox 3028 1392 3241 1446; x_wconf 87' lang='lat' dir='ltr'>mutuis</span> <span class='ocrx_word' id='word_1_167' title='bbox 3260 1392 3393 1446; x_wconf 91' lang='lat' dir='ltr'>hinc</span> <span class='ocrx_word' id='word_1_168' title='bbox 3419 1392 3553 1446; x_wconf 93' lang='lat' dir='ltr'>inde</span> <span class='ocrx_word' id='word_1_169' title='bbox 3592 1392 3886 1464; x_wconf 83' lang='lat' dir='ltr'>petitioni-</span> 
     </span>
    </p>
   </div>
   <div class='ocr_carea' id='block_1_30' title="bbox 2275 1479 3885 1545">
    <p class='ocr_par' dir='ltr' id='par_1_30' title="bbox 2275 1479 3885 1545">
     <span class='ocr_line' id='line_1_30' title="bbox 2275 1479 3885 1545; baseline 0.001 -13"><span class='ocrx_word' id='word_1_170' title='bbox 2275 1479 2380 1533; x_wconf 91' lang='lat' dir='ltr'>bus</span> <span class='ocrx_word' id='word_1_171' title='bbox 2428 1479 2728 1545; x_wconf 90' lang='lat' dir='ltr'>conclusis,</span> <span class='ocrx_word' id='word_1_172' title='bbox 2786 1495 2853 1533; x_wconf 91' lang='lat' dir='ltr'>eo</span> <span class='ocrx_word' id='word_1_173' title='bbox 2901 1481 3349 1534; x_wconf 89' lang='lat' dir='ltr'>controversiam</span> <span class='ocrx_word' id='word_1_174' title='bbox 3400 1480 3785 1545; x_wconf 79' lang='lat' dir='ltr'>adduxerunt,</span> <span class='ocrx_word' id='word_1_175' title='bbox 3823 1482 3885 1534; x_wconf 91' lang='lat' dir='ltr'>ut</span> 
     </span>
    </p>
   </div>
   <div class='ocr_carea' id='block_1_31' title="bbox 2278 1566 3886 1639">
    <p class='ocr_par' dir='ltr' id='par_1_31' title="bbox 2278 1566 3886 1639">
     <span class='ocr_line' id='line_1_31' title="bbox 2278 1566 3886 1639; baseline 0.001 -19"><span class='ocrx_word' id='word_1_176' title='bbox 2278 1566 2697 1621; x_wconf 88' lang='lat' dir='ltr'>monasterium</span> <span class='ocrx_word' id='word_1_177' title='bbox 2723 1566 2780 1621; x_wconf 90' lang='lat' dir='ltr'>in</span> <span class='ocrx_word' id='word_1_178' title='bbox 2804 1568 3015 1621; x_wconf 90' lang='lat' dir='ltr'>summi</span> <span class='ocrx_word' id='word_1_179' title='bbox 3046 1567 3331 1639; x_wconf 83' lang='lat' dir='ltr'>pontiﬁcis</span> <span class='ocrx_word' id='word_1_180' title='bbox 3346 1567 3598 1622; x_wconf 85' lang='lat' dir='ltr'>LeonisX</span> <span class='ocrx_word' id='word_1_181' title='bbox 3617 1568 3886 1623; x_wconf 86' lang='lat' dir='ltr'>manibus</span> 
     </span>
    </p>
   </div>
   <div class='ocr_carea' id='block_1_32' title="bbox 2279 1654 3888 1728">
    <p class='ocr_par' dir='ltr' id='par_1_32' title="bbox 2279 1654 3888 1728">
     <span class='ocr_line' id='line_1_32' title="bbox 2279 1654 3888 1728; baseline 0.001 -19"><span class='ocrx_word' id='word_1_182' title='bbox 2279 1655 2584 1710; x_wconf 90' lang='lat' dir='ltr'>cardinalis</span> <span class='ocrx_word' id='word_1_183' title='bbox 2611 1654 2954 1728; x_wconf 82' lang='lat' dir='ltr'>resignaret,</span> <span class='ocrx_word' id='word_1_184' title='bbox 2982 1673 3094 1728; x_wconf 90' lang='lat' dir='ltr'>quo</span> <span class='ocrx_word' id='word_1_185' title='bbox 3113 1656 3724 1728; x_wconf 83' lang='lat' dir='ltr'>adimpleto,pontifex</span> <span class='ocrx_word' id='word_1_186' title='bbox 3752 1656 3888 1711; x_wconf 88' lang='lat' dir='ltr'>Car-</span> 
     </span>
    </p>
   </div>
   <div class='ocr_carea' id='block_1_33' title="bbox 567 1743 3892 1828">
    <p class='ocr_par' dir='ltr' id='par_1_33' title="bbox 567 1743 3892 1828">
     <span class='ocr_line' id='line_1_33' title="bbox 567 1743 3892 1828; baseline -0.005 -14"><span class='ocrx_word' id='word_1_187' title='bbox 567 1776 674 1815; x_wconf 89' lang='lat' dir='ltr'>nus</span> <span class='ocrx_word' id='word_1_188' title='bbox 691 1754 1006 1828; x_wconf 70' lang='lat' dir='ltr'>smpissime</span> <span class='ocrx_word' id='word_1_189' title='bbox 1016 1753 1144 1824; x_wconf 91' lang='lat' dir='ltr'>jam</span> <span class='ocrx_word' id='word_1_190' title='bbox 1158 1747 1504 1815; x_wconf 87' lang='lat' dir='ltr'>laudatas,in</span> <span class='ocrx_word' id='word_1_191' title='bbox 1522 1745 1776 1800; x_wconf 80' lang='lat' dir='ltr'>historiae</span> <span class='ocrx_word' id='word_1_192' title='bbox 1793 1743 2009 1800; x_wconf 90' lang='lat' dir='ltr'>ordinis</span> <span class='ocrx_word' id='word_1_193' title='bbox 2040 1743 2175 1798; x_wconf 88' lang='lat' dir='ltr'>Car-</span> <span class='ocrx_word' id='word_1_194' title='bbox 2203 1747 2254 1805; x_wconf 92' lang='lat' dir='ltr'><strong>B</strong></span> <span class='ocrx_word' id='word_1_195' title='bbox 2279 1743 2558 1799; x_wconf 89' lang='lat' dir='ltr'>thusianis</span> <span class='ocrx_word' id='word_1_196' title='bbox 2604 1760 2736 1798; x_wconf 91' lang='lat' dir='ltr'>cum</span> <span class='ocrx_word' id='word_1_197' title='bbox 2756 1744 3022 1799; x_wconf 89' lang='lat' dir='ltr'>omnibus</span> <span class='ocrx_word' id='word_1_198' title='bbox 3050 1746 3174 1816; x_wconf 88' lang='lat' dir='ltr'>ejus</span> <span class='ocrx_word' id='word_1_199' title='bbox 3200 1745 3366 1800; x_wconf 88' lang='lat' dir='ltr'>bonis</span> <span class='ocrx_word' id='word_1_200' title='bbox 3380 1745 3591 1799; x_wconf 91' lang='lat' dir='ltr'>iterum</span> <span class='ocrx_word' id='word_1_201' title='bbox 3608 1745 3892 1800; x_wconf 89' lang='lat' dir='ltr'>concessit</span> 
     </span>
    </p>
   </div>
   <div class='ocr_carea' id='block_1_34' title="bbox 566 1836 2175 1916">
    <p class='ocr_par' dir='ltr' id='par_1_34' title="bbox 566 1836 2175 1916">
     <span class='ocr_line' id='line_1_34' title="bbox 566 1836 2175 1916; baseline -0.011 -13"><span class='ocrx_word' id='word_1_202' title='bbox 566 1843 873 1904; x_wconf 89' lang='lat' dir='ltr'>thusiensis</span> <span class='ocrx_word' id='word_1_203' title='bbox 894 1843 1200 1916; x_wconf 90' lang='lat' dir='ltr'>prospectu</span> <span class='ocrx_word' id='word_1_204' title='bbox 1215 1837 1287 1892; x_wconf 89' lang='lat' dir='ltr'>ad</span> <span class='ocrx_word' id='word_1_205' title='bbox 1301 1852 1519 1892; x_wconf 88' lang='lat' dir='ltr'>annum</span> <span class='ocrx_word' id='word_1_206' title='bbox 1540 1836 1696 1902; x_wconf 76' lang='grc'><strong>1504,</strong></span> <span class='ocrx_word' id='word_1_207' title='bbox 1714 1850 1817 1905; x_wconf 92' lang='lat' dir='ltr'>pro</span> <span class='ocrx_word' id='word_1_208' title='bbox 1833 1850 1945 1904; x_wconf 90' lang='lat' dir='ltr'>quo</span> <span class='ocrx_word' id='word_1_209' title='bbox 1974 1836 2175 1886; x_wconf 90' lang='lat' dir='ltr'>tamen</span> 
     </span>
    </p>
   </div>
   <div class='ocr_carea' id='block_1_35' title="bbox 551 1921 2179 2009">
    <p class='ocr_par' dir='ltr' id='par_1_35' title="bbox 551 1921 2179 2009">
     <span class='ocr_line' id='line_1_35' title="bbox 551 1921 2179 2009; baseline -0.012 -17"><span class='ocrx_word' id='word_1_210' title='bbox 551 1947 876 2009; x_wconf 84' lang='lat' dir='ltr'>perperam</span> <span class='ocrx_word' id='word_1_211' title='bbox 906 1929 1171 1986; x_wconf 87' lang='lat' dir='ltr'>scribitur</span> <span class='ocrx_word' id='word_1_212' title='bbox 1196 1928 1353 1993; x_wconf 89' lang='grc'><strong>1503,</strong></span> <span class='ocrx_word' id='word_1_213' title='bbox 1390 1924 1472 1978; x_wconf 92' lang='lat' dir='ltr'>ita</span> <span class='ocrx_word' id='word_1_214' title='bbox 1488 1922 1683 1996; x_wconf 86' lang='lat' dir='ltr'>prodit</span> <span class='ocrx_word' id='word_1_215' title='bbox 1714 1921 2015 1976; x_wconf 66' lang='lat' dir='ltr'>memoriae</span> <span class='ocrx_word' id='word_1_216' title='bbox 2048 1938 2060 1975; x_wconf 89' lang='lat'><strong>:</strong></span> <span class='ocrx_word' id='word_1_217' title='bbox 2085 1921 2179 1974; x_wconf 83' lang='lat' dir='ltr'>«In</span> 
     </span>
    </p>
   </div>
   <div class='ocr_carea' id='block_1_36' title="bbox 570 2009 2180 2098">
    <p class='ocr_par' dir='ltr' id='par_1_36' title="bbox 570 2009 2180 2098">
     <span class='ocr_line' id='line_1_36' title="bbox 570 2009 2180 2098; baseline -0.012 -17"><span class='ocrx_word' id='word_1_218' title='bbox 570 2022 829 2098; x_wconf 89' lang='lat' dir='ltr'>generali</span> <span class='ocrx_word' id='word_1_219' title='bbox 859 2009 1414 2091; x_wconf 74' lang='lat' dir='ltr'>(Carthusianorum)</span> <span class='ocrx_word' id='word_1_220' title='bbox 1448 2012 1717 2084; x_wconf 90' lang='lat' dir='ltr'>capitulo,</span> <span class='ocrx_word' id='word_1_221' title='bbox 1750 2010 1859 2065; x_wconf 91' lang='lat' dir='ltr'>hoc</span> <span class='ocrx_word' id='word_1_222' title='bbox 1890 2025 2043 2064; x_wconf 90' lang='lat' dir='ltr'>anno</span> <span class='ocrx_word' id='word_1_223' title='bbox 2089 2025 2180 2063; x_wconf 92' lang='lat' dir='ltr'>ce-</span> 
     </span>
    </p>
   </div>
   <div class='ocr_carea' id='block_1_37' title="bbox 568 2098 2179 2180">
    <p class='ocr_par' dir='ltr' id='par_1_37' title="bbox 568 2098 2179 2180">
     <span class='ocr_line' id='line_1_37' title="bbox 568 2098 2179 2180; baseline -0.012 -11"><span class='ocrx_word' id='word_1_224' title='bbox 568 2114 812 2177; x_wconf 90' lang='lat' dir='ltr'>lebrato,</span> <span class='ocrx_word' id='word_1_225' title='bbox 840 2108 1063 2180; x_wconf 89' lang='lat' dir='ltr'>priores</span> <span class='ocrx_word' id='word_1_226' title='bbox 1093 2100 1453 2160; x_wconf 88' lang='lat' dir='ltr'>Carthusiani</span> <span class='ocrx_word' id='word_1_227' title='bbox 1483 2101 1807 2154; x_wconf 83' lang='lat' dir='ltr'>tractarunt</span> <span class='ocrx_word' id='word_1_228' title='bbox 1860 2098 1931 2151; x_wconf 91' lang='lat' dir='ltr'>de</span> <span class='ocrx_word' id='word_1_229' title='bbox 1975 2112 2179 2168; x_wconf 91' lang='lat' dir='ltr'>procu-</span> 
     </span>
    </p>
   </div>
   <div class='ocr_carea' id='block_1_38' title="bbox 569 2187 2179 2257">
    <p class='ocr_par' dir='ltr' id='par_1_38' title="bbox 569 2187 2179 2257">
     <span class='ocr_line' id='line_1_38' title="bbox 569 2187 2179 2257; baseline -0.012 -1"><span class='ocrx_word' id='word_1_230' title='bbox 569 2199 755 2257; x_wconf 91' lang='lat' dir='ltr'>randa</span> <span class='ocrx_word' id='word_1_231' title='bbox 783 2193 1219 2252; x_wconf 89' lang='lat' dir='ltr'>canonizatione</span> <span class='ocrx_word' id='word_1_232' title='bbox 1248 2191 1306 2246; x_wconf 92' lang='grc'>8.</span> <span class='ocrx_word' id='word_1_233' title='bbox 1335 2188 1635 2253; x_wconf 88' lang='lat' dir='ltr'>Brunonis,</span> <span class='ocrx_word' id='word_1_234' title='bbox 1659 2190 1717 2241; x_wconf 92' lang='lat' dir='ltr'>et</span> <span class='ocrx_word' id='word_1_235' title='bbox 1746 2187 1815 2241; x_wconf 93' lang='lat' dir='ltr'>de</span> <span class='ocrx_word' id='word_1_236' title='bbox 1832 2201 2179 2256; x_wconf 86' lang='lat' dir='ltr'>recuperan-</span> 
     </span>
    </p>
   </div>
   <div class='ocr_carea' id='block_1_39' title="bbox 572 2274 2182 2353">
    <p class='ocr_par' dir='ltr' id='par_1_39' title="bbox 572 2274 2182 2353">
     <span class='ocr_line' id='line_1_39' title="bbox 572 2274 2182 2353; baseline -0.011 -9"><span class='ocrx_word' id='word_1_237' title='bbox 572 2291 647 2345; x_wconf 90' lang='lat' dir='ltr'>da</span> <span class='ocrx_word' id='word_1_238' title='bbox 677 2283 977 2343; x_wconf 87' lang='lat' dir='ltr'>Carthusia</span> <span class='ocrx_word' id='word_1_239' title='bbox 994 2278 1337 2353; x_wconf 88' lang='lat' dir='ltr'>S.Stephani</span> <span class='ocrx_word' id='word_1_240' title='bbox 1353 2277 1422 2333; x_wconf 93' lang='lat' dir='ltr'>de</span> <span class='ocrx_word' id='word_1_241' title='bbox 1441 2291 1837 2347; x_wconf 72' lang='lat' dir='ltr'>nemore,qua:</span> <span class='ocrx_word' id='word_1_242' title='bbox 1864 2274 1984 2328; x_wconf 88' lang='lat' dir='ltr'>fere</span> <span class='ocrx_word' id='word_1_243' title='bbox 1998 2289 2182 2329; x_wconf 91' lang='lat' dir='ltr'>annos</span> 
     </span>
    </p>
   </div>
   <div class='ocr_carea' id='block_1_40' title="bbox 572 2361 2181 2444">
    <p class='ocr_par' dir='ltr' id='par_1_40' title="bbox 572 2361 2181 2444">
     <span class='ocr_line' id='line_1_40' title="bbox 572 2361 2181 2444; baseline -0.011 -12"><span class='ocrx_word' id='word_1_244' title='bbox 572 2378 900 2433; x_wconf 90' lang='lat' dir='ltr'>tercentum</span> <span class='ocrx_word' id='word_1_245' title='bbox 930 2387 1110 2444; x_wconf 88' lang='lat' dir='ltr'>penes</span> <span class='ocrx_word' id='word_1_246' title='bbox 1144 2365 1563 2432; x_wconf 88' lang='lat' dir='ltr'>Cistercienses,</span> <span class='ocrx_word' id='word_1_247' title='bbox 1596 2368 1654 2418; x_wconf 89' lang='lat' dir='ltr'>et</span> <span class='ocrx_word' id='word_1_248' title='bbox 1711 2362 1919 2418; x_wconf 90' lang='lat' dir='ltr'>deinde</span> <span class='ocrx_word' id='word_1_249' title='bbox 1967 2361 2181 2435; x_wconf 68' lang='lat' dir='ltr'>(seaculi</span> 
     </span>
    </p>
   </div>
   <div class='ocr_carea' id='block_1_41' title="bbox 573 2450 2183 2529">
    <p class='ocr_par' dir='ltr' id='par_1_41' title="bbox 573 2450 2183 2529">
     <span class='ocr_line' id='line_1_41' title="bbox 573 2450 2183 2529; baseline -0.011 -8"><span class='ocrx_word' id='word_1_250' title='bbox 573 2464 872 2529; x_wconf 89' lang='lat' dir='ltr'>nimirum,</span> <span class='ocrx_word' id='word_1_251' title='bbox 904 2461 949 2515; x_wconf 90' lang='lat' dir='ltr'>si</span> <span class='ocrx_word' id='word_1_252' title='bbox 982 2460 1041 2514; x_wconf 90' lang='lat' dir='ltr'>in</span> <span class='ocrx_word' id='word_1_253' title='bbox 1073 2456 1232 2512; x_wconf 90' lang='lat' dir='ltr'>brevi</span> <span class='ocrx_word' id='word_1_254' title='bbox 1278 2451 1614 2510; x_wconf 88' lang='lat' dir='ltr'>monasterii</span> <span class='ocrx_word' id='word_1_255' title='bbox 1674 2450 1731 2506; x_wconf 91' lang='lat' dir='ltr'>S.</span> <span class='ocrx_word' id='word_1_256' title='bbox 1780 2450 2056 2522; x_wconf 89' lang='lat' dir='ltr'>Stephani</span> <span class='ocrx_word' id='word_1_257' title='bbox 2111 2450 2183 2505; x_wconf 91' lang='lat' dir='ltr'>de</span> 
     </span>
    </p>
   </div>
   <div class='ocr_carea' id='block_1_42' title="bbox 577 2540 2184 2616">
    <p class='ocr_par' dir='ltr' id='par_1_42' title="bbox 577 2540 2184 2616">
     <span class='ocr_line' id='line_1_42' title="bbox 577 2540 2184 2616; baseline -0.011 -7"><span class='ocrx_word' id='word_1_258' title='bbox 577 2569 754 2609; x_wconf 89' lang='lat' dir='ltr'>nemo</span> <span class='ocrx_word' id='word_1_259' title='bbox 778 2547 1060 2606; x_wconf 88' lang='lat' dir='ltr'>Chronico</span> <span class='ocrx_word' id='word_1_260' title='bbox 1088 2543 1525 2616; x_wconf 90' lang='lat' dir='ltr'>apudTutinum</span> <span class='ocrx_word' id='word_1_261' title='bbox 1552 2557 1686 2613; x_wconf 86' lang='lat' dir='ltr'>pag.</span> <span class='ocrx_word' id='word_1_262' title='bbox 1710 2543 1807 2594; x_wconf 85' lang='grc'><strong>195</strong></span> <span class='ocrx_word' id='word_1_263' title='bbox 1834 2542 1989 2593; x_wconf 87' lang='lat' dir='ltr'>recte</span> <span class='ocrx_word' id='word_1_264' title='bbox 2023 2540 2184 2593; x_wconf 90' lang='lat' dir='ltr'>note-</span> 
     </span>
    </p>
   </div>
   <div class='ocr_carea' id='block_1_43' title="bbox 570 2627 2179 2712">
    <p class='ocr_par' dir='ltr' id='par_1_43' title="bbox 570 2627 2179 2712">
     <span class='ocr_line' id='line_1_43' title="bbox 570 2627 2179 2712; baseline -0.011 -15"><span class='ocrx_word' id='word_1_265' title='bbox 570 2646 684 2709; x_wconf 92' lang='lat' dir='ltr'>tur,</span> <span class='ocrx_word' id='word_1_266' title='bbox 713 2637 900 2712; x_wconf 88' lang='lat' dir='ltr'>quinti</span> <span class='ocrx_word' id='word_1_267' title='bbox 930 2635 1137 2691; x_wconf 88' lang='lat' dir='ltr'>decimi</span> <span class='ocrx_word' id='word_1_268' title='bbox 1169 2632 1357 2694; x_wconf 88' lang='lat' dir='ltr'>initio,</span> <span class='ocrx_word' id='word_1_269' title='bbox 1392 2633 1490 2685; x_wconf 90' lang='lat' dir='ltr'>aut</span> <span class='ocrx_word' id='word_1_270' title='bbox 1517 2629 1692 2683; x_wconf 86' lang='lat' dir='ltr'>etiam</span> <span class='ocrx_word' id='word_1_271' title='bbox 1712 2628 1971 2683; x_wconf 89' lang='lat' dir='ltr'>nonnihil</span> <span class='ocrx_word' id='word_1_272' title='bbox 1995 2627 2179 2695; x_wconf 89' lang='lat' dir='ltr'>citius)</span> 
     </span>
    </p>
   </div>
   <div class='ocr_carea' id='block_1_44' title="bbox 572 2714 2184 2789">
    <p class='ocr_par' dir='ltr' id='par_1_44' title="bbox 572 2714 2184 2789">
     <span class='ocr_line' id='line_1_44' title="bbox 572 2714 2184 2789; baseline -0.011 -4"><span class='ocrx_word' id='word_1_273' title='bbox 572 2731 647 2786; x_wconf 90' lang='lat' dir='ltr'>ad</span> <span class='ocrx_word' id='word_1_274' title='bbox 692 2727 928 2783; x_wconf 89' lang='lat' dir='ltr'>abbates</span> <span class='ocrx_word' id='word_1_275' title='bbox 980 2718 1509 2779; x_wconf 88' lang='lat' dir='ltr'>commendatarios</span> <span class='ocrx_word' id='word_1_276' title='bbox 1539 2719 1893 2789; x_wconf 87' lang='lat' dir='ltr'>pervenerat.</span> <span class='ocrx_word' id='word_1_277' title='bbox 1932 2716 2072 2769; x_wconf 84' lang='lat' dir='ltr'>Hinc</span> <span class='ocrx_word' id='word_1_278' title='bbox 2111 2714 2184 2769; x_wconf 90' lang='lat' dir='ltr'>ad</span> 
     </span>
    </p>
   </div>
   <div class='ocr_carea' id='block_1_45' title="bbox 576 2803 2185 2888">
    <p class='ocr_par' dir='ltr' id='par_1_45' title="bbox 576 2803 2185 2888">
     <span class='ocr_line' id='line_1_45' title="bbox 576 2803 2185 2888; baseline -0.012 -13"><span class='ocrx_word' id='word_1_279' title='bbox 576 2819 739 2875; x_wconf 88' lang='lat' dir='ltr'>litem</span> <span class='ocrx_word' id='word_1_280' title='bbox 772 2811 1238 2888; x_wconf 88' lang='lat' dir='ltr'>prosequendam</span> <span class='ocrx_word' id='word_1_281' title='bbox 1273 2808 1516 2864; x_wconf 81' lang='lat' dir='ltr'>Jacobus</span> <span class='ocrx_word' id='word_1_282' title='bbox 1567 2806 1638 2861; x_wconf 90' lang='lat' dir='ltr'>de</span> <span class='ocrx_word' id='word_1_283' title='bbox 1666 2805 1975 2876; x_wconf 85' lang='lat' dir='ltr'>Aragonia,</span> <span class='ocrx_word' id='word_1_284' title='bbox 2023 2803 2185 2876; x_wconf 90' lang='lat' dir='ltr'>prior</span> 
     </span>
    </p>
   </div>
   <div class='ocr_carea' id='block_1_46' title="bbox 575 2891 2181 2971">
    <p class='ocr_par' dir='ltr' id='par_1_46' title="bbox 575 2891 2181 2971">
     <span class='ocr_line' id='line_1_46' title="bbox 575 2891 2181 2971; baseline -0.011 -8"><span class='ocrx_word' id='word_1_285' title='bbox 575 2904 888 2963; x_wconf 75' lang='lat' dir='ltr'>Carthusize</span> <span class='ocrx_word' id='word_1_286' title='bbox 933 2899 1344 2971; x_wconf 57' lang='lat' dir='ltr'>Neapolitanis,</span> <span class='ocrx_word' id='word_1_287' title='bbox 1376 2896 1671 2951; x_wconf 80' lang='lat' dir='ltr'>Matthacus</span> <span class='ocrx_word' id='word_1_288' title='bbox 1703 2894 1862 2965; x_wconf 88' lang='lat' dir='ltr'>prior</span> <span class='ocrx_word' id='word_1_289' title='bbox 1888 2891 2181 2958; x_wconf 65' lang='lat' dir='ltr'>Bononiae,</span> 
     </span>
    </p>
   </div>
   <div class='ocr_carea' id='block_1_47' title="bbox 576 2980 2187 3064">
    <p class='ocr_par' dir='ltr' id='par_1_47' title="bbox 576 2980 2187 3064">
     <span class='ocr_line' id='line_1_47' title="bbox 576 2980 2187 3064; baseline -0.011 -13"><span class='ocrx_word' id='word_1_290' title='bbox 576 2993 892 3052; x_wconf 90' lang='lat' dir='ltr'>Ludovicus</span> <span class='ocrx_word' id='word_1_291' title='bbox 905 2990 1062 3064; x_wconf 92' lang='lat' dir='ltr'>prior</span> <span class='ocrx_word' id='word_1_292' title='bbox 1077 2989 1397 3043; x_wconf 63' lang='lat' dir='ltr'>Mantuanae</span> <span class='ocrx_word' id='word_1_293' title='bbox 1418 2982 1816 3047; x_wconf 64' lang='lat' dir='ltr'>Carthusiaa,et</span> <span class='ocrx_word' id='word_1_294' title='bbox 1836 2982 1996 3053; x_wconf 86' lang='lat' dir='ltr'>Hugo</span> <span class='ocrx_word' id='word_1_295' title='bbox 2027 2980 2187 3052; x_wconf 89' lang='lat' dir='ltr'>prior</span> 
     </span>
    </p>
   </div>
   <div class='ocr_carea' id='block_1_48' title="bbox 582 3071 2186 3145">
    <p class='ocr_par' dir='ltr' id='par_1_48' title="bbox 582 3071 2186 3145">
     <span class='ocr_line' id='line_1_48' title="bbox 582 3071 2186 3145; baseline -0.012 -5"><span class='ocrx_word' id='word_1_296' title='bbox 582 3081 894 3140; x_wconf 61' lang='lat' dir='ltr'>Carthusiae</span> <span class='ocrx_word' id='word_1_297' title='bbox 918 3080 1194 3133; x_wconf 70' lang='lat' dir='ltr'>Romamn</span> <span class='ocrx_word' id='word_1_298' title='bbox 1218 3072 1729 3145; x_wconf 87' lang='lat' dir='ltr'>deputantur.Erat</span> <span class='ocrx_word' id='word_1_299' title='bbox 1760 3086 1828 3123; x_wconf 92' lang='lat' dir='ltr'>ea</span> <span class='ocrx_word' id='word_1_300' title='bbox 1844 3071 2186 3139; x_wconf 89' lang='lat' dir='ltr'>tempestate</span> 
     </span>
    </p>
   </div>
   <div class='ocr_carea' id='block_1_49' title="bbox 581 3157 2190 3229">
    <p class='ocr_par' dir='ltr' id='par_1_49' title="bbox 581 3157 2190 3229">
     <span class='ocr_line' id='line_1_49' title="bbox 581 3157 2190 3229; baseline -0.013 0"><span class='ocrx_word' id='word_1_301' title='bbox 581 3173 758 3229; x_wconf 85' lang='lat' dir='ltr'>abbas</span> <span class='ocrx_word' id='word_1_302' title='bbox 779 3163 1307 3226; x_wconf 89' lang='lat' dir='ltr'>commendatarius</span> <span class='ocrx_word' id='word_1_303' title='bbox 1320 3160 1635 3216; x_wconf 88' lang='lat' dir='ltr'>Ludovicus</span> <span class='ocrx_word' id='word_1_304' title='bbox 1649 3157 1954 3213; x_wconf 89' lang='lat' dir='ltr'>cardinalis</span> <span class='ocrx_word' id='word_1_305' title='bbox 1968 3157 2038 3210; x_wconf 92' lang='lat' dir='ltr'>de</span> <span class='ocrx_word' id='word_1_306' title='bbox 2054 3157 2190 3209; x_wconf 86' lang='lat' dir='ltr'>Ara-</span> 
     </span>
    </p>
   </div>
   <div class='ocr_carea' id='block_1_50' title="bbox 584 3243 2187 3333">
    <p class='ocr_par' dir='ltr' id='par_1_50' title="bbox 584 3243 2187 3333">
     <span class='ocr_line' id='line_1_50' title="bbox 584 3243 2187 3333; baseline -0.014 -15"><span class='ocrx_word' id='word_1_307' title='bbox 584 3253 1176 3333; x_wconf 89' lang='lat' dir='ltr'>gonia,Ferdinandil</span> <span class='ocrx_word' id='word_1_308' title='bbox 1206 3250 1360 3321; x_wconf 89' lang='lat' dir='ltr'>regis</span> <span class='ocrx_word' id='word_1_309' title='bbox 1384 3250 1561 3317; x_wconf 87' lang='lat' dir='ltr'>Neap.</span> <span class='ocrx_word' id='word_1_310' title='bbox 1593 3263 1794 3318; x_wconf 87' lang='lat' dir='ltr'>nepos.</span> <span class='ocrx_word' id='word_1_311' title='bbox 1827 3243 2187 3333; x_wconf 82' lang='lat' dir='ltr'>Jacobusigi-</span> 
     </span>
    </p>
   </div>
   <div class='ocr_carea' id='block_1_51' title="bbox 581 3331 2190 3418">
    <p class='ocr_par' dir='ltr' id='par_1_51' title="bbox 581 3331 2190 3418">
     <span class='ocr_line' id='line_1_51' title="bbox 581 3331 2190 3418; baseline -0.012 -14"><span class='ocrx_word' id='word_1_312' title='bbox 581 3331 697 3414; x_wconf 74' lang='lat' dir='ltr'>tur,</span> <span class='ocrx_word' id='word_1_313' title='bbox 731 3361 905 3418; x_wconf 91' lang='lat' dir='ltr'>quem</span> <span class='ocrx_word' id='word_1_314' title='bbox 960 3358 1134 3414; x_wconf 86' lang='lat' dir='ltr'>supra</span> <span class='ocrx_word' id='word_1_315' title='bbox 1162 3336 1636 3401; x_wconf 88' lang='lat' dir='ltr'>memoravimus,</span> <span class='ocrx_word' id='word_1_316' title='bbox 1666 3351 1797 3388; x_wconf 92' lang='lat' dir='ltr'>cum</span> <span class='ocrx_word' id='word_1_317' title='bbox 1829 3336 1975 3388; x_wconf 89' lang='lat' dir='ltr'>esset</span> <span class='ocrx_word' id='word_1_318' title='bbox 2004 3331 2190 3387; x_wconf 88' lang='lat' dir='ltr'>cardi-</span> 
     </span>
    </p>
   </div>
   <div class='ocr_carea' id='block_1_52' title="bbox 585 3420 2194 3499">
    <p class='ocr_par' dir='ltr' id='par_1_52' title="bbox 585 3420 2194 3499">
     <span class='ocr_line' id='line_1_52' title="bbox 585 3420 2194 3499; baseline -0.011 -8"><span class='ocrx_word' id='word_1_319' title='bbox 585 3435 731 3492; x_wconf 88' lang='lat' dir='ltr'>nalis</span> <span class='ocrx_word' id='word_1_320' title='bbox 757 3431 966 3497; x_wconf 83' lang='lat' dir='ltr'>afﬁnis,</span> <span class='ocrx_word' id='word_1_321' title='bbox 990 3431 1186 3483; x_wconf 71' lang='lat' dir='ltr'>Romae</span> <span class='ocrx_word' id='word_1_322' title='bbox 1217 3442 1349 3480; x_wconf 93' lang='lat' dir='ltr'>cum</span> <span class='ocrx_word' id='word_1_323' title='bbox 1380 3424 1587 3479; x_wconf 89' lang='lat' dir='ltr'>eodem</span> <span class='ocrx_word' id='word_1_324' title='bbox 1620 3421 1926 3499; x_wconf 66' lang='lat' dir='ltr'>caeterique</span> <span class='ocrx_word' id='word_1_325' title='bbox 1970 3420 2194 3491; x_wconf 86' lang='lat' dir='ltr'>priores</span> 
     </span>
    </p>
   </div>
   <div class='ocr_carea' id='block_1_53' title="bbox 585 3508 2196 3587">
    <p class='ocr_par' dir='ltr' id='par_1_53' title="bbox 585 3508 2196 3587">
     <span class='ocr_line' id='line_1_53' title="bbox 585 3508 2196 3587; baseline -0.011 -8"><span class='ocrx_word' id='word_1_326' title='bbox 585 3524 655 3579; x_wconf 93' lang='lat' dir='ltr'>de</span> <span class='ocrx_word' id='word_1_327' title='bbox 688 3519 1049 3577; x_wconf 88' lang='lat' dir='ltr'>restitutione</span> <span class='ocrx_word' id='word_1_328' title='bbox 1068 3518 1267 3587; x_wconf 90' lang='lat' dir='ltr'>agunt,</span> <span class='ocrx_word' id='word_1_329' title='bbox 1293 3516 1350 3568; x_wconf 92' lang='lat' dir='ltr'>et</span> <span class='ocrx_word' id='word_1_330' title='bbox 1370 3511 1636 3584; x_wconf 90' lang='lat' dir='ltr'>plurimis</span> <span class='ocrx_word' id='word_1_331' title='bbox 1652 3510 1785 3565; x_wconf 91' lang='lat' dir='ltr'>hinc</span> <span class='ocrx_word' id='word_1_332' title='bbox 1799 3509 1933 3563; x_wconf 88' lang='lat' dir='ltr'>inde</span> <span class='ocrx_word' id='word_1_333' title='bbox 1947 3508 2196 3563; x_wconf 83' lang='lat' dir='ltr'>articulis</span> 
     </span>
    </p>
   </div>
   <div class='ocr_carea' id='block_1_54' title="bbox 585 3598 2196 3676">
    <p class='ocr_par' dir='ltr' id='par_1_54' title="bbox 585 3598 2196 3676">
     <span class='ocr_line' id='line_1_54' title="bbox 585 3598 2196 3676; baseline -0.011 -9"><span class='ocrx_word' id='word_1_334' title='bbox 585 3610 866 3676; x_wconf 89' lang='lat' dir='ltr'>discussis,</span> <span class='ocrx_word' id='word_1_335' title='bbox 901 3610 959 3662; x_wconf 90' lang='lat' dir='ltr'>et</span> <span class='ocrx_word' id='word_1_336' title='bbox 1007 3602 1431 3660; x_wconf 84' lang='lat' dir='ltr'>conditionibus</span> <span class='ocrx_word' id='word_1_337' title='bbox 1481 3598 1773 3672; x_wconf 89' lang='lat' dir='ltr'>appositis,</span> <span class='ocrx_word' id='word_1_338' title='bbox 1807 3598 2112 3653; x_wconf 87' lang='lat' dir='ltr'>cardinalis</span> <span class='ocrx_word' id='word_1_339' title='bbox 2138 3612 2196 3650; x_wconf 90' lang='lat' dir='ltr'>se</span> 
     </span>
    </p>
   </div>
   <div class='ocr_carea' id='block_1_55' title="bbox 588 3686 2197 3769">
    <p class='ocr_par' dir='ltr' id='par_1_55' title="bbox 588 3686 2197 3769">
     <span class='ocr_line' id='line_1_55' title="bbox 588 3686 2197 3769; baseline -0.012 -12"><span class='ocrx_word' id='word_1_340' title='bbox 588 3716 795 3756; x_wconf 82' lang='lat' dir='ltr'>exuere</span> <span class='ocrx_word' id='word_1_341' title='bbox 825 3712 1023 3769; x_wconf 90' lang='lat' dir='ltr'>passus</span> <span class='ocrx_word' id='word_1_342' title='bbox 1047 3696 1150 3749; x_wconf 91' lang='lat' dir='ltr'>est.</span> <span class='ocrx_word' id='word_1_343' title='bbox 1184 3693 1396 3746; x_wconf 84' lang='lat' dir='ltr'>Verum</span> <span class='ocrx_word' id='word_1_344' title='bbox 1447 3705 1577 3744; x_wconf 90' lang='lat' dir='ltr'>cum</span> <span class='ocrx_word' id='word_1_345' title='bbox 1610 3687 1733 3759; x_wconf 89' lang='lat' dir='ltr'>ejus</span> <span class='ocrx_word' id='word_1_346' title='bbox 1760 3687 2016 3742; x_wconf 90' lang='lat' dir='ltr'>redditus</span> <span class='ocrx_word' id='word_1_347' title='bbox 2066 3686 2197 3756; x_wconf 89' lang='lat' dir='ltr'>jure</span> 
     </span>
    </p>
   </div>
   <div class='ocr_carea' id='block_1_56' title="bbox 589 3773 2200 3862">
    <p class='ocr_par' dir='ltr' id='par_1_56' title="bbox 589 3773 2200 3862">
     <span class='ocr_line' id='line_1_56' title="bbox 589 3773 2200 3862; baseline -0.011 -17"><span class='ocrx_word' id='word_1_348' title='bbox 589 3785 999 3862; x_wconf 92' lang='lat' dir='ltr'>emphiteotico</span> <span class='ocrx_word' id='word_1_349' title='bbox 1016 3782 1086 3838; x_wconf 90' lang='lat' dir='ltr'>ab</span> <span class='ocrx_word' id='word_1_350' title='bbox 1105 3778 1466 3852; x_wconf 88' lang='lat' dir='ltr'>Evangelista</span> <span class='ocrx_word' id='word_1_351' title='bbox 1480 3775 1892 3832; x_wconf 87' lang='lat' dir='ltr'>Tornafrancia</span> <span class='ocrx_word' id='word_1_352' title='bbox 1905 3773 2200 3830; x_wconf 86' lang='lat' dir='ltr'>Catacensi</span> 
     </span>
    </p>
   </div>
   <div class='ocr_carea' id='block_1_57' title="bbox 592 3862 2200 3953">
    <p class='ocr_par' dir='ltr' id='par_1_57' title="bbox 592 3862 2200 3953">
     <span class='ocr_line' id='line_1_57' title="bbox 592 3862 2200 3953; baseline -0.012 -19"><span class='ocrx_word' id='word_1_353' title='bbox 592 3876 1043 3953; x_wconf 89' lang='lat' dir='ltr'>possiderentur,</span> <span class='ocrx_word' id='word_1_354' title='bbox 1076 3886 1190 3942; x_wconf 92' lang='lat' dir='ltr'>quo</span> <span class='ocrx_word' id='word_1_355' title='bbox 1230 3872 1329 3937; x_wconf 86' lang='lat' dir='ltr'>[an</span> <span class='ocrx_word' id='word_1_356' title='bbox 1347 3867 1492 3938; x_wconf 84' lang='lat' dir='ltr'>qui?]</span> <span class='ocrx_word' id='word_1_357' title='bbox 1517 3864 1693 3919; x_wconf 88' lang='lat' dir='ltr'>etiam</span> <span class='ocrx_word' id='word_1_358' title='bbox 1732 3879 1833 3917; x_wconf 93' lang='lat' dir='ltr'>suo</span> <span class='ocrx_word' id='word_1_359' title='bbox 1850 3862 1966 3933; x_wconf 86' lang='lat' dir='ltr'>juri</span> <span class='ocrx_word' id='word_1_360' title='bbox 1995 3862 2200 3916; x_wconf 86' lang='lat' dir='ltr'>cedere</span> 
     </span>
    </p>
   </div>
   <div class='ocr_carea' id='block_1_58' title="bbox 594 3950 2205 4042">
    <p class='ocr_par' dir='ltr' id='par_1_58' title="bbox 594 3950 2205 4042">
     <span class='ocr_line' id='line_1_58' title="bbox 594 3950 2205 4042; baseline -0.012 -18"><span class='ocrx_word' id='word_1_361' title='bbox 594 3950 1206 4042; x_wconf 81' lang='lat' dir='ltr'>promiserat,Jacobus</span> <span class='ocrx_word' id='word_1_362' title='bbox 1219 3961 1427 4012; x_wconf 59' lang='lat' dir='ltr'>caetera</span> <span class='ocrx_word' id='word_1_363' title='bbox 1442 3952 2026 4042; x_wconf 58' lang='lat' dir='ltr'>impletusl‘leapolim</span> <span class='ocrx_word' id='word_1_364' title='bbox 2048 3950 2205 4042; x_wconf 82' lang='lat' dir='ltr'>venit</span> 
     </span>
    </p>
   </div>
   <div class='ocr_carea' id='block_1_59' title="bbox 593 4040 2202 4122">
    <p class='ocr_par' dir='ltr' id='par_1_59' title="bbox 593 4040 2202 4122">
     <span class='ocr_line' id='line_1_59' title="bbox 593 4040 2202 4122; baseline -0.012 -10"><span class='ocrx_word' id='word_1_365' title='bbox 593 4040 694 4112; x_wconf 78' lang='lat' dir='ltr'>sed</span> <span class='ocrx_word' id='word_1_366' title='bbox 719 4050 1098 4122; x_wconf 85' lang='lat' dir='ltr'>Evangelista,</span> <span class='ocrx_word' id='word_1_367' title='bbox 1132 4063 1306 4118; x_wconf 85' lang='lat' dir='ltr'>quem</span> <span class='ocrx_word' id='word_1_368' title='bbox 1322 4044 1528 4098; x_wconf 67' lang='lat' dir='ltr'>oblatas</span> <span class='ocrx_word' id='word_1_369' title='bbox 1560 4040 1904 4095; x_wconf 91' lang='lat' dir='ltr'>conditionis</span> <span class='ocrx_word' id='word_1_370' title='bbox 1921 4040 2202 4111; x_wconf 67' lang='lat' dir='ltr'>paenitue-</span> 
     </span>
    </p>
   </div>
   <div class='ocr_carea' id='block_1_60' title="bbox 594 4130 2203 4212">
    <p class='ocr_par' dir='ltr' id='par_1_60' title="bbox 594 4130 2203 4212">
     <span class='ocr_line' id='line_1_60' title="bbox 594 4130 2203 4212; baseline -0.009 -13"><span class='ocrx_word' id='word_1_371' title='bbox 594 4145 707 4209; x_wconf 89' lang='lat' dir='ltr'>rat,</span> <span class='ocrx_word' id='word_1_372' title='bbox 740 4142 878 4212; x_wconf 85' lang='lat' dir='ltr'>fuga</span> <span class='ocrx_word' id='word_1_373' title='bbox 903 4136 1205 4202; x_wconf 87' lang='lat' dir='ltr'>dilabitur;</span> <span class='ocrx_word' id='word_1_374' title='bbox 1232 4149 1429 4187; x_wconf 83' lang='lat' dir='ltr'>verum</span> <span class='ocrx_word' id='word_1_375' title='bbox 1454 4130 1626 4203; x_wconf 90' lang='lat' dir='ltr'>regiis</span> <span class='ocrx_word' id='word_1_376' title='bbox 1661 4130 1933 4184; x_wconf 89' lang='lat' dir='ltr'>adhibitis</span> <span class='ocrx_word' id='word_1_377' title='bbox 1955 4131 2203 4202; x_wconf 88' lang='lat' dir='ltr'>diligen-</span> 
     </span>
    </p>
   </div>
   <div class='ocr_carea' id='block_1_61' title="bbox 595 4219 2133 4298">
    <p class='ocr_par' dir='ltr' id='par_1_61' title="bbox 595 4219 2133 4298">
     <span class='ocr_line' id='line_1_61' title="bbox 595 4219 2133 4298; baseline -0.014 -11"><span class='ocrx_word' id='word_1_378' title='bbox 595 4231 689 4288; x_wconf 89' lang='lat' dir='ltr'>tiis</span> <span class='ocrx_word' id='word_1_379' title='bbox 719 4228 1090 4298; x_wconf 90' lang='lat' dir='ltr'>interceptus,</span> <span class='ocrx_word' id='word_1_380' title='bbox 1132 4239 1197 4278; x_wconf 88' lang='lat' dir='ltr'>ac</span> <span class='ocrx_word' id='word_1_381' title='bbox 1222 4219 1504 4294; x_wconf 89' lang='lat' dir='ltr'>promisso</span> <span class='ocrx_word' id='word_1_382' title='bbox 1537 4222 1687 4274; x_wconf 86' lang='lat' dir='ltr'>stare</span> <span class='ocrx_word' id='word_1_383' title='bbox 1714 4222 1940 4273; x_wconf 90' lang='lat' dir='ltr'>coactus</span> <span class='ocrx_word' id='word_1_384' title='bbox 1968 4223 2070 4274; x_wconf 89' lang='lat' dir='ltr'>est.</span> <span class='ocrx_word' id='word_1_385' title='bbox 2108 4242 2133 4267; x_wconf 85' lang='grc'><strong>››</strong></span> 
     </span>
    </p>
   </div>
   <div class='ocr_carea' id='block_1_62' title="bbox 2280 1832 3892 1907">
    <p class='ocr_par' dir='ltr' id='par_1_62' title="bbox 2280 1832 3892 1907">
     <span class='ocr_line' id='line_1_62' title="bbox 2280 1832 3892 1907; baseline 0.001 -20"><span class='ocrx_word' id='word_1_386' title='bbox 2280 1836 2338 1887; x_wconf 92' lang='lat' dir='ltr'>et</span> <span class='ocrx_word' id='word_1_387' title='bbox 2392 1832 2651 1900; x_wconf 88' lang='lat' dir='ltr'>tradidit,</span> <span class='ocrx_word' id='word_1_388' title='bbox 2686 1836 2742 1887; x_wconf 82' lang='lat' dir='ltr'>et</span> <span class='ocrx_word' id='word_1_389' title='bbox 2774 1833 3121 1888; x_wconf 88' lang='lat' dir='ltr'>abbatialem</span> <span class='ocrx_word' id='word_1_390' title='bbox 3151 1834 3383 1888; x_wconf 90' lang='lat' dir='ltr'>titulum</span> <span class='ocrx_word' id='word_1_391' title='bbox 3439 1833 3753 1906; x_wconf 87' lang='lat' dir='ltr'>suppressit</span> <span class='ocrx_word' id='word_1_392' title='bbox 3787 1851 3892 1907; x_wconf 91' lang='lat' dir='ltr'>per</span> 
     </span>
    </p>
   </div>
   <div class='ocr_carea' id='block_1_63' title="bbox 2279 1921 3889 1989">
    <p class='ocr_par' dir='ltr' id='par_1_63' title="bbox 2279 1921 3889 1989">
     <span class='ocr_line' id='line_1_63' title="bbox 2279 1921 3889 1989; baseline 0 -13"><span class='ocrx_word' id='word_1_393' title='bbox 2279 1921 2499 1976; x_wconf 89' lang='lat' dir='ltr'>bullam</span> <span class='ocrx_word' id='word_1_394' title='bbox 2546 1921 2662 1975; x_wconf 91' lang='lat' dir='ltr'>dat.</span> <span class='ocrx_word' id='word_1_395' title='bbox 2695 1922 2895 1975; x_wconf 79' lang='lat' dir='ltr'>Romae</span> <span class='ocrx_word' id='word_1_396' title='bbox 2931 1924 3086 1977; x_wconf 87' lang='grc'><strong>1513.</strong></span> <span class='ocrx_word' id='word_1_397' title='bbox 3118 1944 3146 1971; x_wconf 86' lang='grc'><strong>››</strong></span> <span class='ocrx_word' id='word_1_398' title='bbox 3199 1922 3406 1989; x_wconf 89' lang='lat' dir='ltr'>Quare,</span> <span class='ocrx_word' id='word_1_399' title='bbox 3445 1938 3575 1976; x_wconf 91' lang='lat' dir='ltr'>cum</span> <span class='ocrx_word' id='word_1_400' title='bbox 3631 1923 3889 1988; x_wconf 88' lang='lat' dir='ltr'>Tutinus,</span> 
     </span>
    </p>
   </div>
   <div class='ocr_carea' id='block_1_64' title="bbox 2283 2008 3889 2082">
    <p class='ocr_par' dir='ltr' id='par_1_64' title="bbox 2283 2008 3889 2082">
     <span class='ocr_line' id='line_1_64' title="bbox 2283 2008 3889 2082; baseline 0 -18"><span class='ocrx_word' id='word_1_401' title='bbox 2283 2009 2500 2065; x_wconf 90' lang='lat' dir='ltr'>ordinis</span> <span class='ocrx_word' id='word_1_402' title='bbox 2531 2008 2944 2064; x_wconf 87' lang='lat' dir='ltr'>Carthusiensis</span> <span class='ocrx_word' id='word_1_403' title='bbox 2974 2009 3261 2082; x_wconf 89' lang='lat' dir='ltr'>prioribus</span> <span class='ocrx_word' id='word_1_404' title='bbox 3279 2009 3373 2064; x_wconf 90' lang='lat' dir='ltr'>hic</span> <span class='ocrx_word' id='word_1_405' title='bbox 3402 2010 3715 2065; x_wconf 88' lang='lat' dir='ltr'>nominatis</span> <span class='ocrx_word' id='word_1_406' title='bbox 3745 2027 3779 2063; x_wconf 89' lang='lat' dir='ltr'>a</span> <span class='ocrx_word' id='word_1_407' title='bbox 3797 2027 3889 2064; x_wconf 91' lang='lat' dir='ltr'>ca-</span> 
     </span>
    </p>
   </div>
   <div class='ocr_carea' id='block_1_65' title="bbox 2282 2097 3897 2170">
    <p class='ocr_par' dir='ltr' id='par_1_65' title="bbox 2282 2097 3897 2170">
     <span class='ocr_line' id='line_1_65' title="bbox 2282 2097 3897 2170; baseline 0.001 -19"><span class='ocrx_word' id='word_1_408' title='bbox 2282 2098 2401 2170; x_wconf 92' lang='lat' dir='ltr'>pito</span> <span class='ocrx_word' id='word_1_409' title='bbox 2434 2097 2713 2170; x_wconf 88' lang='lat' dir='ltr'>generali,</span> <span class='ocrx_word' id='word_1_410' title='bbox 2742 2100 2805 2152; x_wconf 86' lang='lat' dir='ltr'>ut</span> <span class='ocrx_word' id='word_1_411' title='bbox 2825 2098 3163 2153; x_wconf 87' lang='lat' dir='ltr'>monasterii</span> <span class='ocrx_word' id='word_1_412' title='bbox 3194 2097 3253 2153; x_wconf 88' lang='grc'>8.</span> <span class='ocrx_word' id='word_1_413' title='bbox 3279 2098 3557 2170; x_wconf 91' lang='lat' dir='ltr'>Stephani</span> <span class='ocrx_word' id='word_1_414' title='bbox 3590 2115 3897 2170; x_wconf 88' lang='lat' dir='ltr'>recupera-</span> 
     </span>
    </p>
   </div>
   <div class='ocr_carea' id='block_1_66' title="bbox 2282 2186 3895 2259">
    <p class='ocr_par' dir='ltr' id='par_1_66' title="bbox 2282 2186 3895 2259">
     <span class='ocr_line' id='line_1_66' title="bbox 2282 2186 3895 2259; baseline 0.001 -19"><span class='ocrx_word' id='word_1_415' title='bbox 2282 2186 2504 2241; x_wconf 90' lang='lat' dir='ltr'>tionem</span> <span class='ocrx_word' id='word_1_416' title='bbox 2536 2189 2848 2254; x_wconf 85' lang='lat' dir='ltr'>tentarent,</span> <span class='ocrx_word' id='word_1_417' title='bbox 2897 2204 3051 2241; x_wconf 88' lang='lat' dir='ltr'>anno</span> <span class='ocrx_word' id='word_1_418' title='bbox 3094 2187 3331 2242; x_wconf 91' lang='lat' dir='ltr'>demum</span> <span class='ocrx_word' id='word_1_419' title='bbox 3366 2186 3520 2253; x_wconf 87' lang='grc'><strong>1505,</strong></span> <span class='ocrx_word' id='word_1_420' title='bbox 3577 2187 3743 2259; x_wconf 89' lang='lat' dir='ltr'>quod</span> <span class='ocrx_word' id='word_1_421' title='bbox 3768 2188 3895 2259; x_wconf 91' lang='lat' dir='ltr'>jam</span> 
     </span>
    </p>
   </div>
   <div class='ocr_carea' id='block_1_67' title="bbox 2282 2274 3892 2347">
    <p class='ocr_par' dir='ltr' id='par_1_67' title="bbox 2282 2274 3892 2347">
     <span class='ocr_line' id='line_1_67' title="bbox 2282 2274 3892 2347; baseline 0.001 -19"><span class='ocrx_word' id='word_1_422' title='bbox 2282 2274 2418 2328; x_wconf 93' lang='lat' dir='ltr'>inde</span> <span class='ocrx_word' id='word_1_423' title='bbox 2454 2274 2525 2329; x_wconf 89' lang='lat' dir='ltr'>ab</span> <span class='ocrx_word' id='word_1_424' title='bbox 2556 2291 2710 2329; x_wconf 90' lang='lat' dir='ltr'>anno</span> <span class='ocrx_word' id='word_1_425' title='bbox 2756 2277 2891 2329; x_wconf 81' lang='grc'><strong>1504</strong></span> <span class='ocrx_word' id='word_1_426' title='bbox 2912 2275 3127 2330; x_wconf 89' lang='lat' dir='ltr'>factum</span> <span class='ocrx_word' id='word_1_427' title='bbox 3154 2275 3346 2343; x_wconf 84' lang='lat' dir='ltr'>fuisse,</span> <span class='ocrx_word' id='word_1_428' title='bbox 3380 2274 3565 2344; x_wconf 84' lang='lat' dir='ltr'>verbis</span> <span class='ocrx_word' id='word_1_429' title='bbox 3589 2292 3763 2347; x_wconf 88' lang='lat' dir='ltr'>supra</span> <span class='ocrx_word' id='word_1_430' title='bbox 3802 2293 3892 2330; x_wconf 90' lang='lat' dir='ltr'>re-</span> 
     </span>
    </p>
   </div>
   <div class='ocr_carea' id='block_1_68' title="bbox 2282 2362 3896 2435">
    <p class='ocr_par' dir='ltr' id='par_1_68' title="bbox 2282 2362 3896 2435">
     <span class='ocr_line' id='line_1_68' title="bbox 2282 2362 3896 2435; baseline 0.002 -19"><span class='ocrx_word' id='word_1_431' title='bbox 2282 2362 2467 2417; x_wconf 88' lang='lat' dir='ltr'>citatis</span> <span class='ocrx_word' id='word_1_432' title='bbox 2493 2362 2553 2416; x_wconf 90' lang='lat' dir='ltr'>in</span> <span class='ocrx_word' id='word_1_433' title='bbox 2585 2367 2890 2435; x_wconf 91' lang='lat' dir='ltr'>prospectu</span> <span class='ocrx_word' id='word_1_434' title='bbox 2923 2364 3214 2431; x_wconf 91' lang='lat' dir='ltr'>docuerat,</span> <span class='ocrx_word' id='word_1_435' title='bbox 3261 2365 3319 2419; x_wconf 89' lang='lat' dir='ltr'>in</span> <span class='ocrx_word' id='word_1_436' title='bbox 3359 2363 3647 2418; x_wconf 85' lang='lat' dir='ltr'>mandatis</span> <span class='ocrx_word' id='word_1_437' title='bbox 3692 2364 3896 2419; x_wconf 88' lang='lat' dir='ltr'>datum</span> 
     </span>
    </p>
   </div>
   <div class='ocr_carea' id='block_1_69' title="bbox 2283 2453 3891 2521">
    <p class='ocr_par' dir='ltr' id='par_1_69' title="bbox 2283 2453 3891 2521">
     <span class='ocr_line' id='line_1_69' title="bbox 2283 2453 3891 2521; baseline 0.002 -14"><span class='ocrx_word' id='word_1_438' title='bbox 2283 2453 2475 2521; x_wconf 86' lang='lat' dir='ltr'>fuisse,</span> <span class='ocrx_word' id='word_1_439' title='bbox 2507 2453 2599 2507; x_wconf 92' lang='lat' dir='ltr'>hic</span> <span class='ocrx_word' id='word_1_440' title='bbox 2630 2454 2861 2521; x_wconf 88' lang='lat' dir='ltr'>scribat,</span> <span class='ocrx_word' id='word_1_441' title='bbox 2900 2455 3107 2521; x_wconf 89' lang='lat' dir='ltr'>hocne,</span> <span class='ocrx_word' id='word_1_442' title='bbox 3141 2471 3214 2509; x_wconf 90' lang='lat' dir='ltr'>an</span> <span class='ocrx_word' id='word_1_443' title='bbox 3248 2454 3343 2509; x_wconf 94' lang='lat' dir='ltr'>illo</span> <span class='ocrx_word' id='word_1_444' title='bbox 3372 2471 3525 2508; x_wconf 90' lang='lat' dir='ltr'>anno</span> <span class='ocrx_word' id='word_1_445' title='bbox 3577 2454 3891 2510; x_wconf 71' lang='lat' dir='ltr'>Cartbusiaa</span> 
     </span>
    </p>
   </div>
   <div class='ocr_carea' id='block_1_70' title="bbox 2286 2541 3897 2614">
    <p class='ocr_par' dir='ltr' id='par_1_70' title="bbox 2286 2541 3897 2614">
     <span class='ocr_line' id='line_1_70' title="bbox 2286 2541 3897 2614; baseline 0.001 -17"><span class='ocrx_word' id='word_1_446' title='bbox 2286 2541 2343 2597; x_wconf 92' lang='lat' dir='ltr'>S.</span> <span class='ocrx_word' id='word_1_447' title='bbox 2370 2541 2646 2614; x_wconf 89' lang='lat' dir='ltr'>Stephani</span> <span class='ocrx_word' id='word_1_448' title='bbox 2697 2544 3197 2614; x_wconf 90' lang='lat' dir='ltr'>recuperationem</span> <span class='ocrx_word' id='word_1_449' title='bbox 3245 2546 3468 2597; x_wconf 88' lang='lat' dir='ltr'>tentare</span> <span class='ocrx_word' id='word_1_450' title='bbox 3534 2543 3897 2598; x_wconf 83' lang='lat' dir='ltr'>decreverint</span> 
     </span>
    </p>
   </div>
   <div class='ocr_carea' id='block_1_71' title="bbox 2286 2629 3602 2702">
    <p class='ocr_par' dir='ltr' id='par_1_71' title="bbox 2286 2629 3602 2702">
     <span class='ocr_line' id='line_1_71' title="bbox 2286 2629 3602 2702; baseline -0.002 -17"><span class='ocrx_word' id='word_1_451' title='bbox 2286 2629 2664 2698; x_wconf 88' lang='lat' dir='ltr'>Carthusiani,</span> <span class='ocrx_word' id='word_1_452' title='bbox 2704 2631 2940 2685; x_wconf 88' lang='lat' dir='ltr'>dubium</span> <span class='ocrx_word' id='word_1_453' title='bbox 2967 2648 3104 2685; x_wconf 89' lang='lat' dir='ltr'>sane</span> <span class='ocrx_word' id='word_1_454' title='bbox 3134 2630 3380 2702; x_wconf 89' lang='lat' dir='ltr'>ipsemet</span> <span class='ocrx_word' id='word_1_455' title='bbox 3410 2630 3602 2685; x_wconf 83' lang='lat' dir='ltr'>efficit.</span> 
     </span>
    </p>
   </div>
   <div class='ocr_carea' id='block_1_72' title="bbox 2341 2719 3898 2792">
    <p class='ocr_par' dir='ltr' id='par_1_72' title="bbox 2341 2719 3898 2792">
     <span class='ocr_line' id='line_1_72' title="bbox 2341 2719 3898 2792; baseline 0.001 -18"><span class='ocrx_word' id='word_1_456' title='bbox 2341 2721 2464 2774; x_wconf 71' lang='grc'><strong>754.</strong></span> <span class='ocrx_word' id='word_1_457' title='bbox 2497 2721 2790 2787; x_wconf 83' lang='lat' dir='ltr'>Attamen,</span> <span class='ocrx_word' id='word_1_458' title='bbox 2816 2737 2947 2774; x_wconf 89' lang='lat' dir='ltr'>cum</span> <span class='ocrx_word' id='word_1_459' title='bbox 2979 2720 3394 2775; x_wconf 86' lang='lat' dir='ltr'>monasterium</span> <span class='ocrx_word' id='word_1_460' title='bbox 3416 2719 3556 2773; x_wconf 91' lang='lat' dir='ltr'>illud</span> <span class='ocrx_word' id='word_1_461' title='bbox 3588 2723 3898 2792; x_wconf 84' lang='lat' dir='ltr'>postquam</span> 
     </span>
    </p>
   </div>
   <div class='ocr_carea' id='block_1_73' title="bbox 2288 2807 3901 2879">
    <p class='ocr_par' dir='ltr' id='par_1_73' title="bbox 2288 2807 3901 2879">
     <span class='ocr_line' id='line_1_73' title="bbox 2288 2807 3901 2879; baseline 0.002 -18"><span class='ocrx_word' id='word_1_462' title='bbox 2288 2807 2423 2862; x_wconf 85' lang='lat' dir='ltr'>anni</span> <span class='ocrx_word' id='word_1_463' title='bbox 2448 2807 2576 2878; x_wconf 92' lang='lat' dir='ltr'>jam</span> <span class='ocrx_word' id='word_1_464' title='bbox 2608 2808 2807 2862; x_wconf 91' lang='lat' dir='ltr'>decem</span> <span class='ocrx_word' id='word_1_465' title='bbox 2825 2809 2896 2862; x_wconf 94' lang='lat' dir='ltr'>ab</span> <span class='ocrx_word' id='word_1_466' title='bbox 2926 2808 3155 2879; x_wconf 88' lang='lat' dir='ltr'>incepto</span> <span class='ocrx_word' id='word_1_467' title='bbox 3178 2808 3247 2862; x_wconf 92' lang='lat' dir='ltr'>de</span> <span class='ocrx_word' id='word_1_468' title='bbox 3279 2808 3632 2862; x_wconf 88' lang='lat' dir='ltr'>restituendo</span> <span class='ocrx_word' id='word_1_469' title='bbox 3662 2825 3731 2862; x_wconf 93' lang='lat' dir='ltr'>eo</span> <span class='ocrx_word' id='word_1_470' title='bbox 3765 2808 3901 2864; x_wconf 87' lang='lat' dir='ltr'>Car-</span> 
     </span>
    </p>
   </div>
   <div class='ocr_carea' id='block_1_74' title="bbox 2284 2896 3897 2967">
    <p class='ocr_par' dir='ltr' id='par_1_74' title="bbox 2284 2896 3897 2967">
     <span class='ocr_line' id='line_1_74' title="bbox 2284 2896 3897 2967; baseline 0.001 -18"><span class='ocrx_word' id='word_1_471' title='bbox 2284 2896 2565 2951; x_wconf 86' lang='lat' dir='ltr'>thusianis</span> <span class='ocrx_word' id='word_1_472' title='bbox 2580 2899 2826 2951; x_wconf 85' lang='lat' dir='ltr'>tractatu</span> <span class='ocrx_word' id='word_1_473' title='bbox 2856 2899 3047 2950; x_wconf 88' lang='lat' dir='ltr'>essent</span> <span class='ocrx_word' id='word_1_474' title='bbox 3064 2896 3261 2967; x_wconf 87' lang='lat' dir='ltr'>elapsi,</span> <span class='ocrx_word' id='word_1_475' title='bbox 3287 2896 3343 2949; x_wconf 89' lang='lat' dir='ltr'>iu</span> <span class='ocrx_word' id='word_1_476' title='bbox 3366 2914 3567 2951; x_wconf 91' lang='lat' dir='ltr'>mauus</span> <span class='ocrx_word' id='word_1_477' title='bbox 3588 2896 3897 2967; x_wconf 82' lang='lat' dir='ltr'>pontiﬁcis,</span> 
     </span>
    </p>
   </div>
   <div class='ocr_carea' id='block_1_75' title="bbox 2287 2984 3896 3056">
    <p class='ocr_par' dir='ltr' id='par_1_75' title="bbox 2287 2984 3896 3056">
     <span class='ocr_line' id='line_1_75' title="bbox 2287 2984 3896 3056; baseline 0.001 -19"><span class='ocrx_word' id='word_1_478' title='bbox 2287 2984 2382 3056; x_wconf 85' lang='lat' dir='ltr'>qui</span> <span class='ocrx_word' id='word_1_479' title='bbox 2414 2984 2473 3038; x_wconf 92' lang='lat' dir='ltr'>id</span> <span class='ocrx_word' id='word_1_480' title='bbox 2524 2984 2735 3039; x_wconf 90' lang='lat' dir='ltr'>deinde</span> <span class='ocrx_word' id='word_1_481' title='bbox 2790 2984 3176 3039; x_wconf 87' lang='lat' dir='ltr'>Carthusianis</span> <span class='ocrx_word' id='word_1_482' title='bbox 3218 2985 3486 3051; x_wconf 89' lang='lat' dir='ltr'>reddidit,</span> <span class='ocrx_word' id='word_1_483' title='bbox 3534 2985 3896 3055; x_wconf 88' lang='lat' dir='ltr'>resignatum</span> 
     </span>
    </p>
   </div>
   <div class='ocr_carea' id='block_1_76' title="bbox 2288 3072 3897 3145">
    <p class='ocr_par' dir='ltr' id='par_1_76' title="bbox 2288 3072 3897 3145">
     <span class='ocr_line' id='line_1_76' title="bbox 2288 3072 3897 3145; baseline 0.002 -19"><span class='ocrx_word' id='word_1_484' title='bbox 2288 3072 2480 3138; x_wconf 85' lang='lat' dir='ltr'>fuisse,</span> <span class='ocrx_word' id='word_1_485' title='bbox 2514 3072 2697 3126; x_wconf 88' lang='lat' dir='ltr'>verbis</span> <span class='ocrx_word' id='word_1_486' title='bbox 2728 3073 2990 3145; x_wconf 82' lang='lat' dir='ltr'>proxime</span> <span class='ocrx_word' id='word_1_487' title='bbox 3050 3072 3196 3127; x_wconf 89' lang='lat' dir='ltr'>datis</span> <span class='ocrx_word' id='word_1_488' title='bbox 3240 3072 3414 3126; x_wconf 88' lang='lat' dir='ltr'>etiam</span> <span class='ocrx_word' id='word_1_489' title='bbox 3470 3073 3679 3140; x_wconf 89' lang='lat' dir='ltr'>tradat,</span> <span class='ocrx_word' id='word_1_490' title='bbox 3720 3073 3897 3129; x_wconf 86' lang='lat' dir='ltr'>fuisse</span> 
     </span>
    </p>
   </div>
   <div class='ocr_carea' id='block_1_77' title="bbox 2290 3157 3904 3231">
    <p class='ocr_par' dir='ltr' id='par_1_77' title="bbox 2290 3157 3904 3231">
     <span class='ocr_line' id='line_1_77' title="bbox 2290 3157 3904 3231; baseline 0 -16"><span class='ocrx_word' id='word_1_491' title='bbox 2290 3177 2420 3215; x_wconf 86' lang='lat' dir='ltr'>vere</span> <span class='ocrx_word' id='word_1_492' title='bbox 2434 3161 2562 3231; x_wconf 89' lang='lat' dir='ltr'>jam</span> <span class='ocrx_word' id='word_1_493' title='bbox 2584 3161 2717 3215; x_wconf 91' lang='lat' dir='ltr'>inde</span> <span class='ocrx_word' id='word_1_494' title='bbox 2738 3162 2810 3216; x_wconf 89' lang='lat' dir='ltr'>ab</span> <span class='ocrx_word' id='word_1_495' title='bbox 2840 3179 2993 3216; x_wconf 92' lang='lat' dir='ltr'>anno</span> <span class='ocrx_word' id='word_1_496' title='bbox 3030 3157 3164 3216; x_wconf 61' lang='grc'><strong>1501</strong></span> <span class='ocrx_word' id='word_1_497' title='bbox 3193 3180 3225 3215; x_wconf 91' lang='lat' dir='ltr'>a</span> <span class='ocrx_word' id='word_1_498' title='bbox 3252 3161 3639 3216; x_wconf 85' lang='lat' dir='ltr'>Carthusianis</span> <span class='ocrx_word' id='word_1_499' title='bbox 3661 3162 3733 3217; x_wconf 91' lang='lat' dir='ltr'>de</span> <span class='ocrx_word' id='word_1_500' title='bbox 3747 3162 3904 3216; x_wconf 89' lang='lat' dir='ltr'>dicto</span> 
     </span>
    </p>
   </div>
   <div class='ocr_carea' id='block_1_78' title="bbox 2295 3250 3907 3320">
    <p class='ocr_par' dir='ltr' id='par_1_78' title="bbox 2295 3250 3907 3320">
     <span class='ocr_line' id='line_1_78' title="bbox 2295 3250 3907 3320; baseline 0.001 -18"><span class='ocrx_word' id='word_1_501' title='bbox 2295 3250 2649 3304; x_wconf 88' lang='lat' dir='ltr'>monasterio</span> <span class='ocrx_word' id='word_1_502' title='bbox 2707 3252 3103 3320; x_wconf 88' lang='lat' dir='ltr'>recuperando</span> <span class='ocrx_word' id='word_1_503' title='bbox 3146 3252 3476 3315; x_wconf 87' lang='lat' dir='ltr'>tractatum,</span> <span class='ocrx_word' id='word_1_504' title='bbox 3524 3250 3907 3305; x_wconf 87' lang='lat' dir='ltr'>verosimilius</span> 
     </span>
    </p>
   </div>
   <div class='ocr_carea' id='block_1_79' title="bbox 2295 3338 3909 3412">
    <p class='ocr_par' dir='ltr' id='par_1_79' title="bbox 2295 3338 3909 3412">
     <span class='ocr_line' id='line_1_79' title="bbox 2295 3338 3909 3412; baseline 0.001 -21"><span class='ocrx_word' id='word_1_505' title='bbox 2295 3341 2552 3409; x_wconf 89' lang='lat' dir='ltr'>apparet,</span> <span class='ocrx_word' id='word_1_506' title='bbox 2582 3338 2736 3410; x_wconf 90' lang='lat' dir='ltr'>quod</span> <span class='ocrx_word' id='word_1_507' title='bbox 2758 3338 2933 3406; x_wconf 90' lang='lat' dir='ltr'>bulla,</span> <span class='ocrx_word' id='word_1_508' title='bbox 2968 3338 3148 3409; x_wconf 88' lang='lat' dir='ltr'>quaid</span> <span class='ocrx_word' id='word_1_509' title='bbox 3177 3339 3257 3392; x_wconf 91' lang='lat' dir='ltr'>eis</span> <span class='ocrx_word' id='word_1_510' title='bbox 3270 3339 3527 3412; x_wconf 78' lang='lat' dir='ltr'>pontifex</span> <span class='ocrx_word' id='word_1_511' title='bbox 3544 3339 3655 3393; x_wconf 91' lang='lat' dir='ltr'>Leo</span> <span class='ocrx_word' id='word_1_512' title='bbox 3672 3340 3711 3392; x_wconf 82' lang='grc' dir='ltr'>Χ</span> <span class='ocrx_word' id='word_1_513' title='bbox 3737 3339 3909 3393; x_wconf 87' lang='lat' dir='ltr'>reddi</span> 
     </span>
    </p>
   </div>
   <div class='ocr_carea' id='block_1_80' title="bbox 2289 3426 3914 3498">
    <p class='ocr_par' dir='ltr' id='par_1_80' title="bbox 2289 3426 3914 3498">
     <span class='ocr_line' id='line_1_80' title="bbox 2289 3426 3914 3498; baseline 0 -18"><span class='ocrx_word' id='word_1_514' title='bbox 2289 3426 2477 3498; x_wconf 86' lang='lat' dir='ltr'>jussit,</span> <span class='ocrx_word' id='word_1_515' title='bbox 2512 3444 2666 3481; x_wconf 88' lang='lat' dir='ltr'>anno</span> <span class='ocrx_word' id='word_1_516' title='bbox 2696 3430 2848 3493; x_wconf 82' lang='grc'><strong>1513,</strong></span> <span class='ocrx_word' id='word_1_517' title='bbox 2882 3428 2964 3482; x_wconf 90' lang='lat' dir='ltr'>uti</span> <span class='ocrx_word' id='word_1_518' title='bbox 2993 3427 3236 3498; x_wconf 87' lang='lat' dir='ltr'>ipsemet</span> <span class='ocrx_word' id='word_1_519' title='bbox 3261 3427 3435 3481; x_wconf 88' lang='lat' dir='ltr'>etiam</span> <span class='ocrx_word' id='word_1_520' title='bbox 3462 3426 3700 3481; x_wconf 88' lang='lat' dir='ltr'>Tutinus</span> <span class='ocrx_word' id='word_1_521' title='bbox 3720 3427 3914 3481; x_wconf 84' lang='lat' dir='ltr'>verbis</span> 
     </span>
    </p>
   </div>
   <div class='ocr_carea' id='block_1_81' title="bbox 2295 3515 3915 3589">
    <p class='ocr_par' dir='ltr' id='par_1_81' title="bbox 2295 3515 3915 3589">
     <span class='ocr_line' id='line_1_81' title="bbox 2295 3515 3915 3589; baseline 0.001 -20"><span class='ocrx_word' id='word_1_522' title='bbox 2295 3515 2943 3582; x_wconf 88' lang='lat' dir='ltr'>recitatisfatetur,data</span> <span class='ocrx_word' id='word_1_523' title='bbox 2974 3517 3226 3584; x_wconf 88' lang='lat' dir='ltr'>notetur,</span> <span class='ocrx_word' id='word_1_524' title='bbox 3259 3516 3539 3588; x_wconf 87' lang='lat' dir='ltr'>facileque</span> <span class='ocrx_word' id='word_1_525' title='bbox 3569 3515 3806 3589; x_wconf 90' lang='lat' dir='ltr'>quidem</span> <span class='ocrx_word' id='word_1_526' title='bbox 3838 3516 3915 3570; x_wconf 88' lang='lat' dir='ltr'>ab</span> 
     </span>
    </p>
   </div>
   <div class='ocr_carea' id='block_1_82' title="bbox 2301 3604 3914 3670">
    <p class='ocr_par' dir='ltr' id='par_1_82' title="bbox 2301 3604 3914 3670">
     <span class='ocr_line' id='line_1_82' title="bbox 2301 3604 3914 3670; baseline 0 -13"><span class='ocrx_word' id='word_1_527' title='bbox 2301 3620 2455 3658; x_wconf 90' lang='lat' dir='ltr'>anno</span> <span class='ocrx_word' id='word_1_528' title='bbox 2489 3606 2769 3670; x_wconf 67' lang='grc' dir='ltr'><strong>1504,ηο11</strong></span> <span class='ocrx_word' id='word_1_529' title='bbox 2798 3606 2995 3658; x_wconf 89' lang='lat' dir='ltr'>tamen</span> <span class='ocrx_word' id='word_1_530' title='bbox 3024 3604 3094 3658; x_wconf 88' lang='lat' dir='ltr'>ab</span> <span class='ocrx_word' id='word_1_531' title='bbox 3117 3621 3270 3658; x_wconf 90' lang='lat' dir='ltr'>anno</span> <span class='ocrx_word' id='word_1_532' title='bbox 3303 3607 3435 3658; x_wconf 84' lang='grc'><strong>1505</strong></span> <span class='ocrx_word' id='word_1_533' title='bbox 3466 3605 3539 3659; x_wconf 90' lang='lat' dir='ltr'>ad</span> <span class='ocrx_word' id='word_1_534' title='bbox 3573 3621 3794 3658; x_wconf 90' lang='lat' dir='ltr'>annum</span> <span class='ocrx_word' id='word_1_535' title='bbox 3818 3622 3914 3657; x_wconf 91' lang='lat' dir='ltr'>us-</span> 
     </span>
    </p>
   </div>
   <div class='ocr_carea' id='block_1_83' title="bbox 2299 3692 3912 3764">
    <p class='ocr_par' dir='ltr' id='par_1_83' title="bbox 2299 3692 3912 3764">
     <span class='ocr_line' id='line_1_83' title="bbox 2299 3692 3912 3764; baseline 0 -18"><span class='ocrx_word' id='word_1_536' title='bbox 2299 3709 2409 3764; x_wconf 91' lang='lat' dir='ltr'>que</span> <span class='ocrx_word' id='word_1_537' title='bbox 2438 3695 2572 3747; x_wconf 83' lang='grc'><strong>1513</strong></span> <span class='ocrx_word' id='word_1_538' title='bbox 2605 3709 2787 3747; x_wconf 88' lang='lat' dir='ltr'>annos</span> <span class='ocrx_word' id='word_1_539' title='bbox 2810 3693 3010 3747; x_wconf 88' lang='lat' dir='ltr'>decem</span> <span class='ocrx_word' id='word_1_540' title='bbox 3037 3692 3368 3759; x_wconf 75' lang='lat' dir='ltr'>excurrisse,</span> <span class='ocrx_word' id='word_1_541' title='bbox 3413 3696 3587 3763; x_wconf 90' lang='lat' dir='ltr'>queat</span> <span class='ocrx_word' id='word_1_542' title='bbox 3642 3692 3912 3763; x_wconf 86' lang='lat' dir='ltr'>intelligi.</span> 
     </span>
    </p>
   </div>
   <div class='ocr_carea' id='block_1_84' title="bbox 2302 3780 3916 3851">
    <p class='ocr_par' dir='ltr' id='par_1_84' title="bbox 2302 3780 3916 3851">
     <span class='ocr_line' id='line_1_84' title="bbox 2302 3780 3916 3851; baseline 0.001 -18"><span class='ocrx_word' id='word_1_543' title='bbox 2302 3780 2757 3834; x_wconf 89' lang='lat' dir='ltr'>lnstrumentum</span> <span class='ocrx_word' id='word_1_544' title='bbox 2787 3781 2946 3849; x_wconf 89' lang='lat' dir='ltr'>illud,</span> <span class='ocrx_word' id='word_1_545' title='bbox 2973 3780 3128 3851; x_wconf 91' lang='lat' dir='ltr'>quod</span> <span class='ocrx_word' id='word_1_546' title='bbox 3159 3783 3215 3833; x_wconf 91' lang='lat' dir='ltr'>et</span> <span class='ocrx_word' id='word_1_547' title='bbox 3241 3780 3291 3833; x_wconf 92' lang='lat' dir='ltr'>ei</span> <span class='ocrx_word' id='word_1_548' title='bbox 3316 3781 3506 3835; x_wconf 89' lang='lat' dir='ltr'>locum</span> <span class='ocrx_word' id='word_1_549' title='bbox 3533 3780 3624 3834; x_wconf 91' lang='lat' dir='ltr'>hic</span> <span class='ocrx_word' id='word_1_550' title='bbox 3646 3781 3916 3847; x_wconf 85' lang='lat' dir='ltr'>concedi,</span> 
     </span>
    </p>
   </div>
   <div class='ocr_carea' id='block_1_85' title="bbox 2301 3868 3918 3940">
    <p class='ocr_par' dir='ltr' id='par_1_85' title="bbox 2301 3868 3918 3940">
     <span class='ocr_line' id='line_1_85' title="bbox 2301 3868 3918 3940; baseline 0.001 -19"><span class='ocrx_word' id='word_1_551' title='bbox 2301 3869 2654 3939; x_wconf 87' lang='lat' dir='ltr'>postulatum</span> <span class='ocrx_word' id='word_1_552' title='bbox 2686 3885 2719 3923; x_wconf 88' lang='lat' dir='ltr'>a</span> <span class='ocrx_word' id='word_1_553' title='bbox 2749 3886 2842 3923; x_wconf 91' lang='lat' dir='ltr'>me</span> <span class='ocrx_word' id='word_1_554' title='bbox 2865 3868 3061 3935; x_wconf 83' lang='lat' dir='ltr'>fuerit,</span> <span class='ocrx_word' id='word_1_555' title='bbox 3096 3872 3153 3922; x_wconf 91' lang='lat' dir='ltr'>et</span> <span class='ocrx_word' id='word_1_556' title='bbox 3192 3870 3491 3935; x_wconf 88' lang='lat' dir='ltr'>nonnulla,</span> <span class='ocrx_word' id='word_1_557' title='bbox 3522 3885 3648 3939; x_wconf 70' lang='lat' dir='ltr'>qua:</span> <span class='ocrx_word' id='word_1_558' title='bbox 3668 3868 3796 3940; x_wconf 90' lang='lat' dir='ltr'>jam</span> <span class='ocrx_word' id='word_1_559' title='bbox 3825 3868 3918 3923; x_wconf 90' lang='lat' dir='ltr'>di-</span> 
     </span>
    </p>
   </div>
   <div class='ocr_carea' id='block_1_86' title="bbox 2303 3957 3921 4025">
    <p class='ocr_par' dir='ltr' id='par_1_86' title="bbox 2303 3957 3921 4025">
     <span class='ocr_line' id='line_1_86' title="bbox 2303 3957 3921 4025; baseline 0.002 -16"><span class='ocrx_word' id='word_1_560' title='bbox 2303 3958 2394 4009; x_wconf 91' lang='lat' dir='ltr'>cta</span> <span class='ocrx_word' id='word_1_561' title='bbox 2419 3959 2571 4022; x_wconf 87' lang='lat' dir='ltr'>sunt,</span> <span class='ocrx_word' id='word_1_562' title='bbox 2606 3958 2930 4025; x_wconf 83' lang='lat' dir='ltr'>confirmet,</span> <span class='ocrx_word' id='word_1_563' title='bbox 2982 3958 3091 4011; x_wconf 91' lang='lat' dir='ltr'>huc</span> <span class='ocrx_word' id='word_1_564' title='bbox 3140 3957 3480 4011; x_wconf 86' lang='lat' dir='ltr'>transcribo.</span> <span class='ocrx_word' id='word_1_565' title='bbox 3516 3957 3675 4011; x_wconf 86' lang='lat' dir='ltr'>Hisce</span> <span class='ocrx_word' id='word_1_566' title='bbox 3727 3958 3921 4012; x_wconf 88' lang='lat' dir='ltr'>verbis</span> 
     </span>
    </p>
   </div>
   <div class='ocr_carea' id='block_1_87' title="bbox 2305 4043 3921 4116">
    <p class='ocr_par' dir='ltr' id='par_1_87' title="bbox 2305 4043 3921 4116">
     <span class='ocr_line' id='line_1_87' title="bbox 2305 4043 3921 4116; baseline 0.002 -20"><span class='ocrx_word' id='word_1_567' title='bbox 2305 4043 2653 4115; x_wconf 87' lang='lat' dir='ltr'>concipitur:</span> <span class='ocrx_word' id='word_1_568' title='bbox 2692 4045 2846 4099; x_wconf 81' lang='lat' dir='ltr'>«Leo</span> <span class='ocrx_word' id='word_1_569' title='bbox 2874 4045 3172 4116; x_wconf 89' lang='lat' dir='ltr'>episcopus</span> <span class='ocrx_word' id='word_1_570' title='bbox 3189 4061 3379 4098; x_wconf 86' lang='lat' dir='ltr'>servus</span> <span class='ocrx_word' id='word_1_571' title='bbox 3395 4060 3688 4099; x_wconf 83' lang='lat' dir='ltr'>servorum</span> <span class='ocrx_word' id='word_1_572' title='bbox 3722 4044 3821 4099; x_wconf 90' lang='lat' dir='ltr'>Dei</span> <span class='ocrx_word' id='word_1_573' title='bbox 3841 4045 3921 4100; x_wconf 88' lang='lat' dir='ltr'>ad</span> 
     </span>
    </p>
   </div>
   <div class='ocr_carea' id='block_1_88' title="bbox 2305 4132 3922 4203">
    <p class='ocr_par' dir='ltr' id='par_1_88' title="bbox 2305 4132 3922 4203">
     <span class='ocr_line' id='line_1_88' title="bbox 2305 4132 3922 4203; baseline 0.002 -18"><span class='ocrx_word' id='word_1_574' title='bbox 2305 4136 2647 4203; x_wconf 89' lang='lat' dir='ltr'>perpetuam</span> <span class='ocrx_word' id='word_1_575' title='bbox 2676 4133 2759 4187; x_wconf 88' lang='lat' dir='ltr'>rei</span> <span class='ocrx_word' id='word_1_576' title='bbox 2794 4133 3159 4188; x_wconf 87' lang='lat' dir='ltr'>memoriam.</span> <span class='ocrx_word' id='word_1_577' title='bbox 3194 4133 3303 4187; x_wconf 87' lang='lat' dir='ltr'>Pro</span> <span class='ocrx_word' id='word_1_578' title='bbox 3336 4132 3642 4187; x_wconf 88' lang='lat' dir='ltr'>commisso</span> <span class='ocrx_word' id='word_1_579' title='bbox 3658 4132 3825 4186; x_wconf 88' lang='lat' dir='ltr'>nobis</span> <span class='ocrx_word' id='word_1_580' title='bbox 3844 4133 3922 4188; x_wconf 89' lang='lat' dir='ltr'>de</span> 
     </span>
    </p>
   </div>
   <div class='ocr_carea' id='block_1_89' title="bbox 2307 4220 3923 4291">
    <p class='ocr_par' dir='ltr' id='par_1_89' title="bbox 2307 4220 3923 4291">
     <span class='ocr_line' id='line_1_89' title="bbox 2307 4220 3923 4291; baseline 0.002 -16"><span class='ocrx_word' id='word_1_581' title='bbox 2307 4236 2478 4290; x_wconf 91' lang='lat' dir='ltr'>super</span> <span class='ocrx_word' id='word_1_582' title='bbox 2507 4222 2860 4291; x_wconf 89' lang='lat' dir='ltr'>apostolatus</span> <span class='ocrx_word' id='word_1_583' title='bbox 2899 4221 3086 4275; x_wconf 83' lang='lat' dir='ltr'>ofﬁcio</span> <span class='ocrx_word' id='word_1_584' title='bbox 3119 4237 3231 4291; x_wconf 93' lang='lat' dir='ltr'>quo</span> <span class='ocrx_word' id='word_1_585' title='bbox 3258 4220 3593 4275; x_wconf 89' lang='lat' dir='ltr'>universalis</span> <span class='ocrx_word' id='word_1_586' title='bbox 3620 4220 3923 4278; x_wconf 76' lang='lat' dir='ltr'>Eccclesiae</span> 
     </span>
    </p>
   </div>
   <div class='ocr_carea' id='block_1_90' title="bbox 667 4306 3929 4380">
    <p class='ocr_par' dir='ltr' id='par_1_90' title="bbox 667 4306 3929 4380">
     <span class='ocr_line' id='line_1_90' title="bbox 667 4306 3929 4380; baseline -0.002 -8"><span class='ocrx_word' id='word_1_587' title='bbox 667 4320 793 4373; x_wconf 82' lang='grc'>753.</span> <span class='ocrx_word' id='word_1_588' title='bbox 816 4316 901 4368; x_wconf 89' lang='lat' dir='ltr'>Ita</span> <span class='ocrx_word' id='word_1_589' title='bbox 919 4313 1035 4377; x_wconf 92' lang='lat' dir='ltr'>ille,</span> <span class='ocrx_word' id='word_1_590' title='bbox 1071 4327 1188 4365; x_wconf 89' lang='lat' dir='ltr'>non</span> <span class='ocrx_word' id='word_1_591' title='bbox 1213 4312 1441 4363; x_wconf 90' lang='lat' dir='ltr'>tantum</span> <span class='ocrx_word' id='word_1_592' title='bbox 1466 4306 1869 4362; x_wconf 88' lang='lat' dir='ltr'>Carthusianos</span> <span class='ocrx_word' id='word_1_593' title='bbox 1890 4306 2068 4361; x_wconf 89' lang='lat' dir='ltr'>sancti</span> <span class='ocrx_word' id='word_1_594' title='bbox 2100 4308 2205 4361; x_wconf 90' lang='lat' dir='ltr'>Pa-</span> <span class='ocrx_word' id='word_1_595' title='bbox 2231 4315 2283 4373; x_wconf 91' lang='lat' dir='ltr'><strong>D</strong></span> <span class='ocrx_word' id='word_1_596' title='bbox 2306 4309 2580 4380; x_wconf 74' lang='lat' dir='ltr'>regimini</span> <span class='ocrx_word' id='word_1_597' title='bbox 2611 4309 3004 4380; x_wconf 64' lang='lat' dir='ltr'>prmsidemus,</span> <span class='ocrx_word' id='word_1_598' title='bbox 3038 4309 3108 4362; x_wconf 93' lang='lat' dir='ltr'>dc</span> <span class='ocrx_word' id='word_1_599' title='bbox 3150 4308 3518 4363; x_wconf 88' lang='lat' dir='ltr'>ecclesiarum</span> <span class='ocrx_word' id='word_1_600' title='bbox 3550 4311 3607 4362; x_wconf 91' lang='lat' dir='ltr'>et</span> <span class='ocrx_word' id='word_1_601' title='bbox 3633 4312 3929 4364; x_wconf 81' lang='lat' dir='ltr'>monaste-</span> 
     </span>
    </p>
   </div>
   <div class='ocr_carea' id='block_1_91' title="bbox 600 4394 2209 4467">
    <p class='ocr_par' dir='ltr' id='par_1_91' title="bbox 600 4394 2209 4467">
     <span class='ocr_line' id='line_1_91' title="bbox 600 4394 2209 4467; baseline -0.009 -4"><span class='ocrx_word' id='word_1_602' title='bbox 600 4406 702 4463; x_wconf 81' lang='lat' dir='ltr'>tris</span> <span class='ocrx_word' id='word_1_603' title='bbox 729 4403 813 4458; x_wconf 89' lang='lat' dir='ltr'>sui</span> <span class='ocrx_word' id='word_1_604' title='bbox 855 4397 1278 4455; x_wconf 89' lang='lat' dir='ltr'>canonizationi</span> <span class='ocrx_word' id='word_1_605' title='bbox 1327 4394 1725 4467; x_wconf 67' lang='lat' dir='ltr'>procurandae,</span> <span class='ocrx_word' id='word_1_606' title='bbox 1775 4411 1976 4448; x_wconf 87' lang='lat' dir='ltr'>verum</span> <span class='ocrx_word' id='word_1_607' title='bbox 2032 4395 2209 4450; x_wconf 91' lang='lat' dir='ltr'>etiam</span> 
     </span>
    </p>
   </div>
   <div class='ocr_carea' id='block_1_92' title="bbox 602 4482 2211 4556">
    <p class='ocr_par' dir='ltr' id='par_1_92' title="bbox 602 4482 2211 4556">
     <span class='ocr_line' id='line_1_92' title="bbox 602 4482 2211 4556; baseline -0.007 -7"><span class='ocrx_word' id='word_1_608' title='bbox 602 4489 906 4550; x_wconf 87' lang='lat' dir='ltr'>Calabrino</span> <span class='ocrx_word' id='word_1_609' title='bbox 930 4487 987 4542; x_wconf 93' lang='lat' dir='ltr'>S.</span> <span class='ocrx_word' id='word_1_610' title='bbox 1018 4484 1297 4556; x_wconf 88' lang='lat' dir='ltr'>Stephani</span> <span class='ocrx_word' id='word_1_611' title='bbox 1334 4482 1685 4539; x_wconf 88' lang='lat' dir='ltr'>monasterio</span> <span class='ocrx_word' id='word_1_612' title='bbox 1704 4483 1774 4537; x_wconf 93' lang='lat' dir='ltr'>de</span> <span class='ocrx_word' id='word_1_613' title='bbox 1793 4500 2032 4538; x_wconf 92' lang='lat' dir='ltr'>nemore</span> <span class='ocrx_word' id='word_1_614' title='bbox 2054 4501 2211 4538; x_wconf 87' lang='lat' dir='ltr'>recu-</span> 
     </span>
    </p>
   </div>
   <div class='ocr_carea' id='block_1_93' title="bbox 600 4570 2207 4653">
    <p class='ocr_par' dir='ltr' id='par_1_93' title="bbox 600 4570 2207 4653">
     <span class='ocr_line' id='line_1_93' title="bbox 600 4570 2207 4653; baseline -0.007 -18"><span class='ocrx_word' id='word_1_615' title='bbox 600 4576 857 4653; x_wconf 89' lang='lat' dir='ltr'>perando</span> <span class='ocrx_word' id='word_1_616' title='bbox 912 4572 1174 4628; x_wconf 89' lang='lat' dir='ltr'>animum</span> <span class='ocrx_word' id='word_1_617' title='bbox 1221 4570 1494 4641; x_wconf 89' lang='lat' dir='ltr'>adjecisse</span> <span class='ocrx_word' id='word_1_618' title='bbox 1527 4584 1881 4640; x_wconf 87' lang='lat' dir='ltr'>operamque</span> <span class='ocrx_word' id='word_1_619' title='bbox 1909 4586 2081 4641; x_wconf 90' lang='lat' dir='ltr'>porro</span> <span class='ocrx_word' id='word_1_620' title='bbox 2109 4570 2207 4624; x_wconf 92' lang='lat' dir='ltr'>de-</span> 
     </span>
    </p>
   </div>
   <div class='ocr_carea' id='block_1_94' title="bbox 603 4657 2212 4734">
    <p class='ocr_par' dir='ltr' id='par_1_94' title="bbox 603 4657 2212 4734">
     <span class='ocr_line' id='line_1_94' title="bbox 603 4657 2212 4734; baseline -0.008 -10"><span class='ocrx_word' id='word_1_621' title='bbox 603 4662 1077 4734; x_wconf 88' lang='lat' dir='ltr'>disse,tradens.N</span> <span class='ocrx_word' id='word_1_622' title='bbox 1085 4676 1229 4731; x_wconf 89' lang='lat' dir='ltr'>eque</span> <span class='ocrx_word' id='word_1_623' title='bbox 1245 4675 1378 4713; x_wconf 90' lang='lat' dir='ltr'>vero</span> <span class='ocrx_word' id='word_1_624' title='bbox 1390 4657 1791 4730; x_wconf 87' lang='lat' dir='ltr'>religiosorum</span> <span class='ocrx_word' id='word_1_625' title='bbox 1808 4658 2039 4712; x_wconf 92' lang='lat' dir='ltr'>illorum</span> <span class='ocrx_word' id='word_1_626' title='bbox 2068 4658 2212 4712; x_wconf 90' lang='lat' dir='ltr'>viro-</span> 
     </span>
    </p>
   </div>
   <div class='ocr_carea' id='block_1_95' title="bbox 601 4744 2208 4816">
    <p class='ocr_par' dir='ltr' id='par_1_95' title="bbox 601 4744 2208 4816">
     <span class='ocr_line' id='line_1_95' title="bbox 601 4744 2208 4816; baseline -0.008 -3"><span class='ocrx_word' id='word_1_627' title='bbox 601 4772 731 4813; x_wconf 91' lang='lat' dir='ltr'>rum</span> <span class='ocrx_word' id='word_1_628' title='bbox 754 4753 967 4808; x_wconf 88' lang='lat' dir='ltr'>frustra</span> <span class='ocrx_word' id='word_1_629' title='bbox 994 4748 1087 4803; x_wconf 91' lang='lat' dir='ltr'>hic</span> <span class='ocrx_word' id='word_1_630' title='bbox 1135 4749 1372 4802; x_wconf 89' lang='lat' dir='ltr'>conatus</span> <span class='ocrx_word' id='word_1_631' title='bbox 1400 4746 1543 4813; x_wconf 87' lang='lat' dir='ltr'>fuit;</span> <span class='ocrx_word' id='word_1_632' title='bbox 1592 4745 1781 4816; x_wconf 92' lang='lat' dir='ltr'>primo</span> <span class='ocrx_word' id='word_1_633' title='bbox 1808 4746 1964 4799; x_wconf 91' lang='lat' dir='ltr'>enim</span> <span class='ocrx_word' id='word_1_634' title='bbox 1997 4744 2053 4800; x_wconf 87' lang='grc'>8.</span> <span class='ocrx_word' id='word_1_635' title='bbox 2084 4745 2208 4800; x_wconf 90' lang='lat' dir='ltr'>Ste-</span> 
     </span>
    </p>
   </div>
   <div class='ocr_carea' id='block_1_96' title="bbox 603 4834 2207 4919">
    <p class='ocr_par' dir='ltr' id='par_1_96' title="bbox 603 4834 2207 4919">
     <span class='ocr_line' id='line_1_96' title="bbox 603 4834 2207 4919; baseline -0.007 -20"><span class='ocrx_word' id='word_1_636' title='bbox 603 4842 781 4919; x_wconf 88' lang='lat' dir='ltr'>phani</span> <span class='ocrx_word' id='word_1_637' title='bbox 817 4841 1057 4896; x_wconf 90' lang='lat' dir='ltr'>domum</span> <span class='ocrx_word' id='word_1_638' title='bbox 1080 4854 1178 4891; x_wconf 89' lang='lat' dir='ltr'>seu</span> <span class='ocrx_word' id='word_1_639' title='bbox 1201 4835 1620 4890; x_wconf 88' lang='lat' dir='ltr'>monasterium</span> <span class='ocrx_word' id='word_1_640' title='bbox 1637 4834 1825 4889; x_wconf 89' lang='lat' dir='ltr'>ordini</span> <span class='ocrx_word' id='word_1_641' title='bbox 1849 4851 1949 4889; x_wconf 91' lang='lat' dir='ltr'>suo</span> <span class='ocrx_word' id='word_1_642' title='bbox 1966 4834 2207 4901; x_wconf 89' lang='lat' dir='ltr'>restitui,</span> 
     </span>
    </p>
   </div>
   <div class='ocr_carea' id='block_1_97' title="bbox 603 4922 2209 4991">
    <p class='ocr_par' dir='ltr' id='par_1_97' title="bbox 603 4922 2209 4991">
     <span class='ocr_line' id='line_1_97' title="bbox 603 4922 2209 4991; baseline -0.006 -3"><span class='ocrx_word' id='word_1_643' title='bbox 603 4950 669 4988; x_wconf 90' lang='lat' dir='ltr'>ac</span> <span class='ocrx_word' id='word_1_644' title='bbox 695 4929 904 4987; x_wconf 86' lang='lat' dir='ltr'>deinde</span> <span class='ocrx_word' id='word_1_645' title='bbox 944 4927 1003 4981; x_wconf 92' lang='lat' dir='ltr'>in</span> <span class='ocrx_word' id='word_1_646' title='bbox 1052 4925 1269 4991; x_wconf 87' lang='lat' dir='ltr'>album,</span> <span class='ocrx_word' id='word_1_647' title='bbox 1293 4923 1339 4978; x_wconf 91' lang='lat' dir='ltr'>si</span> <span class='ocrx_word' id='word_1_648' title='bbox 1370 4939 1489 4978; x_wconf 89' lang='lat' dir='ltr'>non</span> <span class='ocrx_word' id='word_1_649' title='bbox 1522 4925 1876 4988; x_wconf 88' lang='lat' dir='ltr'>sanctorum,</span> <span class='ocrx_word' id='word_1_650' title='bbox 1905 4922 2209 4978; x_wconf 89' lang='lat' dir='ltr'>beatorum</span> 
     </span>
    </p>
   </div>
   <div class='ocr_carea' id='block_1_98' title="bbox 601 5010 2213 5088">
    <p class='ocr_par' dir='ltr' id='par_1_98' title="bbox 601 5010 2213 5088">
     <span class='ocr_line' id='line_1_98' title="bbox 601 5010 2213 5088; baseline -0.006 -12"><span class='ocrx_word' id='word_1_651' title='bbox 601 5023 828 5084; x_wconf 89' lang='lat' dir='ltr'>saltem,</span> <span class='ocrx_word' id='word_1_652' title='bbox 858 5014 1112 5088; x_wconf 92' lang='lat' dir='ltr'>primum</span> <span class='ocrx_word' id='word_1_653' title='bbox 1126 5028 1293 5067; x_wconf 91' lang='lat' dir='ltr'>suum</span> <span class='ocrx_word' id='word_1_654' title='bbox 1311 5011 1698 5067; x_wconf 87' lang='lat' dir='ltr'>institutorem</span> <span class='ocrx_word' id='word_1_655' title='bbox 1716 5010 2010 5081; x_wconf 84' lang='lat' dir='ltr'>pontiﬁcia</span> <span class='ocrx_word' id='word_1_656' title='bbox 2023 5014 2213 5066; x_wconf 89' lang='lat' dir='ltr'>aucto-</span> 
     </span>
    </p>
   </div>
   <div class='ocr_carea' id='block_1_99' title="bbox 600 5098 2209 5170">
    <p class='ocr_par' dir='ltr' id='par_1_99' title="bbox 600 5098 2209 5170">
     <span class='ocr_line' id='line_1_99' title="bbox 600 5098 2209 5170; baseline -0.006 -6"><span class='ocrx_word' id='word_1_657' title='bbox 600 5110 771 5165; x_wconf 91' lang='lat' dir='ltr'>ritate</span> <span class='ocrx_word' id='word_1_658' title='bbox 798 5102 1003 5160; x_wconf 90' lang='lat' dir='ltr'>referri</span> <span class='ocrx_word' id='word_1_659' title='bbox 1041 5100 1435 5165; x_wconf 90' lang='lat' dir='ltr'>obtinuerunt,</span> <span class='ocrx_word' id='word_1_660' title='bbox 1469 5098 1553 5153; x_wconf 89' lang='lat' dir='ltr'>uti</span> <span class='ocrx_word' id='word_1_661' title='bbox 1583 5100 1839 5170; x_wconf 87' lang='lat' dir='ltr'>patescet</span> <span class='ocrx_word' id='word_1_662' title='bbox 1883 5114 1949 5151; x_wconf 84' lang='lat' dir='ltr'>ex</span> <span class='ocrx_word' id='word_1_663' title='bbox 1976 5098 2041 5152; x_wconf 89' lang='lat' dir='ltr'>iis</span> <span class='ocrx_word' id='word_1_664' title='bbox 2081 5116 2209 5170; x_wconf 68' lang='lat' dir='ltr'>qua:</span> 
     </span>
    </p>
   </div>
   <div class='ocr_carea' id='block_1_100' title="bbox 603 5186 2211 5260">
    <p class='ocr_par' dir='ltr' id='par_1_100' title="bbox 603 5186 2211 5260">
     <span class='ocr_line' id='line_1_100' title="bbox 603 5186 2211 5260; baseline -0.006 -9"><span class='ocrx_word' id='word_1_665' title='bbox 603 5197 673 5252; x_wconf 93' lang='lat' dir='ltr'>de</span> <span class='ocrx_word' id='word_1_666' title='bbox 698 5194 920 5249; x_wconf 90' lang='lat' dir='ltr'>duobus</span> <span class='ocrx_word' id='word_1_667' title='bbox 948 5190 1103 5245; x_wconf 90' lang='lat' dir='ltr'>hisce</span> <span class='ocrx_word' id='word_1_668' title='bbox 1141 5187 1418 5260; x_wconf 91' lang='lat' dir='ltr'>capitibus</span> <span class='ocrx_word' id='word_1_669' title='bbox 1440 5203 1544 5259; x_wconf 91' lang='lat' dir='ltr'>pro</span> <span class='ocrx_word' id='word_1_670' title='bbox 1578 5186 1822 5240; x_wconf 80' lang='lat' dir='ltr'>instituti</span> <span class='ocrx_word' id='word_1_671' title='bbox 1850 5186 1965 5240; x_wconf 90' lang='lat' dir='ltr'>mei</span> <span class='ocrx_word' id='word_1_672' title='bbox 1988 5187 2211 5243; x_wconf 88' lang='lat' dir='ltr'>ratione</span> 
     </span>
    </p>
   </div>
   <div class='ocr_carea' id='block_1_101' title="bbox 605 5273 2213 5346">
    <p class='ocr_par' dir='ltr' id='par_1_101' title="bbox 605 5273 2213 5346">
     <span class='ocr_line' id='line_1_101' title="bbox 605 5273 2213 5346; baseline -0.007 -6"><span class='ocrx_word' id='word_1_673' title='bbox 605 5282 851 5341; x_wconf 89' lang='lat' dir='ltr'>dicenda</span> <span class='ocrx_word' id='word_1_674' title='bbox 870 5279 963 5335; x_wconf 90' lang='lat' dir='ltr'>hic</span> <span class='ocrx_word' id='word_1_675' title='bbox 990 5279 1138 5332; x_wconf 88' lang='lat' dir='ltr'>sunt.</span> <span class='ocrx_word' id='word_1_676' title='bbox 1156 5277 1203 5329; x_wconf 83' lang='grc' dir='ltr'><strong>Α</strong></span> <span class='ocrx_word' id='word_1_677' title='bbox 1234 5274 1521 5330; x_wconf 90' lang='lat' dir='ltr'>Calabrini</span> <span class='ocrx_word' id='word_1_678' title='bbox 1551 5273 1886 5328; x_wconf 89' lang='lat' dir='ltr'>monasterii</span> <span class='ocrx_word' id='word_1_679' title='bbox 1907 5290 2213 5346; x_wconf 90' lang='lat' dir='ltr'>recupera-</span> 
     </span>
    </p>
   </div>
   <div class='ocr_carea' id='block_1_102' title="bbox 600 5361 2210 5441">
    <p class='ocr_par' dir='ltr' id='par_1_102' title="bbox 600 5361 2210 5441">
     <span class='ocr_line' id='line_1_102' title="bbox 600 5361 2210 5441; baseline -0.005 -14"><span class='ocrx_word' id='word_1_680' title='bbox 600 5373 781 5437; x_wconf 87' lang='lat' dir='ltr'>tione,</span> <span class='ocrx_word' id='word_1_681' title='bbox 815 5366 969 5441; x_wconf 91' lang='lat' dir='ltr'>quod</span> <span class='ocrx_word' id='word_1_682' title='bbox 999 5366 1122 5420; x_wconf 75' lang='lat' dir='ltr'>haec</span> <span class='ocrx_word' id='word_1_683' title='bbox 1142 5363 1335 5419; x_wconf 89' lang='lat' dir='ltr'>Sancti</span> <span class='ocrx_word' id='word_1_684' title='bbox 1367 5361 1865 5417; x_wconf 86' lang='lat' dir='ltr'>canonizationem</span> <span class='ocrx_word' id='word_1_685' title='bbox 1896 5378 1996 5417; x_wconf 90' lang='lat' dir='ltr'>seu</span> <span class='ocrx_word' id='word_1_686' title='bbox 2023 5363 2210 5433; x_wconf 89' lang='lat' dir='ltr'>potius</span> 
     </span>
    </p>
   </div>
   <div class='ocr_carea' id='block_1_103' title="bbox 600 5448 2207 5523">
    <p class='ocr_par' dir='ltr' id='par_1_103' title="bbox 600 5448 2207 5523">
     <span class='ocr_line' id='line_1_103' title="bbox 600 5448 2207 5523; baseline -0.006 -8"><span class='ocrx_word' id='word_1_687' title='bbox 600 5454 1085 5515; x_wconf 78' lang='lat' dir='ltr'>beatificationem</span> <span class='ocrx_word' id='word_1_688' title='bbox 1108 5449 1632 5523; x_wconf 67' lang='lat' dir='ltr'>prmcesserit,duco</span> <span class='ocrx_word' id='word_1_689' title='bbox 1654 5448 1987 5503; x_wconf 85' lang='lat' dir='ltr'>initium.Ac</span> <span class='ocrx_word' id='word_1_690' title='bbox 2016 5450 2207 5520; x_wconf 91' lang='lat' dir='ltr'>primo</span> 
     </span>
    </p>
   </div>
   <div class='ocr_carea' id='block_1_104' title="bbox 593 5537 2202 5623">
    <p class='ocr_par' dir='ltr' id='par_1_104' title="bbox 593 5537 2202 5623">
     <span class='ocr_line' id='line_1_104' title="bbox 593 5537 2202 5623; baseline -0.006 -20"><span class='ocrx_word' id='word_1_691' title='bbox 593 5547 828 5623; x_wconf 87' lang='lat' dir='ltr'>quidem</span> <span class='ocrx_word' id='word_1_692' title='bbox 860 5560 933 5600; x_wconf 86' lang='lat' dir='ltr'>an</span> <span class='ocrx_word' id='word_1_693' title='bbox 960 5539 1319 5597; x_wconf 87' lang='lat' dir='ltr'>Carthusiani</span> <span class='ocrx_word' id='word_1_694' title='bbox 1350 5539 1419 5595; x_wconf 91' lang='lat' dir='ltr'>de</span> <span class='ocrx_word' id='word_1_695' title='bbox 1448 5537 1800 5594; x_wconf 90' lang='lat' dir='ltr'>monasterio</span> <span class='ocrx_word' id='word_1_696' title='bbox 1838 5538 1933 5594; x_wconf 89' lang='lat' dir='ltr'>illo</span> <span class='ocrx_word' id='word_1_697' title='bbox 1965 5555 2202 5615; x_wconf 84' lang='lat' dir='ltr'>recupe-</span> 
     </span>
    </p>
   </div>
   <div class='ocr_carea' id='block_1_105' title="bbox 2308 4396 3928 4469">
    <p class='ocr_par' dir='ltr' id='par_1_105' title="bbox 2308 4396 3928 4469">
     <span class='ocr_line' id='line_1_105' title="bbox 2308 4396 3928 4469; baseline 0 -18"><span class='ocrx_word' id='word_1_698' title='bbox 2308 4396 2551 4463; x_wconf 89' lang='lat' dir='ltr'>riorum,</span> <span class='ocrx_word' id='word_1_699' title='bbox 2584 4397 2945 4469; x_wconf 91' lang='lat' dir='ltr'>aliorumque</span> <span class='ocrx_word' id='word_1_700' title='bbox 2977 4396 3333 4468; x_wconf 87' lang='lat' dir='ltr'>regularium</span> <span class='ocrx_word' id='word_1_701' title='bbox 3365 4397 3624 4450; x_wconf 90' lang='lat' dir='ltr'>locorum</span> <span class='ocrx_word' id='word_1_702' title='bbox 3649 4396 3928 4451; x_wconf 87' lang='lat' dir='ltr'>omnium</span> 
     </span>
    </p>
   </div>
   <div class='ocr_carea' id='block_1_106' title="bbox 2310 4483 3932 4557">
    <p class='ocr_par' dir='ltr' id='par_1_106' title="bbox 2310 4483 3932 4557">
     <span class='ocr_line' id='line_1_106' title="bbox 2310 4483 3932 4557; baseline 0.001 -18"><span class='ocrx_word' id='word_1_703' title='bbox 2310 4488 2459 4539; x_wconf 90' lang='lat' dir='ltr'>statu</span> <span class='ocrx_word' id='word_1_704' title='bbox 2505 4500 2778 4557; x_wconf 92' lang='lat' dir='ltr'>prospere</span> <span class='ocrx_word' id='word_1_705' title='bbox 2837 4488 2894 4539; x_wconf 92' lang='lat' dir='ltr'>et</span> <span class='ocrx_word' id='word_1_706' title='bbox 2933 4484 3239 4539; x_wconf 90' lang='lat' dir='ltr'>salubriter</span> <span class='ocrx_word' id='word_1_707' title='bbox 3285 4483 3589 4556; x_wconf 88' lang='lat' dir='ltr'>dirigendo</span> <span class='ocrx_word' id='word_1_708' title='bbox 3642 4485 3932 4540; x_wconf 89' lang='lat' dir='ltr'>continua</span> 
     </span>
    </p>
   </div>
   <div class='ocr_carea' id='block_1_107' title="bbox 2309 4572 3935 4643">
    <p class='ocr_par' dir='ltr' id='par_1_107' title="bbox 2309 4572 3935 4643">
     <span class='ocr_line' id='line_1_107' title="bbox 2309 4572 3935 4643; baseline 0 -16"><span class='ocrx_word' id='word_1_709' title='bbox 2309 4573 2608 4627; x_wconf 91' lang='lat' dir='ltr'>reddimur</span> <span class='ocrx_word' id='word_1_710' title='bbox 2639 4572 2960 4627; x_wconf 87' lang='lat' dir='ltr'>attentione</span> <span class='ocrx_word' id='word_1_711' title='bbox 2987 4573 3212 4626; x_wconf 90' lang='lat' dir='ltr'>solliciti</span> <span class='ocrx_word' id='word_1_712' title='bbox 3243 4589 3255 4626; x_wconf 89' lang='lat'><strong>:</strong></span> <span class='ocrx_word' id='word_1_713' title='bbox 3290 4572 3445 4625; x_wconf 91' lang='lat' dir='ltr'>unde</span> <span class='ocrx_word' id='word_1_714' title='bbox 3486 4572 3678 4643; x_wconf 90' lang='lat' dir='ltr'>aliqua</span> <span class='ocrx_word' id='word_1_715' title='bbox 3730 4588 3799 4626; x_wconf 80' lang='lat' dir='ltr'>ex</span> <span class='ocrx_word' id='word_1_716' title='bbox 3845 4574 3935 4627; x_wconf 85' lang='lat' dir='ltr'>ei-</span> 
     </span>
    </p>
   </div>
   <div class='ocr_carea' id='block_1_108' title="bbox 2309 4659 3935 4731">
    <p class='ocr_par' dir='ltr' id='par_1_108' title="bbox 2309 4659 3935 4731">
     <span class='ocr_line' id='line_1_108' title="bbox 2309 4659 3935 4731; baseline 0.001 -17"><span class='ocrx_word' id='word_1_717' title='bbox 2309 4661 2471 4715; x_wconf 90' lang='lat' dir='ltr'>sdem</span> <span class='ocrx_word' id='word_1_718' title='bbox 2496 4661 2860 4715; x_wconf 87' lang='lat' dir='ltr'>monasteriis</span> <span class='ocrx_word' id='word_1_719' title='bbox 2886 4662 2943 4714; x_wconf 88' lang='lat' dir='ltr'>et</span> <span class='ocrx_word' id='word_1_720' title='bbox 2974 4661 3133 4727; x_wconf 90' lang='lat' dir='ltr'>locis,</span> <span class='ocrx_word' id='word_1_721' title='bbox 3166 4664 3228 4715; x_wconf 94' lang='lat' dir='ltr'>ut</span> <span class='ocrx_word' id='word_1_722' title='bbox 3257 4660 3314 4714; x_wconf 90' lang='lat' dir='ltr'>in</span> <span class='ocrx_word' id='word_1_723' title='bbox 3344 4659 3424 4713; x_wconf 91' lang='lat' dir='ltr'>eis</span> <span class='ocrx_word' id='word_1_724' title='bbox 3454 4660 3674 4731; x_wconf 86' lang='lat' dir='ltr'>gratior</span> <span class='ocrx_word' id='word_1_725' title='bbox 3699 4661 3816 4715; x_wconf 89' lang='lat' dir='ltr'>Deo</span> <span class='ocrx_word' id='word_1_726' title='bbox 3842 4661 3935 4716; x_wconf 86' lang='lat' dir='ltr'>vi-</span> 
     </span>
    </p>
   </div>
   <div class='ocr_carea' id='block_1_109' title="bbox 2310 4747 3931 4819">
    <p class='ocr_par' dir='ltr' id='par_1_109' title="bbox 2310 4747 3931 4819">
     <span class='ocr_line' id='line_1_109' title="bbox 2310 4747 3931 4819; baseline 0.002 -18"><span class='ocrx_word' id='word_1_727' title='bbox 2310 4751 2443 4819; x_wconf 88' lang='lat' dir='ltr'>geat</span> <span class='ocrx_word' id='word_1_728' title='bbox 2469 4748 2852 4813; x_wconf 88' lang='lat' dir='ltr'>observantia,</span> <span class='ocrx_word' id='word_1_729' title='bbox 2913 4751 3129 4803; x_wconf 89' lang='lat' dir='ltr'>crescat</span> <span class='ocrx_word' id='word_1_730' title='bbox 3190 4747 3411 4802; x_wconf 89' lang='lat' dir='ltr'>divinus</span> <span class='ocrx_word' id='word_1_731' title='bbox 3441 4748 3643 4814; x_wconf 91' lang='lat' dir='ltr'>cultus,</span> <span class='ocrx_word' id='word_1_732' title='bbox 3690 4750 3750 4801; x_wconf 89' lang='lat' dir='ltr'>et</span> <span class='ocrx_word' id='word_1_733' title='bbox 3776 4748 3931 4805; x_wconf 85' lang='lat' dir='ltr'>ﬁde-</span> 
     </span>
    </p>
   </div>
   <div class='ocr_carea' id='block_1_110' title="bbox 2308 4836 3933 4908">
    <p class='ocr_par' dir='ltr' id='par_1_110' title="bbox 2308 4836 3933 4908">
     <span class='ocr_line' id='line_1_110' title="bbox 2308 4836 3933 4908; baseline 0.002 -19"><span class='ocrx_word' id='word_1_734' title='bbox 2308 4836 2451 4889; x_wconf 90' lang='lat' dir='ltr'>lium</span> <span class='ocrx_word' id='word_1_735' title='bbox 2484 4839 2763 4906; x_wconf 88' lang='lat' dir='ltr'>augeatur</span> <span class='ocrx_word' id='word_1_736' title='bbox 2785 4836 3034 4903; x_wconf 90' lang='lat' dir='ltr'>devotio,</span> <span class='ocrx_word' id='word_1_737' title='bbox 3061 4836 3219 4892; x_wconf 88' lang='lat' dir='ltr'>novis</span> <span class='ocrx_word' id='word_1_738' title='bbox 3232 4852 3653 4908; x_wconf 88' lang='lat' dir='ltr'>nonnunquam</span> <span class='ocrx_word' id='word_1_739' title='bbox 3675 4838 3933 4892; x_wconf 91' lang='lat' dir='ltr'>commi-</span> 
     </span>
    </p>
   </div>
   <div class='ocr_carea' id='block_1_111' title="bbox 2310 4924 3930 4996">
    <p class='ocr_par' dir='ltr' id='par_1_111' title="bbox 2310 4924 3930 4996">
     <span class='ocr_line' id='line_1_111' title="bbox 2310 4924 3930 4996; baseline 0.003 -20"><span class='ocrx_word' id='word_1_740' title='bbox 2310 4924 2487 4979; x_wconf 90' lang='lat' dir='ltr'>timus</span> <span class='ocrx_word' id='word_1_741' title='bbox 2526 4925 2908 4995; x_wconf 89' lang='lat' dir='ltr'>gubernanda</span> <span class='ocrx_word' id='word_1_742' title='bbox 2937 4925 3274 4991; x_wconf 89' lang='lat' dir='ltr'>rectoribus,</span> <span class='ocrx_word' id='word_1_743' title='bbox 3310 4940 3413 4995; x_wconf 92' lang='lat' dir='ltr'>per</span> <span class='ocrx_word' id='word_1_744' title='bbox 3463 4940 3713 4996; x_wconf 90' lang='lat' dir='ltr'>quorum</span> <span class='ocrx_word' id='word_1_745' title='bbox 3740 4927 3930 4981; x_wconf 86' lang='lat' dir='ltr'>soler-</span> 
     </span>
    </p>
   </div>
   <div class='ocr_carea' id='block_1_112' title="bbox 2309 5011 3934 5084">
    <p class='ocr_par' dir='ltr' id='par_1_112' title="bbox 2309 5011 3934 5084">
     <span class='ocr_line' id='line_1_112' title="bbox 2309 5011 3934 5084; baseline 0.002 -19"><span class='ocrx_word' id='word_1_746' title='bbox 2309 5011 2404 5065; x_wconf 62' lang='lat' dir='ltr'>tiae</span> <span class='ocrx_word' id='word_1_747' title='bbox 2443 5011 2693 5066; x_wconf 90' lang='lat' dir='ltr'>studium</span> <span class='ocrx_word' id='word_1_748' title='bbox 2720 5014 2776 5065; x_wconf 91' lang='lat' dir='ltr'>et</span> <span class='ocrx_word' id='word_1_749' title='bbox 2802 5013 3100 5083; x_wconf 86' lang='lat' dir='ltr'>providam</span> <span class='ocrx_word' id='word_1_750' title='bbox 3147 5011 3509 5084; x_wconf 88' lang='lat' dir='ltr'>diligentiam</span> <span class='ocrx_word' id='word_1_751' title='bbox 3568 5014 3934 5069; x_wconf 82' lang='lat' dir='ltr'>monasteria</span> 
     </span>
    </p>
   </div>
   <div class='ocr_carea' id='block_1_113' title="bbox 2312 5099 3935 5171">
    <p class='ocr_par' dir='ltr' id='par_1_113' title="bbox 2312 5099 3935 5171">
     <span class='ocr_line' id='line_1_113' title="bbox 2312 5099 3935 5171; baseline 0.002 -17"><span class='ocrx_word' id='word_1_752' title='bbox 2312 5103 2369 5154; x_wconf 91' lang='lat' dir='ltr'>et</span> <span class='ocrx_word' id='word_1_753' title='bbox 2396 5101 2521 5155; x_wconf 87' lang='lat' dir='ltr'>loca</span> <span class='ocrx_word' id='word_1_754' title='bbox 2547 5100 2687 5171; x_wconf 89' lang='lat' dir='ltr'>ipsa,</span> <span class='ocrx_word' id='word_1_755' title='bbox 2717 5100 2891 5155; x_wconf 89' lang='lat' dir='ltr'>etiam</span> <span class='ocrx_word' id='word_1_756' title='bbox 2942 5102 3079 5156; x_wconf 87' lang='lat' dir='ltr'>alias</span> <span class='ocrx_word' id='word_1_757' title='bbox 3109 5100 3307 5154; x_wconf 91' lang='lat' dir='ltr'>votivis</span> <span class='ocrx_word' id='word_1_758' title='bbox 3335 5100 3391 5154; x_wconf 87' lang='lat' dir='ltr'>in</span> <span class='ocrx_word' id='word_1_759' title='bbox 3424 5099 3820 5170; x_wconf 89' lang='lat' dir='ltr'>spiritualibus</span> <span class='ocrx_word' id='word_1_760' title='bbox 3876 5107 3935 5157; x_wconf 82' lang='lat' dir='ltr'>et</span> 
     </span>
    </p>
   </div>
   <div class='ocr_carea' id='block_1_114' title="bbox 2311 5187 3487 5261">
    <p class='ocr_par' dir='ltr' id='par_1_114' title="bbox 2311 5187 3487 5261">
     <span class='ocr_line' id='line_1_114' title="bbox 2311 5187 3487 5261; baseline -0.001 -20"><span class='ocrx_word' id='word_1_761' title='bbox 2311 5188 2729 5260; x_wconf 86' lang='lat' dir='ltr'>temporalibus</span> <span class='ocrx_word' id='word_1_762' title='bbox 2750 5188 3057 5261; x_wconf 81' lang='lat' dir='ltr'>proficiant</span> <span class='ocrx_word' id='word_1_763' title='bbox 3086 5187 3487 5243; x_wconf 72' lang='lat' dir='ltr'>incrementis.</span> 
     </span>
    </p>
   </div>
   <div class='ocr_carea' id='block_1_115' title="bbox 2380 5275 3934 5346">
    <p class='ocr_par' dir='ltr' id='par_1_115' title="bbox 2380 5275 3934 5346">
     <span class='ocr_line' id='line_1_115' title="bbox 2380 5275 3934 5346; baseline 0.003 -16"><span class='ocrx_word' id='word_1_764' title='bbox 2380 5280 2503 5334; x_wconf 80' lang='grc'><strong>755.</strong></span> <span class='ocrx_word' id='word_1_765' title='bbox 2534 5298 2562 5326; x_wconf 84' lang='grc'>‹‹</span> <span class='ocrx_word' id='word_1_766' title='bbox 2592 5276 2740 5331; x_wconf 90' lang='lat' dir='ltr'>Sane</span> <span class='ocrx_word' id='word_1_767' title='bbox 2765 5277 3115 5331; x_wconf 87' lang='lat' dir='ltr'>monasterio</span> <span class='ocrx_word' id='word_1_768' title='bbox 3148 5275 3205 5330; x_wconf 93' lang='lat' dir='ltr'>S.</span> <span class='ocrx_word' id='word_1_769' title='bbox 3241 5275 3599 5346; x_wconf 86' lang='lat' dir='ltr'>Stephanide</span> <span class='ocrx_word' id='word_1_770' title='bbox 3620 5277 3801 5331; x_wconf 89' lang='lat' dir='ltr'>Bosco</span> <span class='ocrx_word' id='word_1_771' title='bbox 3837 5279 3934 5334; x_wconf 87' lang='lat' dir='ltr'>Ci-</span> 
     </span>
    </p>
   </div>
   <div class='ocr_carea' id='block_1_116' title="bbox 2311 5363 3935 5437">
    <p class='ocr_par' dir='ltr' id='par_1_116' title="bbox 2311 5363 3935 5437">
     <span class='ocr_line' id='line_1_116' title="bbox 2311 5363 3935 5437; baseline 0.003 -20"><span class='ocrx_word' id='word_1_772' title='bbox 2311 5364 2632 5418; x_wconf 87' lang='lat' dir='ltr'>sterciensis</span> <span class='ocrx_word' id='word_1_773' title='bbox 2686 5365 2906 5420; x_wconf 89' lang='lat' dir='ltr'>ordinis</span> <span class='ocrx_word' id='word_1_774' title='bbox 2928 5363 3331 5437; x_wconf 84' lang='lat' dir='ltr'>Squillacensis</span> <span class='ocrx_word' id='word_1_775' title='bbox 3355 5363 3629 5431; x_wconf 71' lang='lat' dir='ltr'>dicrcesis,</span> <span class='ocrx_word' id='word_1_776' title='bbox 3650 5365 3811 5435; x_wconf 90' lang='lat' dir='ltr'>quod</span> <span class='ocrx_word' id='word_1_777' title='bbox 3847 5367 3935 5422; x_wconf 89' lang='lat' dir='ltr'>di-</span> 
     </span>
    </p>
   </div>
   <div class='ocr_carea' id='block_1_117' title="bbox 2309 5446 3931 5523">
    <p class='ocr_par' dir='ltr' id='par_1_117' title="bbox 2309 5446 3931 5523">
     <span class='ocr_line' id='line_1_117' title="bbox 2309 5446 3931 5523; baseline 0.002 -17"><span class='ocrx_word' id='word_1_778' title='bbox 2309 5452 2486 5506; x_wconf 90' lang='lat' dir='ltr'>lectus</span> <span class='ocrx_word' id='word_1_779' title='bbox 2514 5446 2663 5507; x_wconf 81' lang='lat' dir='ltr'>ﬁlius</span> <span class='ocrx_word' id='word_1_780' title='bbox 2695 5457 2889 5507; x_wconf 92' lang='lat' dir='ltr'>noster</span> <span class='ocrx_word' id='word_1_781' title='bbox 2908 5454 3167 5523; x_wconf 82' lang='lat' dir='ltr'>Aloysius</span> <span class='ocrx_word' id='word_1_782' title='bbox 3187 5454 3397 5506; x_wconf 74' lang='lat' dir='ltr'>sanctae</span> <span class='ocrx_word' id='word_1_783' title='bbox 3439 5452 3626 5507; x_wconf 74' lang='lat' dir='ltr'>Mariae</span> <span class='ocrx_word' id='word_1_784' title='bbox 3674 5452 3730 5506; x_wconf 88' lang='lat' dir='ltr'>in</span> <span class='ocrx_word' id='word_1_785' title='bbox 3782 5453 3931 5510; x_wconf 85' lang='lat' dir='ltr'>Cos-</span> 
     </span>
    </p>
   </div>
   <div class='ocr_carea' id='block_1_118' title="bbox 2309 5540 3932 5614">
    <p class='ocr_par' dir='ltr' id='par_1_118' title="bbox 2309 5540 3932 5614">
     <span class='ocr_line' id='line_1_118' title="bbox 2309 5540 3932 5614; baseline 0.003 -19"><span class='ocrx_word' id='word_1_786' title='bbox 2309 5540 2503 5596; x_wconf 91' lang='lat' dir='ltr'>medin</span> <span class='ocrx_word' id='word_1_787' title='bbox 2537 5541 2811 5598; x_wconf 88' lang='lat' dir='ltr'>diaconus</span> <span class='ocrx_word' id='word_1_788' title='bbox 2840 5541 3143 5597; x_wconf 84' lang='lat' dir='ltr'>cardinalis</span> <span class='ocrx_word' id='word_1_789' title='bbox 3155 5559 3220 5597; x_wconf 83' lang='lat' dir='ltr'>ex</span> <span class='ocrx_word' id='word_1_790' title='bbox 3234 5541 3601 5596; x_wconf 89' lang='lat' dir='ltr'>concessione</span> <span class='ocrx_word' id='word_1_791' title='bbox 3619 5543 3676 5596; x_wconf 88' lang='lat' dir='ltr'>et</span> <span class='ocrx_word' id='word_1_792' title='bbox 3690 5540 3932 5614; x_wconf 86' lang='lat' dir='ltr'>dispen-</span> 
     </span>
    </p>
   </div>
  </div>
