4066 6032
174 322 292 376 485

1759 322 1940 380 ACTA

3404 331 3515 388 466

170 444 409 499 satione
441 440 754 514 apostolica
784 442 844 498 in
872 444 1284 500 commendem
1302 462 1486 517 nuper
1509 447 1808 502 obtinebat
1824 450 1881 510 Α
1906 449 2044 504 dem
2082 449 2496 505 Carthusiensis
2533 448 2924 517 ordinis,infra
2944 448 3103 521 cujus
3123 451 3430 522 provinciae
3452 455 3521 510 li-

176 532 565 603 (commenda
595 531 926 602 hujusmodi
944 549 1010 586 ex
1040 550 1130 599 eo,
1165 534 1321 604 quod
1355 534 1511 589 idem
1545 536 1804 607 Aloysius

172 620 494 675 cardinalis
531 619 613 673 illi
645 620 816 674 hodie
847 620 905 674 in
958 621 1226 676 manibus
1275 623 1481 677 nostris
1510 628 1715 695 sponte
1748 627 1805 678 et

172 709 366 763 libere
385 708 570 775 cessit,
595 709 1146 779 nosquecessionem
1171 709 1356 782 ipsam
1387 711 1651 766 duximus
1702 712 1801 767 ad-

169 797 529 851 mittendam
561 796 838 867 cessante)
886 798 1072 852 adhuc
1106 814 1196 867 eo,
1231 816 1366 871 quo,
1427 799 1567 855 dum
1614 801 1803 855 eidem

166 885 409 957 Aloysio
441 884 719 940 cardinali
743 886 1176 940 commedatum
1201 874 1331 953 fuit,
1363 889 1803 956 vacabat,modo

165 974 452 1037 vacante;
484 989 592 1027 nos
619 989 775 1041 vero,
808 973 1079 1029 ultimum
1109 976 1244 1030 dicti
1275 976 1614 1031 monasterii
1647 993 1806 1032 vaca-

169 1061 355 1116 tionis
388 1062 653 1129 modum,
689 1063 914 1117 etiamsi
945 1080 1011 1118 ex
1037 1064 1136 1120 illo
1150 1066 1362 1137 qumvis
1395 1067 1683 1138 generalis
1713 1083 1802 1121 re-

173 1151 429 1205 servatio
460 1154 519 1205 et
556 1150 615 1205 in
637 1167 878 1223 corpore
901 1152 1050 1222 juris
1078 1155 1266 1209 clausa
1294 1156 1808 1226 resultet,pr&sen-

172 1238 338 1292 tibus
354 1255 458 1310 pro
499 1239 777 1309 expressis
803 1240 1082 1295 habentes
1116 1243 1186 1296 ad
1214 1243 1605 1313 provisionem
1635 1261 1806 1315 super

172 1325 359 1396 ipsius
398 1326 732 1380 monasterii
762 1327 1046 1397 regimine
1078 1331 1323 1384 celerem
1348 1335 1451 1385 eet
1468 1332 1714 1397 felicem,
1734 1349 1804 1386 ne

172 1414 603 1469 monasterium
627 1414 1021 1488 ipsumlongze
1050 1418 1362 1473 vacationis
1387 1421 1807 1492 exponaturin-

169 1503 527 1569 commodis,
562 1504 815 1574 paternis
837 1507 894 1559 et
925 1506 1178 1559 sollicitis
1194 1507 1802 1575 studiisintendentes,

171 1594 311 1662 post
341 1591 847 1658 deliberationem,
879 1610 1055 1663 quam
1087 1593 1334 1667 desuper
1365 1613 1495 1650 cum
1524 1597 1799 1651 fratribus

169 1678 393 1733 nostris
425 1679 733 1733 habuimus
761 1679 1120 1751 diligentem,
1151 1682 1390 1737 demum
1440 1684 1512 1738 ad
1566 1684 1804 1740 dilectos

1906 538 2076 593 mites
2110 540 2264 594 dicta
2312 540 2516 594 domus
2555 538 2611 594 S.
2649 539 2925 612 Stephani
2972 539 3246 609 consistit,
3279 542 3519 598 Carthu-

1905 627 2104 683 siensis
2143 629 2360 683 ordinis
2386 632 2444 682 et
2466 628 2615 682 illius
2644 629 2889 683 fratrum
2919 629 3249 699 hujusmodi
3283 632 3521 687 nomine

1903 719 2265 788 corporalem
2288 717 2562 773 domusS.
2597 718 2873 790 Stephani
2913 718 3201 773 bonorum
3220 736 3285 774 ac
3301 720 3522 791 jurium

1905 808 1961 859 et
1984 806 2463 877 pertinentiarum
2480 807 2889 879 praedictarum
2906 806 3325 877 possessionem
3342 825 3446 881 per
3462 825 3521 864 se

1905 894 1992 947 vel
2024 912 2128 967 per
2158 894 2335 948 alium
2362 912 2460 949 seu
2491 894 2634 950 alios
2687 894 2924 965 propria
2953 895 3292 951 auctoritate
3341 897 3521 952 libere

1906 983 2364 1054 apprehendere,
2388 986 2464 1050 et,
2503 982 2647 1037 sicut
2680 983 3074 1054 praemittitur,
3107 985 3427 1056 regendam
3463 988 3521 1040 et

1906 1071 2348 1141 gubernandam
2367 1074 2645 1143 perpetuo
2672 1071 2943 1138 retinere,
2968 1072 3251 1142 illiusque,
3279 1074 3517 1141 fructus,

1905 1158 2161 1213 redditus
2189 1163 2243 1214 et
2274 1164 2581 1232 proventus
2606 1159 2664 1213 in
2693 1159 2941 1214 fratrum
2969 1163 3025 1215 et
3055 1161 3264 1216 domus
3315 1178 3518 1217 eorum

1907 1264 2037 1301 usus
2076 1248 2496 1319 utilitatemque
2556 1251 2912 1315 convertere,
2963 1249 3267 1304 diaecesani
3297 1249 3405 1304 loci
3463 1254 3521 1304 et

1905 1334 2149 1405 cujusvis
2181 1336 2414 1391 alterius
2444 1336 2676 1390 licentia
2707 1352 2877 1407 super
2906 1336 3015 1390 hoc
3053 1337 3294 1392 minime
3325 1337 3518 1409 requi-

1906 1423 2034 1477 sita.

1976 1515 2099 1566 757.
2139 1533 2164 1559 ››
2188 1513 2266 1566 Ac
2292 1512 2470 1583 priori
2493 1516 2548 1567 et
2580 1513 2922 1568 fratribusin
2950 1513 3071 1584 ipsa
3103 1512 3278 1567 domo
3303 1512 3361 1567 S.
3395 1513 3518 1568 Ste-

1906 1599 2081 1672 phani
2113 1616 2216 1670 pro
2259 1604 2520 1672 tempore
2554 1602 2916 1673 degentibus,
2958 1601 3113 1673 quod
3140 1602 3245 1671 ipsi
3275 1605 3332 1656 et
3371 1602 3523 1657 dicta

1905 1688 2110 1741 domus
2139 1689 2408 1742 omnibus
2440 1693 2495 1743 et
2511 1690 2750 1761 singulis
2787 1689 3123 1761 privilegiis,
3156 1689 3375 1760 gratiis,
3408 1690 3518 1745 im-

169 1765 330 1821 ﬁlios
353 1767 565 1821 fratres
589 1768 1029 1837 Carthusiensis,
1066 1770 1383 1838 ordinis,in
1416 1773 1622 1843 quibus
1654 1790 1795 1845 regu
1830 1752 1881 1810 Β
1907 1776 2300 1843 munitatibus,
2336 1776 2729 1847 indulgentiis,
2758 1778 3520 1848 exemptionibus,praiemi-

169 1853 317 1908 laris
347 1854 665 1925 disciplina:
686 1856 1070 1923 observantia,
1136 1858 1265 1912 vitm
1306 1859 1709 1928 sanctimonia,
1746 1864 1804 1915 et

174 1944 546 2013 exemplares
568 1959 761 1998 mores
787 1944 844 1998 in
865 1945 985 2000 dies
1013 1949 1137 2000 tam
1157 1964 1334 2018 quam
1369 1947 1499 2002 novi
1538 1948 1803 2020 palmites

174 2031 237 2084 in
302 2048 445 2103 agro
502 2032 733 2087 Domini
788 2034 1070 2103 pullulare
1116 2040 1447 2103 noscuntur,
1491 2036 1803 2092 direximus

175 2120 379 2174 oculos
400 2120 613 2175 mentis
642 2123 874 2175 nostrae.
896 2121 1229 2193 Sperantes,
1266 2124 1420 2194 quod
1435 2123 1479 2178 si
1502 2125 1559 2179 in
1594 2142 1799 2179 mona-

173 2208 358 2263 sterio
373 2208 673 2279 praedicto,
702 2209 759 2263 in
794 2210 954 2279 cujus
983 2211 1220 2265 ecclesia
1249 2228 1454 2283 corpus
1498 2213 1554 2268 S.
1591 2214 1805 2267 Bruno-

176 2295 275 2350 nis
308 2295 441 2350 dicti
483 2296 703 2351 ordinis
732 2298 1147 2353 Carthusiensis
1204 2299 1545 2355 institutoris
1596 2301 1805 2355 dicitur

174 2401 305 2438 esse
338 2384 725 2451 reconditum,
749 2388 806 2439 et
825 2386 999 2457 quod,
1026 2388 1172 2442 utab
1204 2387 1486 2459 aliquibus
1510 2389 1800 2455 asseritur,

172 2472 321 2527 olim
348 2472 607 2543 ejusdem
641 2473 1054 2529 Carthusiensis
1077 2475 1296 2530 ordinis
1324 2476 1531 2530 domus
1560 2476 1686 2543 fuit,
1718 2477 1802 2531 di-

168 2559 370 2630 gnitas
421 2560 720 2615 abbatialis
772 2564 829 2615 et
872 2562 1258 2617 Cisterciensis
1309 2564 1451 2618 ordo
1504 2568 1808 2637 perpetuo-

169 2648 678 2720 supprimerentur
695 2651 751 2704 et
765 2651 1289 2722 exstinguerentur,
1312 2655 1369 2706 et
1388 2653 1528 2707 ordo
1559 2654 1803 2708 Carthu-

170 2736 381 2791 siensis
393 2737 719 2807 hujusmodi
737 2737 1149 2806 institueretur,
1180 2743 1237 2794 et
1252 2741 1632 2810 plantaretur:
1662 2744 1719 2796 et
1736 2741 1806 2795 de

172 2827 391 2878 cmtero
427 2824 1044 2897 monasterinmipsum
1071 2826 1278 2882 domus
1308 2829 1410 2882 sub
1425 2829 1629 2883 eadem
1651 2829 1808 2884 invo-

170 2911 408 2966 catione
429 2912 485 2967 S.
518 2913 795 2985 Stephani
823 2918 1274 2985 nuncuparetur,
1304 2919 1359 2971 et
1395 2917 1529 2971 dicti
1563 2917 1802 2971 Carthu-

168 3000 379 3054 siensis
403 3000 621 3055 ordinis
649 3000 925 3056 fratribus
944 3019 1048 3073 per
1070 3020 1165 3057 eos
1181 3004 1346 3073 juxta
1370 3004 1628 3074 ipsorum
1661 3005 1802 3059 ritus

171 3091 229 3142 et
252 3104 455 3142 mores
483 3105 547 3142 ac
574 3089 861 3160 regularia
891 3090 1153 3144 instituta
1186 3094 1356 3162 prout
1387 3093 1509 3146 alia:
1539 3093 1801 3162 ejusdum

172 3175 599 3230 Carthusiensis
630 3177 847 3231 ordinis
872 3178 1080 3232 domus
1108 3182 1803 3250 reguvzturetgubcrnan-

173 3268 296 3330 tur,
324 3265 650 3335 regendum
665 3268 723 3319 et
752 3266 1196 3337 gubernandum
1216 3270 1495 3338 perpetuo
1522 3270 1800 3324 concede-

172 3356 360 3418 retur,
387 3370 454 3406 ex
480 3353 586 3407 hoc
609 3354 797 3422 gratia
830 3356 944 3409 Deo
978 3358 1285 3425 etaccepta
1317 3356 1374 3409 in
1401 3356 1554 3410 dicto
1587 3373 1793 3412 mona-

174 3442 355 3501 sterio
386 3442 849 3497 introduceretur
866 3444 1013 3498 bene
1029 3444 1311 3515 beateque
1325 3444 1550 3499 vivendi
1570 3463 1604 3498 ιι
1617 3462 1802 3513 orma,

178 3534 496 3602 augeretur
516 3530 736 3585 divinus
766 3533 966 3597 cultus,
1025 3532 1278 3604 aliasque
1330 3532 1583 3603 ejusdem
1608 3550 1807 3589 mona-

177 3622 339 3679 sterii
365 3620 537 3675 statui
568 3621 624 3674 in
673 3621 1061 3692 spiritualibus
1111 3624 1167 3675 et
1219 3623 1639 3692 temporalibus
1671 3638 1805 3676 cum

180 3709 727 3767 circnmvicinorum
748 3711 1003 3765 ﬁdelium
1021 3711 1298 3782 spirituali
1317 3710 1710 3765 consolatione
1725 3711 1804 3765 fe-

176 3800 375 3855 liciter
404 3798 821 3853 consuleretur.

257 3894 424 3948 7256.“
444 3891 656 3955 Quibus
690 3891 958 3947 omnibus
990 3891 1182 3946 debita
1205 3891 1584 3946 meditatione
1600 3908 1804 3963 pensa-

184 3983 277 4047 tis,
307 3982 381 4037 de
408 3980 693 4035 dictorum
726 3980 971 4034 fratrum
1009 3979 1270 4048 consilio,
1306 3980 1643 4036 auctoritate
1668 3997 1806 4051 apo-

188 4070 411 4137 stolica,
456 4071 658 4123 tenore
708 4070 1079 4139 praesentium
1110 4068 1169 4122 in
1218 4069 1423 4122 eodem
1455 4069 1806 4124 monasterio

184 4158 389 4233 quovis
421 4158 617 4224 modo,
652 4160 709 4212 et
756 4174 823 4211 ex
868 4157 1282 4228 cujuscumque
1318 4173 1567 4228 persona
1624 4158 1805 4223 vacet,

190 4244 419 4300 etiarnsi
436 4244 557 4314 ejus
576 4242 822 4315 provisio
854 4259 919 4296 ex
943 4242 1140 4313 quavis
1171 4259 1342 4297 causa
1359 4244 1431 4297 ad
1460 4245 1658 4298 sedem
1677 4262 1810 4317 apo-

1904 1863 2136 1930 nentiis,
2170 1865 2483 1932 favoribus,
2503 1868 2561 1919 et
2591 1866 2827 1920 indultis
2858 1865 3243 1938 spiritualibus
3284 1868 3343 1920 et
3370 1868 3519 1919 tem-

1904 1953 2217 2024 poralibus,
2250 1953 2455 2025 quibus
2481 1953 2605 2008 alia:
2637 1953 2773 2009 dicti
2834 1952 3245 2009 Carthusiensis
3305 1953 3522 2009 ordinis

1905 2041 2114 2095 domus
2141 2044 2238 2095 aut
2270 2042 2491 2112 priores
2521 2047 2579 2097 et
2608 2043 2815 2096 fratres
2869 2041 2926 2095 in
2963 2042 3073 2096 illis
3103 2058 3206 2112 pro
3256 2044 3521 2113 tempore

1905 2128 2179 2199 degentes
2194 2130 2541 2201 generaliter
2560 2134 2818 2197 utuntur,
2837 2129 3157 2201 potiuntur,
3175 2129 3519 2200 etgaudent,

1905 2235 1970 2272 ac
1993 2219 2094 2286 uti,
2112 2218 2308 2290 potiri,
2337 2222 2395 2273 et
2426 2219 2680 2290 gaudere
2712 2220 2989 2291 poterunt
3009 2216 3520 2289 quomodolibetin

1904 2307 2186 2373 futurum,
2213 2307 2315 2373 uti,
2343 2307 2535 2379 potiri,
2571 2307 2891 2379 etgaudere
2922 2306 3101 2360 libere
3133 2308 3190 2360 et
3219 2305 3368 2359 licite
3391 2321 3519 2377 pos-

1905 2396 2038 2464 sint,
2073 2397 2141 2451 de
2174 2396 2347 2451 simili
2367 2397 2605 2451 consilio
2625 2396 2964 2450 auctoritate
2992 2394 3234 2466 praefata
3261 2394 3525 2465 indulge-

1906 2501 2179 2558 mus,non
2205 2485 2536 2539 obtantibus
2579 2483 3086 2539 constitutionibus
3115 2485 3172 2538 et
3201 2482 3520 2537 ordinatio-

1908 2572 2075 2628 nibus
2096 2572 2438 2645 apbstolicis,
2459 2589 2522 2627 ac
2553 2573 2837 2639 dictorum
2866 2572 3137 2626 ordinum
3161 2571 3519 2640 juramento,

1907 2660 2350 2715 confirmatione
2378 2660 2710 2732 apostolica,
2757 2662 2844 2715 vel
2886 2659 3081 2731 quavis
3113 2659 3387 2713 firmitate
3410 2658 3523 2712 alia

1848 2792 1861 2802 .
1909 2749 2211 2814 roboratis,
2251 2749 2475 2803 statutis
2505 2752 2561 2802 et
2615 2747 3124 2803 consuetudinibus
3182 2746 3517 2817 ueterisque

1908 2837 2207 2891 contrariis
2225 2837 2677 2907 quibuscumque.
2696 2836 2810 2890 Nos
2828 2834 2987 2889 enim
3008 2851 3076 2888 ex
3108 2850 3261 2888 nunc
3290 2834 3518 2888 irritum

1906 2926 2268 2980 decernimus
2297 2928 2355 2978 et
2384 2923 2629 2991 inanc,si
2661 2941 2821 2977 secus
2848 2938 3022 2993 super
3050 2922 3138 2976 his
3169 2940 3203 2976 a
3223 2938 3517 2994 quoquam

1822 3032 1870 3092 ρ
1903 3013 2099 3085 quavis
2124 3012 2464 3066 auctoritate
2481 3012 2729 3065 scienter
2747 3012 2833 3065 vel
2854 3010 3195 3081 ignoranter
3211 3008 3524 3080 contigerit

1904 3101 2195 3156 attentari.
2224 3102 2370 3156 Nulli
2398 3117 2537 3172 ergo
2569 3100 2810 3155 omnino
2837 3098 3147 3153 hominum
3172 3098 3342 3152 liceat
3370 3098 3520 3151 hanc

1902 3190 2176 3261 paginam
2213 3192 2425 3245 nostra:
2454 3187 2893 3259 suppressionis,
2928 3185 3342 3253 exstinctionis,
3381 3201 3518 3240 con-

1904 3278 2174 3332 cessionis
2201 3280 2258 3331 et
2281 3277 2494 3331 decreti
2527 3276 2865 3347 infringere,
2898 3275 2985 3328 vel
3015 3274 3068 3328 ei
3102 3290 3240 3328 ausu
3266 3278 3517 3328 temera-

1902 3366 1989 3420 rio
2022 3366 2328 3420 contraire.
2358 3364 2415 3420 Si
2446 3365 2568 3436 quis
2587 3368 2781 3418 autem
2809 3364 2917 3417 hoc
2931 3364 3215 3416 attentare
3239 3378 3517 3433 praesum-

1905 3454 2569 3527 pserit,indignationem
2584 3450 3197 3524 omnipotentisDei,et
3211 3451 3517 3505 beatorum

1905 3542 2059 3597 Petri
2090 3547 2147 3596 et
2167 3543 2327 3596 Pauli
2357 3543 2751 3613 apostolorum
2777 3541 2900 3610 ejus
2921 3557 2980 3593 se
3012 3538 3237 3594 noverit
3264 3538 3520 3593 incursu-

1906 3648 2059 3684 rum.
2095 3632 2300 3684 Datum
2326 3632 2523 3684 Romae
2538 3630 2693 3698 apud
2719 3628 2775 3683 S.
2804 3629 3039 3682 Petrum
3072 3644 3226 3682 anno
3258 3627 3521 3682 incarna-

1907 3718 2081 3773 tionis
2097 3717 2410 3773 Dominicae
2430 3717 2738 3772 millesimo
2756 3715 3221 3787 quingentesimo
3239 3716 3408 3769 tertio
3425 3716 3520 3771 de-

1907 3806 2080 3873 cimo,
2109 3806 2334 3861 decimo
2367 3805 2615 3876 septimo
2648 3805 2932 3858 Kalendas
2963 3802 3242 3870 Januarii,
3285 3803 3520 3857 Pontifi-

1906 3898 2066 3949 catus
2096 3895 2275 3949 nostri
2315 3910 2467 3948 anno
2500 3892 2712 3963 primo.
2741 3913 2767 3941 »
2801 3889 3189 3945 Carthusianis
3211 3890 3515 3961 itaque,ut.

1909 4001 1974 4039 ex
2000 3985 2116 4042 huc
2136 3983 2256 4054 jam
2283 3981 2626 4051 transcripta
2647 3981 2807 4034 Bulla
2833 3980 3203 4034 manifestum
3225 3981 3329 4045 est,
3364 3977 3521 4032 Cala-

1907 4071 2142 4126 brinum
2170 4070 2225 4125 S.
2262 4069 2539 4142 Stephani
2591 4069 2660 4123 de
2710 4070 2884 4123 Bosco
2939 4065 3379 4134 monasterium,
3412 4065 3458 4120 si
3486 4082 3521 4121 a

1910 4159 2192 4214 Ludovico
2218 4176 2318 4213 seu
2331 4159 2558 4230 Aloysio
2580 4158 2649 4213 de
2678 4156 2987 4228 Aragonia,
3005 4154 3061 4210 8.
3094 4154 3282 4209 Marias
3300 4154 3359 4208 in
3391 4153 3521 4209 Cos-

1909 4248 2107 4303 medin
2140 4248 2383 4302 diacono
2415 4247 2713 4313 cardinali,
2748 4246 2819 4299 de
2845 4261 2958 4316 quo
2998 4243 3057 4298 in
3090 4242 3431 4298 Pontificum
3462 4245 3522 4297 et

190 4311 802 4402 stolicam—specialiter
838 4331 925 4383 vel
960 4311 1332 4400 generaliter
1358 4331 1665 4402 pertineat,
1713 4311 1807 4386 -di-
1833 4311 1886 4371 D
1909 4335 2285 4390 cardinalium
2321 4335 2459 4389 Vitis
2494 4339 2633 4389 tom.
2669 4311 2758 4399 lll,
2787 4311 2896 4387 col.
2920 4333 3040 4398 187,
3074 4330 3368 4397 Oldoinus,
3394 4328 3519 4385 risi-

191 4421 483 4493 gnitatem
511 4418 857 4473 abbatialem
886 4420 943 4472 et
960 4418 1394 4473 Cister'ciensem
1413 4420 1677 4475 ordinem
1702 4421 1808 4474 hu-

182 4507 445 4580 jusmodi
476 4509 755 4579 perpetuo
780 4506 1192 4578 supprimimus
1213 4510 1271 4561 et
1295 4507 1730 4579 exstinguimus,
1754 4510 1812 4562 et

192 4596 416 4651 dictum
450 4594 913 4651 Carthusiensem
941 4594 1228 4661 ordinem,
1247 4595 1325 4649 ita
1343 4595 1498 4667 quod
1512 4596 1582 4651 de
1602 4600 1811 4651 caetero

192 4702 314 4739 non
344 4683 786 4751 monasterium,
820 4682 920 4737 sed
951 4682 1158 4738 domus
1171 4684 1428 4753 ejusdem
1455 4682 1512 4738 S.
1536 4683 1813 4756 Stephani

192 4773 267 4828 sit
300 4774 360 4826 et
386 4770 1460 4843 denominetur,instituimus;illudque
1472 4788 1605 4826 cum
1623 4772 1811 4827 omni-

192 4860 302 4915 bus
334 4863 391 4913 et
410 4858 649 4931 singulis
674 4859 720 4929 ej
733 4876 796 4913 ns
817 4858 1130 4913 mobilibus
1151 4859 1613 4915 etimmobilibus
1624 4860 1811 4927 bonis,

182 4948 419 5019 jnribus
467 4950 525 5001 et
580 4945 942 5017 pertinentiis
993 4947 1126 5015 suis,
1184 4946 1348 5001 dictis
1401 4947 1674 5003 fratribus
1712 4965 1815 5019 per

195 5052 381 5091 unum
412 5035 667 5108 priorem
699 5037 758 5089 et
781 5035 988 5088 fratres
1018 5034 1077 5088 in
1112 5034 1349 5089 decenti
1383 5053 1627 5091 numero
1654 5037 1815 5107 juxta

197 5140 405 5181 eorum
431 5122 574 5177 ritus
601 5124 659 5176 et
691 5138 882 5178 mores
913 5139 977 5177 ac
1011 5122 1272 5178 instituta
1299 5123 1585 5196 regularia
1614 5124 1818 5196 pracdi-

198 5215 315 5280 cta,
347 5213 407 5266 et
437 5213 610 5282 prout
625 5211 749 5265 alite
767 5211 904 5266 dicti
933 5210 1350 5267 Carthusiensis
1376 5213 1593 5267 ordinis
1612 5213 1818 5269 domus

196 5301 555 5372 regunturet
594 5299 1013 5370 gubernantur,
1051 5300 1373 5372 regendum
1390 5304 1450 5355 et
1487 5301 1817 5372 gubernan-

202 5390 342 5444 dum
358 5391 639 5461 perpetuo
654 5389 1245 5461 concedimus.ltaque
1264 5388 1674 5445 liceat‘dilectis
1694 5391 1823 5445 filiis

202 5477 505 5535 modernis
531 5476 667 5533 dicti
690 5478 1106 5534 Carthusiensis
1126 5476 1343 5533 ordinis
1361 5478 1743 5536 visitatoribus
1764 5480 1824 5535 in

202 5566 509 5642 provincia
535 5566 864 5623 remotioris
884 5566 1247 5625 Lombardiae
1253 5566 1415 5640 juxta
1438 5584 1664 5624 morem
1679 5570 1826 5644 ejus-

1911 4427 2333 4494 gnatum,anno
2356 4424 2511 4489 1513,
2550 4424 2612 4475 16
2644 4418 2973 4476 Decembris
3002 4418 3116 4485 die,
3146 4418 3258 4473 Leo
3289 4419 3330 4472 X
3354 4417 3519 4472 resti-

1911 4512 2037 4580 tuit;
2069 4512 2238 4583 hujus
2263 4514 2459 4566 autem
2492 4509 2646 4564 haud
2674 4509 2894 4564 dudum
2920 4510 3051 4581 post
3093 4507 3520 4579 possessionem

1912 4599 1992 4654 illi
2025 4600 2240 4655 adiere.

1983 4691 2108 4745 758.
2141 4711 2169 4740 ‹‹
2196 4688 2439 4742 Iacobus
2469 4688 2539 4742 de
2571 4685 2880 4758 Aragonia,
2908 4704 2942 4737 »
2974 4684 3167 4757 inquit
3190 4683 3249 4740 in
3290 4701 3393 4741 suo
3427 4700 3521 4740 or-

1914 4776 2063 4831 dinis
2095 4774 2509 4831 Carthusiensis
2540 4777 2844 4848 prospectu
2875 4773 2949 4828 ad
2980 4789 3200 4827 annum
3235 4774 3370 4827 1514
3419 4771 3524 4826 Ca-

1915 4865 2106 4919 millus
2132 4864 2391 4931 Tutinus,
2428 4885 2456 4913 «
2482 4863 2642 4934 prior
2670 4863 2907 4934 Neapol.
2949 4877 3082 4916 cum
3114 4859 3309 4932 priore
3348 4858 3524 4913 Clari-

1916 4951 2149 5019 montis,
2183 4951 2422 5022 aliisque
2476 4949 2778 5006 monachis
2825 4952 2883 5004 et
2942 4947 3213 5003 fratribus
3242 4943 3527 5000 conversis

1918 5038 2303 5095 Carthusianis
2335 5038 2427 5093 die
2452 5042 2519 5094 27
2571 5036 2862 5093 Februarii
2904 5033 3240 5090 monasterii
3293 5032 3351 5087 8.
3400 5030 3527 5087 Ste-

1916 5127 2093 5199 phani
2125 5127 2195 5182 de
2228 5142 2467 5181 nemore
2493 5125 2912 5199 possessionem
2927 5122 3142 5193 cepit.»
3174 5118 3317 5175 Dicti
3332 5118 3529 5191 itaque

1919 5215 2254 5270 monasterii
2268 5215 2689 5287 possessionem
2705 5212 2873 5268 annil
2885 5211 2987 5264 514
2999 5208 3276 5280 vigesima
3286 5207 3534 5277 septima

1920 5303 2211 5358 Februarii
2246 5303 2337 5357 die
2369 5319 2433 5357 ac
2460 5301 2625 5375 proin
2650 5299 2833 5356 tribus
2853 5298 3115 5353 nondum
3145 5298 3450 5368 postquam
3475 5293 3536 5348 id

1924 5391 2005 5446 eis
2022 5392 2379 5447 restistutum
2410 5391 2626 5455 fuisset,
2655 5389 2866 5460 elapsis
2896 5386 3211 5453 mensibus,
3230 5380 3535 5456 possessio-

1928 5495 2067 5534 nem
2097 5480 2288 5535 adiere
2323 5476 2718 5547 Carthusiani;
2749 5478 2848 5552 qui
2867 5477 3068 5530 autem
3112 5474 3328 5531 factum
3354 5470 3415 5526 id
3443 5468 3538 5537 sit,

1930 5568 2224 5625 Zanottius
2252 5568 2313 5624 in
2344 5582 2443 5624 sua
2474 5563 2544 5624 de
2569 5563 2628 5620 S.
2669 5565 2944 5625 Brunone
2967 5563 3214 5621 Historia
3229 5576 3355 5635 cap.
3379 5561 3446 5615 33
3464 5573 3555 5613 se-
