4014 6052
409 266 514 326 467

1230 262 1287 320 S.
1343 262 1688 322 BRUNONIS
1720 256 2353 320 CARTHUSIANORUM
2399 250 2868 313 INSTITUTORIS

3621 256 3734 313 468

411 393 686 463 quentem
704 388 825 444 fere
855 388 915 443 in
940 388 1182 443 modum
1216 388 1483 459 exponit:
1505 389 1746 443 Jacobus
1778 387 1847 441 de
1877 388 2013 440 Ara-
2037 391 2092 449 Α
2124 398 2252 438 mus
2284 384 2449 455 pater
2477 377 3331 446 familias,totﬁdelesconduxit
3354 378 3740 450 operarios,ut

408 480 603 550 gonia,
639 478 948 533 Carthusiae
980 477 1366 548 Neapolitanze
1399 478 1557 549 prior
1597 475 2018 548 provinciaeque

409 566 685 632 visitator,
716 582 780 620 ac
814 567 1013 620 Petrus
1033 565 1808 635 Acerri,Claromontana3.in
1832 563 2023 617 Basili-

411 658 539 709 cata
566 655 731 725 regni
762 653 1127 725 Neapolitani
1160 654 1456 723 provincia
1498 652 1810 709 Carthusize
1864 652 2022 722 prior

411 742 917 813 convisitatorque,
942 741 1038 812 qui
1059 741 1342 811 designati
1357 742 1428 795 ad
1456 742 1514 796 id
1537 743 1785 807 fuerant,
1801 741 2022 812 priores

412 830 857 897 Bononiensem,
890 830 1261 884 Mantuanum
1292 834 1349 884 et
1380 831 1703 884 Romanum
1724 829 1812 899 adj
1825 831 2023 882 unctos

414 918 519 973 sibi
551 917 1152 988 babenteslitterisque
1184 917 1469 988 pontiﬁcis
1495 936 1558 973 ac
1591 918 1762 989 regiis
1791 916 2020 985 muniti,

416 1006 822 1078 auxilio,quod
837 1006 916 1059 eis
955 1006 1212 1059 Adamus
1244 1006 1539 1073 Toraldus,
1584 990 2021 1070 Badulatibaro,

413 1095 698 1167 praestitit,
728 1111 847 1149 sese
878 1095 951 1148 ad
985 1095 1042 1149 S.
1078 1095 1351 1165 Stephani
1384 1095 1801 1149 monasterium
1828 1096 2025 1147 contu-

413 1184 627 1249 lerunt;
654 1199 767 1255 quo
826 1199 957 1237 cum
990 1183 1402 1253 pervenissent,
1444 1200 1477 1236 a
1540 1182 2022 1247 Cisterciensibus,

419 1272 515 1344 qui
536 1271 844 1325 voluntatis
861 1270 1278 1342 pontiﬁcis,per
1293 1274 1556 1341 acceptas
1573 1272 1644 1325 ab
1659 1272 1763 1324 hoc
1782 1271 2021 1335 litteras,

410 1359 537 1431 jam
560 1362 694 1413 ante
717 1359 851 1413 facti
876 1359 1107 1412 fuerant
1144 1359 1437 1423 certiores,
1490 1359 1936 1431 supplicantium
1966 1358 2024 1411 in

418 1464 645 1503 morem
658 1447 811 1501 inter
821 1447 1086 1501 festivum
1103 1446 1231 1500 azris
1247 1447 1514 1517 campani
1530 1447 1781 1500 sonitum
1798 1445 2025 1500 obviam

416 1536 778 1591 venientibus
807 1532 1349 1605 recepti'ecclesiam
1394 1552 1527 1591 mox
1587 1538 1717 1589 sunt
1761 1533 2022 1606 ingressi,

418 1640 666 1695 cumque
693 1624 911 1677 litteras
929 1624 1249 1695 pontiﬁcias
1281 1641 1344 1678 ac
1367 1624 1553 1693 regias
1607 1623 2021 1693 praelegissent,

2124 473 2420 527 uberiores
2450 470 2507 524 in
2542 470 2662 523 dies
2692 486 2758 522 ex
2786 486 2853 522 ea
2874 468 3088 521 fructus
3106 472 3315 521 sanctae
3330 468 3590 522 Ecclesia:
3609 484 3740 538 pro-

2123 563 2376 629 veniant,
2405 565 2463 615 et
2494 561 2734 615 odorem
2758 558 3047 613 suavitatis
3078 558 3352 630 proferat,
3383 562 3440 612 et
3464 558 3739 612 sanctita-

2122 652 2213 705 tis.
2802 698 2809 702 ,

2194 741 2319 794 760.
2348 760 2375 787 ‹‹
2408 736 2580 809 ipsius
2610 752 2862 806 namque
2888 734 3041 789 beati
3070 734 3411 789 confessoris
3441 733 3741 804 multiplex

2125 826 2560 893 doctrinae,vitae
2576 824 3051 895 castigatissimm,
3071 822 3436 891 innocentiae,
3472 839 3535 877 ac
3567 840 3741 877 mun-

2127 916 2279 970 ditiae
2301 915 2629 985 exemplum
2649 913 2928 985 plurimos
2941 928 3227 982 generans
3265 914 3463 965 sancta
3481 910 3744 981 adoptio-

2128 1006 2391 1071 nisﬁlios,
2424 1006 2800 1075 generatque,
2835 1001 3087 1055 etnutrit
3124 1000 3184 1054 in
3207 1000 3328 1054 dies
3359 1001 3733 1067 incessanter;

2126 1096 2285 1166 cujus
2308 1092 2525 1147 meritis
2549 1092 2690 1146 ordo
2720 1091 2994 1162 praefatus
3024 1092 3353 1155 exornatur,
3383 1091 3440 1143 et
3469 1104 3740 1159 compro-

2126 1185 2295 1237 batur
2317 1180 2624 1247 miraculis,
2656 1184 2713 1233 et
2734 1177 3154 1249 assidue,quasi
3186 1177 3256 1232 de
3288 1177 3493 1231 virtute
3527 1177 3583 1231 in
3624 1177 3740 1230 vir-

2126 1273 2331 1336 tutem,
2361 1269 2583 1333 crescit,
2611 1268 2809 1338 rigans
2842 1271 3070 1320 montes
3092 1266 3161 1319 de
3192 1264 3581 1336 superioribus
3601 1265 3739 1329 suis,

2129 1362 2186 1413 et
2218 1359 2288 1413 de
2312 1359 2499 1412 fructu
2531 1357 2773 1413 odorum
2803 1370 3038 1409 suorum
3072 1354 3310 1408 satiatur
3338 1352 3742 1407 terraJdcirco

2130 1464 2235 1502 nos
2265 1464 2379 1501 una
2409 1462 2539 1499 cum
2564 1444 2816 1515 prmfatis
2832 1442 3117 1514 prioribus
3134 1442 3205 1496 ab
3229 1441 3435 1496 eodem
3470 1441 3741 1505 Domino,

2128 1536 2374 1592 Domino
2408 1538 2624 1600 nostro,
2658 1531 3335 1586 venerabiliumvirorum
3367 1530 3646 1584 Francisci
3670 1529 3743 1583 de

2129 1626 2307 1679 Puteo
2341 1621 2603 1677 moderni
2632 1620 2936 1692 generalis,
2981 1619 3344 1689 aliorumque
3366 1617 3647 1689 priorum,
3682 1620 3744 1670 et

418 1711 595 1767 mOdo
627 1729 659 1765 ἃ
680 1712 811 1781 jure
844 1711 1197 1783 ρι’ωεενίρὶο,
1218 1712 1553 1766 monasterii
1584 1711 2023 1783 possessionem,
2057 1711 2107 1769 B
2130 1712 2525 1767 universorum
2569 1708 3012 1772 monachorum,
3048 1705 3411 1772 monialium,
3436 1722 3743 1760 converso-

416 1799 774 1855 solemnibus
803 1803 1068 1870 postrem
1092 1800 1305 1853 factam
1333 1802 1449 1854 Deo
1484 1799 1623 1853 actis
1644 1797 2025 1870 gratiis,adic-

419 1890 575 1942 runt.
611 1889 695 1941 Ita
709 1888 829 1942 fere
862 1891 1145 1958 quantum
1173 1888 1246 1942 ad
1266 1888 1645 1941 substantiam
1666 1887 1759 1941 ille
1787 1904 1817 1940 e
1874 1886 2029 1939 Cala-

416 1974 557 2030 brim
582 1974 975 2029 monumentis
1009 1991 1166 2040 mss.,
1202 1991 1351 2044 quae,
1381 1975 1536 2044 quod
1568 1974 1871 2028 recentiori
1906 1991 2027 2027 me-

418 2062 606 2117 moria
636 2065 798 2133 gesta
826 2065 1175 2128 memorent,
1207 2060 1383 2115 ﬁdem
1410 2063 1501 2116 hic
1519 2063 1726 2116 mereri
1748 2063 2026 2133 put0.Leo

415 2150 729 2220 porro,qui
760 2166 900 2219 erga
931 2150 1333 2203 Carthusianos
1366 2150 1712 2204 benevolum
1735 2168 1854 2203 sese
1888 2167 2028 2220 prae-

413 2228 517 2282 fati
550 2228 887 2283 monasterii
911 2228 1275 2282 restitutione
1308 2233 1679 2294 monstrarat,
1736 2230 1846 2283 alio
1874 2230 2027 2283 haud

415 2316 634 2370 dudum
648 2320 777 2387 post
797 2315 1003 2385 majori
1022 2316 1205 2370 adhuc
1221 2304 1537 2370 favore'eos
1568 2316 1774 2370 affecit.
1803 2318 2025 2371 Etenim

413 2404 622 2459 eodem
647 2420 799 2458 anno
831 2406 966 2458 1514
988 2404 1296 2471 miraculis,
1329 2421 1455 2475 quae
1488 2422 1522 2458 a
1549 2404 1607 2459 S.
1636 2406 1900 2458 Brunone
1934 2421 2028 2474 pa-

413 2495 567 2546 trata
589 2492 945 2558 ferebantur,
968 2492 1059 2546 via
1090 2491 1396 2561 judiciaria
1426 2509 1543 2546 non
1576 2492 1855 2559 discussis,
1890 2493 2024 2547 Car-

413 2579 714 2647 thusianis,
744 2584 806 2633 ut
826 2581 1037 2634 festum
1071 2582 1194 2651 ejus
1232 2597 1490 2634 annuum
1522 2581 1709 2635 ofﬁcio
1763 2581 2025 2635 ecclesia-

413 2667 553 2722 stico
587 2669 897 2733 celebrare,
933 2668 1168 2738 ejusque
1201 2668 1259 2721 in
1297 2669 1560 2739 precibus
1601 2669 1844 2723 horariis
1867 2686 2024 2723 com-

414 2755 906 2810 memorationem
941 2755 1197 2827 quotidie
1231 2772 1403 2826 agere
1433 2760 1686 2827 possent,
1706 2757 1842 2811 vivae
1876 2757 2026 2811 vocis

414 2844 644 2898 oraculo
677 2843 974 2898 concessit.
1003 2844 1064 2897 Id
1079 2843 1305 2911 litteras,
1334 2862 1472 2916 quas
1494 2862 1563 2899 ea
1583 2845 1727 2899 dere
1745 2844 2028 2899 Antonius

413 2931 719 2986 cardinalis
767 2931 1082 3002 Papiensis,
1143 2931 1652 2987 Carthusianorum
1712 2937 2024 3005 protector,

415 3019 539 3091 ipso
563 3034 718 3074 anno
767 2997 901 3075 ιϋὶ4
930 3020 1003 3074 ad
1034 3021 1138 3074 hos
1168 3020 1347 3086 dedit,
1382 2997 1754 3075 manifestum
1786 3021 2023 3075 faciunt.
2056 2997 2103 3055 Ο

414 3107 523 3163 Eas
544 3110 710 3175 adeo,
740 3109 894 3180 quod
917 3109 1059 3162 etad
1080 3108 1270 3163 Sancti
1300 3110 1479 3164 nostri
1501 3110 1749 3181 gloriam
1782 3112 2027 3164 multum

414 3197 647 3263 faciant,
680 3213 710 3250 e
744 3196 1033 3250 Benedicti
1061 3196 1171 3250 XIV
1191 3214 1353 3268 papae
1382 3198 1452 3251 de
1475 3199 1776 3251 beatorum
1795 3198 2029 3252 canoni-

413 3285 636 3340 zatione
667 3288 724 3339 et
741 3301 1039 3339 servorum
1068 3285 1608 3340 Deibeatiﬁcatione
1628 3286 1728 3340 lib.
1757 3289 2025 3358 i,cap.4l,

417 3373 529 3427 huc
558 3372 900 3426 transcribo.

488 3462 612 3515 749.
644 3460 736 3513 His
772 3461 958 3515 verbis
1002 3459 1436 3531 concipiuntur:
1487 3484 1515 3512 ‹‹
1546 3462 1827 3517 Antonius
1860 3462 2028 3517 mise-

420 3550 643 3604 ratione
658 3547 1233 3603 divinatitulisanctse
1247 3550 1514 3604 Praxedis
1532 3554 1740 3605 sancta).
1755 3552 2028 3606 Romanas

419 3637 682 3693 Ecclesiae
707 3638 1007 3709 presbyter
1034 3638 1337 3692 cardinalis
1364 3639 1654 3710 Papiensis
1687 3656 1913 3695 necnon
1941 3644 2030 3694 to-

421 3726 532 3781 tius
579 3726 795 3781 ordinis
839 3726 1253 3781 Carthusiensis
1283 3730 1576 3798 protector
1633 3728 1929 3793 universis,
1977 3731 2035 3782 et

423 3813 658 3886 singulis
698 3817 1012 3885 pressentes
1060 3818 1283 3869 nostras
1330 3814 1688 3885 inspecturis,
1720 3818 1776 3869 et
1807 3815 2033 3870 lecturis

422 3905 667 3957 salutem
704 3902 761 3955 in
779 3902 1025 3956 Domino
1059 3903 1494 3973 sempiternam.
1542 3904 1683 3957 Cum
1734 3920 1800 3956 ex
1835 3906 2031 3957 nostro

423 3990 798 4061 protectionis
821 3989 1011 4043 ofﬁcio
1032 3990 1568 4059 benevolentiaque,
1593 4007 1654 4043 ac
1682 3990 2033 4062 pietate,qua

423 4076 687 4131 universo
709 4076 1095 4131 Carthusiensi
1109 4075 1292 4130 ordini
1311 4077 1583 4145 praedicto
1602 4078 1903 4145 afﬁcimur,
1928 4079 2032 4133 ho-

428 4164 520 4220 die
551 4165 623 4218 ad
644 4164 817 4236 pedes
842 4163 1182 4217 sanctissimi
1233 4164 1454 4218 domini
1495 4165 1673 4219 nostri
1716 4167 1917 4221 Leonis
1949 4167 2032 4221 di-

2129 1816 2282 1865 rum,
2317 1802 2374 1853 et
2404 1812 2779 1869 personarum
2804 1795 2937 1848 dicti
2955 1794 3173 1847 ordinis
3200 1793 3747 1849 nominehumiliter

2131 1886 2590 1958 supplicavimus,
2624 1887 2685 1937 ut
2717 1898 2823 1954 pro
2858 1881 3273 1951 omnipotentis
3298 1882 3397 1936 Dei
3429 1880 3741 1953 gloria,qui

2132 1977 2189 2030 in
2211 1990 2447 2030 suorum
2469 1972 2708 2026 exsultat
2731 1969 3099 2024 veneratione
3125 1969 3491 2036 Sanctorum,
3507 1986 3572 2023 ac
3588 1968 3744 2023 beati

2130 2063 2389 2134 przedicti
2420 2059 2759 2115 confessoris
2786 2059 3030 2123 honore,
3064 2057 3326 2129 illiusque
3387 2056 3743 2111 evidentissi-

2131 2151 2240 2205 mis
2272 2148 2586 2204 sanctitatis
2599 2147 2889 2219 operibus,
2921 2146 3066 2216 signi
3084 2163 3193 2216 que
3220 2145 3514 2211 virtutum,
3539 2144 3748 2216 quibus

2130 2239 2189 2293 in
2217 2255 2390 2293 carne
2420 2237 2635 2307 positus
2661 2235 2883 2301 claruit,
2921 2238 2979 2288 et
3008 2234 3081 2288 ad
3112 2235 3285 2288 cmlos
3316 2236 3581 2288 evocatus
3610 2248 3744 2303 per-

2128 2332 2302 2398 petuo
2330 2326 2835 2397 splendet,proque
2856 2327 2974 2376 tam
3006 2321 3261 2394 praeclari
3293 2321 3508 2375 ordinis
3539 2320 3748 2376 decore

2131 2417 2200 2470 de
2233 2414 2544 2486 apostolica
2575 2411 2990 2477 muniﬁcentia,
3012 2414 3069 2464 et
3096 2409 3455 2480 benignitate
3469 2410 3571 2464 sub
3587 2413 3750 2464 sexta

2131 2502 2391 2558 Octobris
2423 2501 2535 2565 die,
2569 2517 2682 2571 qua
2719 2499 2831 2565 die,
2860 2497 3044 2570 posita
3086 2498 3273 2551 carnis
3303 2497 3546 2563 sarcina,
3583 2497 3748 2551 idem

2128 2592 2328 2645 beatus
2361 2591 2549 2643 Bruno
2585 2587 2877 2642 confessor
2905 2586 2977 2640 ad
2990 2589 3334 2657 perpetuam
3358 2585 3597 2639 evolarit
3617 2587 3747 2657 glo-

2128 2679 2298 2746 riam,
2328 2678 2538 2732 festum
2567 2674 2875 2747 quotannis
2902 2674 2959 2728 in
2993 2674 3114 2744 ejus
3152 2673 3521 2741 memoriam,
3556 2690 3620 2728 ac
3649 2690 3746 2728 so-

2128 2768 2321 2821 lemne
2352 2764 2605 2819 ofﬁcium
2649 2763 2835 2833 dignis
2865 2762 2924 2815 in
2958 2762 3203 2816 Domino
3236 2761 3517 2829 laudibus,
3550 2765 3609 2815 et
3636 2762 3747 2817 ho-

2131 2855 2365 2909 noribus
2397 2850 2812 2916 celebrandi,et
2833 2849 3454 2904 commemorationem
3482 2848 3745 2919 ejusdem

2131 2928 2350 2997 caeteris
2375 2940 2573 2995 diebus
2593 2938 2838 2992 faciendi
2876 2937 3165 2991 licentiam
3196 2936 3510 2991 concedere
3542 2936 3749 3007 digna-

2132 3035 2308 3093 retur;
2343 3026 2602 3099 quamvis
2635 3026 2789 3080 idem
2821 3026 3021 3079 beatus
3057 3027 3243 3079 Bruno
3293 3024 3582 3079 confessor
3621 3040 3743 3079 non

2131 3117 2455 3189 reperiatur
2468 3116 2633 3169 aliter
2645 3113 3014 3167 canonizatus
3040 3129 3144 3184 per
3166 3128 3424 3167 summos
3443 3112 3747 3184 pontiﬁces

2131 3205 2581 3277 prmdecessorcs
2608 3219 2757 3268 suos,
2784 3204 2844 3255 ut
2875 3200 3053 3255 moris
3085 3204 3188 3255 est.

2201 3295 2326 3347 761.
2349 3315 2375 3341 «
2399 3291 2503 3355 Qui
2527 3291 2798 3361 praefatus
2818 3289 3206 3343 sanctissimus
3227 3287 3502 3343 Dominus
3548 3289 3748 3342 noster

2131 3398 2283 3453 papa
2303 3396 2645 3445 asserens,se
2666 3378 3017 3450 jamdudum
3056 3378 3125 3432 de
3145 3377 3509 3444 laudibus,ac
3540 3375 3750 3430 sancti-

2131 3472 2248 3523 tate
2276 3467 2533 3539 ejusdem
2560 3466 2712 3521 beati
2743 3465 3083 3520 confessoris
3111 3465 3362 3536 plurima
3377 3463 3744 3530 intellexisse,

2133 3557 2443 3612 arbitratus
2474 3556 2713 3625 dignum
2749 3571 2889 3622 esse,
2924 3571 2989 3608 ac
3024 3570 3345 3609 consonum
3392 3553 3625 3619 rationi,
3658 3556 3745 3621 ut,

2133 3662 2307 3717 quem
2328 3645 2544 3700 Deusin
2572 3645 2680 3697 hoc
2709 3644 2916 3697 saeculo
2939 3642 3114 3696 tantis
3155 3641 3319 3696 donis
3351 3645 3408 3696 et
3432 3641 3629 3712 gratiis
3660 3640 3747 3694 in-

2134 3734 2381 3806 signivit,
2417 3736 2773 3804 assumptum
2794 3731 2849 3784 in
2874 3730 3047 3797 caelis,
3070 3730 3253 3801 magis
3284 3746 3348 3784 ac
3381 3730 3750 3801 magisvene-

2134 3823 2409 3889 randum,
2442 3824 2500 3875 et
2519 3819 2606 3874 cui
2635 3819 2843 3873 viventi
2868 3818 3107 3873 dederat
3140 3835 3240 3872 cor
3271 3818 3640 3889 omnipotens
3670 3817 3747 3872 ad

2134 3912 2443 3983 praecepta,
2468 3911 2526 3963 et
2554 3909 2743 3978 legem
2767 3907 2915 3973 vitae,
2945 3910 3002 3959 et
3029 3906 3557 3976 disciplinae,eidem
3590 3922 3748 3960 nunc

2135 3999 2288 4069 apud
2301 3999 2576 4052 thronum
2596 3995 2799 4050 divinas
2812 3994 3012 4065 glorias
3026 3994 3286 4048 existenti
3302 3994 3671 4066 impendatur
3685 3994 3743 4048 in

2134 4087 2304 4141 terris
2330 4085 2536 4139 debitas
2568 4082 2887 4138 devotionis
2909 4082 3269 4153 obsequium;
3300 4082 3747 4152 hujusmodino-

2136 4174 2285 4240 stris,
2318 4177 2375 4227 et
2405 4173 2781 4246 praefatorum
2805 4171 3062 4242 priorum
3116 4170 3623 4241 supplicationibus
3674 4171 3742 4226 li-

427 4252 559 4306 vina
570 4250 931 4322 providentia
951 4267 1114 4322 papa:
1130 4252 1168 4305 Χ
1182 4252 1655 4322 praesentavimus
1676 4255 2036 4309 venerabiles
2060 4250 2111 4308 D
2136 4264 2342 4318 benter
2370 4278 2651 4328 annuens,
2668 4259 2833 4314 dictis
2855 4259 3092 4314 domino
3110 4258 3408 4315 Francisco
3436 4260 3741 4327 moderno,

425 4338 723 4409 religiosos
749 4338 898 4393 viros
919 4339 1365 4393 DD.Matthaeum
1388 4341 2035 4407 Bononiaedeovicum

427 4425 691 4493 Mantum,
719 4426 997 4480 Jocobum
1031 4427 1313 4497 Neapolis,
1347 4431 1404 4482 et
1426 4428 1729 4500 Hugonem
1765 4429 1820 4484 S.
1855 4430 2038 4484 crucis

428 4512 489 4567 in
518 4514 668 4568 Urbe
690 4514 949 4585 ejusdem
978 4511 1415 4569 'Carthusiensis
1469 4516 1686 4571 ordinis
1729 4518 2037 4573 domorum

428 4601 669 4675 priores;
698 4605 755 4657 et
784 4606 905 4656 tam
937 4620 1061 4669 nos,
1098 4620 1273 4674 quam
1304 4604 1555 4675 religiosi
1580 4606 1838 4676 praedicti
1874 4608 2039 4677 plura

431 4690 503 4745 de
531 4691 812 4756 laudibus,
846 4691 1164 4761 praeconiis,
1220 4708 1285 4745 ac
1340 4691 1465 4746 vita:
1525 4694 1826 4748 sanctitate
1885 4694 2037 4749 beati

431 4777 1084 4846 Brunonisconfessoris,
1103 4779 1361 4850 ejusdem
1376 4779 1594 4834 ordinis
1626 4781 2037 4836 Carthusiensis

426 4866 602 4938 primi
629 4866 971 4933 fundatoris,
1000 4884 1063 4922 ac
1090 4868 1450 4935 institutoris,
1476 4870 1765 4923 sanctitati
1800 4887 1913 4923 suae
1943 4887 2033 4925 re-

426 4954 837 5021 tulissemus,et
866 4955 1338 5026 exposuissemus;
1367 4957 1461 5026 qui
1490 4956 1584 5010 Vir
1606 4958 1825 5023 beatus,
1861 4958 2033 5011 decli-

428 5045 604 5097 nante
619 5042 941 5097 Christiana
958 5043 1180 5109 militia,
1198 5047 1254 5097 et
1268 5048 1504 5114 propter
1520 5044 1834 5114 iniquitatis
1851 5047 2030 5099 abun-

428 5129 689 5185 dantiam
719 5131 996 5186 charitate
1028 5130 1341 5202 plurimum
1373 5132 2029 5203 frigescente,tanquam

426 5218 539 5274 dux
587 5223 852 5275 strenuus
883 5220 955 5275 ad
1007 5220 1389 5275 resistendum
1436 5221 1690 5274 hostibus
1732 5239 1942 5276 novum
1970 5222 2027 5275 in

426 5306 674 5363 Ecclesia
702 5308 1035 5361 instruxitet
1064 5306 1404 5362 instauravit
1433 5306 1767 5373 exercitum,
1803 5313 1860 5362 et
1882 5309 1938 5361 in
1955 5309 2028 5363 vi-

421 5410 618 5462 neam,
650 5410 824 5465 quam
856 5394 1133 5448 Dominus
1147 5412 1249 5448 sua
1277 5395 1511 5449 dextera
1524 5396 2022 5466 plantaverat,jam

424 5481 699 5541 vitiorum
714 5482 983 5557 vepribus
998 5484 1054 5538 et
1067 5483 1246 5554 spinis
1262 5483 1535 5553 obsitam,
1550 5482 1727 5538 veluti
1751 5484 2023 5541 solertissi

2137 4369 2202 4406 ac
2232 4368 2335 4423 pro
2368 4353 2631 4421 tempore
2649 4347 3200 4421 generaliexistenti,
3223 4348 3417 4402 etaliis
3436 4348 3743 4419 prioribus,

2138 4438 2456 4505 monachis,
2491 4437 2859 4504 monialibus,
2895 4435 3178 4491 conversis
3206 4453 3271 4491 ac
3298 4437 3559 4507 personis
3609 4436 3745 4491 dicti

2139 4528 2375 4595 ordinis,
2416 4526 2475 4581 in
2499 4526 2672 4597 ipsius
2702 4524 2920 4580 ordinis
2952 4524 3228 4579 duntaxat
3260 4525 3622 4591 domibus,et
3652 4541 3748 4579 eo-

2137 4634 2268 4672 rum
2310 4615 2577 4682 ecclesiis,
2600 4631 2699 4669 seu
2724 4613 2973 4686 capellis,
3006 4614 3215 4668 festum
3275 4613 3613 4685 praedictum
3658 4630 3747 4668 so-

2137 4704 2410 4759 lemniler
2437 4703 2682 4769 colendi,
2714 4707 2771 4756 et
2803 4702 3106 4756 devotione
3154 4700 3347 4755 debita
3392 4701 3742 4770 celebrandi,

2138 4784 2478 4854 prmfatique
2504 4780 2782 4835 Brunonis
2805 4797 3031 4852 corpus,
3075 4782 3132 4834 et
3174 4779 3523 4834 memoriam
3553 4779 3746 4850 dignis

2136 4871 2195 4925 in
2240 4870 2485 4925 Domino
2523 4868 2791 4923 laudibus
2840 4868 3245 4939 prosequendi,
3297 4871 3354 4921 et
3400 4867 3741 4936 venerandi,

2136 4957 2508 5027 ofﬁciumque
2541 4956 2886 5010 conveniens
2908 4955 2967 5009 in
2989 4955 3212 5009 honore
3230 4954 3406 5025 ipsius
3429 4955 3579 5010 beati
3608 4972 3745 5010 con-

2133 5045 2361 5099 fessoris
2415 5044 2648 5115 agendi,
2702 5047 2759 5097 et
2813 5043 3140 5097 decantanti
3196 5059 3422 5097 necnon
3479 5060 3740 5098 comme-

2134 5132 2525 5187 morationem
2586 5131 2823 5202 singulis
2878 5130 3076 5185 diebus
3144 5129 3412 5196 faciendi,
3463 5148 3529 5185 ex
3577 5133 3737 5200 tunc,

2130 5224 2189 5274 et
2218 5221 2286 5274 de
2316 5224 2524 5274 cietero
2558 5219 2615 5272 in
2646 5222 2987 5289 perpetuum
3036 5235 3168 5272 cum
3194 5218 3295 5273 Dei
3334 5217 3737 5274 benedictione

2127 5309 2419 5364 licentiam
2451 5308 2589 5362 vivae
2616 5304 2766 5362 vocis
2792 5307 3021 5362 oraculo
3082 5307 3247 5362 nobis
3277 5307 3426 5361 facto
3459 5306 3732 5378 benigne,

2125 5414 2189 5452 ac
2242 5396 2634 5452 favorabiliter
2699 5396 2978 5450 concessit
3050 5396 3303 5467 pariter,
3348 5412 3411 5450 ac
3456 5395 3729 5466 indulsit;

2123 5502 2243 5544 non
2274 5486 2540 5542 obstante
2564 5483 2719 5558 quod
2763 5483 2921 5540 idem
2974 5484 3175 5540 beatus
3214 5485 3404 5540 Bruno
3436 5485 3734 5543 confessor
