4066 6032
184 324 302 376 469

1764 327 1944 385 ACTA

3403 340 3507 394 470

186 463 313 501 non
340 445 668 502 inveniatur
697 447 868 503 aliter
895 450 1284 518 canonizatus,
1317 453 1378 505 ut
1403 469 1577 525 supra
1608 469 1621 507 :
1657 468 1802 523 prae-
1821 451 1878 509 A
1907 453 1994 506 nis
2025 453 2109 507 sui
2132 453 2519 509 institutorem
2543 454 2833 511 honorare
2865 456 3040 512 modo
3052 473 3178 527 Jam
3209 459 3358 515 dicto
3386 460 3530 532 pos-'

182 534 448 589 sentibus
478 552 707 608 quoque
742 537 950 592 ibidem
982 539 1463 595 reverendissimo
1494 541 1548 595 in
1579 539 1800 595 Christo

184 625 357 693 patre
388 625 453 678 D.
489 626 559 681 D.
584 625 890 681 Laurentio
922 627 1085 681 Putio
1118 628 1267 682 tituli
1297 634 1629 684 sanctorum
1661 644 1800 699 qua-

179 714 324 765 tuor
349 716 762 767 coronatorum
801 718 1015 769 sanctae
1056 716 1331 772 Romana:
1377 717 1637 772 Ecclesiae
1677 732 1803 788 pre-

179 799 416 871 sbytero
443 801 735 857 cardinale
759 806 816 857 et
839 804 1155 858 reverendo
1187 808 1347 876 patre
1370 805 1607 860 domino
1628 806 1802 860 Eran-

180 888 335 942 cisco
361 890 648 944 Amellino
677 907 924 945 camerae
958 892 1284 963 apostolica}
1317 893 1545 948 clerico.

255 978 382 1031 762.
415 1000 441 1026 ‹‹
477 976 684 1044 Quare,
719 995 789 1031 ne
817 980 970 1051 apud
997 998 1351 1052 quemquam
1376 981 1446 1035 de
1470 980 1797 1051 hujusmodi

176 1066 553 1119 concessione
585 1066 760 1137 possit
801 1068 1035 1139 aliquod
1084 1069 1323 1123 dubium
1359 1070 1626 1137 suboriri,
1659 1089 1800 1142 pree-

176 1155 379 1206 sentes
410 1170 586 1206 manu
616 1155 851 1224 propria
878 1156 1245 1226 subscriptas,
1275 1159 1334 1211 et
1349 1158 1527 1211 nostri
1552 1158 1699 1212 soliti
1725 1159 1796 1212 si-

175 1240 301 1312 gilli
337 1241 689 1313 appensione
719 1243 969 1297 munitas
1015 1245 1218 1298 conﬁci
1269 1245 1565 1315 jussimus,
1608 1249 1665 1299 et
1696 1263 1799 1317 per

176 1332 444 1383 nostrum
476 1347 703 1401 quoque
734 1332 1107 1386 secretarium
1151 1333 1427 1387 subscribi
1460 1334 1700 1388 fecimus
1737 1334 1794 1388 in

176 1416 383 1483 ﬁdem,
418 1419 615 1483 robur,
645 1423 701 1472 et
733 1420 1125 1474 testimonium
1156 1422 1609 1491 prmmissorum,
1634 1427 1793 1476 etve-

174 1504 387 1559 ritatis.
416 1507 626 1561 Datum
657 1508 856 1561 Romze
904 1508 958 1561 in
1001 1509 1313 1580 apostolico
1351 1511 1565 1580 palatio
1604 1511 1693 1564 die
1732 1513 1794 1564 19

174 1593 397 1647 mensis
424 1595 551 1648 Julii
580 1612 733 1649 anno
782 1597 935 1661 15H,
986 1597 1351 1667 pontiﬁcatus
1391 1614 1526 1652 vero
1560 1597 1793 1653 Domini

176 1682 366 1737 nostri
398 1700 553 1737 anno
587 1684 860 1739 secundo.
902 1685 1186 1739 Antonius
1221 1686 1528 1740 cardinalis
1567 1688 1791 1740 Sanctae

1903 544 2049 607 sent,
2084 558 2235 595 anno
2270 545 2426 609 1514,
2462 546 2526 598 19
2573 544 2702 598 Julii
2770 545 2856 599 die
2902 544 3223 611 indulsisse,
3272 547 3508 603 Antonii

1902 629 2206 683 cardinalis
2227 631 2479 684 recitatae
2509 631 2736 699 litterae,
2767 649 2833 687 eo
2855 633 2977 704 ipso
3000 651 3151 688 anno
3186 638 3318 690 1514
3338 652 3401 689 ac
3419 635 3510 690 die

1904 719 1968 771 19
1998 717 2148 785 Julii,
2177 735 2291 789 quo
2321 720 2492 772 breve
2518 720 2848 789 hujusmodi
2870 738 2936 775 ex
2967 722 3211 776 Zanottii
3235 723 3511 794 opinione

1901 803 2099 860 datum
2132 806 2344 873 fuisset,
2404 807 2665 877 signatae,
2720 808 2895 863 ﬁdem
2944 808 3193 879 faciunt;
3244 814 3305 865 ut
3349 828 3508 879 sane,

1901 894 2037 966 quin
2066 894 2111 948 is
2138 894 2384 965 scriptor
2410 895 2790 949 hallucinatus
2817 896 2908 950 hic
2939 898 3028 964 sit,
3054 898 3302 953 dubitari
3332 900 3513 954 nulla-

1896 984 2065 1037 tenus
2092 983 2317 1037 debeat.
2355 983 2465 1037 Nec
2498 983 2534 1037 ii
2568 983 2664 1054 qui
2686 983 2742 1037 8.
2771 986 3102 1040 Brunonem
3127 1003 3160 1039 a
3190 986 3377 1042 Leone
3410 987 3508 1041 de-

1899 1071 2048 1125 cimo
2079 1071 2533 1139 canonizalione,
2579 1072 2969 1143 mquipollenti
3013 1075 3240 1141 saltem,
3289 1074 3509 1130 Sanctis

1898 1157 2067 1211 fuisse
2095 1158 2405 1229 ascriptum
2438 1160 2816 1227 contendunt,
2861 1162 2931 1215 ab
2975 1178 3171 1216 errore.
3218 1162 3509 1217 immunes

1898 1245 2184 1312 videntur,
2215 1247 2710 1317 quemadmodum
2741 1252 2768 1317 §
2801 1266 3044 1320 sequens
3083 1252 3324 1321 aperiet.

1894 1372 2143 1440 §XLVlL
2176 1372 2270 1424 An
2298 1372 2402 1425 Leo
2442 1370 2500 1425 X
2532 1389 2681 1442 papa
2730 1373 3041 1427 Brunonem
3081 1377 3242 1429 etiam
3292 1377 3508 1430 canoni-

1962 1444 2119 1517 zanft,
2163 1449 2217 1517 et
2258 1461 2521 1514 quamam,
2558 1443 2627 1496 ad
2668 1443 2897 1517 gloriam
2942 1443 3135 1499 Sancti
3164 1446 3506 1517 posthumam

1961 1514 2241 1586 ἦσςίρηίίᾳ,
2291 1531 2589 1586 concessam
2645 1514 2712 1567 ab
2759 1516 2854 1568 hoc
2899 1514 3180 1586 pontiﬁce'
3207 1517 3409 1571 cultum
3453 1518 3506 1572 εἰ

1962 1584 2238 1652 defereniz'
2262 1584 2577 1653 facultatem
2603 1588 2849 1654 proxime
2876 1584 2982 1639 sint
3004 1594 3201 1640 secuta.

1963 1691 2087 1743 764.
2124 1689 2375 1743 Leonem
2402 1690 2441 1742 X
2474 1706 2683 1760 papam
2716 1708 2831 1744 non
2856 1694 3102 1757 tantum,
3128 1695 3191 1745 ut
3210 1691 3500 1747 ecclesias-

174 1771 454 1826 Praxedis
480 1774 774 1842 protector
804 1789 981 1825 manu
1020 1773 1273 1843 propria.
1307 1774 1588 1827 Antonius
1626 1774 1791 1827 Testa
1813 1762 1862 1819 Β
1892 1776 2032 1830 ticus
2061 1776 2311 1830 Brunoni
2345 1778 2527 1830 cultus
2543 1776 2887 1845 deferretur,
2908 1780 3271 1847 concessisse,
3299 1796 3498 1834 verum

175 1858 516 1913 Verulanus.
551 1878 580 1911 »
612 1860 773 1914 Tales
820 1865 953 1914 sunt
992 1861 1220 1926 littera),
1255 1861 1458 1932 quibus
1484 1861 1787 1927 Antonius,

174 1947 233 2001 S.
270 1949 342 2001 R.
378 1948 436 2001 Ε.
466 1949 612 2002 tituli
648 1948 871 2003 Sanctae
900 1949 1168 2003 Praxedis
1210 1950 1507 2020 presbyter
1533 1950 1791 2003 cardina-

172 2037 242 2090 lis
269 2037 585 2108 Papiensis,
635 2037 965 2108 ordinisque
1007 2038 1422 2093 Carthusiensis
1470 2042 1785 2109 protector,

172 2124 407 2195 publice
440 2128 677 2179 testatus
703 2130 806 2193 est,
841 2127 1295 2198 quibuscumque
1337 2128 1409 2181 ad
1428 2121 1603 2181 ‘liunc
1633 2128 1786 2183 ordi-

173 2230 315 2268 nem
348 2214 734 2284 spectantibus
764 2215 878 2269 sive
908 2215 1038 2269 viris
1063 2215 1175 2269 sive
1208 2215 1789 2271 mulieribusfaculta-

174 2304 295 2355 tem
324 2301 622 2355 deferendi
657 2302 713 2357 S.
752 2303 1001 2358 Brunoni
1043 2304 1282 2369 cultum,
1332 2303 1537 2358 iisdem
1584 2304 1788 2359 litteris

171 2405 530 2459 expressum,
563 2391 815 2445 Leonem
854 2391 1166 2457 decimum,
1218 2409 1510 2445 summum
1553 2393 1785 2464 pontifi-

171 2493 326 2542 cem,
359 2477 497 2531 vivze
548 2478 698 2532 vocis
748 2481 978 2533 oraculo
1026 2479 1345 2533 indulsisse.
1379 2481 1670 2534 Zanottius
1726 2481 1785 2535 in

170 2567 459 2621 adornata
481 2584 516 2620 a
545 2583 604 2621 se
636 2566 693 2621 S.
719 2567 1249 2622 Brunonishistoria
1265 2586 1362 2623 seu
1378 2568 1524 2634 Vita,
1543 2586 1667 2640 cap.
1696 2573 1783 2638 33,

170 2656 250 2708 ita
276 2655 400 2709 fere
428 2656 710 2725 quantum
743 2655 815 2709 ad
847 2656 1226 2710 substantiam
1270 2657 1463 2711 scribit
1495 2674 1508 2711 :
1542 2657 1653 2712 Leo
1685 2658 1784 2712 de-

171 2742 360 2796 cimus
380 2758 527 2814 papa
560 2760 713 2797 anno
751 2746 906 2810 1514,
938 2743 1028 2797 die
1051 2745 1275 2799 decima
1301 2762 1457 2799 nona
1475 2745 1626 2811 Julii,
1650 2747 1784 2800 Bre-

168 2831 240 2897 vi,
278 2831 353 2884 ab
383 2831 633 2886 Antonio
664 2831 941 2886 cardinali
978 2833 1260 2903 Papiensi,
1297 2833 1516 2887 ordinis
1544 2832 1783 2889 Carthu-

170 2919 374 2973 siensis
404 2923 750 2990 protectore,
787 2919 892 2973 sibi
937 2922 1153 2987 oblato,
1189 2922 1540 2991 subscripsit,
1565 2939 1700 2993 quo,
1724 2925 1786 2976 ut

1890 1864 2064 1918 etiam
2089 1864 2309 1918 Sanctis
2327 1882 2457 1918 eum
2487 1864 2806 1936 ascripsisse
2819 1883 2918 1919 seu
2945 1867 3329 1933 canonizasse,
3353 1884 3499 1922 non-

1892 1951 2031 2005 nulli
2058 1952 2421 2019 existimant;
2458 1968 2521 2005 ac
2552 1952 2839 2022 imprimis
2868 1953 3102 2023 quidem
3126 1972 3191 2008 ex
3218 1954 3306 2008 his
3331 1954 3499 2009 exsti-

1890 2039 2020 2093 tisse
2054 2039 2280 2093 videtur
2312 2039 2734 2094 eruditissimus
2753 2041 3061 2095 Annalium
3089 2042 3519 2097 ecclesiastico?

1887 2145 2017 2182 rum
2045 2145 2254 2199 parens
2284 2129 2577 2196 Baronius,
2612 2132 2811 2200 utpote
2842 2130 2900 2182 in
2933 2130 3047 2184 suis
3078 2131 3149 2185 ad
3174 2131 3503 2201 Martyrolo-

1889 2217 2046 2287 gium
2080 2218 2408 2272 Romanum
2440 2218 2908 2273 adnotationibus
2935 2219 3107 2273 hodie
3130 2219 3200 2273 de
3233 2219 3500 2274 Brunone

1888 2304 1968 2358 ita
1999 2304 2307 2359 observans
2337 2322 2349 2358 :
2385 2306 2510 2358 Vita
2534 2305 2762 2359 functus
2794 2309 2879 2359 est
2905 2322 3057 2359 anno
3083 2305 3315 2360 Domini
3342 2308 3497 2373 1101,

1887 2392 2214 2464 relatusque
2249 2396 2334 2446 est
2362 2392 2516 2446 inter
2546 2396 2771 2447 sanctos
2796 2410 2831 2447 ε.
2874 2393 3063 2447 Leone
3094 2393 3320 2448 decimo
3352 2409 3498 2466 pon-

1889 2480 2059 2540 tiﬁce.
2093 2503 2118 2529 ››
2141 2482 2354 2535 Verum
2381 2482 2548 2537 aliter
2586 2483 2759 2553 longe
2796 2481 2974 2536 sensit
3024 2481 3362 2536 Benedictus
3388 2481 3500 2536 XIV

1886 2586 2072 2640 papa;
2102 2570 2318 2624 etenim
2352 2570 2409 2624 in
2438 2586 2539 2623 suo
2592 2571 2671 2623 De
2717 2586 3010 2624 servorum
3060 2569 3159 2624 Dei
3205 2568 3496 2624 beatifica-

1886 2658 2043 2712 tione
2101 2662 2159 2712 et
2220 2659 2525 2712 beatorum
2583 2657 3015 2712 canonizatione
3067 2674 3263 2730 opere,
3314 2657 3412 2712 lib.
3456 2673 3496 2726 ι,

1887 2764 2010 2818 cap.
2044 2750 2133 2813 41,
2172 2750 2198 2815 §
2235 2748 2325 2814 lll,
2352 2748 2508 2800 nullo
2540 2750 2706 2818 pacto
2741 2746 2851 2800 dici
2879 2761 3044 2816 posse
3072 2749 3337 2801 sanctum
3354 2747 3493 2801 Βω-

1887 2851 2103 2890 nonem
2135 2853 2167 2889 a
2200 2836 2388 2890 Leone
2418 2835 2458 2888 Χ
2489 2834 2894 2889 canonizatum
2936 2834 3128 2901 fuisse,
3173 2833 3492 2902 contendit,

1885 2926 1944 2978 et
1980 2940 2117 2977 sane
2151 2940 2267 2977 non
2299 2922 2614 2989 immerito,
2648 2923 2727 2976 uti
2785 2923 3051 2992 probant,
3080 2926 3205 2977 tum
3250 2939 3378 2995 qua:
3407 2921 3493 2994 ip-

169 3007 467 3072 monachi,
501 3008 801 3075 moniales,
838 3012 1025 3079 atquae
1069 3009 1194 3063 aliae
1238 3026 1614 3081 quaecumque
1660 3026 1786 3081 per-
1817 3039 1863 3097 C
1885 3014 2069 3065 semet
2097 3010 2311 3065 ibidem
2338 3010 2592 3077 adducit,
2620 3014 2744 3064 tum
2777 3026 2903 3081 quae
2934 3027 3041 3065 nos
3065 3010 3240 3064 modo
3279 3009 3492 3064 adduc-

168 3112 328 3150 sonas
363 3095 420 3150 S.
456 3096 737 3151 Brunonis
780 3096 1107 3151 institutum
1151 3098 1507 3169 proﬁtentes,
1562 3100 1617 3152 in
1656 3116 1783 3155 mo-

169 3184 437 3239 nasteriis
467 3184 578 3238 suis
608 3185 665 3240 8.
700 3185 983 3240 Brunonis
1009 3185 1219 3240 festum
1253 3187 1497 3241 solemni
1524 3187 1637 3241 ritu
1661 3189 1786 3243 ofﬂ-

167 3272 372 3344 cioque
404 3273 636 3345 proprio
669 3278 825 3328 sexta
858 3275 1117 3329 Octobris
1147 3275 1237 3329 die
1286 3277 1594 3346 quotannis
1632 3278 1780 3332 cele-

167 3363 361 3430 brare,
394 3363 768 3435 ejusdemque
800 3364 981 3418 sancti
1009 3364 1191 3418 Patris
1239 3364 1322 3418 sui
1355 3381 1780 3420 commemora-

166 3442 390 3506 tionem
421 3450 480 3504 in
525 3451 862 3523 quotidiano
913 3451 1101 3506 officio
1160 3452 1540 3507 ecclesiastico
1592 3454 1781 3508 facere

167 3540 410 3610 possint,
445 3538 743 3593 concessit.
780 3538 970 3593 Brevis
998 3540 1328 3611 hujusmodi
1358 3542 1780 3612 autographum

165 3626 223 3680 iu
268 3626 479 3696 majori
523 3626 822 3681 Carthusia
874 3628 1052 3682 modo
1093 3631 1432 3693 asservatur,
1486 3628 1545 3682 in
1596 3646 1780 3700 eoque

168 3714 483 3785 pontiﬁciee
507 3715 941 3786 approbationis
968 3719 1142 3769 testes
1166 3716 1337 3769 fuisse
1369 3716 1639 3787 leguntur
1659 3734 1780 3771 car-

169 3802 379 3857 dinalis
408 3803 742 3858 Laurentius
769 3803 1002 3857 Puccius
1053 3807 1111 3857 et
1160 3804 1487 3858 Franciscus
1521 3805 1781 3859 Armelli-

169 3906 298 3957 nus,
331 3892 658 3947 reverendae
688 3908 934 3946 cameras
964 3892 1289 3962 apostolicae
1322 3892 1578 3947 clericus.

237 3980 365 4034 763.
396 3981 479 4033 lta
506 3980 648 4046 fere,
684 3984 746 4034 ut
785 3981 911 4050 jam
944 3980 1165 4047 monui,
1203 3984 1487 4052 quantum
1529 3981 1603 4035 ad
1651 3982 1779 4035 sub-

171 4068 445 4122 stantiam
479 4068 590 4123 ille.
642 4069 852 4123 Verum
894 4068 1161 4123 recitatas
1213 4068 1445 4123 Antonii
1474 4069 1778 4124 cardinalis

172 4155 464 4227 Papiensis
488 4156 707 4211 litteras
734 4156 904 4210 fuisse
931 4156 1031 4210 abs
1062 4157 1168 4211 hoc
1199 4157 1474 4228 scriptore
1506 4173 1610 4228 pro
1643 4159 1775 4212 Bre-

168 4242 239 4313 vi,
265 4244 422 4315 quod
450 4245 560 4299 Leo
596 4243 851 4298 decimus
879 4261 1029 4315 papa
1059 4245 1422 4313 concesserit,
1472 4262 1775 4316 perperam

1885 3099 1999 3153 turi
2025 3099 2117 3153 hic
2143 3116 2357 3154 sumus.
2395 3099 2536 3153 Cum
2570 3097 2947 3166 canonizatio,
2977 3098 3059 3152 uti
3080 3097 3233 3152 infra
3251 3098 3489 3165 docebo,

1885 3189 2066 3242 cultus
2096 3191 2450 3259 praeceptum
2479 3188 2773 3259 importet,
2807 3203 2925 3242 non
2962 3186 3134 3241 fuisse
3170 3203 3307 3242 sane
3350 3188 3490 3242 Bru-

1882 3293 2098 3331 nonem
2132 3276 2268 3330 vivae
2297 3276 2449 3330 vocis
2482 3276 2735 3343 oraculo,
2768 3291 2902 3346 quo,
2940 3279 3003 3330 ut
3027 3274 3079 3329 ei
3110 3277 3291 3331 cultus
3318 3276 3493 3330 eccle-

1882 3364 2136 3419 siasticus
2181 3364 2391 3418 deferri
2443 3368 2653 3434 posset,
2706 3380 2859 3419 anno
2895 3366 3032 3419 1514
3078 3365 3354 3419 duntaxat
3380 3362 3489 3419 im-

1882 3453 2137 3524 pertiisse
2174 3453 2424 3507 Leonem
2456 3453 2495 3505 Χ
2537 3469 2769 3523 papam,
2821 3469 2852 3506 e
2896 3452 3148 3507 recitatis
3184 3452 3491 3507 cardinalis

1883 3540 2174 3611 Papiensis
2201 3540 2405 3594 litteris
2434 3540 2796 3611 intelligitur,
2833 3540 2891 3594 in
2925 3544 3257 3595 sanctorum
3283 3556 3486 3595 nume-

1880 3645 2011 3682 rum
2044 3628 2114 3681 ab
2145 3629 2255 3682 hoc
2295 3628 2568 3698 pontifice
2612 3630 2863 3682 relatum
2912 3645 3013 3682 seu
3060 3628 3484 3696 canonizatum,

1880 3715 2253 3769 manifestum
2285 3718 2390 3769 est.
2432 3714 2619 3778 Quare
2660 3718 2742 3780 ut,
2779 3718 3042 3769 sanctum
3083 3715 3486 3770 Carthusiano-

1880 3819 2008 3857 rum
2042 3803 2431 3857 institutorem
2458 3802 2859 3856 canonizatum
2886 3820 2919 3856 a
2966 3803 3154 3857 Leone
3192 3802 3361 3856 fuisse
3397 3817 3489 3856 ve-

1881 3908 2007 3945 rum
2043 3907 2162 3945 esse
2194 3895 2389 3963 queat,
2437 3893 2668 3961 oportet
2707 3893 2769 3944 ut
2821 3891 3001 3944 altera
3051 3890 3141 3943 hic
3191 3889 3334 3943 illud
3358 3890 3489 3959 post

1881 3978 2290 4045 declaratione,
2322 3980 2409 4033 vel
2441 3978 2579 4032 viva:
2611 3978 2810 4032 itidem
2846 3977 2993 4033 vocis
3025 3978 3255 4032 oraculo
3281 3978 3367 4032 vel
3398 3977 3488 4030 lit-

1877 4067 2016 4120 teris
2047 4083 2330 4137 expressa,
2388 4066 2607 4120 fecerit.
2641 4067 2847 4120 Verum
2882 4065 3306 4132 declarationis,
3344 4064 3483 4120 vive

1876 4155 2030 4210 vocis
2059 4156 2289 4209 oraculo
2319 4156 2481 4209 factae
2514 4158 2685 4226 atque
2719 4172 2751 4209 a
2774 4154 3182 4220 declaratione,
3212 4153 3271 4208 in
3299 4152 3483 4208 cardi-

1879 4244 2023 4298 nalis
2054 4242 2345 4313 Papiensis
2388 4243 2590 4298 litteris
2642 4247 2984 4309 memorata,
3036 4241 3338 4310 distinctae,
3372 4257 3486 4312 qua

167 4334 450 4404 acceptas,
496 4314 893 4386 dubitandum
929 4349 1043 4387 non
1095 4336 1201 4399 est,
1246 4351 1376 4387 cum
1425 4314 1624 4387 datum
1669 4314 1936 4388 hocDin
1963 4335 2292 4385 sanctorum
2324 4348 2633 4385 numerum
2678 4332 2788 4385 Leo
2828 4346 2978 4401 papa
3033 4330 3364 4384 Brunonem
3392 4345 3483 4384 re-

167 4420 339 4475 fuisse
378 4419 589 4475 scribat
641 4420 847 4475 eodem
899 4437 1051 4474 anno
1103 4423 1160 4474 et
1199 4421 1311 4487 die,
1345 4438 1457 4493 quo
1487 4422 1597 4475 illa:
1630 4421 1778 4476 datae

168 4511 463 4575 notantur,
534 4509 903 4581 easdemque,
975 4525 1219 4580 quarum
1283 4512 1477 4564 tamen
1541 4509 1782 4563 nomina

168 4598 338 4665 paulo
367 4597 530 4651 aliter
547 4596 762 4663 scribit,
788 4612 1063 4669 personas
1084 4597 1281 4664 etiam,
1309 4613 1518 4667 nempe
1542 4596 1599 4651 S.
1626 4597 1689 4650 B.
1716 4599 1776 4650 Ε.

168 4684 520 4739 cardinalcm
573 4685 943 4739 Laurentium
989 4684 1241 4751 Putium,
1302 4688 1358 4738 et
1415 4684 1779 4739 Franciscum

169 4772 542 4840 Amellinum,
567 4774 823 4828 Camerm
849 4773 1175 4843 apostolicae
1201 4772 1494 4839 clericum,
1520 4772 1614 4844 qui
1636 4789 1780 4844 pon-

171 4860 328 4927 tifici,
363 4877 493 4914 cum
524 4860 659 4915 viva:
684 4861 833 4915 vocis
864 4862 1096 4916 oraculo
1120 4860 1420 4931 praefatam
1448 4860 1782 4915 facultatem

174 4947 563 5004 Carthusianis
589 4948 888 5017 concessit,
932 4948 994 5002 in
1050 4948 1185 5020 ipsis
1242 4948 1495 5003 recitatis
1548 4947 1784 5003 Antonii

174 5037 482 5091 cardinalis
515 5037 806 5109 Papiensis
832 5036 1039 5091 litteris
1071 5036 1317 5091 adfuisse
1356 5039 1780 5103 memorantur,

170 5124 361 5179 Brevis
387 5124 624 5196 pariter,
658 5124 815 5197 quod
846 5124 1023 5178 Leoni
1058 5124 1282 5179 decimo
1327 5125 1611 5179 Antonius
1659 5140 1781 5177 car-

175 5211 401 5279 dinalis,
431 5213 647 5267 ordinis
681 5213 1097 5268 Carthusiensis
1134 5216 1444 5283 protector,
1489 5211 1782 5277 obtulerit,

176 5300 577 5372 approbationi
599 5319 697 5357 seu
713 5300 1134 5372 subscriptioni,
1164 5317 1267 5371 per
1280 5300 1615 5371 pontificem
1634 5301 1786 5354 hunc

177 5387 364 5457 factae,
399 5394 710 5461 praesentes
736 5389 1019 5444 adstitisse
1048 5388 1319 5443 affirmet.
1353 5388 1440 5443 Ad
1487 5388 1609 5442 hinc
1652 5388 1787 5443 Leo-

184 5488 341 5545 nem,
374 5495 493 5534 non
526 5479 709 5545 Brevi,
743 5479 898 5551 quod
930 5477 1295 5544 concesserit,
1326 5477 1426 5532 sed
1467 5477 1607 5531 vivas
1647 5477 1789 5532 dun-

182 5567 336 5623 taxat
359 5567 512 5626 vocis
544 5570 798 5636 oraculo,
829 5567 1239 5634 Carthusianis,
1266 5568 1327 5622 ut
1351 5569 1615 5621 sanctum
1642 5566 1790 5623 ordi-

1878 4420 2093 4485 tulerit,
2128 4421 2315 4474 nullus
2335 4420 2581 4473 omnino
2613 4419 2856 4488 scriptor
2880 4417 3167 4471 meminit.

1949 4510 2073 4562 765.
2106 4507 2269 4571 Quod
2302 4510 2496 4560 autem
2519 4506 2590 4560 al
2614 4506 2813 4560 litteris
2833 4522 2931 4560 seu
2958 4506 3114 4560 bulla
3133 4520 3481 4578 expressam,

1880 4613 1993 4668 qua
2017 4594 2076 4649 id
2106 4594 2325 4659 fecerit,
2356 4592 2807 4648 declarationem
2838 4596 3077 4665 spectat,
3106 4594 3344 4649 Tutinus
3357 4594 3484 4665 qui-

1881 4684 2015 4739 dem
2047 4683 2105 4736 in
2155 4682 2411 4737 Historiae
2453 4681 2674 4735 ordinis
2712 4681 3126 4737 Carthusiensis
3156 4685 3481 4755 prospectu,

1881 4788 2014 4843 pag.
2044 4774 2163 4839 135,
2192 4772 2517 4842 postquam,
2550 4771 2801 4825 Leonem
2832 4771 2892 4838 Χ,
2916 4774 2979 4825 ut
2999 4770 3256 4843 publicus
3275 4769 3488 4824 S.Bru-

1882 4858 2022 4915 noni
2065 4861 2246 4913 cultus
2291 4858 2501 4913 deferri
2545 4862 2756 4930 posset,
2802 4875 2954 4913 anno
2991 4860 3129 4913 1514
3154 4857 3290 4911 vivae
3332 4857 3487 4912 vocis

1884 4948 2113 5003 oraculo
2146 4945 2508 5013 concessisse,
2543 4946 2814 5012 narravit,
2847 4946 2921 5000 ad
2950 4961 3169 5000 annum
3203 4945 3336 4999 1515
3359 4944 3488 4997 sub-

1877 5036 2073 5107 jungit
2104 5052 2116 5090 :
2151 5055 2181 5087 «
2219 5035 2329 5089 Leo
2356 5036 2395 5089 X
2426 5035 2643 5089 bullam
2676 5031 3124 5088 canonizationis
3152 5029 3332 5085 sancti
3352 5030 3488 5085 Bru-

1884 5123 2053 5179 nonis
2081 5123 2337 5195 generali
2361 5123 2576 5178 ordinis
2618 5118 3033 5176 Cartbusiensis
3062 5116 3400 5183 transmisit,
3429 5120 3489 5173 et

1883 5213 1945 5266 in
1974 5228 2042 5265 ea
2073 5212 2236 5282 plura
2261 5211 2319 5265 in
2350 5211 2551 5265 ordine
2586 5208 2866 5263 servanda
2910 5205 3185 5278 injungit.
3219 5226 3248 5255 ››
3279 5204 3489 5259 Tutino

1885 5314 2082 5371 porro,
2114 5300 2331 5353 bullam
2363 5315 2397 5353 a
2436 5299 2643 5362 Leone,
2677 5312 2791 5367 qua
2841 5294 3083 5349 Sanctus
3126 5292 3496 5347 canonizatus

1884 5387 2081 5454 fuerit,
2108 5387 2303 5441 datam
2342 5385 2534 5449 fuisse,
2560 5382 2653 5436 hic
2688 5382 2963 5450 tradenti,
3002 5382 3098 5438 alii
3141 5380 3317 5435 etiam
3347 5394 3498 5433 non-

1892 5475 2033 5530 nulli
2063 5474 2467 5529 assentiuntur.
2490 5470 2688 5526 Nescio
2706 5475 2929 5540 tamen,
2951 5488 3024 5526 an
3036 5471 3193 5528 hisce
3214 5464 3507 5523 aceenseri

1894 5563 2102 5619 debeat
2130 5562 2344 5617 Surius.
2403 5560 2519 5617 Etsi
2565 5558 2729 5619 enim
2765 5559 2841 5616 ad
2890 5560 3117 5632 scriptae
3160 5575 3195 5614 α
3223 5573 3283 5612 se
3313 5548 3520 5611 Sancti
3568 5566 3571 5567 '
