  <div class='ocr_page' id='page_1' title='image "/cluster/home/n/w/nwhite01/storage/ocr_20150623/152/hvd.32044054760103/241.png"; bbox 0 0 4066 6032; ppageno 0'>
   <div class='ocr_carea' id='block_1_1' title="bbox 480 260 577 323">
    <p class='ocr_par' dir='ltr' id='par_1_1' title="bbox 480 260 577 323">
     <span class='ocr_line' id='line_1_1' title="bbox 480 260 577 323; baseline -0.031 0"><span class='ocrx_word' id='word_1_1' title='bbox 480 260 577 323; x_wconf 76' lang='grc'>471</span> 
     </span>
    </p>
   </div>
   <div class='ocr_carea' id='block_1_2' title="bbox 1317 254 2982 317">
    <p class='ocr_par' dir='ltr' id='par_1_2' title="bbox 1317 254 2982 317">
     <span class='ocr_line' id='line_1_2' title="bbox 1317 254 2982 317; baseline -0.001 -1"><span class='ocrx_word' id='word_1_2' title='bbox 1317 260 1375 316; x_wconf 95' lang='lat' dir='ltr'>S.</span> <span class='ocrx_word' id='word_1_3' title='bbox 1436 259 1779 317; x_wconf 84' lang='lat' dir='ltr'>BRUNONIS</span> <span class='ocrx_word' id='word_1_4' title='bbox 1839 254 2471 316; x_wconf 80' lang='lat' dir='ltr'>CARTHUSIANORUM</span> <span class='ocrx_word' id='word_1_5' title='bbox 2512 256 2982 315; x_wconf 81' lang='lat' dir='ltr'>INSTITUTOBIS</span> 
     </span>
    </p>
   </div>
   <div class='ocr_carea' id='block_1_3' title="bbox 3741 260 3827 318">
    <p class='ocr_par' dir='ltr' id='par_1_3' title="bbox 3741 260 3827 318">
     <span class='ocr_line' id='line_1_3' title="bbox 3741 260 3827 318; baseline 0.023 -2"><span class='ocrx_word' id='word_1_6' title='bbox 3741 260 3827 318; x_wconf 79' lang='lat'>&#39;72</span> 
     </span>
    </p>
   </div>
   <div class='ocr_carea' id='block_1_4' title="bbox 476 372 3829 453">
    <p class='ocr_par' dir='ltr' id='par_1_4' title="bbox 476 372 3829 453">
     <span class='ocr_line' id='line_1_4' title="bbox 476 372 3829 453; baseline -0.001 -19"><span class='ocrx_word' id='word_1_7' title='bbox 476 378 659 435; x_wconf 77' lang='lat' dir='ltr'>nostri</span> <span class='ocrx_word' id='word_1_8' title='bbox 688 378 830 434; x_wconf 64' lang='lat' dir='ltr'>Vitas</span> <span class='ocrx_word' id='word_1_9' title='bbox 857 378 1076 433; x_wconf 81' lang='lat' dir='ltr'>calcem</span> <span class='ocrx_word' id='word_1_10' title='bbox 1114 375 1352 432; x_wconf 91' lang='lat' dir='ltr'>metrice</span> <span class='ocrx_word' id='word_1_11' title='bbox 1382 376 1538 431; x_wconf 89' lang='lat' dir='ltr'>hunc</span> <span class='ocrx_word' id='word_1_12' title='bbox 1578 375 1638 431; x_wconf 92' lang='lat' dir='ltr'>in</span> <span class='ocrx_word' id='word_1_13' title='bbox 1689 376 1930 431; x_wconf 90' lang='lat' dir='ltr'>modum</span> <span class='ocrx_word' id='word_1_14' title='bbox 1971 375 2093 446; x_wconf 85' lang='lat' dir='ltr'>ejus</span> <span class='ocrx_word' id='word_1_15' title='bbox 2112 377 2313 453; x_wconf 29' lang='lat' dir='ltr'>Ajstro</span> <span class='ocrx_word' id='word_1_16' title='bbox 2345 391 2447 429; x_wconf 90' lang='lat' dir='ltr'>sua</span> <span class='ocrx_word' id='word_1_17' title='bbox 2476 373 2665 445; x_wconf 87' lang='lat' dir='ltr'>gratia</span> <span class='ocrx_word' id='word_1_18' title='bbox 2708 373 2933 429; x_wconf 81' lang='lat' dir='ltr'>dederit</span> <span class='ocrx_word' id='word_1_19' title='bbox 2961 376 3018 428; x_wconf 91' lang='lat' dir='ltr'>et</span> <span class='ocrx_word' id='word_1_20' title='bbox 3043 372 3391 447; x_wconf 72' lang='lat' dir='ltr'>concesserit</span> <span class='ocrx_word' id='word_1_21' title='bbox 3428 373 3724 431; x_wconf 76' lang='lat' dir='ltr'>licentiam</span> <span class='ocrx_word' id='word_1_22' title='bbox 3758 380 3829 431; x_wconf 87' lang='lat' dir='ltr'>et</span> 
     </span>
    </p>
   </div>
   <div class='ocr_carea' id='block_1_5' title="bbox 481 466 1341 522">
    <p class='ocr_par' dir='ltr' id='par_1_5' title="bbox 481 466 1341 522">
     <span class='ocr_line' id='line_1_5' title="bbox 481 466 1341 522; baseline -0.003 0"><span class='ocrx_word' id='word_1_23' title='bbox 481 466 980 522; x_wconf 87' lang='lat' dir='ltr'>canonizationem</span> <span class='ocrx_word' id='word_1_24' title='bbox 1014 466 1296 520; x_wconf 84' lang='lat' dir='ltr'>describat</span> <span class='ocrx_word' id='word_1_25' title='bbox 1328 482 1341 519; x_wconf 75' lang='grc' dir='ltr'><strong>ε</strong></span> 
     </span>
    </p>
   </div>
   <div class='ocr_carea' id='block_1_6' title="bbox 550 554 1741 627">
    <p class='ocr_par' dir='ltr' id='par_1_6' title="bbox 550 554 1741 627">
     <span class='ocr_line' id='line_1_6' title="bbox 550 554 1741 627; baseline -0.003 -16"><span class='ocrx_word' id='word_1_26' title='bbox 550 556 708 627; x_wconf 89' lang='lat' dir='ltr'>Papa</span> <span class='ocrx_word' id='word_1_27' title='bbox 738 554 865 617; x_wconf 90' lang='lat' dir='ltr'>Leo,</span> <span class='ocrx_word' id='word_1_28' title='bbox 898 557 1055 624; x_wconf 76' lang='lat' dir='ltr'>gestis</span> <span class='ocrx_word' id='word_1_29' title='bbox 1080 561 1128 609; x_wconf 89' lang='lat' dir='ltr'>et</span> <span class='ocrx_word' id='word_1_30' title='bbox 1157 555 1433 623; x_wconf 79' lang='lat' dir='ltr'>majestate</span> <span class='ocrx_word' id='word_1_31' title='bbox 1463 554 1741 621; x_wconf 73' lang='lat' dir='ltr'>verendus,</span> 
     </span>
    </p>
   </div>
   <div class='ocr_carea' id='block_1_7' title="bbox 554 642 1879 714">
    <p class='ocr_par' dir='ltr' id='par_1_7' title="bbox 554 642 1879 714">
     <span class='ocr_line' id='line_1_7' title="bbox 554 642 1879 714; baseline -0.003 -15"><span class='ocrx_word' id='word_1_32' title='bbox 554 642 834 699; x_wconf 85' lang='lat' dir='ltr'>Cardineis</span> <span class='ocrx_word' id='word_1_33' title='bbox 854 644 1103 714; x_wconf 77' lang='lat' dir='ltr'>patribus</span> <span class='ocrx_word' id='word_1_34' title='bbox 1136 643 1327 698; x_wconf 77' lang='lat' dir='ltr'>celebri</span> <span class='ocrx_word' id='word_1_35' title='bbox 1344 644 1704 700; x_wconf 86' lang='lat' dir='ltr'>circumdatus</span> <span class='ocrx_word' id='word_1_36' title='bbox 1734 649 1879 704; x_wconf 88' lang='lat' dir='ltr'>actu,</span> 
     </span>
    </p>
   </div>
   <div class='ocr_carea' id='block_1_8' title="bbox 555 730 1866 804">
    <p class='ocr_par' dir='ltr' id='par_1_8' title="bbox 555 730 1866 804">
     <span class='ocr_line' id='line_1_8' title="bbox 555 730 1866 804; baseline -0.002 -18"><span class='ocrx_word' id='word_1_37' title='bbox 555 730 765 786; x_wconf 80' lang='lat' dir='ltr'>Certior</span> <span class='ocrx_word' id='word_1_38' title='bbox 794 738 867 785; x_wconf 92' lang='lat' dir='ltr'>est</span> <span class='ocrx_word' id='word_1_39' title='bbox 894 732 1095 801; x_wconf 78' lang='lat' dir='ltr'>factus,</span> <span class='ocrx_word' id='word_1_40' title='bbox 1124 750 1285 804; x_wconf 89' lang='lat' dir='ltr'>quam</span> <span class='ocrx_word' id='word_1_41' title='bbox 1315 740 1493 786; x_wconf 82' lang='lat' dir='ltr'>sancte</span> <span class='ocrx_word' id='word_1_42' title='bbox 1516 734 1715 786; x_wconf 74' lang='lat' dir='ltr'>vixerit</span> <span class='ocrx_word' id='word_1_43' title='bbox 1740 731 1866 785; x_wconf 85' lang='lat' dir='ltr'>olim</span> 
     </span>
    </p>
   </div>
   <div class='ocr_carea' id='block_1_9' title="bbox 553 818 2090 892">
    <p class='ocr_par' dir='ltr' id='par_1_9' title="bbox 553 818 2090 892">
     <span class='ocr_line' id='line_1_9' title="bbox 553 818 2090 892; baseline -0.001 -19"><span class='ocrx_word' id='word_1_44' title='bbox 553 819 779 885; x_wconf 85' lang='lat' dir='ltr'>Bruno;</span> <span class='ocrx_word' id='word_1_45' title='bbox 813 820 954 891; x_wconf 87' lang='lat' dir='ltr'>quod</span> <span class='ocrx_word' id='word_1_46' title='bbox 972 821 1303 892; x_wconf 78' lang='lat' dir='ltr'>obsequium,</span> <span class='ocrx_word' id='word_1_47' title='bbox 1336 821 1466 873; x_wconf 87' lang='lat' dir='ltr'>dum</span> <span class='ocrx_word' id='word_1_48' title='bbox 1491 823 1643 885; x_wconf 68' lang='lat' dir='ltr'>vixit,</span> <span class='ocrx_word' id='word_1_49' title='bbox 1667 821 1921 890; x_wconf 74' lang='lat' dir='ltr'>praestitit</span> <span class='ocrx_word' id='word_1_50' title='bbox 1947 818 2090 881; x_wconf 84' lang='lat' dir='ltr'>urbi,</span> 
     </span>
    </p>
   </div>
   <div class='ocr_carea' id='block_1_10' title="bbox 554 907 1978 980">
    <p class='ocr_par' dir='ltr' id='par_1_10' title="bbox 554 907 1978 980">
     <span class='ocr_line' id='line_1_10' title="bbox 554 907 1978 980; baseline -0.001 -18"><span class='ocrx_word' id='word_1_51' title='bbox 554 907 808 980; x_wconf 79' lang='lat' dir='ltr'>Quodque</span> <span class='ocrx_word' id='word_1_52' title='bbox 835 926 936 979; x_wconf 89' lang='lat' dir='ltr'>per</span> <span class='ocrx_word' id='word_1_53' title='bbox 963 909 1103 963; x_wconf 85' lang='lat' dir='ltr'>hunc</span> <span class='ocrx_word' id='word_1_54' title='bbox 1130 909 1276 963; x_wconf 86' lang='lat' dir='ltr'>cultu</span> <span class='ocrx_word' id='word_1_55' title='bbox 1304 909 1486 963; x_wconf 87' lang='lat' dir='ltr'>divino</span> <span class='ocrx_word' id='word_1_56' title='bbox 1517 909 1756 963; x_wconf 77' lang='lat' dir='ltr'>Ecclesia</span> <span class='ocrx_word' id='word_1_57' title='bbox 1798 909 1978 961; x_wconf 86' lang='lat' dir='ltr'>crevit.</span> 
     </span>
    </p>
   </div>
   <div class='ocr_carea' id='block_1_11' title="bbox 552 995 1827 1068">
    <p class='ocr_par' dir='ltr' id='par_1_11' title="bbox 552 995 1827 1068">
     <span class='ocr_line' id='line_1_11' title="bbox 552 995 1827 1068; baseline 0 -18"><span class='ocrx_word' id='word_1_58' title='bbox 552 995 739 1067; x_wconf 83' lang='lat' dir='ltr'>Hujus</span> <span class='ocrx_word' id='word_1_59' title='bbox 759 1004 810 1050; x_wconf 88' lang='lat' dir='ltr'>et</span> <span class='ocrx_word' id='word_1_60' title='bbox 833 996 1080 1050; x_wconf 82' lang='lat' dir='ltr'>audierat</span> <span class='ocrx_word' id='word_1_61' title='bbox 1109 1004 1248 1051; x_wconf 90' lang='lat' dir='ltr'>certo</span> <span class='ocrx_word' id='word_1_62' title='bbox 1279 997 1541 1051; x_wconf 89' lang='lat' dir='ltr'>miracula</span> <span class='ocrx_word' id='word_1_63' title='bbox 1567 997 1827 1068; x_wconf 71' lang='lat' dir='ltr'>quaedam.</span> 
     </span>
    </p>
   </div>
   <div class='ocr_carea' id='block_1_12' title="bbox 548 1084 1807 1154">
    <p class='ocr_par' dir='ltr' id='par_1_12' title="bbox 548 1084 1807 1154">
     <span class='ocr_line' id='line_1_12' title="bbox 548 1084 1807 1154; baseline -0.002 -13"><span class='ocrx_word' id='word_1_64' title='bbox 548 1084 842 1154; x_wconf 83' lang='lat' dir='ltr'>Propterea</span> <span class='ocrx_word' id='word_1_65' title='bbox 871 1087 1005 1139; x_wconf 81' lang='lat' dir='ltr'>votis</span> <span class='ocrx_word' id='word_1_66' title='bbox 1026 1086 1260 1141; x_wconf 85' lang='lat' dir='ltr'>Patrum</span> <span class='ocrx_word' id='word_1_67' title='bbox 1291 1085 1634 1139; x_wconf 86' lang='lat' dir='ltr'>concordibus</span> <span class='ocrx_word' id='word_1_68' title='bbox 1656 1085 1807 1138; x_wconf 85' lang='lat' dir='ltr'>illum</span> 
     </span>
    </p>
   </div>
   <div class='ocr_carea' id='block_1_13' title="bbox 549 1170 1780 1243">
    <p class='ocr_par' dir='ltr' id='par_1_13' title="bbox 549 1170 1780 1243">
     <span class='ocr_line' id='line_1_13' title="bbox 549 1170 1780 1243; baseline 0.002 -18"><span class='ocrx_word' id='word_1_69' title='bbox 549 1170 778 1226; x_wconf 82' lang='lat' dir='ltr'>Rettulit</span> <span class='ocrx_word' id='word_1_70' title='bbox 803 1174 860 1226; x_wconf 81' lang='lat' dir='ltr'>in</span> <span class='ocrx_word' id='word_1_71' title='bbox 887 1172 1088 1238; x_wconf 84' lang='lat' dir='ltr'>Divos;</span> <span class='ocrx_word' id='word_1_72' title='bbox 1118 1174 1316 1243; x_wconf 79' lang='lat' dir='ltr'>festum</span> <span class='ocrx_word' id='word_1_73' title='bbox 1344 1175 1593 1227; x_wconf 82' lang='lat' dir='ltr'>concessit</span> <span class='ocrx_word' id='word_1_74' title='bbox 1614 1173 1780 1227; x_wconf 89' lang='lat' dir='ltr'>eidem</span> 
     </span>
    </p>
   </div>
   <div class='ocr_carea' id='block_1_14' title="bbox 554 1258 1741 1332">
    <p class='ocr_par' dir='ltr' id='par_1_14' title="bbox 554 1258 1741 1332">
     <span class='ocr_line' id='line_1_14' title="bbox 554 1258 1741 1332; baseline -0.002 -17"><span class='ocrx_word' id='word_1_75' title='bbox 554 1258 795 1315; x_wconf 77' lang='lat' dir='ltr'>Octobris</span> <span class='ocrx_word' id='word_1_76' title='bbox 822 1266 968 1314; x_wconf 74' lang='lat' dir='ltr'>sexta</span> <span class='ocrx_word' id='word_1_77' title='bbox 997 1260 1251 1315; x_wconf 87' lang='lat' dir='ltr'>celebrari</span> <span class='ocrx_word' id='word_1_78' title='bbox 1276 1261 1389 1315; x_wconf 87' lang='lat' dir='ltr'>luce</span> <span class='ocrx_word' id='word_1_79' title='bbox 1418 1262 1701 1332; x_wconf 87' lang='lat' dir='ltr'>quotannis</span> <span class='ocrx_word' id='word_1_80' title='bbox 1724 1278 1741 1324; x_wconf 88' lang='lat'><strong><em>;</em></strong></span> 
     </span>
    </p>
   </div>
   <div class='ocr_carea' id='block_1_15' title="bbox 553 1346 1835 1419">
    <p class='ocr_par' dir='ltr' id='par_1_15' title="bbox 553 1346 1835 1419">
     <span class='ocr_line' id='line_1_15' title="bbox 553 1346 1835 1419; baseline 0 -18"><span class='ocrx_word' id='word_1_81' title='bbox 553 1346 672 1417; x_wconf 85' lang='lat' dir='ltr'>(Illo</span> <span class='ocrx_word' id='word_1_82' title='bbox 704 1364 886 1419; x_wconf 83' lang='lat' dir='ltr'>nempe</span> <span class='ocrx_word' id='word_1_83' title='bbox 914 1349 998 1402; x_wconf 87' lang='lat' dir='ltr'>die</span> <span class='ocrx_word' id='word_1_84' title='bbox 1021 1350 1248 1403; x_wconf 89' lang='lat' dir='ltr'>moriens</span> <span class='ocrx_word' id='word_1_85' title='bbox 1286 1349 1520 1403; x_wconf 87' lang='lat' dir='ltr'>ascendit</span> <span class='ocrx_word' id='word_1_86' title='bbox 1545 1347 1835 1419; x_wconf 83' lang='lat' dir='ltr'>olympum)</span> 
     </span>
    </p>
   </div>
   <div class='ocr_carea' id='block_1_16' title="bbox 549 1434 1786 1506">
    <p class='ocr_par' dir='ltr' id='par_1_16' title="bbox 549 1434 1786 1506">
     <span class='ocr_line' id='line_1_16' title="bbox 549 1434 1786 1506; baseline -0.001 -17"><span class='ocrx_word' id='word_1_87' title='bbox 549 1434 774 1506; x_wconf 86' lang='lat' dir='ltr'>Erigere</span> <span class='ocrx_word' id='word_1_88' title='bbox 811 1437 934 1489; x_wconf 82' lang='lat' dir='ltr'>huic</span> <span class='ocrx_word' id='word_1_89' title='bbox 952 1443 1177 1504; x_wconf 89' lang='lat' dir='ltr'>statuas,</span> <span class='ocrx_word' id='word_1_90' title='bbox 1211 1455 1273 1491; x_wconf 90' lang='lat' dir='ltr'>ac</span> <span class='ocrx_word' id='word_1_91' title='bbox 1309 1437 1573 1505; x_wconf 64' lang='lat' dir='ltr'>aediﬁcare</span> <span class='ocrx_word' id='word_1_92' title='bbox 1598 1437 1786 1489; x_wconf 87' lang='lat' dir='ltr'>sacella</span> 
     </span>
    </p>
   </div>
   <div class='ocr_carea' id='block_1_17' title="bbox 548 1524 2082 1595">
    <p class='ocr_par' dir='ltr' id='par_1_17' title="bbox 548 1524 2082 1595">
     <span class='ocr_line' id='line_1_17' title="bbox 548 1524 2082 1595; baseline -0.003 -14"><span class='ocrx_word' id='word_1_93' title='bbox 548 1524 905 1588; x_wconf 71' lang='lat' dir='ltr'>Per-mittens;</span> <span class='ocrx_word' id='word_1_94' title='bbox 930 1542 1084 1595; x_wconf 86' lang='lat' dir='ltr'>super</span> <span class='ocrx_word' id='word_1_95' title='bbox 1126 1525 1206 1578; x_wconf 80' lang='lat' dir='ltr'>his</span> <span class='ocrx_word' id='word_1_96' title='bbox 1244 1526 1485 1595; x_wconf 83' lang='lat' dir='ltr'>confecta</span> <span class='ocrx_word' id='word_1_97' title='bbox 1528 1525 1817 1595; x_wconf 87' lang='lat' dir='ltr'>diplomata</span> <span class='ocrx_word' id='word_1_98' title='bbox 1856 1524 2082 1593; x_wconf 81' lang='lat' dir='ltr'>con/ert.</span> 
     </span>
    </p>
   </div>
   <div class='ocr_carea' id='block_1_18' title="bbox 552 1611 1826 1667">
    <p class='ocr_par' dir='ltr' id='par_1_18' title="bbox 552 1611 1826 1667">
     <span class='ocr_line' id='line_1_18' title="bbox 552 1611 1826 1667; baseline 0 -1"><span class='ocrx_word' id='word_1_99' title='bbox 552 1611 768 1666; x_wconf 83' lang='lat' dir='ltr'>Ordinis</span> <span class='ocrx_word' id='word_1_100' title='bbox 796 1613 905 1666; x_wconf 68' lang='lat' dir='ltr'>haec</span> <span class='ocrx_word' id='word_1_101' title='bbox 936 1614 1110 1666; x_wconf 89' lang='lat' dir='ltr'>nostri</span> <span class='ocrx_word' id='word_1_102' title='bbox 1132 1620 1303 1666; x_wconf 88' lang='lat' dir='ltr'>mater</span> <span class='ocrx_word' id='word_1_103' title='bbox 1334 1611 1623 1667; x_wconf 76' lang='lat' dir='ltr'>Carthasia</span> <span class='ocrx_word' id='word_1_104' title='bbox 1652 1620 1826 1667; x_wconf 87' lang='lat' dir='ltr'>servat</span> 
     </span>
    </p>
   </div>
   <div class='ocr_carea' id='block_1_19' title="bbox 546 1699 1823 1765">
    <p class='ocr_par' dir='ltr' id='par_1_19' title="bbox 546 1699 1823 1765">
     <span class='ocr_line' id='line_1_19' title="bbox 546 1699 1823 1765; baseline 0.002 -12"><span class='ocrx_word' id='word_1_105' title='bbox 546 1699 699 1754; x_wconf 86' lang='lat' dir='ltr'>Inter</span> <span class='ocrx_word' id='word_1_106' title='bbox 721 1699 959 1754; x_wconf 83' lang='lat' dir='ltr'>Romani</span> <span class='ocrx_word' id='word_1_107' title='bbox 984 1700 1154 1753; x_wconf 89' lang='lat' dir='ltr'>multa</span> <span class='ocrx_word' id='word_1_108' title='bbox 1187 1703 1537 1755; x_wconf 87' lang='lat' dir='ltr'>instrumenta</span> <span class='ocrx_word' id='word_1_109' title='bbox 1569 1708 1779 1755; x_wconf 82' lang='lat' dir='ltr'>senatus</span> <span class='ocrx_word' id='word_1_110' title='bbox 1808 1718 1823 1765; x_wconf 88' lang='lat'><strong><em>;</em></strong></span> 
     </span>
    </p>
   </div>
   <div class='ocr_carea' id='block_1_20' title="bbox 473 1788 2084 1860">
    <p class='ocr_par' dir='ltr' id='par_1_20' title="bbox 473 1788 2084 1860">
     <span class='ocr_line' id='line_1_20' title="bbox 473 1788 2084 1860; baseline -0.001 -17"><span class='ocrx_word' id='word_1_111' title='bbox 473 1788 608 1844; x_wconf 91' lang='lat' dir='ltr'>huic</span> <span class='ocrx_word' id='word_1_112' title='bbox 636 1790 834 1842; x_wconf 89' lang='lat' dir='ltr'>tamen</span> <span class='ocrx_word' id='word_1_113' title='bbox 884 1788 1252 1859; x_wconf 89' lang='lat' dir='ltr'>descriptioni</span> <span class='ocrx_word' id='word_1_114' title='bbox 1305 1788 1553 1860; x_wconf 65' lang='lat' dir='ltr'>prmﬁgit</span> <span class='ocrx_word' id='word_1_115' title='bbox 1605 1789 2084 1843; x_wconf 75' lang='lat' dir='ltr'>hunctitulum:</span> 
     </span>
    </p>
   </div>
   <div class='ocr_carea' id='block_1_21' title="bbox 480 1876 2089 1943">
    <p class='ocr_par' dir='ltr' id='par_1_21' title="bbox 480 1876 2089 1943">
     <span class='ocr_line' id='line_1_21' title="bbox 480 1876 2089 1943; baseline 0.002 -16"><span class='ocrx_word' id='word_1_116' title='bbox 480 1899 508 1928; x_wconf 84' lang='lat'><strong>«</strong></span> <span class='ocrx_word' id='word_1_117' title='bbox 537 1876 928 1942; x_wconf 88' lang='lat' dir='ltr'>Canonizatio,</span> <span class='ocrx_word' id='word_1_118' title='bbox 957 1878 1020 1935; x_wconf 72' lang='lat' dir='ltr'>ut.</span> <span class='ocrx_word' id='word_1_119' title='bbox 1048 1879 1275 1943; x_wconf 88' lang='lat' dir='ltr'>vocant,</span> <span class='ocrx_word' id='word_1_120' title='bbox 1298 1876 1357 1931; x_wconf 91' lang='lat' dir='ltr'>S.</span> <span class='ocrx_word' id='word_1_121' title='bbox 1382 1878 1665 1931; x_wconf 91' lang='lat' dir='ltr'>Brunonis</span> <span class='ocrx_word' id='word_1_122' title='bbox 1686 1878 1943 1932; x_wconf 86' lang='lat' dir='ltr'>carmine</span> <span class='ocrx_word' id='word_1_123' title='bbox 1957 1893 2089 1931; x_wconf 86' lang='lat' dir='ltr'>con-</span> 
     </span>
    </p>
   </div>
   <div class='ocr_carea' id='block_1_22' title="bbox 474 1962 2088 2035">
    <p class='ocr_par' dir='ltr' id='par_1_22' title="bbox 474 1962 2088 2035">
     <span class='ocr_line' id='line_1_22' title="bbox 474 1962 2088 2035; baseline 0 -18"><span class='ocrx_word' id='word_1_124' title='bbox 474 1963 685 2035; x_wconf 90' lang='lat' dir='ltr'>scripta</span> <span class='ocrx_word' id='word_1_125' title='bbox 710 1980 724 2031; x_wconf 90' lang='lat'><strong>;</strong></span> <span class='ocrx_word' id='word_1_126' title='bbox 754 1984 781 2013; x_wconf 84' lang='lat'>»</span> <span class='ocrx_word' id='word_1_127' title='bbox 815 1963 1021 2034; x_wconf 86' lang='lat' dir='ltr'>quibus</span> <span class='ocrx_word' id='word_1_128' title='bbox 1048 1979 1079 2017; x_wconf 90' lang='lat' dir='ltr'>e</span> <span class='ocrx_word' id='word_1_129' title='bbox 1112 1962 1363 2031; x_wconf 86' lang='lat' dir='ltr'>vocibus,</span> <span class='ocrx_word' id='word_1_130' title='bbox 1396 1964 1647 2019; x_wconf 77' lang='lat' dir='ltr'>fueritne</span> <span class='ocrx_word' id='word_1_131' title='bbox 1676 1982 1805 2019; x_wconf 86' lang='lat' dir='ltr'>vere</span> <span class='ocrx_word' id='word_1_132' title='bbox 1840 1981 1873 2017; x_wconf 89' lang='lat' dir='ltr'>a</span> <span class='ocrx_word' id='word_1_133' title='bbox 1898 1965 2088 2018; x_wconf 91' lang='lat' dir='ltr'>Leone</span> 
     </span>
    </p>
   </div>
   <div class='ocr_carea' id='block_1_23' title="bbox 474 2050 2083 2123">
    <p class='ocr_par' dir='ltr' id='par_1_23' title="bbox 474 2050 2083 2123">
     <span class='ocr_line' id='line_1_23' title="bbox 474 2050 2083 2123; baseline -0.001 -18"><span class='ocrx_word' id='word_1_134' title='bbox 474 2066 627 2123; x_wconf 88' lang='lat' dir='ltr'>papa</span> <span class='ocrx_word' id='word_1_135' title='bbox 656 2052 845 2105; x_wconf 87' lang='lat' dir='ltr'>Bruno</span> <span class='ocrx_word' id='word_1_136' title='bbox 887 2051 1275 2112; x_wconf 89' lang='lat' dir='ltr'>canonizatus,</span> <span class='ocrx_word' id='word_1_137' title='bbox 1319 2051 1606 2105; x_wconf 77' lang='lat' dir='ltr'>dubitasse</span> <span class='ocrx_word' id='word_1_138' title='bbox 1648 2055 1837 2123; x_wconf 89' lang='lat' dir='ltr'>potest</span> <span class='ocrx_word' id='word_1_139' title='bbox 1883 2050 2083 2105; x_wconf 90' lang='lat' dir='ltr'>videri.</span> 
     </span>
    </p>
   </div>
   <div class='ocr_carea' id='block_1_24' title="bbox 474 2138 2089 2209">
    <p class='ocr_par' dir='ltr' id='par_1_24' title="bbox 474 2138 2089 2209">
     <span class='ocr_line' id='line_1_24' title="bbox 474 2138 2089 2209; baseline 0.001 -17"><span class='ocrx_word' id='word_1_140' title='bbox 474 2138 563 2192; x_wconf 78' lang='lat' dir='ltr'>Ad</span> <span class='ocrx_word' id='word_1_141' title='bbox 588 2139 709 2193; x_wconf 64' lang='lat' dir='ltr'>haec</span> <span class='ocrx_word' id='word_1_142' title='bbox 741 2155 843 2209; x_wconf 91' lang='lat' dir='ltr'>per</span> <span class='ocrx_word' id='word_1_143' title='bbox 871 2138 1150 2209; x_wconf 89' lang='lat' dir='ltr'>diploma,</span> <span class='ocrx_word' id='word_1_144' title='bbox 1183 2139 1343 2209; x_wconf 81' lang='lat' dir='ltr'>cujus</span> <span class='ocrx_word' id='word_1_145' title='bbox 1388 2139 1480 2192; x_wconf 91' lang='lat' dir='ltr'>hic</span> <span class='ocrx_word' id='word_1_146' title='bbox 1518 2140 1807 2206; x_wconf 78' lang='lat' dir='ltr'>meminit,</span> <span class='ocrx_word' id='word_1_147' title='bbox 1832 2157 1961 2194; x_wconf 93' lang='lat' dir='ltr'>cum</span> <span class='ocrx_word' id='word_1_148' title='bbox 1992 2141 2089 2193; x_wconf 86' lang='lat' dir='ltr'>Za-</span> 
     </span>
    </p>
   </div>
   <div class='ocr_carea' id='block_1_25' title="bbox 478 2227 2086 2300">
    <p class='ocr_par' dir='ltr' id='par_1_25' title="bbox 478 2227 2086 2300">
     <span class='ocr_line' id='line_1_25' title="bbox 478 2227 2086 2300; baseline 0 -17"><span class='ocrx_word' id='word_1_149' title='bbox 478 2227 664 2283; x_wconf 89' lang='lat' dir='ltr'>nottio</span> <span class='ocrx_word' id='word_1_150' title='bbox 708 2227 823 2287; x_wconf 90' lang='lat' dir='ltr'>(adi</span> <span class='ocrx_word' id='word_1_151' title='bbox 854 2244 1018 2282; x_wconf 92' lang='lat' dir='ltr'>num.</span> <span class='ocrx_word' id='word_1_152' title='bbox 1060 2228 1185 2298; x_wconf 81' lang='lat'><strong>762)</strong></span> <span class='ocrx_word' id='word_1_153' title='bbox 1218 2229 1393 2282; x_wconf 89' lang='lat' dir='ltr'>Breve</span> <span class='ocrx_word' id='word_1_154' title='bbox 1422 2229 1722 2294; x_wconf 85' lang='lat' dir='ltr'>duntaxat,</span> <span class='ocrx_word' id='word_1_155' title='bbox 1743 2246 1855 2300; x_wconf 90' lang='lat' dir='ltr'>quo</span> <span class='ocrx_word' id='word_1_156' title='bbox 1894 2228 2086 2284; x_wconf 88' lang='lat' dir='ltr'>Sancti</span> 
     </span>
    </p>
   </div>
   <div class='ocr_carea' id='block_1_26' title="bbox 478 2306 2086 2387">
    <p class='ocr_par' dir='ltr' id='par_1_26' title="bbox 478 2306 2086 2387">
     <span class='ocr_line' id='line_1_26' title="bbox 478 2306 2086 2387; baseline 0 -16"><span class='ocrx_word' id='word_1_157' title='bbox 478 2316 694 2371; x_wconf 91' lang='lat' dir='ltr'>cultum</span> <span class='ocrx_word' id='word_1_158' title='bbox 722 2316 833 2370; x_wconf 91' lang='lat' dir='ltr'>Leo</span> <span class='ocrx_word' id='word_1_159' title='bbox 867 2315 1151 2387; x_wconf 88' lang='lat' dir='ltr'>permisit,</span> <span class='ocrx_word' id='word_1_160' title='bbox 1185 2315 1441 2370; x_wconf 83' lang='lat' dir='ltr'>fortassis</span> <span class='ocrx_word' id='word_1_161' title='bbox 1466 2316 1759 2387; x_wconf 86' lang='lat' dir='ltr'>intelligit.</span> <span class='ocrx_word' id='word_1_162' title='bbox 1798 2306 1865 2371; x_wconf 88' lang='lat' dir='ltr'>Ut</span> <span class='ocrx_word' id='word_1_163' title='bbox 1898 2321 1959 2371; x_wconf 88' lang='lat' dir='ltr'>ut</span> <span class='ocrx_word' id='word_1_164' title='bbox 1994 2318 2086 2383; x_wconf 90' lang='lat' dir='ltr'>sit,</span> 
     </span>
    </p>
   </div>
   <div class='ocr_carea' id='block_1_27' title="bbox 475 2404 2088 2476">
    <p class='ocr_par' dir='ltr' id='par_1_27' title="bbox 475 2404 2088 2476">
     <span class='ocr_line' id='line_1_27' title="bbox 475 2404 2088 2476; baseline 0 -15"><span class='ocrx_word' id='word_1_165' title='bbox 475 2405 698 2461; x_wconf 85' lang='lat' dir='ltr'>bullam</span> <span class='ocrx_word' id='word_1_166' title='bbox 720 2404 1014 2475; x_wconf 86' lang='lat' dir='ltr'>equidem,</span> <span class='ocrx_word' id='word_1_167' title='bbox 1032 2421 1146 2476; x_wconf 88' lang='lat' dir='ltr'>qua</span> <span class='ocrx_word' id='word_1_168' title='bbox 1161 2404 1220 2459; x_wconf 92' lang='lat' dir='ltr'>S.</span> <span class='ocrx_word' id='word_1_169' title='bbox 1242 2404 1575 2460; x_wconf 89' lang='lat' dir='ltr'>Brunonem</span> <span class='ocrx_word' id='word_1_170' title='bbox 1598 2405 1761 2460; x_wconf 86' lang='lat' dir='ltr'>LeoX</span> <span class='ocrx_word' id='word_1_171' title='bbox 1790 2407 2088 2461; x_wconf 86' lang='lat' dir='ltr'>canoniza-</span> 
     </span>
    </p>
   </div>
   <div class='ocr_carea' id='block_1_28' title="bbox 476 2492 2081 2564">
    <p class='ocr_par' dir='ltr' id='par_1_28' title="bbox 476 2492 2081 2564">
     <span class='ocr_line' id='line_1_28' title="bbox 476 2492 2081 2564; baseline 0.001 -17"><span class='ocrx_word' id='word_1_172' title='bbox 476 2493 576 2560; x_wconf 90' lang='lat' dir='ltr'>rit,</span> <span class='ocrx_word' id='word_1_173' title='bbox 597 2493 795 2547; x_wconf 86' lang='lat' dir='ltr'>datam</span> <span class='ocrx_word' id='word_1_174' title='bbox 808 2509 927 2547; x_wconf 90' lang='lat' dir='ltr'>non</span> <span class='ocrx_word' id='word_1_175' title='bbox 958 2492 1151 2560; x_wconf 88' lang='lat' dir='ltr'>fuisse,</span> <span class='ocrx_word' id='word_1_176' title='bbox 1176 2509 1282 2564; x_wconf 92' lang='lat' dir='ltr'>pro</span> <span class='ocrx_word' id='word_1_177' title='bbox 1304 2492 1630 2548; x_wconf 81' lang='lat' dir='ltr'>indubitata</span> <span class='ocrx_word' id='word_1_178' title='bbox 1662 2494 1834 2547; x_wconf 90' lang='lat' dir='ltr'>debet</span> <span class='ocrx_word' id='word_1_179' title='bbox 1861 2495 2081 2549; x_wconf 90' lang='lat' dir='ltr'>haberi.</span> 
     </span>
    </p>
   </div>
   <div class='ocr_carea' id='block_1_29' title="bbox 544 2579 2083 2653">
    <p class='ocr_par' dir='ltr' id='par_1_29' title="bbox 544 2579 2083 2653">
     <span class='ocr_line' id='line_1_29' title="bbox 544 2579 2083 2653; baseline 0.002 -17"><span class='ocrx_word' id='word_1_180' title='bbox 544 2583 670 2636; x_wconf 88' lang='lat'><strong>766.</strong></span> <span class='ocrx_word' id='word_1_181' title='bbox 699 2581 761 2634; x_wconf 91' lang='lat' dir='ltr'>Id</span> <span class='ocrx_word' id='word_1_182' title='bbox 777 2579 858 2634; x_wconf 89' lang='lat' dir='ltr'>sic</span> <span class='ocrx_word' id='word_1_183' title='bbox 875 2581 1114 2636; x_wconf 87' lang='lat' dir='ltr'>ostendo</span> <span class='ocrx_word' id='word_1_184' title='bbox 1139 2598 1151 2635; x_wconf 91' lang='lat'>:</span> <span class='ocrx_word' id='word_1_185' title='bbox 1172 2580 1385 2652; x_wconf 84' lang='lat' dir='ltr'>quodsi</span> <span class='ocrx_word' id='word_1_186' title='bbox 1401 2580 1558 2636; x_wconf 88' lang='lat' dir='ltr'>bulla</span> <span class='ocrx_word' id='word_1_187' title='bbox 1575 2582 2083 2653; x_wconf 73' lang='lat' dir='ltr'>hujusmodi,quze,</span> 
     </span>
    </p>
   </div>
   <div class='ocr_carea' id='block_1_30' title="bbox 470 2667 2086 2741">
    <p class='ocr_par' dir='ltr' id='par_1_30' title="bbox 470 2667 2086 2741">
     <span class='ocr_line' id='line_1_30' title="bbox 470 2667 2086 2741; baseline 0.001 -17"><span class='ocrx_word' id='word_1_188' title='bbox 470 2667 624 2725; x_wconf 87' lang='lat' dir='ltr'>facta</span> <span class='ocrx_word' id='word_1_189' title='bbox 642 2668 775 2723; x_wconf 92' lang='lat' dir='ltr'>licet</span> <span class='ocrx_word' id='word_1_190' title='bbox 799 2671 922 2723; x_wconf 91' lang='lat' dir='ltr'>tum</span> <span class='ocrx_word' id='word_1_191' title='bbox 942 2669 1158 2735; x_wconf 67' lang='lat' dir='ltr'>Romte,</span> <span class='ocrx_word' id='word_1_192' title='bbox 1190 2672 1316 2724; x_wconf 92' lang='lat' dir='ltr'>tum</span> <span class='ocrx_word' id='word_1_193' title='bbox 1347 2669 1481 2723; x_wconf 89' lang='lat' dir='ltr'>alibi</span> <span class='ocrx_word' id='word_1_194' title='bbox 1534 2669 1977 2741; x_wconf 87' lang='lat' dir='ltr'>diligentissima</span> <span class='ocrx_word' id='word_1_195' title='bbox 2004 2672 2086 2726; x_wconf 90' lang='lat' dir='ltr'>in-</span> 
     </span>
    </p>
   </div>
   <div class='ocr_carea' id='block_1_31' title="bbox 476 2756 2087 2829">
    <p class='ocr_par' dir='ltr' id='par_1_31' title="bbox 476 2756 2087 2829">
     <span class='ocr_line' id='line_1_31' title="bbox 476 2756 2087 2829; baseline 0.002 -18"><span class='ocrx_word' id='word_1_196' title='bbox 476 2756 960 2829; x_wconf 85' lang='lat' dir='ltr'>dagine,inveniri</span> <span class='ocrx_word' id='word_1_197' title='bbox 973 2757 1129 2811; x_wconf 88' lang='lat' dir='ltr'>haud</span> <span class='ocrx_word' id='word_1_198' title='bbox 1142 2756 1511 2827; x_wconf 90' lang='lat' dir='ltr'>potuit,anno</span> <span class='ocrx_word' id='word_1_199' title='bbox 1532 2760 1668 2812; x_wconf 76' lang='grc'><strong>1515</strong></span> <span class='ocrx_word' id='word_1_200' title='bbox 1691 2774 1725 2811; x_wconf 92' lang='lat' dir='ltr'>a</span> <span class='ocrx_word' id='word_1_201' title='bbox 1742 2758 1930 2813; x_wconf 88' lang='lat' dir='ltr'>Leone</span> <span class='ocrx_word' id='word_1_202' title='bbox 1952 2759 2087 2814; x_wconf 90' lang='lat' dir='ltr'>data</span> 
     </span>
    </p>
   </div>
   <div class='ocr_carea' id='block_1_32' title="bbox 470 2844 2085 2916">
    <p class='ocr_par' dir='ltr' id='par_1_32' title="bbox 470 2844 2085 2916">
     <span class='ocr_line' id='line_1_32' title="bbox 470 2844 2085 2916; baseline 0.001 -16"><span class='ocrx_word' id='word_1_203' title='bbox 470 2844 763 2912; x_wconf 85' lang='lat' dir='ltr'>fuisset,ea</span> <span class='ocrx_word' id='word_1_204' title='bbox 782 2844 977 2916; x_wconf 86' lang='lat' dir='ltr'>utique</span> <span class='ocrx_word' id='word_1_205' title='bbox 991 2847 1091 2899; x_wconf 86' lang='lat' dir='ltr'>aut</span> <span class='ocrx_word' id='word_1_206' title='bbox 1107 2846 1363 2916; x_wconf 86' lang='lat' dir='ltr'>generali</span> <span class='ocrx_word' id='word_1_207' title='bbox 1386 2846 1836 2901; x_wconf 89' lang='lat' dir='ltr'>reverendorum</span> <span class='ocrx_word' id='word_1_208' title='bbox 1850 2848 2085 2901; x_wconf 90' lang='lat' dir='ltr'>Patrum</span> 
     </span>
    </p>
   </div>
   <div class='ocr_carea' id='block_1_33' title="bbox 475 2931 2087 3006">
    <p class='ocr_par' dir='ltr' id='par_1_33' title="bbox 475 2931 2087 3006">
     <span class='ocr_line' id='line_1_33' title="bbox 475 2931 2087 3006; baseline 0.002 -19"><span class='ocrx_word' id='word_1_209' title='bbox 475 2931 989 2989; x_wconf 88' lang='lat' dir='ltr'>Carthusianorum</span> <span class='ocrx_word' id='word_1_210' title='bbox 1040 2933 1313 3006; x_wconf 91' lang='lat' dir='ltr'>capitulo,</span> <span class='ocrx_word' id='word_1_211' title='bbox 1343 2932 1434 2987; x_wconf 91' lang='lat' dir='ltr'>die</span> <span class='ocrx_word' id='word_1_212' title='bbox 1466 2934 1713 3004; x_wconf 90' lang='lat' dir='ltr'>septima</span> <span class='ocrx_word' id='word_1_213' title='bbox 1742 2934 1868 2988; x_wconf 86' lang='lat' dir='ltr'>Maii</span> <span class='ocrx_word' id='word_1_214' title='bbox 1901 2939 1956 2989; x_wconf 89' lang='lat' dir='ltr'>et</span> <span class='ocrx_word' id='word_1_215' title='bbox 2005 2953 2087 2990; x_wconf 91' lang='lat' dir='ltr'>se-</span> 
     </span>
    </p>
   </div>
   <div class='ocr_carea' id='block_1_34' title="bbox 471 3022 2089 3094">
    <p class='ocr_par' dir='ltr' id='par_1_34' title="bbox 471 3022 2089 3094">
     <span class='ocr_line' id='line_1_34' title="bbox 471 3022 2089 3094; baseline 0.001 -18"><span class='ocrx_word' id='word_1_216' title='bbox 471 3022 781 3094; x_wconf 89' lang='lat' dir='ltr'>quentibus</span> <span class='ocrx_word' id='word_1_217' title='bbox 811 3022 963 3076; x_wconf 88' lang='lat' dir='ltr'>dicto</span> <span class='ocrx_word' id='word_1_218' title='bbox 996 3038 1150 3077; x_wconf 89' lang='lat' dir='ltr'>anno</span> <span class='ocrx_word' id='word_1_219' title='bbox 1187 3025 1321 3076; x_wconf 77' lang='grc'><strong>1515</strong></span> <span class='ocrx_word' id='word_1_220' title='bbox 1356 3022 1415 3075; x_wconf 91' lang='lat' dir='ltr'>in</span> <span class='ocrx_word' id='word_1_221' title='bbox 1445 3022 1747 3077; x_wconf 85' lang='lat' dir='ltr'>Carthusia</span> <span class='ocrx_word' id='word_1_222' title='bbox 1777 3023 1973 3093; x_wconf 84' lang='lat' dir='ltr'>Majori</span> <span class='ocrx_word' id='word_1_223' title='bbox 2002 3042 2089 3078; x_wconf 88' lang='lat' dir='ltr'>ce-</span> 
     </span>
    </p>
   </div>
   <div class='ocr_carea' id='block_1_35' title="bbox 470 3108 2087 3182">
    <p class='ocr_par' dir='ltr' id='par_1_35' title="bbox 470 3108 2087 3182">
     <span class='ocr_line' id='line_1_35' title="bbox 470 3108 2087 3182; baseline 0.002 -19"><span class='ocrx_word' id='word_1_224' title='bbox 470 3108 716 3175; x_wconf 90' lang='lat' dir='ltr'>lebrato,</span> <span class='ocrx_word' id='word_1_225' title='bbox 750 3108 795 3163; x_wconf 90' lang='lat' dir='ltr'>si</span> <span class='ocrx_word' id='word_1_226' title='bbox 824 3110 1034 3164; x_wconf 84' lang='lat' dir='ltr'>Maium</span> <span class='ocrx_word' id='word_1_227' title='bbox 1052 3110 1125 3163; x_wconf 89' lang='lat' dir='ltr'>sit</span> <span class='ocrx_word' id='word_1_228' title='bbox 1144 3126 1482 3182; x_wconf 67' lang='lat' dir='ltr'>praegressa,</span> <span class='ocrx_word' id='word_1_229' title='bbox 1509 3114 1608 3164; x_wconf 90' lang='lat' dir='ltr'>aut</span> <span class='ocrx_word' id='word_1_230' title='bbox 1627 3114 1803 3176; x_wconf 91' lang='lat' dir='ltr'>certe,</span> <span class='ocrx_word' id='word_1_231' title='bbox 1822 3112 1867 3164; x_wconf 87' lang='lat' dir='ltr'>si</span> <span class='ocrx_word' id='word_1_232' title='bbox 1887 3129 2087 3166; x_wconf 89' lang='lat' dir='ltr'>mense</span> 
     </span>
    </p>
   </div>
   <div class='ocr_carea' id='block_1_36' title="bbox 470 3196 2086 3267">
    <p class='ocr_par' dir='ltr' id='par_1_36' title="bbox 470 3196 2086 3267">
     <span class='ocr_line' id='line_1_36' title="bbox 470 3196 2086 3267; baseline 0.002 -17"><span class='ocrx_word' id='word_1_233' title='bbox 470 3196 582 3252; x_wconf 91' lang='lat' dir='ltr'>hoc</span> <span class='ocrx_word' id='word_1_234' title='bbox 611 3196 786 3250; x_wconf 90' lang='lat' dir='ltr'>fuerit</span> <span class='ocrx_word' id='word_1_235' title='bbox 825 3197 1128 3267; x_wconf 86' lang='lat' dir='ltr'>posterior,</span> <span class='ocrx_word' id='word_1_236' title='bbox 1158 3197 1415 3267; x_wconf 83' lang='lat' dir='ltr'>generali</span> <span class='ocrx_word' id='word_1_237' title='bbox 1448 3198 1787 3252; x_wconf 89' lang='lat' dir='ltr'>eorumdem</span> <span class='ocrx_word' id='word_1_238' title='bbox 1821 3215 2086 3253; x_wconf 89' lang='lat' dir='ltr'>reveren-</span> 
     </span>
    </p>
   </div>
   <div class='ocr_carea' id='block_1_37' title="bbox 472 3283 2088 3356">
    <p class='ocr_par' dir='ltr' id='par_1_37' title="bbox 472 3283 2088 3356">
     <span class='ocr_line' id='line_1_37' title="bbox 472 3283 2088 3356; baseline 0.002 -19"><span class='ocrx_word' id='word_1_239' title='bbox 472 3283 681 3338; x_wconf 87' lang='lat' dir='ltr'>dorum</span> <span class='ocrx_word' id='word_1_240' title='bbox 706 3284 940 3337; x_wconf 88' lang='lat' dir='ltr'>Patrum</span> <span class='ocrx_word' id='word_1_241' title='bbox 969 3284 1239 3355; x_wconf 90' lang='lat' dir='ltr'>capitulo,</span> <span class='ocrx_word' id='word_1_242' title='bbox 1272 3300 1425 3338; x_wconf 89' lang='lat' dir='ltr'>anno</span> <span class='ocrx_word' id='word_1_243' title='bbox 1478 3288 1611 3340; x_wconf 85' lang='grc'><strong>1516</strong></span> <span class='ocrx_word' id='word_1_244' title='bbox 1654 3286 1746 3339; x_wconf 92' lang='lat' dir='ltr'>die</span> <span class='ocrx_word' id='word_1_245' title='bbox 1777 3290 1836 3340; x_wconf 79' lang='grc'><strong>21</strong></span> <span class='ocrx_word' id='word_1_246' title='bbox 1883 3287 2088 3356; x_wconf 86' lang='lat' dir='ltr'>Aprilis</span> 
     </span>
    </p>
   </div>
   <div class='ocr_carea' id='block_1_38' title="bbox 472 3370 2084 3442">
    <p class='ocr_par' dir='ltr' id='par_1_38' title="bbox 472 3370 2084 3442">
     <span class='ocr_line' id='line_1_38' title="bbox 472 3370 2084 3442; baseline 0.002 -17"><span class='ocrx_word' id='word_1_247' title='bbox 472 3372 532 3425; x_wconf 88' lang='lat' dir='ltr'>et</span> <span class='ocrx_word' id='word_1_248' title='bbox 557 3370 928 3441; x_wconf 90' lang='lat' dir='ltr'>sequentibus</span> <span class='ocrx_word' id='word_1_249' title='bbox 942 3371 1001 3425; x_wconf 92' lang='lat' dir='ltr'>in</span> <span class='ocrx_word' id='word_1_250' title='bbox 1024 3371 1221 3442; x_wconf 78' lang='lat' dir='ltr'>Majori</span> <span class='ocrx_word' id='word_1_251' title='bbox 1240 3371 1443 3425; x_wconf 90' lang='lat' dir='ltr'>itidem</span> <span class='ocrx_word' id='word_1_252' title='bbox 1459 3372 1757 3427; x_wconf 72' lang='lat' dir='ltr'>Cartliusia</span> <span class='ocrx_word' id='word_1_253' title='bbox 1777 3375 2084 3441; x_wconf 87' lang='lat' dir='ltr'>celebrato,</span> 
     </span>
    </p>
   </div>
   <div class='ocr_carea' id='block_1_39' title="bbox 471 3459 2089 3531">
    <p class='ocr_par' dir='ltr' id='par_1_39' title="bbox 471 3459 2089 3531">
     <span class='ocr_line' id='line_1_39' title="bbox 471 3459 2089 3531; baseline 0.002 -18"><span class='ocrx_word' id='word_1_254' title='bbox 471 3462 611 3515; x_wconf 90' lang='lat' dir='ltr'>nota</span> <span class='ocrx_word' id='word_1_255' title='bbox 638 3459 837 3514; x_wconf 87' lang='lat' dir='ltr'>fuisset</span> <span class='ocrx_word' id='word_1_256' title='bbox 868 3476 881 3514; x_wconf 90' lang='lat'><strong>:</strong></span> <span class='ocrx_word' id='word_1_257' title='bbox 919 3459 1107 3514; x_wconf 91' lang='lat' dir='ltr'>neutri</span> <span class='ocrx_word' id='word_1_258' title='bbox 1122 3462 1361 3514; x_wconf 88' lang='lat' dir='ltr'>anteme</span> <span class='ocrx_word' id='word_1_259' title='bbox 1380 3460 1644 3529; x_wconf 89' lang='lat' dir='ltr'>capitulis</span> <span class='ocrx_word' id='word_1_260' title='bbox 1664 3459 1819 3514; x_wconf 91' lang='lat' dir='ltr'>hisce</span> <span class='ocrx_word' id='word_1_261' title='bbox 1848 3478 2089 3531; x_wconf 85' lang='lat' dir='ltr'>genera-</span> 
     </span>
    </p>
   </div>
   <div class='ocr_carea' id='block_1_40' title="bbox 470 3546 2082 3617">
    <p class='ocr_par' dir='ltr' id='par_1_40' title="bbox 470 3546 2082 3617">
     <span class='ocr_line' id='line_1_40' title="bbox 470 3546 2082 3617; baseline 0.002 -16"><span class='ocrx_word' id='word_1_262' title='bbox 470 3546 618 3601; x_wconf 85' lang='lat' dir='ltr'>libus</span> <span class='ocrx_word' id='word_1_263' title='bbox 644 3550 784 3602; x_wconf 89' lang='lat' dir='ltr'>nota</span> <span class='ocrx_word' id='word_1_264' title='bbox 798 3546 896 3602; x_wconf 90' lang='lat' dir='ltr'>illa</span> <span class='ocrx_word' id='word_1_265' title='bbox 911 3547 1083 3602; x_wconf 89' lang='lat' dir='ltr'>fuisse</span> <span class='ocrx_word' id='word_1_266' title='bbox 1100 3548 1215 3602; x_wconf 90' lang='lat' dir='ltr'>ullo</span> <span class='ocrx_word' id='word_1_267' title='bbox 1236 3546 1412 3602; x_wconf 89' lang='lat' dir='ltr'>modo</span> <span class='ocrx_word' id='word_1_268' title='bbox 1427 3547 1668 3602; x_wconf 89' lang='lat' dir='ltr'>videtur.</span> <span class='ocrx_word' id='word_1_269' title='bbox 1691 3549 1886 3603; x_wconf 89' lang='lat' dir='ltr'>Patres</span> <span class='ocrx_word' id='word_1_270' title='bbox 1904 3550 2082 3617; x_wconf 91' lang='lat' dir='ltr'>enim,</span> 
     </span>
    </p>
   </div>
   <div class='ocr_carea' id='block_1_41' title="bbox 468 3635 2081 3708">
    <p class='ocr_par' dir='ltr' id='par_1_41' title="bbox 468 3635 2081 3708">
     <span class='ocr_line' id='line_1_41' title="bbox 468 3635 2081 3708; baseline 0.002 -19"><span class='ocrx_word' id='word_1_271' title='bbox 468 3638 534 3690; x_wconf 89' lang='lat' dir='ltr'>ut</span> <span class='ocrx_word' id='word_1_272' title='bbox 562 3635 895 3708; x_wconf 85' lang='lat' dir='ltr'>quotannis,</span> <span class='ocrx_word' id='word_1_273' title='bbox 934 3639 1107 3707; x_wconf 91' lang='lat' dir='ltr'>prout</span> <span class='ocrx_word' id='word_1_274' title='bbox 1136 3653 1169 3690; x_wconf 91' lang='lat' dir='ltr'>a</span> <span class='ocrx_word' id='word_1_275' title='bbox 1200 3636 1389 3691; x_wconf 91' lang='lat' dir='ltr'>Leone</span> <span class='ocrx_word' id='word_1_276' title='bbox 1426 3635 1699 3706; x_wconf 91' lang='lat' dir='ltr'>pontiﬁce</span> <span class='ocrx_word' id='word_1_277' title='bbox 1727 3636 1917 3691; x_wconf 82' lang='lat' dir='ltr'>fuerat</span> <span class='ocrx_word' id='word_1_278' title='bbox 1944 3654 2081 3692; x_wconf 91' lang='lat' dir='ltr'>con-</span> 
     </span>
    </p>
   </div>
   <div class='ocr_carea' id='block_1_42' title="bbox 470 3723 2079 3791">
    <p class='ocr_par' dir='ltr' id='par_1_42' title="bbox 470 3723 2079 3791">
     <span class='ocr_line' id='line_1_42' title="bbox 470 3723 2079 3791; baseline 0.001 -13"><span class='ocrx_word' id='word_1_279' title='bbox 470 3738 710 3791; x_wconf 84' lang='lat' dir='ltr'>cessum,</span> <span class='ocrx_word' id='word_1_280' title='bbox 750 3723 809 3779; x_wconf 94' lang='lat' dir='ltr'>S.</span> <span class='ocrx_word' id='word_1_281' title='bbox 834 3724 1119 3779; x_wconf 88' lang='lat' dir='ltr'>Brunonis</span> <span class='ocrx_word' id='word_1_282' title='bbox 1146 3724 1356 3779; x_wconf 87' lang='lat' dir='ltr'>festum</span> <span class='ocrx_word' id='word_1_283' title='bbox 1387 3727 1544 3778; x_wconf 84' lang='lat' dir='ltr'>sexta</span> <span class='ocrx_word' id='word_1_284' title='bbox 1574 3724 1839 3779; x_wconf 87' lang='lat' dir='ltr'>Octobris</span> <span class='ocrx_word' id='word_1_285' title='bbox 1866 3725 1959 3779; x_wconf 93' lang='lat' dir='ltr'>die</span> <span class='ocrx_word' id='word_1_286' title='bbox 1991 3742 2079 3781; x_wconf 92' lang='lat' dir='ltr'>so-</span> 
     </span>
    </p>
   </div>
   <div class='ocr_carea' id='block_1_43' title="bbox 489 3812 2079 3879">
    <p class='ocr_par' dir='ltr' id='par_1_43' title="bbox 489 3812 2079 3879">
     <span class='ocr_line' id='line_1_43' title="bbox 489 3812 2079 3879; baseline 0 -12"><span class='ocrx_word' id='word_1_287' title='bbox 489 3812 646 3867; x_wconf 89' lang='lat' dir='ltr'>emni</span> <span class='ocrx_word' id='word_1_288' title='bbox 676 3812 791 3867; x_wconf 89' lang='lat' dir='ltr'>ritu</span> <span class='ocrx_word' id='word_1_289' title='bbox 821 3812 1162 3879; x_wconf 89' lang='lat' dir='ltr'>celebretur,</span> <span class='ocrx_word' id='word_1_290' title='bbox 1202 3812 1459 3867; x_wconf 88' lang='lat' dir='ltr'>ofﬁcium</span> <span class='ocrx_word' id='word_1_291' title='bbox 1514 3812 1862 3866; x_wconf 90' lang='lat' dir='ltr'>conveniens</span> <span class='ocrx_word' id='word_1_292' title='bbox 1901 3813 1971 3867; x_wconf 93' lang='lat' dir='ltr'>de</span> <span class='ocrx_word' id='word_1_293' title='bbox 2012 3830 2079 3867; x_wconf 91' lang='lat' dir='ltr'>eo</span> 
     </span>
    </p>
   </div>
   <div class='ocr_carea' id='block_1_44' title="bbox 470 3900 2078 3972">
    <p class='ocr_par' dir='ltr' id='par_1_44' title="bbox 470 3900 2078 3972">
     <span class='ocr_line' id='line_1_44' title="bbox 470 3900 2078 3972; baseline 0.001 -17"><span class='ocrx_word' id='word_1_294' title='bbox 470 3904 693 3972; x_wconf 79' lang='lat' dir='ltr'>agatur,</span> <span class='ocrx_word' id='word_1_295' title='bbox 726 3901 1178 3972; x_wconf 89' lang='lat' dir='ltr'>quotidianaque</span> <span class='ocrx_word' id='word_1_296' title='bbox 1206 3900 1266 3954; x_wconf 90' lang='lat' dir='ltr'>in</span> <span class='ocrx_word' id='word_1_297' title='bbox 1298 3900 1487 3954; x_wconf 87' lang='lat' dir='ltr'>ofﬁcio</span> <span class='ocrx_word' id='word_1_298' title='bbox 1514 3901 1892 3955; x_wconf 88' lang='lat' dir='ltr'>ecclesiastico</span> <span class='ocrx_word' id='word_1_299' title='bbox 1921 3918 2078 3956; x_wconf 90' lang='lat' dir='ltr'>com-</span> 
     </span>
    </p>
   </div>
   <div class='ocr_carea' id='block_1_45' title="bbox 468 3986 2081 4057">
    <p class='ocr_par' dir='ltr' id='par_1_45' title="bbox 468 3986 2081 4057">
     <span class='ocr_line' id='line_1_45' title="bbox 468 3986 2081 4057; baseline 0.002 -16"><span class='ocrx_word' id='word_1_300' title='bbox 468 3987 819 4042; x_wconf 88' lang='lat' dir='ltr'>memoratio</span> <span class='ocrx_word' id='word_1_301' title='bbox 851 3987 1203 4053; x_wconf 87' lang='lat' dir='ltr'>instituatur,</span> <span class='ocrx_word' id='word_1_302' title='bbox 1233 3987 1291 4040; x_wconf 89' lang='lat' dir='ltr'>in</span> <span class='ocrx_word' id='word_1_303' title='bbox 1329 3986 1508 4057; x_wconf 91' lang='lat' dir='ltr'>priori</span> <span class='ocrx_word' id='word_1_304' title='bbox 1537 4004 1568 4042; x_wconf 92' lang='lat' dir='ltr'>e</span> <span class='ocrx_word' id='word_1_305' title='bbox 1602 3988 1823 4042; x_wconf 88' lang='lat' dir='ltr'>duobus</span> <span class='ocrx_word' id='word_1_306' title='bbox 1854 3989 1964 4043; x_wconf 89' lang='lat' dir='ltr'>illis</span> <span class='ocrx_word' id='word_1_307' title='bbox 1992 4006 2081 4044; x_wconf 89' lang='lat' dir='ltr'>ca-</span> 
     </span>
    </p>
   </div>
   <div class='ocr_carea' id='block_1_46' title="bbox 466 4074 2081 4147">
    <p class='ocr_par' dir='ltr' id='par_1_46' title="bbox 466 4074 2081 4147">
     <span class='ocr_line' id='line_1_46' title="bbox 466 4074 2081 4147; baseline 0.002 -19"><span class='ocrx_word' id='word_1_308' title='bbox 466 4074 661 4146; x_wconf 90' lang='lat' dir='ltr'>pitulis</span> <span class='ocrx_word' id='word_1_309' title='bbox 691 4074 1057 4145; x_wconf 90' lang='lat' dir='ltr'>generalibus</span> <span class='ocrx_word' id='word_1_310' title='bbox 1087 4074 1521 4141; x_wconf 85' lang='lat' dir='ltr'>ordinaverunt,</span> <span class='ocrx_word' id='word_1_311' title='bbox 1555 4076 1819 4147; x_wconf 87' lang='lat' dir='ltr'>hancque</span> <span class='ocrx_word' id='word_1_312' title='bbox 1854 4077 2081 4132; x_wconf 90' lang='lat' dir='ltr'>ordina-</span> 
     </span>
    </p>
   </div>
   <div class='ocr_carea' id='block_1_47' title="bbox 466 4161 2078 4234">
    <p class='ocr_par' dir='ltr' id='par_1_47' title="bbox 466 4161 2078 4234">
     <span class='ocr_line' id='line_1_47' title="bbox 466 4161 2078 4234; baseline 0.001 -17"><span class='ocrx_word' id='word_1_313' title='bbox 466 4161 688 4217; x_wconf 90' lang='lat' dir='ltr'>tionem</span> <span class='ocrx_word' id='word_1_314' title='bbox 717 4178 869 4217; x_wconf 85' lang='lat' dir='ltr'>nova</span> <span class='ocrx_word' id='word_1_315' title='bbox 892 4162 1125 4217; x_wconf 89' lang='lat' dir='ltr'>condita</span> <span class='ocrx_word' id='word_1_316' title='bbox 1153 4161 1214 4217; x_wconf 92' lang='lat' dir='ltr'>in</span> <span class='ocrx_word' id='word_1_317' title='bbox 1245 4162 1547 4234; x_wconf 90' lang='lat' dir='ltr'>posteriori</span> <span class='ocrx_word' id='word_1_318' title='bbox 1578 4163 1827 4233; x_wconf 88' lang='lat' dir='ltr'>capitulo</span> <span class='ocrx_word' id='word_1_319' title='bbox 1842 4165 2078 4219; x_wconf 90' lang='lat' dir='ltr'>ordina-</span> 
     </span>
    </p>
   </div>
   <div class='ocr_carea' id='block_1_48' title="bbox 2195 462 3825 533">
    <p class='ocr_par' dir='ltr' id='par_1_48' title="bbox 2195 462 3825 533">
     <span class='ocr_line' id='line_1_48' title="bbox 2195 462 3825 533; baseline 0.001 -16"><span class='ocrx_word' id='word_1_320' title='bbox 2195 463 2620 529; x_wconf 81' lang='lat' dir='ltr'>auctoritatem,</span> <span class='ocrx_word' id='word_1_321' title='bbox 2657 466 2718 516; x_wconf 92' lang='lat' dir='ltr'>ut</span> <span class='ocrx_word' id='word_1_322' title='bbox 2759 462 2818 517; x_wconf 91' lang='lat' dir='ltr'>in</span> <span class='ocrx_word' id='word_1_323' title='bbox 2859 462 3099 533; x_wconf 87' lang='lat' dir='ltr'>singulis</span> <span class='ocrx_word' id='word_1_324' title='bbox 3145 462 3412 516; x_wconf 89' lang='lat' dir='ltr'>domibus</span> <span class='ocrx_word' id='word_1_325' title='bbox 3452 463 3585 517; x_wconf 90' lang='lat' dir='ltr'>dicti</span> <span class='ocrx_word' id='word_1_326' title='bbox 3627 464 3825 519; x_wconf 88' lang='lat' dir='ltr'>nostri</span> 
     </span>
    </p>
   </div>
   <div class='ocr_carea' id='block_1_49' title="bbox 2195 550 3828 622">
    <p class='ocr_par' dir='ltr' id='par_1_49' title="bbox 2195 550 3828 622">
     <span class='ocr_line' id='line_1_49' title="bbox 2195 550 3828 622; baseline 0.001 -17"><span class='ocrx_word' id='word_1_327' title='bbox 2195 550 2433 616; x_wconf 90' lang='lat' dir='ltr'>ordinis,</span> <span class='ocrx_word' id='word_1_328' title='bbox 2466 555 2522 605; x_wconf 91' lang='lat' dir='ltr'>et</span> <span class='ocrx_word' id='word_1_329' title='bbox 2552 568 2752 605; x_wconf 90' lang='lat' dir='ltr'>earum</span> <span class='ocrx_word' id='word_1_330' title='bbox 2805 551 3056 605; x_wconf 88' lang='lat' dir='ltr'>ecclesiis</span> <span class='ocrx_word' id='word_1_331' title='bbox 3094 567 3193 604; x_wconf 87' lang='lat' dir='ltr'>seu</span> <span class='ocrx_word' id='word_1_332' title='bbox 3243 551 3476 621; x_wconf 89' lang='lat' dir='ltr'>capellis</span> <span class='ocrx_word' id='word_1_333' title='bbox 3527 553 3828 622; x_wconf 86' lang='lat' dir='ltr'>possimus</span> 
     </span>
    </p>
   </div>
   <div class='ocr_carea' id='block_1_50' title="bbox 2192 638 3828 695">
    <p class='ocr_par' dir='ltr' id='par_1_50' title="bbox 2192 638 3828 695">
     <span class='ocr_line' id='line_1_50' title="bbox 2192 638 3828 695; baseline 0.003 -4"><span class='ocrx_word' id='word_1_334' title='bbox 2192 639 2401 694; x_wconf 90' lang='lat' dir='ltr'>festum</span> <span class='ocrx_word' id='word_1_335' title='bbox 2438 639 2593 693; x_wconf 86' lang='lat' dir='ltr'>beati</span> <span class='ocrx_word' id='word_1_336' title='bbox 2625 639 2910 694; x_wconf 88' lang='lat' dir='ltr'>Brunonis</span> <span class='ocrx_word' id='word_1_337' title='bbox 2943 638 3125 693; x_wconf 86' lang='lat' dir='ltr'>Patris</span> <span class='ocrx_word' id='word_1_338' title='bbox 3160 638 3337 694; x_wconf 82' lang='lat' dir='ltr'>nostri</span> <span class='ocrx_word' id='word_1_339' title='bbox 3361 639 3699 695; x_wconf 89' lang='lat' dir='ltr'>solemniter</span> <span class='ocrx_word' id='word_1_340' title='bbox 3721 657 3828 695; x_wconf 84' lang='lat' dir='ltr'>co-</span> 
     </span>
    </p>
   </div>
   <div class='ocr_carea' id='block_1_51' title="bbox 2193 727 3825 800">
    <p class='ocr_par' dir='ltr' id='par_1_51' title="bbox 2193 727 3825 800">
     <span class='ocr_line' id='line_1_51' title="bbox 2193 727 3825 800; baseline 0.002 -21"><span class='ocrx_word' id='word_1_341' title='bbox 2193 728 2333 793; x_wconf 88' lang='lat' dir='ltr'>lere,</span> <span class='ocrx_word' id='word_1_342' title='bbox 2359 730 2417 780; x_wconf 92' lang='lat' dir='ltr'>et</span> <span class='ocrx_word' id='word_1_343' title='bbox 2439 727 2633 782; x_wconf 78' lang='lat' dir='ltr'>debita</span> <span class='ocrx_word' id='word_1_344' title='bbox 2661 727 2967 782; x_wconf 83' lang='lat' dir='ltr'>devotione</span> <span class='ocrx_word' id='word_1_345' title='bbox 2996 728 3309 794; x_wconf 90' lang='lat' dir='ltr'>celebrare,</span> <span class='ocrx_word' id='word_1_346' title='bbox 3344 728 3580 800; x_wconf 90' lang='lat' dir='ltr'>ejusque</span> <span class='ocrx_word' id='word_1_347' title='bbox 3601 745 3825 800; x_wconf 88' lang='lat' dir='ltr'>corpus</span> 
     </span>
    </p>
   </div>
   <div class='ocr_carea' id='block_1_52' title="bbox 2192 815 3824 888">
    <p class='ocr_par' dir='ltr' id='par_1_52' title="bbox 2192 815 3824 888">
     <span class='ocr_line' id='line_1_52' title="bbox 2192 815 3824 888; baseline 0.001 -19"><span class='ocrx_word' id='word_1_348' title='bbox 2192 819 2250 869; x_wconf 92' lang='lat' dir='ltr'>et</span> <span class='ocrx_word' id='word_1_349' title='bbox 2281 816 2627 870; x_wconf 89' lang='lat' dir='ltr'>memoriam</span> <span class='ocrx_word' id='word_1_350' title='bbox 2652 816 2841 887; x_wconf 89' lang='lat' dir='ltr'>dignis</span> <span class='ocrx_word' id='word_1_351' title='bbox 2872 816 2930 870; x_wconf 91' lang='lat' dir='ltr'>in</span> <span class='ocrx_word' id='word_1_352' title='bbox 2966 815 3210 871; x_wconf 90' lang='lat' dir='ltr'>Domino</span> <span class='ocrx_word' id='word_1_353' title='bbox 3246 815 3509 870; x_wconf 89' lang='lat' dir='ltr'>laudibus</span> <span class='ocrx_word' id='word_1_354' title='bbox 3540 817 3824 888; x_wconf 86' lang='lat' dir='ltr'>prosequi</span> 
     </span>
    </p>
   </div>
   <div class='ocr_carea' id='block_1_53' title="bbox 2192 904 3824 975">
    <p class='ocr_par' dir='ltr' id='par_1_53' title="bbox 2192 904 3824 975">
     <span class='ocr_line' id='line_1_53' title="bbox 2192 904 3824 975; baseline 0.001 -18"><span class='ocrx_word' id='word_1_355' title='bbox 2192 907 2251 957; x_wconf 91' lang='lat' dir='ltr'>et</span> <span class='ocrx_word' id='word_1_356' title='bbox 2281 904 2543 959; x_wconf 91' lang='lat' dir='ltr'>venerari</span> <span class='ocrx_word' id='word_1_357' title='bbox 2576 908 2633 958; x_wconf 90' lang='lat' dir='ltr'>et</span> <span class='ocrx_word' id='word_1_358' title='bbox 2664 904 2923 958; x_wconf 90' lang='lat' dir='ltr'>ofﬁcium</span> <span class='ocrx_word' id='word_1_359' title='bbox 2954 904 3302 959; x_wconf 89' lang='lat' dir='ltr'>conveniens</span> <span class='ocrx_word' id='word_1_360' title='bbox 3333 904 3391 959; x_wconf 91' lang='lat' dir='ltr'>in</span> <span class='ocrx_word' id='word_1_361' title='bbox 3412 904 3699 959; x_wconf 89' lang='lat' dir='ltr'>honorem</span> <span class='ocrx_word' id='word_1_362' title='bbox 3725 905 3824 975; x_wconf 84' lang='lat' dir='ltr'>ip-</span> 
     </span>
    </p>
   </div>
   <div class='ocr_carea' id='block_1_54' title="bbox 2191 992 3819 1063">
    <p class='ocr_par' dir='ltr' id='par_1_54' title="bbox 2191 992 3819 1063">
     <span class='ocr_line' id='line_1_54' title="bbox 2191 992 3819 1063; baseline 0.002 -18"><span class='ocrx_word' id='word_1_363' title='bbox 2191 992 2307 1046; x_wconf 92' lang='lat' dir='ltr'>sius</span> <span class='ocrx_word' id='word_1_364' title='bbox 2340 1009 2512 1063; x_wconf 88' lang='lat' dir='ltr'>agere</span> <span class='ocrx_word' id='word_1_365' title='bbox 2547 996 2605 1047; x_wconf 88' lang='lat' dir='ltr'>et</span> <span class='ocrx_word' id='word_1_366' title='bbox 2636 992 2967 1058; x_wconf 87' lang='lat' dir='ltr'>decantare,</span> <span class='ocrx_word' id='word_1_367' title='bbox 3001 1010 3107 1047; x_wconf 90' lang='lat' dir='ltr'>nec</span> <span class='ocrx_word' id='word_1_368' title='bbox 3141 1009 3258 1047; x_wconf 89' lang='lat' dir='ltr'>non</span> <span class='ocrx_word' id='word_1_369' title='bbox 3295 994 3819 1050; x_wconf 90' lang='lat' dir='ltr'>commemoratio-</span> 
     </span>
    </p>
   </div>
   <div class='ocr_carea' id='block_1_55' title="bbox 2190 1081 3822 1152">
    <p class='ocr_par' dir='ltr' id='par_1_55' title="bbox 2190 1081 3822 1152">
     <span class='ocr_line' id='line_1_55' title="bbox 2190 1081 3822 1152; baseline 0.002 -19"><span class='ocrx_word' id='word_1_370' title='bbox 2190 1097 2329 1134; x_wconf 89' lang='lat' dir='ltr'>nem</span> <span class='ocrx_word' id='word_1_371' title='bbox 2362 1081 2605 1151; x_wconf 90' lang='lat' dir='ltr'>singulis</span> <span class='ocrx_word' id='word_1_372' title='bbox 2632 1081 2835 1135; x_wconf 89' lang='lat' dir='ltr'>diebus</span> <span class='ocrx_word' id='word_1_373' title='bbox 2874 1081 2945 1135; x_wconf 89' lang='lat' dir='ltr'>de</span> <span class='ocrx_word' id='word_1_374' title='bbox 2994 1098 3063 1136; x_wconf 91' lang='lat' dir='ltr'>eo</span> <span class='ocrx_word' id='word_1_375' title='bbox 3094 1081 3306 1147; x_wconf 89' lang='lat' dir='ltr'>facere,</span> <span class='ocrx_word' id='word_1_376' title='bbox 3339 1084 3396 1135; x_wconf 92' lang='lat' dir='ltr'>et</span> <span class='ocrx_word' id='word_1_377' title='bbox 3440 1081 3601 1149; x_wconf 84' lang='lat' dir='ltr'>alias,</span> <span class='ocrx_word' id='word_1_378' title='bbox 3632 1087 3822 1152; x_wconf 89' lang='lat' dir='ltr'>prout</span> 
     </span>
    </p>
   </div>
   <div class='ocr_carea' id='block_1_56' title="bbox 2190 1168 3821 1239">
    <p class='ocr_par' dir='ltr' id='par_1_56' title="bbox 2190 1168 3821 1239">
     <span class='ocr_line' id='line_1_56' title="bbox 2190 1168 3821 1239; baseline 0.002 -18"><span class='ocrx_word' id='word_1_379' title='bbox 2190 1168 2250 1222; x_wconf 89' lang='lat' dir='ltr'>in</span> <span class='ocrx_word' id='word_1_380' title='bbox 2290 1168 2537 1239; x_wconf 90' lang='lat' dir='ltr'>desuper</span> <span class='ocrx_word' id='word_1_381' title='bbox 2562 1169 2838 1224; x_wconf 87' lang='lat' dir='ltr'>confectis</span> <span class='ocrx_word' id='word_1_382' title='bbox 2891 1169 3096 1223; x_wconf 82' lang='lat' dir='ltr'>litteris</span> <span class='ocrx_word' id='word_1_383' title='bbox 3146 1169 3445 1239; x_wconf 92' lang='lat' dir='ltr'>(nimirum</span> <span class='ocrx_word' id='word_1_384' title='bbox 3497 1170 3821 1225; x_wconf 85' lang='lat' dir='ltr'>cardinalis</span> 
     </span>
    </p>
   </div>
   <div class='ocr_carea' id='block_1_57' title="bbox 2189 1256 3813 1329">
    <p class='ocr_par' dir='ltr' id='par_1_57' title="bbox 2189 1256 3813 1329">
     <span class='ocr_line' id='line_1_57' title="bbox 2189 1256 3813 1329; baseline 0.003 -20"><span class='ocrx_word' id='word_1_385' title='bbox 2189 1256 2505 1327; x_wconf 89' lang='lat' dir='ltr'>Papiensis,</span> <span class='ocrx_word' id='word_1_386' title='bbox 2532 1261 2716 1329; x_wconf 86' lang='lat' dir='ltr'>quas§</span> <span class='ocrx_word' id='word_1_387' title='bbox 2744 1258 2990 1329; x_wconf 68' lang='lat' dir='ltr'>prmced.</span> <span class='ocrx_word' id='word_1_388' title='bbox 3025 1258 3177 1327; x_wconf 88' lang='lat' dir='ltr'>dedi)</span> <span class='ocrx_word' id='word_1_389' title='bbox 3201 1258 3425 1329; x_wconf 91' lang='lat' dir='ltr'>plenius</span> <span class='ocrx_word' id='word_1_390' title='bbox 3451 1258 3813 1315; x_wconf 88' lang='lat' dir='ltr'>continetur.</span> 
     </span>
    </p>
   </div>
   <div class='ocr_carea' id='block_1_58' title="bbox 2258 1345 3815 1419">
    <p class='ocr_par' dir='ltr' id='par_1_58' title="bbox 2258 1345 3815 1419">
     <span class='ocr_line' id='line_1_58' title="bbox 2258 1345 3815 1419; baseline -0.002 -13"><span class='ocrx_word' id='word_1_391' title='bbox 2258 1350 2385 1406; x_wconf 89' lang='lat'>767.</span> <span class='ocrx_word' id='word_1_392' title='bbox 2422 1370 2450 1398; x_wconf 85' lang='lat'><strong><em>«</em></strong></span> <span class='ocrx_word' id='word_1_393' title='bbox 2485 1349 2797 1417; x_wconf 89' lang='lat' dir='ltr'>Propterea</span> <span class='ocrx_word' id='word_1_394' title='bbox 2828 1363 2901 1399; x_wconf 90' lang='lat' dir='ltr'>ne</span> <span class='ocrx_word' id='word_1_395' title='bbox 2931 1349 3155 1400; x_wconf 84' lang='lat' dir='ltr'>tantam</span> <span class='ocrx_word' id='word_1_396' title='bbox 3206 1345 3454 1418; x_wconf 85' lang='lat' dir='ltr'>gratiam</span> <span class='ocrx_word' id='word_1_397' title='bbox 3486 1348 3815 1419; x_wconf 81' lang='lat' dir='ltr'>neglexisse</span> 
     </span>
    </p>
   </div>
   <div class='ocr_carea' id='block_1_59' title="bbox 2183 1434 3815 1504">
    <p class='ocr_par' dir='ltr' id='par_1_59' title="bbox 2183 1434 3815 1504">
     <span class='ocr_line' id='line_1_59' title="bbox 2183 1434 3815 1504; baseline 0 -14"><span class='ocrx_word' id='word_1_398' title='bbox 2183 1439 2502 1502; x_wconf 85' lang='lat' dir='ltr'>videamur,</span> <span class='ocrx_word' id='word_1_399' title='bbox 2536 1435 2610 1489; x_wconf 86' lang='lat' dir='ltr'>ad</span> <span class='ocrx_word' id='word_1_400' title='bbox 2641 1434 2743 1490; x_wconf 85' lang='lat' dir='ltr'>Dei</span> <span class='ocrx_word' id='word_1_401' title='bbox 2776 1438 2834 1488; x_wconf 91' lang='lat' dir='ltr'>et</span> <span class='ocrx_word' id='word_1_402' title='bbox 2862 1434 3120 1504; x_wconf 87' lang='lat' dir='ltr'>ejusdem</span> <span class='ocrx_word' id='word_1_403' title='bbox 3153 1435 3334 1489; x_wconf 87' lang='lat' dir='ltr'>Patris</span> <span class='ocrx_word' id='word_1_404' title='bbox 3361 1436 3542 1489; x_wconf 86' lang='lat' dir='ltr'>nostri</span> <span class='ocrx_word' id='word_1_405' title='bbox 3569 1436 3815 1490; x_wconf 87' lang='lat' dir='ltr'>laudem</span> 
     </span>
    </p>
   </div>
   <div class='ocr_carea' id='block_1_60' title="bbox 2187 1523 3816 1591">
    <p class='ocr_par' dir='ltr' id='par_1_60' title="bbox 2187 1523 3816 1591">
     <span class='ocr_line' id='line_1_60' title="bbox 2187 1523 3816 1591; baseline -0.001 -10"><span class='ocrx_word' id='word_1_406' title='bbox 2187 1531 2245 1581; x_wconf 89' lang='lat' dir='ltr'>et</span> <span class='ocrx_word' id='word_1_407' title='bbox 2295 1527 2606 1591; x_wconf 89' lang='lat' dir='ltr'>honorem,</span> <span class='ocrx_word' id='word_1_408' title='bbox 2661 1523 2890 1578; x_wconf 87' lang='lat' dir='ltr'>Ordinis</span> <span class='ocrx_word' id='word_1_409' title='bbox 2937 1523 3383 1591; x_wconf 87' lang='lat' dir='ltr'>incrementum,</span> <span class='ocrx_word' id='word_1_410' title='bbox 3433 1528 3491 1578; x_wconf 90' lang='lat' dir='ltr'>et</span> <span class='ocrx_word' id='word_1_411' title='bbox 3541 1529 3816 1580; x_wconf 89' lang='lat' dir='ltr'>nostram</span> 
     </span>
    </p>
   </div>
   <div class='ocr_carea' id='block_1_61' title="bbox 2188 1612 3817 1683">
    <p class='ocr_par' dir='ltr' id='par_1_61' title="bbox 2188 1612 3817 1683">
     <span class='ocr_line' id='line_1_61' title="bbox 2188 1612 3817 1683; baseline 0 -15"><span class='ocrx_word' id='word_1_412' title='bbox 2188 1616 2633 1683; x_wconf 87' lang='lat' dir='ltr'>nostrorumque</span> <span class='ocrx_word' id='word_1_413' title='bbox 2658 1612 2919 1667; x_wconf 90' lang='lat' dir='ltr'>omnium</span> <span class='ocrx_word' id='word_1_414' title='bbox 2944 1612 3208 1679; x_wconf 87' lang='lat' dir='ltr'>salutem,</span> <span class='ocrx_word' id='word_1_415' title='bbox 3238 1613 3715 1681; x_wconf 88' lang='lat' dir='ltr'>consolationem,</span> <span class='ocrx_word' id='word_1_416' title='bbox 3748 1617 3817 1668; x_wconf 91' lang='lat' dir='ltr'>et</span> 
     </span>
    </p>
   </div>
   <div class='ocr_carea' id='block_1_62' title="bbox 2116 1696 3816 1773">
    <p class='ocr_par' dir='ltr' id='par_1_62' title="bbox 2116 1696 3816 1773">
     <span class='ocr_line' id='line_1_62' title="bbox 2116 1696 3816 1773; baseline 0 -18"><span class='ocrx_word' id='word_1_417' title='bbox 2116 1696 2167 1754; x_wconf 90' lang='lat' dir='ltr'>B</span> <span class='ocrx_word' id='word_1_418' title='bbox 2185 1718 2412 1773; x_wconf 90' lang='lat' dir='ltr'>pacem,</span> <span class='ocrx_word' id='word_1_419' title='bbox 2438 1700 2725 1755; x_wconf 88' lang='lat' dir='ltr'>dictarum</span> <span class='ocrx_word' id='word_1_420' title='bbox 2741 1699 3065 1753; x_wconf 89' lang='lat' dir='ltr'>litterarum</span> <span class='ocrx_word' id='word_1_421' title='bbox 3087 1702 3347 1753; x_wconf 90' lang='lat' dir='ltr'>mentem</span> <span class='ocrx_word' id='word_1_422' title='bbox 3365 1702 3421 1753; x_wconf 88' lang='lat' dir='ltr'>et</span> <span class='ocrx_word' id='word_1_423' title='bbox 3441 1702 3705 1755; x_wconf 91' lang='lat' dir='ltr'>tenorem</span> <span class='ocrx_word' id='word_1_424' title='bbox 3719 1700 3816 1755; x_wconf 90' lang='lat' dir='ltr'>in-</span> 
     </span>
    </p>
   </div>
   <div class='ocr_carea' id='block_1_63' title="bbox 2187 1786 3811 1860">
    <p class='ocr_par' dir='ltr' id='par_1_63' title="bbox 2187 1786 3811 1860">
     <span class='ocr_line' id='line_1_63' title="bbox 2187 1786 3811 1860; baseline 0 -16"><span class='ocrx_word' id='word_1_425' title='bbox 2187 1792 2514 1860; x_wconf 87' lang='lat' dir='ltr'>sequentes,</span> <span class='ocrx_word' id='word_1_426' title='bbox 2541 1788 2803 1841; x_wconf 91' lang='lat' dir='ltr'>volumus</span> <span class='ocrx_word' id='word_1_427' title='bbox 2829 1791 2887 1840; x_wconf 87' lang='lat' dir='ltr'>et</span> <span class='ocrx_word' id='word_1_428' title='bbox 2920 1786 3277 1852; x_wconf 89' lang='lat' dir='ltr'>ordinamus,</span> <span class='ocrx_word' id='word_1_429' title='bbox 3306 1786 3463 1858; x_wconf 89' lang='lat' dir='ltr'>quod</span> <span class='ocrx_word' id='word_1_430' title='bbox 3494 1788 3565 1842; x_wconf 91' lang='lat' dir='ltr'>de</span> <span class='ocrx_word' id='word_1_431' title='bbox 3592 1793 3811 1844; x_wconf 75' lang='lat' dir='ltr'>ceetero</span> 
     </span>
    </p>
   </div>
   <div class='ocr_carea' id='block_1_64' title="bbox 2190 1874 3815 1947">
    <p class='ocr_par' dir='ltr' id='par_1_64' title="bbox 2190 1874 3815 1947">
     <span class='ocr_line' id='line_1_64' title="bbox 2190 1874 3815 1947; baseline 0.001 -17"><span class='ocrx_word' id='word_1_432' title='bbox 2190 1877 2356 1930; x_wconf 89' lang='lat' dir='ltr'>annis</span> <span class='ocrx_word' id='word_1_433' title='bbox 2372 1876 2612 1947; x_wconf 88' lang='lat' dir='ltr'>singulis</span> <span class='ocrx_word' id='word_1_434' title='bbox 2628 1874 2917 1946; x_wconf 88' lang='lat' dir='ltr'>perpetuis</span> <span class='ocrx_word' id='word_1_435' title='bbox 2934 1874 3139 1928; x_wconf 86' lang='lat' dir='ltr'>futuris</span> <span class='ocrx_word' id='word_1_436' title='bbox 3154 1875 3514 1945; x_wconf 89' lang='lat' dir='ltr'>temporibus</span> <span class='ocrx_word' id='word_1_437' title='bbox 3525 1876 3617 1931; x_wconf 91' lang='lat' dir='ltr'>die</span> <span class='ocrx_word' id='word_1_438' title='bbox 3643 1882 3815 1933; x_wconf 82' lang='lat' dir='ltr'>sexta</span> 
     </span>
    </p>
   </div>
   <div class='ocr_carea' id='block_1_65' title="bbox 2188 1963 3813 2034">
    <p class='ocr_par' dir='ltr' id='par_1_65' title="bbox 2188 1963 3813 2034">
     <span class='ocr_line' id='line_1_65' title="bbox 2188 1963 3813 2034; baseline 0.001 -15"><span class='ocrx_word' id='word_1_439' title='bbox 2188 1964 2403 2019; x_wconf 88' lang='lat' dir='ltr'>mensis</span> <span class='ocrx_word' id='word_1_440' title='bbox 2434 1963 2715 2029; x_wconf 89' lang='lat' dir='ltr'>Octobris,</span> <span class='ocrx_word' id='word_1_441' title='bbox 2743 1980 2857 2034; x_wconf 90' lang='lat' dir='ltr'>qua</span> <span class='ocrx_word' id='word_1_442' title='bbox 2883 1963 2973 2017; x_wconf 92' lang='lat' dir='ltr'>die</span> <span class='ocrx_word' id='word_1_443' title='bbox 3004 1963 3160 2017; x_wconf 90' lang='lat' dir='ltr'>idem</span> <span class='ocrx_word' id='word_1_444' title='bbox 3182 1964 3354 2017; x_wconf 88' lang='lat' dir='ltr'>Pater</span> <span class='ocrx_word' id='word_1_445' title='bbox 3381 1967 3597 2030; x_wconf 87' lang='lat' dir='ltr'>noster,</span> <span class='ocrx_word' id='word_1_446' title='bbox 3625 1981 3813 2020; x_wconf 88' lang='lat' dir='ltr'>carne</span> 
     </span>
    </p>
   </div>
   <div class='ocr_carea' id='block_1_66' title="bbox 2187 2051 3809 2118">
    <p class='ocr_par' dir='ltr' id='par_1_66' title="bbox 2187 2051 3809 2118">
     <span class='ocr_line' id='line_1_66' title="bbox 2187 2051 3809 2118; baseline 0.001 -13"><span class='ocrx_word' id='word_1_447' title='bbox 2187 2054 2424 2118; x_wconf 91' lang='lat' dir='ltr'>solutus,</span> <span class='ocrx_word' id='word_1_448' title='bbox 2456 2052 2628 2106; x_wconf 89' lang='lat' dir='ltr'>beata</span> <span class='ocrx_word' id='word_1_449' title='bbox 2657 2051 2766 2105; x_wconf 86' lang='lat' dir='ltr'>fuit</span> <span class='ocrx_word' id='word_1_450' title='bbox 2810 2051 3248 2106; x_wconf 84' lang='lat' dir='ltr'>immortalitate</span> <span class='ocrx_word' id='word_1_451' title='bbox 3294 2052 3547 2117; x_wconf 81' lang='lat' dir='ltr'>vestitus,</span> <span class='ocrx_word' id='word_1_452' title='bbox 3585 2053 3809 2107; x_wconf 90' lang='lat' dir='ltr'>festum</span> 
     </span>
    </p>
   </div>
   <div class='ocr_carea' id='block_1_67' title="bbox 2187 2138 3811 2210">
    <p class='ocr_par' dir='ltr' id='par_1_67' title="bbox 2187 2138 3811 2210">
     <span class='ocr_line' id='line_1_67' title="bbox 2187 2138 3811 2210; baseline 0.002 -17"><span class='ocrx_word' id='word_1_453' title='bbox 2187 2140 2527 2210; x_wconf 64' lang='lat' dir='ltr'>praedictum</span> <span class='ocrx_word' id='word_1_454' title='bbox 2557 2139 2615 2193; x_wconf 89' lang='lat' dir='ltr'>in</span> <span class='ocrx_word' id='word_1_455' title='bbox 2650 2138 2918 2193; x_wconf 90' lang='lat' dir='ltr'>omnibus</span> <span class='ocrx_word' id='word_1_456' title='bbox 2948 2142 3005 2193; x_wconf 90' lang='lat' dir='ltr'>et</span> <span class='ocrx_word' id='word_1_457' title='bbox 3033 2139 3275 2209; x_wconf 87' lang='lat' dir='ltr'>singulis</span> <span class='ocrx_word' id='word_1_458' title='bbox 3319 2138 3585 2194; x_wconf 90' lang='lat' dir='ltr'>domibus</span> <span class='ocrx_word' id='word_1_459' title='bbox 3624 2142 3811 2196; x_wconf 86' lang='lat' dir='ltr'>totius</span> 
     </span>
    </p>
   </div>
   <div class='ocr_carea' id='block_1_68' title="bbox 2190 2226 3812 2297">
    <p class='ocr_par' dir='ltr' id='par_1_68' title="bbox 2190 2226 3812 2297">
     <span class='ocr_line' id='line_1_68' title="bbox 2190 2226 3812 2297; baseline 0.002 -16"><span class='ocrx_word' id='word_1_460' title='bbox 2190 2227 2420 2281; x_wconf 89' lang='lat' dir='ltr'>Ordinis</span> <span class='ocrx_word' id='word_1_461' title='bbox 2465 2227 2645 2282; x_wconf 89' lang='lat' dir='ltr'>nostri</span> <span class='ocrx_word' id='word_1_462' title='bbox 2678 2226 2937 2297; x_wconf 59' lang='lat' dir='ltr'>praedicti</span> <span class='ocrx_word' id='word_1_463' title='bbox 2967 2230 3024 2280; x_wconf 92' lang='lat' dir='ltr'>et</span> <span class='ocrx_word' id='word_1_464' title='bbox 3065 2243 3264 2281; x_wconf 89' lang='lat' dir='ltr'>earum</span> <span class='ocrx_word' id='word_1_465' title='bbox 3304 2227 3553 2282; x_wconf 91' lang='lat' dir='ltr'>ecclesiis</span> <span class='ocrx_word' id='word_1_466' title='bbox 3581 2245 3681 2283; x_wconf 87' lang='lat' dir='ltr'>seu</span> <span class='ocrx_word' id='word_1_467' title='bbox 3712 2246 3812 2283; x_wconf 83' lang='lat' dir='ltr'>ca-</span> 
     </span>
    </p>
   </div>
   <div class='ocr_carea' id='block_1_69' title="bbox 2189 2314 3812 2387">
    <p class='ocr_par' dir='ltr' id='par_1_69' title="bbox 2189 2314 3812 2387">
     <span class='ocr_line' id='line_1_69' title="bbox 2189 2314 3812 2387; baseline 0.001 -18"><span class='ocrx_word' id='word_1_468' title='bbox 2189 2315 2355 2386; x_wconf 90' lang='lat' dir='ltr'>pellis</span> <span class='ocrx_word' id='word_1_469' title='bbox 2385 2316 2447 2369; x_wconf 88' lang='lat' dir='ltr'>in</span> <span class='ocrx_word' id='word_1_470' title='bbox 2486 2316 2772 2369; x_wconf 87' lang='lat' dir='ltr'>honorem</span> <span class='ocrx_word' id='word_1_471' title='bbox 2803 2318 2860 2369; x_wconf 91' lang='lat' dir='ltr'>et</span> <span class='ocrx_word' id='word_1_472' title='bbox 2886 2315 2989 2369; x_wconf 90' lang='lat' dir='ltr'>sub</span> <span class='ocrx_word' id='word_1_473' title='bbox 3020 2314 3259 2369; x_wconf 88' lang='lat' dir='ltr'>nomine</span> <span class='ocrx_word' id='word_1_474' title='bbox 3280 2316 3338 2369; x_wconf 90' lang='lat' dir='ltr'>et</span> <span class='ocrx_word' id='word_1_475' title='bbox 3366 2316 3640 2370; x_wconf 87' lang='lat' dir='ltr'>vocabulo</span> <span class='ocrx_word' id='word_1_476' title='bbox 3656 2316 3812 2387; x_wconf 82' lang='lat' dir='ltr'>ejus-</span> 
     </span>
    </p>
   </div>
   <div class='ocr_carea' id='block_1_70' title="bbox 2191 2402 3806 2459">
    <p class='ocr_par' dir='ltr' id='par_1_70' title="bbox 2191 2402 3806 2459">
     <span class='ocr_line' id='line_1_70' title="bbox 2191 2402 3806 2459; baseline 0.002 -3"><span class='ocrx_word' id='word_1_477' title='bbox 2191 2402 2321 2456; x_wconf 91' lang='lat' dir='ltr'>dem</span> <span class='ocrx_word' id='word_1_478' title='bbox 2349 2402 2504 2457; x_wconf 87' lang='lat' dir='ltr'>beati</span> <span class='ocrx_word' id='word_1_479' title='bbox 2538 2402 2822 2456; x_wconf 91' lang='lat' dir='ltr'>Brunonis</span> <span class='ocrx_word' id='word_1_480' title='bbox 2862 2402 3201 2457; x_wconf 85' lang='lat' dir='ltr'>confessoris</span> <span class='ocrx_word' id='word_1_481' title='bbox 3249 2418 3380 2456; x_wconf 91' lang='lat' dir='ltr'>cum</span> <span class='ocrx_word' id='word_1_482' title='bbox 3422 2403 3675 2457; x_wconf 91' lang='lat' dir='ltr'>candelis</span> <span class='ocrx_word' id='word_1_483' title='bbox 3705 2420 3806 2459; x_wconf 87' lang='lat' dir='ltr'>so-</span> 
     </span>
    </p>
   </div>
   <div class='ocr_carea' id='block_1_71' title="bbox 2188 2490 3805 2563">
    <p class='ocr_par' dir='ltr' id='par_1_71' title="bbox 2188 2490 3805 2563">
     <span class='ocr_line' id='line_1_71' title="bbox 2188 2490 3805 2563; baseline 0.001 -18"><span class='ocrx_word' id='word_1_484' title='bbox 2188 2491 2461 2546; x_wconf 91' lang='lat' dir='ltr'>lemniter</span> <span class='ocrx_word' id='word_1_485' title='bbox 2487 2491 2826 2556; x_wconf 87' lang='lat' dir='ltr'>celebretur,</span> <span class='ocrx_word' id='word_1_486' title='bbox 2852 2491 2995 2545; x_wconf 89' lang='lat' dir='ltr'>etab</span> <span class='ocrx_word' id='word_1_487' title='bbox 3026 2490 3294 2544; x_wconf 91' lang='lat' dir='ltr'>omnibus</span> <span class='ocrx_word' id='word_1_488' title='bbox 3317 2490 3620 2561; x_wconf 89' lang='lat' dir='ltr'>etsingulis</span> <span class='ocrx_word' id='word_1_489' title='bbox 3640 2492 3805 2563; x_wconf 89' lang='lat' dir='ltr'>prio-</span> 
     </span>
    </p>
   </div>
   <div class='ocr_carea' id='block_1_72' title="bbox 2188 2577 3805 2651">
    <p class='ocr_par' dir='ltr' id='par_1_72' title="bbox 2188 2577 3805 2651">
     <span class='ocr_line' id='line_1_72' title="bbox 2188 2577 3805 2651; baseline 0 -19"><span class='ocrx_word' id='word_1_490' title='bbox 2188 2580 2367 2646; x_wconf 90' lang='lat' dir='ltr'>ribus,</span> <span class='ocrx_word' id='word_1_491' title='bbox 2414 2578 2737 2644; x_wconf 86' lang='lat' dir='ltr'>monachis,</span> <span class='ocrx_word' id='word_1_492' title='bbox 2785 2577 3092 2643; x_wconf 91' lang='lat' dir='ltr'>conversis,</span> <span class='ocrx_word' id='word_1_493' title='bbox 3128 2582 3185 2632; x_wconf 89' lang='lat' dir='ltr'>et</span> <span class='ocrx_word' id='word_1_494' title='bbox 3215 2578 3341 2633; x_wconf 89' lang='lat' dir='ltr'>aliis</span> <span class='ocrx_word' id='word_1_495' title='bbox 3369 2579 3629 2651; x_wconf 88' lang='lat' dir='ltr'>personis</span> <span class='ocrx_word' id='word_1_496' title='bbox 3660 2579 3805 2633; x_wconf 91' lang='lat' dir='ltr'>dicti</span> 
     </span>
    </p>
   </div>
   <div class='ocr_carea' id='block_1_73' title="bbox 2187 2665 3805 2740">
    <p class='ocr_par' dir='ltr' id='par_1_73' title="bbox 2187 2665 3805 2740">
     <span class='ocr_line' id='line_1_73' title="bbox 2187 2665 3805 2740; baseline 0.001 -19"><span class='ocrx_word' id='word_1_497' title='bbox 2187 2667 2367 2722; x_wconf 88' lang='lat' dir='ltr'>nostri</span> <span class='ocrx_word' id='word_1_498' title='bbox 2422 2666 2651 2721; x_wconf 90' lang='lat' dir='ltr'>Ordinis</span> <span class='ocrx_word' id='word_1_499' title='bbox 2704 2665 2901 2721; x_wconf 90' lang='lat' dir='ltr'>debita</span> <span class='ocrx_word' id='word_1_500' title='bbox 2943 2666 3248 2721; x_wconf 91' lang='lat' dir='ltr'>devotione</span> <span class='ocrx_word' id='word_1_501' title='bbox 3276 2667 3516 2734; x_wconf 91' lang='lat' dir='ltr'>colatur,</span> <span class='ocrx_word' id='word_1_502' title='bbox 3558 2667 3805 2740; x_wconf 86' lang='lat' dir='ltr'>ejusque</span> 
     </span>
    </p>
   </div>
   <div class='ocr_carea' id='block_1_74' title="bbox 2187 2754 3806 2828">
    <p class='ocr_par' dir='ltr' id='par_1_74' title="bbox 2187 2754 3806 2828">
     <span class='ocr_line' id='line_1_74' title="bbox 2187 2754 3806 2828; baseline 0.001 -18"><span class='ocrx_word' id='word_1_503' title='bbox 2187 2772 2393 2828; x_wconf 90' lang='lat' dir='ltr'>corpus</span> <span class='ocrx_word' id='word_1_504' title='bbox 2424 2758 2481 2809; x_wconf 89' lang='lat' dir='ltr'>et</span> <span class='ocrx_word' id='word_1_505' title='bbox 2506 2754 2793 2810; x_wconf 89' lang='lat' dir='ltr'>memoria</span> <span class='ocrx_word' id='word_1_506' title='bbox 2825 2754 3017 2826; x_wconf 85' lang='lat' dir='ltr'>dignis</span> <span class='ocrx_word' id='word_1_507' title='bbox 3046 2754 3104 2808; x_wconf 91' lang='lat' dir='ltr'>in</span> <span class='ocrx_word' id='word_1_508' title='bbox 3138 2755 3383 2811; x_wconf 90' lang='lat' dir='ltr'>Domino</span> <span class='ocrx_word' id='word_1_509' title='bbox 3414 2756 3678 2811; x_wconf 87' lang='lat' dir='ltr'>laudibus</span> <span class='ocrx_word' id='word_1_510' title='bbox 3708 2774 3806 2811; x_wconf 86' lang='lat' dir='ltr'>ve-</span> 
     </span>
    </p>
   </div>
   <div class='ocr_carea' id='block_1_75' title="bbox 2188 2842 3804 2913">
    <p class='ocr_par' dir='ltr' id='par_1_75' title="bbox 2188 2842 3804 2913">
     <span class='ocr_line' id='line_1_75' title="bbox 2188 2842 3804 2913; baseline 0.001 -15"><span class='ocrx_word' id='word_1_511' title='bbox 2188 2846 2443 2909; x_wconf 91' lang='lat' dir='ltr'>neretur,</span> <span class='ocrx_word' id='word_1_512' title='bbox 2474 2842 2687 2913; x_wconf 88' lang='lat' dir='ltr'>ﬁatque</span> <span class='ocrx_word' id='word_1_513' title='bbox 2720 2845 2777 2896; x_wconf 91' lang='lat' dir='ltr'>et</span> <span class='ocrx_word' id='word_1_514' title='bbox 2804 2842 3142 2896; x_wconf 87' lang='lat' dir='ltr'>decantetur</span> <span class='ocrx_word' id='word_1_515' title='bbox 3171 2842 3241 2896; x_wconf 92' lang='lat' dir='ltr'>de</span> <span class='ocrx_word' id='word_1_516' title='bbox 3264 2858 3331 2898; x_wconf 93' lang='lat' dir='ltr'>eo</span> <span class='ocrx_word' id='word_1_517' title='bbox 3356 2842 3480 2913; x_wconf 90' lang='lat' dir='ltr'>ipsa</span> <span class='ocrx_word' id='word_1_518' title='bbox 3500 2842 3592 2897; x_wconf 91' lang='lat' dir='ltr'>die</span> <span class='ocrx_word' id='word_1_519' title='bbox 3635 2846 3804 2899; x_wconf 82' lang='lat' dir='ltr'>sexta</span> 
     </span>
    </p>
   </div>
   <div class='ocr_carea' id='block_1_76' title="bbox 2189 2929 3800 2987">
    <p class='ocr_par' dir='ltr' id='par_1_76' title="bbox 2189 2929 3800 2987">
     <span class='ocr_line' id='line_1_76' title="bbox 2189 2929 3800 2987; baseline 0 -1"><span class='ocrx_word' id='word_1_520' title='bbox 2189 2931 2450 2987; x_wconf 90' lang='lat' dir='ltr'>Octobris</span> <span class='ocrx_word' id='word_1_521' title='bbox 2479 2932 2737 2985; x_wconf 91' lang='lat' dir='ltr'>solemne</span> <span class='ocrx_word' id='word_1_522' title='bbox 2764 2929 3018 2985; x_wconf 89' lang='lat' dir='ltr'>ofﬁcium</span> <span class='ocrx_word' id='word_1_523' title='bbox 3048 2947 3179 2984; x_wconf 89' lang='lat' dir='ltr'>cum</span> <span class='ocrx_word' id='word_1_524' title='bbox 3199 2930 3504 2985; x_wconf 89' lang='lat' dir='ltr'>duodecim</span> <span class='ocrx_word' id='word_1_525' title='bbox 3534 2931 3800 2986; x_wconf 85' lang='lat' dir='ltr'>lectioni-</span> 
     </span>
    </p>
   </div>
   <div class='ocr_carea' id='block_1_77' title="bbox 2188 3018 3801 3091">
    <p class='ocr_par' dir='ltr' id='par_1_77' title="bbox 2188 3018 3801 3091">
     <span class='ocr_line' id='line_1_77' title="bbox 2188 3018 3801 3091; baseline 0.001 -16"><span class='ocrx_word' id='word_1_526' title='bbox 2188 3021 2315 3087; x_wconf 90' lang='lat' dir='ltr'>bus,</span> <span class='ocrx_word' id='word_1_527' title='bbox 2361 3019 2633 3091; x_wconf 88' lang='lat' dir='ltr'>capitulo,</span> <span class='ocrx_word' id='word_1_528' title='bbox 2684 3018 3012 3085; x_wconf 86' lang='lat' dir='ltr'>refectorio,</span> <span class='ocrx_word' id='word_1_529' title='bbox 3048 3022 3106 3073; x_wconf 88' lang='lat' dir='ltr'>et</span> <span class='ocrx_word' id='word_1_530' title='bbox 3150 3018 3371 3074; x_wconf 72' lang='lat' dir='ltr'>caeteris</span> <span class='ocrx_word' id='word_1_531' title='bbox 3412 3020 3801 3089; x_wconf 66' lang='lat' dir='ltr'>caeremoniis,</span> 
     </span>
    </p>
   </div>
   <div class='ocr_carea' id='block_1_78' title="bbox 2189 3107 3802 3180">
    <p class='ocr_par' dir='ltr' id='par_1_78' title="bbox 2189 3107 3802 3180">
     <span class='ocr_line' id='line_1_78' title="bbox 2189 3107 3802 3180; baseline 0.001 -18"><span class='ocrx_word' id='word_1_532' title='bbox 2189 3126 2316 3180; x_wconf 71' lang='lat' dir='ltr'>qua:</span> <span class='ocrx_word' id='word_1_533' title='bbox 2347 3108 2407 3163; x_wconf 94' lang='lat' dir='ltr'>in</span> <span class='ocrx_word' id='word_1_534' title='bbox 2433 3107 2786 3163; x_wconf 90' lang='lat' dir='ltr'>solemnibus</span> <span class='ocrx_word' id='word_1_535' title='bbox 2816 3108 2975 3162; x_wconf 91' lang='lat' dir='ltr'>festis</span> <span class='ocrx_word' id='word_1_536' title='bbox 3002 3108 3377 3164; x_wconf 88' lang='lat' dir='ltr'>candelarum</span> <span class='ocrx_word' id='word_1_537' title='bbox 3399 3111 3585 3164; x_wconf 90' lang='lat' dir='ltr'>solent</span> <span class='ocrx_word' id='word_1_538' title='bbox 3601 3110 3802 3164; x_wconf 91' lang='lat' dir='ltr'>obser-</span> 
     </span>
    </p>
   </div>
   <div class='ocr_carea' id='block_1_79' title="bbox 2188 3195 3807 3269">
    <p class='ocr_par' dir='ltr' id='par_1_79' title="bbox 2188 3195 3807 3269">
     <span class='ocr_line' id='line_1_79' title="bbox 2188 3195 3807 3269; baseline 0.001 -19"><span class='ocrx_word' id='word_1_539' title='bbox 2188 3198 2329 3263; x_wconf 91' lang='lat' dir='ltr'>vari,</span> <span class='ocrx_word' id='word_1_540' title='bbox 2363 3196 2421 3250; x_wconf 90' lang='lat' dir='ltr'>in</span> <span class='ocrx_word' id='word_1_541' title='bbox 2472 3197 2624 3250; x_wconf 90' lang='lat' dir='ltr'>hunc</span> <span class='ocrx_word' id='word_1_542' title='bbox 2663 3195 2945 3262; x_wconf 85' lang='lat' dir='ltr'>videlicet,</span> <span class='ocrx_word' id='word_1_543' title='bbox 2980 3197 3077 3267; x_wconf 90' lang='lat' dir='ltr'>qui</span> <span class='ocrx_word' id='word_1_544' title='bbox 3112 3197 3389 3269; x_wconf 90' lang='lat' dir='ltr'>sequitur,</span> <span class='ocrx_word' id='word_1_545' title='bbox 3422 3197 3683 3251; x_wconf 92' lang='lat' dir='ltr'>modum.</span> <span class='ocrx_word' id='word_1_546' title='bbox 3712 3198 3807 3253; x_wconf 79' lang='lat' dir='ltr'>Ad</span> 
     </span>
    </p>
   </div>
   <div class='ocr_carea' id='block_1_80' title="bbox 2190 3284 3806 3357">
    <p class='ocr_par' dir='ltr' id='par_1_80' title="bbox 2190 3284 3806 3357">
     <span class='ocr_line' id='line_1_80' title="bbox 2190 3284 3806 3357; baseline 0.001 -18"><span class='ocrx_word' id='word_1_547' title='bbox 2190 3286 2408 3357; x_wconf 88' lang='lat' dir='ltr'>primas</span> <span class='ocrx_word' id='word_1_548' title='bbox 2420 3285 2695 3356; x_wconf 87' lang='lat' dir='ltr'>Vesperas</span> <span class='ocrx_word' id='word_1_549' title='bbox 2706 3285 3040 3355; x_wconf 82' lang='lat' dir='ltr'>Antiphona</span> <span class='ocrx_word' id='word_1_550' title='bbox 3051 3300 3222 3355; x_wconf 89' lang='lat' dir='ltr'>super</span> <span class='ocrx_word' id='word_1_551' title='bbox 3236 3284 3645 3357; x_wconf 86' lang='lat' dir='ltr'>psalmos,Sint</span> <span class='ocrx_word' id='word_1_552' title='bbox 3658 3287 3806 3341; x_wconf 81' lang='lat' dir='ltr'>lum-</span> 
     </span>
    </p>
   </div>
   <div class='ocr_carea' id='block_1_81' title="bbox 2188 3372 3805 3446">
    <p class='ocr_par' dir='ltr' id='par_1_81' title="bbox 2188 3372 3805 3446">
     <span class='ocr_line' id='line_1_81' title="bbox 2188 3372 3805 3446; baseline 0.002 -20"><span class='ocrx_word' id='word_1_553' title='bbox 2188 3373 2266 3426; x_wconf 91' lang='lat' dir='ltr'>bi.</span> <span class='ocrx_word' id='word_1_554' title='bbox 2298 3372 2768 3442; x_wconf 85' lang='lat' dir='ltr'>Responsorium,</span> <span class='ocrx_word' id='word_1_555' title='bbox 2791 3395 2818 3421; x_wconf 82' lang='lat'><strong>«</strong></span> <span class='ocrx_word' id='word_1_556' title='bbox 2849 3373 3054 3426; x_wconf 89' lang='lat' dir='ltr'>Beatus</span> <span class='ocrx_word' id='word_1_557' title='bbox 3076 3389 3285 3427; x_wconf 91' lang='lat' dir='ltr'>servus.</span> <span class='ocrx_word' id='word_1_558' title='bbox 3318 3393 3346 3421; x_wconf 87' lang='grc'><strong>››</strong></span> <span class='ocrx_word' id='word_1_559' title='bbox 3383 3372 3470 3426; x_wconf 85' lang='lat' dir='ltr'>Ad</span> <span class='ocrx_word' id='word_1_560' title='bbox 3498 3373 3805 3446; x_wconf 60' lang='lat' dir='ltr'>Matutinas</span> 
     </span>
    </p>
   </div>
   <div class='ocr_carea' id='block_1_82' title="bbox 2187 3460 3802 3533">
    <p class='ocr_par' dir='ltr' id='par_1_82' title="bbox 2187 3460 3802 3533">
     <span class='ocr_line' id='line_1_82' title="bbox 2187 3460 3802 3533; baseline 0.002 -19"><span class='ocrx_word' id='word_1_561' title='bbox 2187 3464 2315 3515; x_wconf 93' lang='lat' dir='ltr'>octo</span> <span class='ocrx_word' id='word_1_562' title='bbox 2333 3461 2536 3530; x_wconf 75' lang='lat' dir='ltr'>primas</span> <span class='ocrx_word' id='word_1_563' title='bbox 2556 3460 2854 3525; x_wconf 90' lang='lat' dir='ltr'>lectiones,</span> <span class='ocrx_word' id='word_1_564' title='bbox 2868 3476 3061 3515; x_wconf 88' lang='lat' dir='ltr'>sermo</span> <span class='ocrx_word' id='word_1_565' title='bbox 3084 3460 3239 3515; x_wconf 88' lang='lat' dir='ltr'>beati</span> <span class='ocrx_word' id='word_1_566' title='bbox 3259 3460 3561 3531; x_wconf 83' lang='lat' dir='ltr'>Augustini</span> <span class='ocrx_word' id='word_1_567' title='bbox 3581 3462 3802 3533; x_wconf 86' lang='lat' dir='ltr'>episco-</span> 
     </span>
    </p>
   </div>
   <div class='ocr_carea' id='block_1_83' title="bbox 2186 3547 3802 3619">
    <p class='ocr_par' dir='ltr' id='par_1_83' title="bbox 2186 3547 3802 3619">
     <span class='ocr_line' id='line_1_83' title="bbox 2186 3547 3802 3619; baseline 0.001 -18"><span class='ocrx_word' id='word_1_568' title='bbox 2186 3547 2265 3618; x_wconf 89' lang='lat' dir='ltr'>pi,</span> <span class='ocrx_word' id='word_1_569' title='bbox 2294 3548 2391 3619; x_wconf 91' lang='lat' dir='ltr'>qui</span> <span class='ocrx_word' id='word_1_570' title='bbox 2412 3548 2645 3618; x_wconf 89' lang='lat' dir='ltr'>incipit:</span> <span class='ocrx_word' id='word_1_571' title='bbox 2675 3570 2703 3597; x_wconf 90' lang='grc'>‹‹</span> <span class='ocrx_word' id='word_1_572' title='bbox 2736 3548 3017 3602; x_wconf 88' lang='lat' dir='ltr'>Dominus</span> <span class='ocrx_word' id='word_1_573' title='bbox 3047 3552 3243 3603; x_wconf 87' lang='lat' dir='ltr'>noster</span> <span class='ocrx_word' id='word_1_574' title='bbox 3270 3548 3430 3603; x_wconf 85' lang='lat' dir='ltr'>Jesus</span> <span class='ocrx_word' id='word_1_575' title='bbox 3463 3548 3739 3617; x_wconf 85' lang='lat' dir='ltr'>Christus,</span> <span class='ocrx_word' id='word_1_576' title='bbox 3769 3569 3802 3602; x_wconf 63' lang='lat'>1)</span> 
     </span>
    </p>
   </div>
   <div class='ocr_carea' id='block_1_84' title="bbox 2185 3634 3798 3703">
    <p class='ocr_par' dir='ltr' id='par_1_84' title="bbox 2185 3634 3798 3703">
     <span class='ocr_line' id='line_1_84' title="bbox 2185 3634 3798 3703; baseline 0.002 -14"><span class='ocrx_word' id='word_1_577' title='bbox 2185 3635 2328 3689; x_wconf 89' lang='lat' dir='ltr'>sicut</span> <span class='ocrx_word' id='word_1_578' title='bbox 2358 3637 2416 3689; x_wconf 90' lang='lat' dir='ltr'>in</span> <span class='ocrx_word' id='word_1_579' title='bbox 2440 3637 2583 3690; x_wconf 87' lang='lat' dir='ltr'>festo</span> <span class='ocrx_word' id='word_1_580' title='bbox 2618 3634 2674 3689; x_wconf 93' lang='lat' dir='ltr'>S.</span> <span class='ocrx_word' id='word_1_581' title='bbox 2703 3635 2950 3689; x_wconf 84' lang='lat' dir='ltr'>Martini.</span> <span class='ocrx_word' id='word_1_582' title='bbox 2975 3635 3231 3699; x_wconf 89' lang='lat' dir='ltr'>Quatuor</span> <span class='ocrx_word' id='word_1_583' title='bbox 3250 3652 3384 3690; x_wconf 91' lang='lat' dir='ltr'>vero</span> <span class='ocrx_word' id='word_1_584' title='bbox 3417 3637 3657 3703; x_wconf 62' lang='lat' dir='ltr'>ultima},</span> <span class='ocrx_word' id='word_1_585' title='bbox 3686 3638 3798 3693; x_wconf 81' lang='lat' dir='ltr'>Ho-</span> 
     </span>
    </p>
   </div>
   <div class='ocr_carea' id='block_1_85' title="bbox 2184 3723 3798 3796">
    <p class='ocr_par' dir='ltr' id='par_1_85' title="bbox 2184 3723 3798 3796">
     <span class='ocr_line' id='line_1_85' title="bbox 2184 3723 3798 3796; baseline 0.002 -19"><span class='ocrx_word' id='word_1_586' title='bbox 2184 3723 2344 3778; x_wconf 90' lang='lat' dir='ltr'>milia</span> <span class='ocrx_word' id='word_1_587' title='bbox 2374 3724 2526 3778; x_wconf 87' lang='lat' dir='ltr'>beati</span> <span class='ocrx_word' id='word_1_588' title='bbox 2564 3723 2824 3794; x_wconf 88' lang='lat' dir='ltr'>Gregorii</span> <span class='ocrx_word' id='word_1_589' title='bbox 2861 3740 3050 3795; x_wconf 75' lang='lat' dir='ltr'>papas,</span> <span class='ocrx_word' id='word_1_590' title='bbox 3092 3741 3220 3795; x_wconf 76' lang='lat' dir='ltr'>quas</span> <span class='ocrx_word' id='word_1_591' title='bbox 3260 3724 3502 3796; x_wconf 90' lang='lat' dir='ltr'>incipit:</span> <span class='ocrx_word' id='word_1_592' title='bbox 3541 3747 3569 3775; x_wconf 90' lang='grc'>‹‹</span> <span class='ocrx_word' id='word_1_593' title='bbox 3601 3724 3798 3781; x_wconf 89' lang='lat' dir='ltr'>Sancti</span> 
     </span>
    </p>
   </div>
   <div class='ocr_carea' id='block_1_86' title="bbox 2184 3800 3794 3883">
    <p class='ocr_par' dir='ltr' id='par_1_86' title="bbox 2184 3800 3794 3883">
     <span class='ocr_line' id='line_1_86' title="bbox 2184 3800 3794 3883; baseline 0.004 -19"><span class='ocrx_word' id='word_1_594' title='bbox 2184 3800 2502 3883; x_wconf 69' lang='lat' dir='ltr'>Evangelii,</span> <span class='ocrx_word' id='word_1_595' title='bbox 2538 3830 2569 3865; x_wconf 86' lang='grc'><strong>››</strong></span> <span class='ocrx_word' id='word_1_596' title='bbox 2601 3828 2772 3883; x_wconf 91' lang='lat' dir='ltr'>super</span> <span class='ocrx_word' id='word_1_597' title='bbox 2821 3812 3127 3883; x_wconf 85' lang='lat' dir='ltr'>Evangelio</span> <span class='ocrx_word' id='word_1_598' title='bbox 3164 3812 3482 3867; x_wconf 89' lang='lat' dir='ltr'>secundum</span> <span class='ocrx_word' id='word_1_599' title='bbox 3526 3813 3738 3868; x_wconf 88' lang='lat' dir='ltr'>Lucam</span> <span class='ocrx_word' id='word_1_600' title='bbox 3779 3831 3794 3870; x_wconf 90' lang='lat'>:</span> 
     </span>
    </p>
   </div>
   <div class='ocr_carea' id='block_1_87' title="bbox 2184 3899 3797 3967">
    <p class='ocr_par' dir='ltr' id='par_1_87' title="bbox 2184 3899 3797 3967">
     <span class='ocr_line' id='line_1_87' title="bbox 2184 3899 3797 3967; baseline 0.002 -13"><span class='ocrx_word' id='word_1_601' title='bbox 2184 3922 2211 3948; x_wconf 90' lang='grc'>‹‹</span> <span class='ocrx_word' id='word_1_602' title='bbox 2243 3899 2374 3954; x_wconf 87' lang='lat' dir='ltr'>Sint</span> <span class='ocrx_word' id='word_1_603' title='bbox 2403 3900 2585 3954; x_wconf 91' lang='lat' dir='ltr'>lumbi</span> <span class='ocrx_word' id='word_1_604' title='bbox 2616 3900 2805 3967; x_wconf 90' lang='lat' dir='ltr'>vestri,</span> <span class='ocrx_word' id='word_1_605' title='bbox 2832 3922 2859 3948; x_wconf 84' lang='lat'>»</span> <span class='ocrx_word' id='word_1_606' title='bbox 2878 3900 3021 3955; x_wconf 88' lang='lat' dir='ltr'>sicut</span> <span class='ocrx_word' id='word_1_607' title='bbox 3043 3900 3102 3954; x_wconf 91' lang='lat' dir='ltr'>in</span> <span class='ocrx_word' id='word_1_608' title='bbox 3126 3901 3270 3955; x_wconf 87' lang='lat' dir='ltr'>festo</span> <span class='ocrx_word' id='word_1_609' title='bbox 3296 3899 3352 3955; x_wconf 93' lang='lat' dir='ltr'>S.</span> <span class='ocrx_word' id='word_1_610' title='bbox 3372 3901 3683 3956; x_wconf 89' lang='lat' dir='ltr'>Benedicti.</span> <span class='ocrx_word' id='word_1_611' title='bbox 3705 3903 3797 3958; x_wconf 81' lang='lat' dir='ltr'>Ad</span> 
     </span>
    </p>
   </div>
   <div class='ocr_carea' id='block_1_88' title="bbox 2178 3987 3795 4060">
    <p class='ocr_par' dir='ltr' id='par_1_88' title="bbox 2178 3987 3795 4060">
     <span class='ocr_line' id='line_1_88' title="bbox 2178 3987 3795 4060; baseline 0.001 -17"><span class='ocrx_word' id='word_1_612' title='bbox 2178 3988 2402 4043; x_wconf 84' lang='lat' dir='ltr'>Missam</span> <span class='ocrx_word' id='word_1_613' title='bbox 2443 3987 2657 4043; x_wconf 89' lang='lat' dir='ltr'>dictum</span> <span class='ocrx_word' id='word_1_614' title='bbox 2704 3989 3068 4060; x_wconf 89' lang='lat' dir='ltr'>evangelium</span> <span class='ocrx_word' id='word_1_615' title='bbox 3104 4006 3116 4043; x_wconf 89' lang='lat'><strong>:</strong></span> <span class='ocrx_word' id='word_1_616' title='bbox 3153 3989 3279 4044; x_wconf 90' lang='lat' dir='ltr'>Sint</span> <span class='ocrx_word' id='word_1_617' title='bbox 3307 3990 3491 4044; x_wconf 91' lang='lat' dir='ltr'>lumbi</span> <span class='ocrx_word' id='word_1_618' title='bbox 3533 3991 3726 4045; x_wconf 89' lang='lat' dir='ltr'>vestri.</span> <span class='ocrx_word' id='word_1_619' title='bbox 3760 4010 3795 4044; x_wconf 66' lang='grc' dir='ltr'><strong>ιν</strong></span> 
     </span>
    </p>
   </div>
   <div class='ocr_carea' id='block_1_89' title="bbox 2181 4076 3795 4149">
    <p class='ocr_par' dir='ltr' id='par_1_89' title="bbox 2181 4076 3795 4149">
     <span class='ocr_line' id='line_1_89' title="bbox 2181 4076 3795 4149; baseline 0.002 -18"><span class='ocrx_word' id='word_1_620' title='bbox 2181 4076 2402 4131; x_wconf 69' lang='lat' dir='ltr'>Caetera</span> <span class='ocrx_word' id='word_1_621' title='bbox 2431 4077 2630 4132; x_wconf 88' lang='lat' dir='ltr'>omnia</span> <span class='ocrx_word' id='word_1_622' title='bbox 2656 4080 2778 4131; x_wconf 91' lang='lat' dir='ltr'>tam</span> <span class='ocrx_word' id='word_1_623' title='bbox 2803 4077 2861 4131; x_wconf 92' lang='lat' dir='ltr'>in</span> <span class='ocrx_word' id='word_1_624' title='bbox 2874 4078 3055 4143; x_wconf 87' lang='lat' dir='ltr'>Missa,</span> <span class='ocrx_word' id='word_1_625' title='bbox 3083 4078 3378 4149; x_wconf 91' lang='lat' dir='ltr'>utriusque</span> <span class='ocrx_word' id='word_1_626' title='bbox 3390 4078 3795 4149; x_wconf 80' lang='lat' dir='ltr'>Vesperis,Ma-</span> 
     </span>
    </p>
   </div>
   <div class='ocr_carea' id='block_1_90' title="bbox 2178 4165 3795 4237">
    <p class='ocr_par' dir='ltr' id='par_1_90' title="bbox 2178 4165 3795 4237">
     <span class='ocr_line' id='line_1_90' title="bbox 2178 4165 3795 4237; baseline 0.002 -18"><span class='ocrx_word' id='word_1_627' title='bbox 2178 4165 2395 4233; x_wconf 91' lang='lat' dir='ltr'>tutinis,</span> <span class='ocrx_word' id='word_1_628' title='bbox 2420 4182 2596 4237; x_wconf 89' lang='lat' dir='ltr'>quam</span> <span class='ocrx_word' id='word_1_629' title='bbox 2609 4165 2830 4219; x_wconf 69' lang='lat' dir='ltr'>caeteris</span> <span class='ocrx_word' id='word_1_630' title='bbox 2865 4165 3029 4220; x_wconf 90' lang='lat' dir='ltr'>Horis</span> <span class='ocrx_word' id='word_1_631' title='bbox 3055 4165 3199 4220; x_wconf 88' lang='lat' dir='ltr'>ﬁant</span> <span class='ocrx_word' id='word_1_632' title='bbox 3226 4165 3367 4219; x_wconf 87' lang='lat' dir='ltr'>sicut</span> <span class='ocrx_word' id='word_1_633' title='bbox 3388 4165 3556 4220; x_wconf 90' lang='lat' dir='ltr'>unius</span> <span class='ocrx_word' id='word_1_634' title='bbox 3571 4168 3795 4222; x_wconf 89' lang='lat' dir='ltr'>confes-</span> 
     </span>
    </p>
   </div>
   <div class='ocr_carea' id='block_1_91' title="bbox 464 4248 3793 4326">
    <p class='ocr_par' dir='ltr' id='par_1_91' title="bbox 464 4248 3793 4326">
     <span class='ocr_line' id='line_1_91' title="bbox 464 4248 3793 4326; baseline 0.002 -23"><span class='ocrx_word' id='word_1_635' title='bbox 464 4248 625 4305; x_wconf 92' lang='lat' dir='ltr'>tione</span> <span class='ocrx_word' id='word_1_636' title='bbox 654 4250 1162 4318; x_wconf 88' lang='lat' dir='ltr'>conﬁrmaverunt,</span> <span class='ocrx_word' id='word_1_637' title='bbox 1196 4250 1568 4322; x_wconf 88' lang='lat' dir='ltr'>injungentes</span> <span class='ocrx_word' id='word_1_638' title='bbox 1608 4256 1889 4322; x_wconf 61' lang='lat' dir='ltr'>praeterea</span> <span class='ocrx_word' id='word_1_639' title='bbox 1923 4256 1985 4307; x_wconf 88' lang='lat' dir='ltr'>ut</span> <span class='ocrx_word' id='word_1_640' title='bbox 2017 4252 2072 4308; x_wconf 94' lang='lat' dir='ltr'>S.</span> <span class='ocrx_word' id='word_1_641' title='bbox 2100 4266 2152 4325; x_wconf 79' lang='lat'>1)</span> <span class='ocrx_word' id='word_1_642' title='bbox 2177 4254 2320 4309; x_wconf 90' lang='lat' dir='ltr'>soris</span> <span class='ocrx_word' id='word_1_643' title='bbox 2342 4270 2461 4309; x_wconf 90' lang='lat' dir='ltr'>non</span> <span class='ocrx_word' id='word_1_644' title='bbox 2485 4253 2760 4325; x_wconf 89' lang='lat' dir='ltr'>episcopi,</span> <span class='ocrx_word' id='word_1_645' title='bbox 2782 4254 3033 4324; x_wconf 85' lang='lat' dir='ltr'>exceptis</span> <span class='ocrx_word' id='word_1_646' title='bbox 3046 4253 3425 4321; x_wconf 87' lang='lat' dir='ltr'>orationibus,</span> <span class='ocrx_word' id='word_1_647' title='bbox 3451 4272 3579 4326; x_wconf 71' lang='lat' dir='ltr'>quae</span> <span class='ocrx_word' id='word_1_648' title='bbox 3601 4255 3793 4311; x_wconf 87' lang='lat' dir='ltr'>dicen-</span> 
     </span>
    </p>
   </div>
   <div class='ocr_carea' id='block_1_92' title="bbox 465 4336 2078 4407">
    <p class='ocr_par' dir='ltr' id='par_1_92' title="bbox 465 4336 2078 4407">
     <span class='ocr_line' id='line_1_92' title="bbox 465 4336 2078 4407; baseline 0.004 -16"><span class='ocrx_word' id='word_1_649' title='bbox 465 4336 656 4392; x_wconf 88' lang='lat' dir='ltr'>Bruno</span> <span class='ocrx_word' id='word_1_650' title='bbox 689 4341 747 4391; x_wconf 92' lang='lat' dir='ltr'>et</span> <span class='ocrx_word' id='word_1_651' title='bbox 776 4337 835 4392; x_wconf 92' lang='lat' dir='ltr'>in</span> <span class='ocrx_word' id='word_1_652' title='bbox 866 4338 1097 4393; x_wconf 91' lang='lat' dir='ltr'>Litaniis</span> <span class='ocrx_word' id='word_1_653' title='bbox 1148 4339 1618 4394; x_wconf 90' lang='lat' dir='ltr'>conventualibus</span> <span class='ocrx_word' id='word_1_654' title='bbox 1671 4340 1986 4407; x_wconf 90' lang='lat' dir='ltr'>invocetur,</span> <span class='ocrx_word' id='word_1_655' title='bbox 2019 4346 2078 4397; x_wconf 89' lang='lat' dir='ltr'>et</span> 
     </span>
    </p>
   </div>
   <div class='ocr_carea' id='block_1_93' title="bbox 463 4424 2071 4500">
    <p class='ocr_par' dir='ltr' id='par_1_93' title="bbox 463 4424 2071 4500">
     <span class='ocr_line' id='line_1_93' title="bbox 463 4424 2071 4500; baseline 0.004 -21"><span class='ocrx_word' id='word_1_656' title='bbox 463 4424 880 4497; x_wconf 84' lang='lat' dir='ltr'>martyrologio</span> <span class='ocrx_word' id='word_1_657' title='bbox 913 4426 1292 4494; x_wconf 88' lang='lat' dir='ltr'>inscribatur;</span> <span class='ocrx_word' id='word_1_658' title='bbox 1325 4427 1544 4481; x_wconf 91' lang='lat' dir='ltr'>bullam</span> <span class='ocrx_word' id='word_1_659' title='bbox 1572 4431 1788 4495; x_wconf 89' lang='lat' dir='ltr'>autem,</span> <span class='ocrx_word' id='word_1_660' title='bbox 1809 4431 2071 4500; x_wconf 88' lang='lat' dir='ltr'>quaBru-</span> 
     </span>
    </p>
   </div>
   <div class='ocr_carea' id='block_1_94' title="bbox 463 4515 2074 4590">
    <p class='ocr_par' dir='ltr' id='par_1_94' title="bbox 463 4515 2074 4590">
     <span class='ocr_line' id='line_1_94' title="bbox 463 4515 2074 4590; baseline 0.003 -22"><span class='ocrx_word' id='word_1_661' title='bbox 463 4529 681 4570; x_wconf 88' lang='lat' dir='ltr'>nonem</span> <span class='ocrx_word' id='word_1_662' title='bbox 713 4515 1084 4583; x_wconf 60' lang='lat' dir='ltr'>canonizarit,</span> <span class='ocrx_word' id='word_1_663' title='bbox 1119 4515 1625 4588; x_wconf 88' lang='lat' dir='ltr'>cultumqueillum</span> <span class='ocrx_word' id='word_1_664' title='bbox 1638 4516 1688 4570; x_wconf 91' lang='lat' dir='ltr'>ei</span> <span class='ocrx_word' id='word_1_665' title='bbox 1705 4517 1916 4572; x_wconf 79' lang='lat' dir='ltr'>deferri</span> <span class='ocrx_word' id='word_1_666' title='bbox 1932 4535 2074 4590; x_wconf 91' lang='lat' dir='ltr'>pon-</span> 
     </span>
    </p>
   </div>
   <div class='ocr_carea' id='block_1_95' title="bbox 458 4600 2067 4679">
    <p class='ocr_par' dir='ltr' id='par_1_95' title="bbox 458 4600 2067 4679">
     <span class='ocr_line' id='line_1_95' title="bbox 458 4600 2067 4679; baseline 0.004 -23"><span class='ocrx_word' id='word_1_667' title='bbox 458 4600 598 4657; x_wconf 87' lang='lat' dir='ltr'>tifex</span> <span class='ocrx_word' id='word_1_668' title='bbox 614 4602 869 4674; x_wconf 90' lang='lat' dir='ltr'>jusserit,</span> <span class='ocrx_word' id='word_1_669' title='bbox 897 4621 1013 4658; x_wconf 91' lang='lat' dir='ltr'>non</span> <span class='ocrx_word' id='word_1_670' title='bbox 1041 4608 1526 4671; x_wconf 89' lang='lat' dir='ltr'>commemorant,</span> <span class='ocrx_word' id='word_1_671' title='bbox 1550 4604 1739 4660; x_wconf 89' lang='lat' dir='ltr'>facere</span> <span class='ocrx_word' id='word_1_672' title='bbox 1770 4606 1829 4659; x_wconf 93' lang='lat' dir='ltr'>id</span> <span class='ocrx_word' id='word_1_673' title='bbox 1852 4607 2067 4679; x_wconf 89' lang='lat' dir='ltr'>utique,</span> 
     </span>
    </p>
   </div>
   <div class='ocr_carea' id='block_1_96' title="bbox 460 4689 2070 4763">
    <p class='ocr_par' dir='ltr' id='par_1_96' title="bbox 460 4689 2070 4763">
     <span class='ocr_line' id='line_1_96' title="bbox 460 4689 2070 4763; baseline 0.003 -19"><span class='ocrx_word' id='word_1_674' title='bbox 460 4689 506 4744; x_wconf 82' lang='lat' dir='ltr'>si</span> <span class='ocrx_word' id='word_1_675' title='bbox 534 4689 705 4745; x_wconf 71' lang='lat' dir='ltr'>bullae</span> <span class='ocrx_word' id='word_1_676' title='bbox 757 4691 1087 4762; x_wconf 78' lang='lat' dir='ltr'>huiusmodi</span> <span class='ocrx_word' id='word_1_677' title='bbox 1125 4691 1523 4763; x_wconf 89' lang='lat' dir='ltr'>cognitionem</span> <span class='ocrx_word' id='word_1_678' title='bbox 1562 4692 1919 4756; x_wconf 90' lang='lat' dir='ltr'>habuissent,</span> <span class='ocrx_word' id='word_1_679' title='bbox 1951 4711 2070 4750; x_wconf 91' lang='lat' dir='ltr'>non</span> 
     </span>
    </p>
   </div>
   <div class='ocr_carea' id='block_1_97' title="bbox 459 4777 2070 4851">
    <p class='ocr_par' dir='ltr' id='par_1_97' title="bbox 459 4777 2070 4851">
     <span class='ocr_line' id='line_1_97' title="bbox 459 4777 2070 4851; baseline 0.003 -19"><span class='ocrx_word' id='word_1_680' title='bbox 459 4777 746 4833; x_wconf 90' lang='lat' dir='ltr'>omissuri.</span> <span class='ocrx_word' id='word_1_681' title='bbox 782 4778 854 4833; x_wconf 89' lang='lat' dir='ltr'>Ut</span> <span class='ocrx_word' id='word_1_682' title='bbox 888 4795 1064 4851; x_wconf 89' lang='lat' dir='ltr'>quam</span> <span class='ocrx_word' id='word_1_683' title='bbox 1106 4795 1305 4833; x_wconf 89' lang='lat' dir='ltr'>verum</span> <span class='ocrx_word' id='word_1_684' title='bbox 1346 4778 1405 4833; x_wconf 92' lang='lat' dir='ltr'>id</span> <span class='ocrx_word' id='word_1_685' title='bbox 1441 4778 1533 4845; x_wconf 91' lang='lat' dir='ltr'>sit,</span> <span class='ocrx_word' id='word_1_686' title='bbox 1577 4780 1862 4834; x_wconf 90' lang='lat' dir='ltr'>studiosus</span> <span class='ocrx_word' id='word_1_687' title='bbox 1891 4783 2070 4837; x_wconf 90' lang='lat' dir='ltr'>lector</span> 
     </span>
    </p>
   </div>
   <div class='ocr_carea' id='block_1_98' title="bbox 456 4866 2065 4941">
    <p class='ocr_par' dir='ltr' id='par_1_98' title="bbox 456 4866 2065 4941">
     <span class='ocr_line' id='line_1_98' title="bbox 456 4866 2065 4941; baseline 0.003 -21"><span class='ocrx_word' id='word_1_688' title='bbox 456 4866 788 4937; x_wconf 88' lang='lat' dir='ltr'>perspiciat,</span> <span class='ocrx_word' id='word_1_689' title='bbox 819 4866 1100 4939; x_wconf 86' lang='lat' dir='ltr'>nihilque,</span> <span class='ocrx_word' id='word_1_690' title='bbox 1124 4867 1283 4939; x_wconf 93' lang='lat' dir='ltr'>quod</span> <span class='ocrx_word' id='word_1_691' title='bbox 1302 4867 1377 4921; x_wconf 92' lang='lat' dir='ltr'>ad</span> <span class='ocrx_word' id='word_1_692' title='bbox 1400 4867 1650 4939; x_wconf 88' lang='lat' dir='ltr'>gloriam</span> <span class='ocrx_word' id='word_1_693' title='bbox 1680 4867 1872 4923; x_wconf 87' lang='lat' dir='ltr'>Sancti</span> <span class='ocrx_word' id='word_1_694' title='bbox 1911 4875 2065 4941; x_wconf 87' lang='lat' dir='ltr'>post-</span> 
     </span>
    </p>
   </div>
   <div class='ocr_carea' id='block_1_99' title="bbox 453 4951 2067 5027">
    <p class='ocr_par' dir='ltr' id='par_1_99' title="bbox 453 4951 2067 5027">
     <span class='ocr_line' id='line_1_99' title="bbox 453 4951 2067 5027; baseline 0.005 -21"><span class='ocrx_word' id='word_1_695' title='bbox 453 4951 696 5009; x_wconf 89' lang='lat' dir='ltr'>humam</span> <span class='ocrx_word' id='word_1_696' title='bbox 731 4957 964 5027; x_wconf 88' lang='lat' dir='ltr'>spectet,</span> <span class='ocrx_word' id='word_1_697' title='bbox 1018 4958 1385 5027; x_wconf 66' lang='lat' dir='ltr'>praeteream,</span> <span class='ocrx_word' id='word_1_698' title='bbox 1427 4954 1628 5009; x_wconf 89' lang='lat' dir='ltr'>ambas</span> <span class='ocrx_word' id='word_1_699' title='bbox 1672 4956 2067 5014; x_wconf 88' lang='lat' dir='ltr'>ordinationes</span> 
     </span>
    </p>
   </div>
   <div class='ocr_carea' id='block_1_100' title="bbox 452 5038 2063 5113">
    <p class='ocr_par' dir='ltr' id='par_1_100' title="bbox 452 5038 2063 5113">
     <span class='ocr_line' id='line_1_100' title="bbox 452 5038 2063 5113; baseline 0.003 -17"><span class='ocrx_word' id='word_1_700' title='bbox 452 5038 598 5108; x_wconf 84' lang='lat' dir='ltr'>illas,</span> <span class='ocrx_word' id='word_1_701' title='bbox 626 5059 658 5097; x_wconf 91' lang='lat' dir='ltr'>e</span> <span class='ocrx_word' id='word_1_702' title='bbox 693 5042 889 5113; x_wconf 82' lang='lat' dir='ltr'>Majori</span> <span class='ocrx_word' id='word_1_703' title='bbox 922 5042 1222 5098; x_wconf 87' lang='lat' dir='ltr'>Carthusia</span> <span class='ocrx_word' id='word_1_704' title='bbox 1266 5058 1301 5095; x_wconf 88' lang='lat' dir='ltr'>a</span> <span class='ocrx_word' id='word_1_705' title='bbox 1334 5040 1714 5096; x_wconf 87' lang='lat' dir='ltr'>Carthusiano</span> <span class='ocrx_word' id='word_1_706' title='bbox 1760 5043 2063 5101; x_wconf 88' lang='lat' dir='ltr'>Parisiensi</span> 
     </span>
    </p>
   </div>
   <div class='ocr_carea' id='block_1_101' title="bbox 453 5128 2064 5201">
    <p class='ocr_par' dir='ltr' id='par_1_101' title="bbox 453 5128 2064 5201">
     <span class='ocr_line' id='line_1_101' title="bbox 453 5128 2064 5201; baseline 0.002 -17"><span class='ocrx_word' id='word_1_707' title='bbox 453 5144 629 5201; x_wconf 87' lang='lat' dir='ltr'>supra</span> <span class='ocrx_word' id='word_1_708' title='bbox 654 5129 968 5200; x_wconf 64' lang='lat' dir='ltr'>sepissime</span> <span class='ocrx_word' id='word_1_709' title='bbox 985 5130 1113 5201; x_wconf 87' lang='lat' dir='ltr'>jam</span> <span class='ocrx_word' id='word_1_710' title='bbox 1143 5129 1377 5184; x_wconf 86' lang='lat' dir='ltr'>laudato</span> <span class='ocrx_word' id='word_1_711' title='bbox 1413 5128 1554 5181; x_wconf 90' lang='lat' dir='ltr'>mihi</span> <span class='ocrx_word' id='word_1_712' title='bbox 1602 5136 1937 5198; x_wconf 88' lang='lat' dir='ltr'>procuratas</span> <span class='ocrx_word' id='word_1_713' title='bbox 1955 5134 2064 5188; x_wconf 90' lang='lat' dir='ltr'>huc</span> 
     </span>
    </p>
   </div>
   <div class='ocr_carea' id='block_1_102' title="bbox 449 5215 2061 5288">
    <p class='ocr_par' dir='ltr' id='par_1_102' title="bbox 449 5215 2061 5288">
     <span class='ocr_line' id='line_1_102' title="bbox 449 5215 2061 5288; baseline 0.004 -18"><span class='ocrx_word' id='word_1_714' title='bbox 449 5216 798 5271; x_wconf 86' lang='lat' dir='ltr'>transcribo.</span> <span class='ocrx_word' id='word_1_715' title='bbox 832 5217 997 5272; x_wconf 92' lang='lat' dir='ltr'>Prior</span> <span class='ocrx_word' id='word_1_716' title='bbox 1023 5234 1122 5273; x_wconf 86' lang='lat' dir='ltr'>seu</span> <span class='ocrx_word' id='word_1_717' title='bbox 1150 5217 1270 5284; x_wconf 88' lang='lat' dir='ltr'>illa,</span> <span class='ocrx_word' id='word_1_718' title='bbox 1287 5216 1491 5288; x_wconf 77' lang='lat' dir='ltr'>quasin</span> <span class='ocrx_word' id='word_1_719' title='bbox 1524 5215 1772 5286; x_wconf 87' lang='lat' dir='ltr'>capitulo</span> <span class='ocrx_word' id='word_1_720' title='bbox 1805 5222 2061 5288; x_wconf 89' lang='lat' dir='ltr'>generali</span> 
     </span>
    </p>
   </div>
   <div class='ocr_carea' id='block_1_103' title="bbox 449 5302 2063 5372">
    <p class='ocr_par' dir='ltr' id='par_1_103' title="bbox 449 5302 2063 5372">
     <span class='ocr_line' id='line_1_103' title="bbox 449 5302 2063 5372; baseline 0.005 -16"><span class='ocrx_word' id='word_1_721' title='bbox 449 5302 592 5356; x_wconf 89' lang='lat' dir='ltr'>anni</span> <span class='ocrx_word' id='word_1_722' title='bbox 626 5307 764 5359; x_wconf 81' lang='grc'><strong>1515</strong></span> <span class='ocrx_word' id='word_1_723' title='bbox 781 5304 1017 5359; x_wconf 89' lang='lat' dir='ltr'>condita</span> <span class='ocrx_word' id='word_1_724' title='bbox 1040 5305 1169 5372; x_wconf 90' lang='lat' dir='ltr'>fuit,</span> <span class='ocrx_word' id='word_1_725' title='bbox 1204 5304 1281 5358; x_wconf 90' lang='lat' dir='ltr'>sic</span> <span class='ocrx_word' id='word_1_726' title='bbox 1311 5304 1485 5359; x_wconf 88' lang='lat' dir='ltr'>habet</span> <span class='ocrx_word' id='word_1_727' title='bbox 1517 5319 1530 5356; x_wconf 88' lang='lat'>:</span> <span class='ocrx_word' id='word_1_728' title='bbox 1561 5324 1588 5352; x_wconf 84' lang='lat'><strong>«</strong></span> <span class='ocrx_word' id='word_1_729' title='bbox 1616 5303 1759 5357; x_wconf 90' lang='lat' dir='ltr'>Cum</span> <span class='ocrx_word' id='word_1_730' title='bbox 1782 5308 2063 5363; x_wconf 89' lang='lat' dir='ltr'>sanctissi-</span> 
     </span>
    </p>
   </div>
   <div class='ocr_carea' id='block_1_104' title="bbox 445 5388 2062 5462">
    <p class='ocr_par' dir='ltr' id='par_1_104' title="bbox 445 5388 2062 5462">
     <span class='ocr_line' id='line_1_104' title="bbox 445 5388 2062 5462; baseline 0.007 -22"><span class='ocrx_word' id='word_1_731' title='bbox 445 5402 578 5441; x_wconf 86' lang='lat' dir='ltr'>mus</span> <span class='ocrx_word' id='word_1_732' title='bbox 605 5388 873 5446; x_wconf 90' lang='lat' dir='ltr'>dominus</span> <span class='ocrx_word' id='word_1_733' title='bbox 903 5394 1099 5447; x_wconf 89' lang='lat' dir='ltr'>noster</span> <span class='ocrx_word' id='word_1_734' title='bbox 1121 5391 1389 5446; x_wconf 89' lang='lat' dir='ltr'>dominus</span> <span class='ocrx_word' id='word_1_735' title='bbox 1407 5392 1518 5445; x_wconf 91' lang='lat' dir='ltr'>Leo</span> <span class='ocrx_word' id='word_1_736' title='bbox 1536 5389 1729 5445; x_wconf 89' lang='lat' dir='ltr'>divina</span> <span class='ocrx_word' id='word_1_737' title='bbox 1756 5394 2062 5462; x_wconf 91' lang='lat' dir='ltr'>providen-</span> 
     </span>
    </p>
   </div>
   <div class='ocr_carea' id='block_1_105' title="bbox 438 5473 2055 5551">
    <p class='ocr_par' dir='ltr' id='par_1_105' title="bbox 438 5473 2055 5551">
     <span class='ocr_line' id='line_1_105' title="bbox 438 5473 2055 5551; baseline 0.007 -22"><span class='ocrx_word' id='word_1_738' title='bbox 438 5473 527 5551; x_wconf 81' lang='lat' dir='ltr'>tia</span> <span class='ocrx_word' id='word_1_739' title='bbox 553 5486 707 5545; x_wconf 79' lang='lat' dir='ltr'>papa</span> <span class='ocrx_word' id='word_1_740' title='bbox 729 5476 985 5535; x_wconf 88' lang='lat' dir='ltr'>decimus</span> <span class='ocrx_word' id='word_1_741' title='bbox 1004 5481 1063 5535; x_wconf 86' lang='lat' dir='ltr'>et</span> <span class='ocrx_word' id='word_1_742' title='bbox 1084 5476 1424 5547; x_wconf 91' lang='lat' dir='ltr'>modernus,</span> <span class='ocrx_word' id='word_1_743' title='bbox 1457 5477 1624 5533; x_wconf 88' lang='lat' dir='ltr'>nobis</span> <span class='ocrx_word' id='word_1_744' title='bbox 1648 5481 1707 5534; x_wconf 92' lang='lat' dir='ltr'>et</span> <span class='ocrx_word' id='word_1_745' title='bbox 1739 5479 1930 5538; x_wconf 88' lang='lat' dir='ltr'>ordini</span> <span class='ocrx_word' id='word_1_746' title='bbox 1950 5500 2055 5540; x_wconf 91' lang='lat' dir='ltr'>no-</span> 
     </span>
    </p>
   </div>
   <div class='ocr_carea' id='block_1_106' title="bbox 2175 4341 3791 4414">
    <p class='ocr_par' dir='ltr' id='par_1_106' title="bbox 2175 4341 3791 4414">
     <span class='ocr_line' id='line_1_106' title="bbox 2175 4341 3791 4414; baseline 0.002 -18"><span class='ocrx_word' id='word_1_747' title='bbox 2175 4347 2268 4397; x_wconf 92' lang='lat' dir='ltr'>tur</span> <span class='ocrx_word' id='word_1_748' title='bbox 2280 4346 2452 4414; x_wconf 90' lang='lat' dir='ltr'>prout</span> <span class='ocrx_word' id='word_1_749' title='bbox 2478 4341 2633 4396; x_wconf 86' lang='lat' dir='ltr'>infra</span> <span class='ocrx_word' id='word_1_750' title='bbox 2666 4342 2724 4395; x_wconf 92' lang='lat' dir='ltr'>in</span> <span class='ocrx_word' id='word_1_751' title='bbox 2755 4341 2901 4412; x_wconf 90' lang='lat' dir='ltr'>pede</span> <span class='ocrx_word' id='word_1_752' title='bbox 2925 4342 3223 4412; x_wconf 57' lang='lat' dir='ltr'>praesentis</span> <span class='ocrx_word' id='word_1_753' title='bbox 3248 4341 3628 4397; x_wconf 89' lang='lat' dir='ltr'>ordinationis</span> <span class='ocrx_word' id='word_1_754' title='bbox 3656 4347 3791 4401; x_wconf 84' lang='lat' dir='ltr'>sunt</span> 
     </span>
    </p>
   </div>
   <div class='ocr_carea' id='block_1_107' title="bbox 2174 4429 3790 4502">
    <p class='ocr_par' dir='ltr' id='par_1_107' title="bbox 2174 4429 3790 4502">
     <span class='ocr_line' id='line_1_107' title="bbox 2174 4429 3790 4502; baseline 0.001 -18"><span class='ocrx_word' id='word_1_755' title='bbox 2174 4429 2697 4485; x_wconf 74' lang='lat' dir='ltr'>notatas.Volumus</span> <span class='ocrx_word' id='word_1_756' title='bbox 2714 4429 2932 4501; x_wconf 88' lang='lat' dir='ltr'>pariter</span> <span class='ocrx_word' id='word_1_757' title='bbox 2952 4432 3009 4483; x_wconf 88' lang='lat' dir='ltr'>et</span> <span class='ocrx_word' id='word_1_758' title='bbox 3037 4429 3394 4498; x_wconf 89' lang='lat' dir='ltr'>ordinamus,</span> <span class='ocrx_word' id='word_1_759' title='bbox 3431 4430 3587 4502; x_wconf 91' lang='lat' dir='ltr'>quod</span> <span class='ocrx_word' id='word_1_760' title='bbox 3620 4430 3680 4485; x_wconf 93' lang='lat' dir='ltr'>in</span> <span class='ocrx_word' id='word_1_761' title='bbox 3712 4432 3790 4487; x_wconf 82' lang='lat' dir='ltr'>vi-</span> 
     </span>
    </p>
   </div>
   <div class='ocr_carea' id='block_1_108' title="bbox 2172 4504 3787 4590">
    <p class='ocr_par' dir='ltr' id='par_1_108' title="bbox 2172 4504 3787 4590">
     <span class='ocr_line' id='line_1_108' title="bbox 2172 4504 3787 4590; baseline 0.002 -17"><span class='ocrx_word' id='word_1_762' title='bbox 2172 4518 2309 4590; x_wconf 89' lang='lat' dir='ltr'>gilia</span> <span class='ocrx_word' id='word_1_763' title='bbox 2335 4517 2470 4573; x_wconf 89' lang='lat' dir='ltr'>dicti</span> <span class='ocrx_word' id='word_1_764' title='bbox 2499 4517 2631 4572; x_wconf 69' lang='lat' dir='ltr'>festi</span> <span class='ocrx_word' id='word_1_765' title='bbox 2659 4504 2762 4572; x_wconf 80' lang='lat' dir='ltr'>ﬁat</span> <span class='ocrx_word' id='word_1_766' title='bbox 2788 4517 3136 4572; x_wconf 86' lang='lat' dir='ltr'>abstinentia</span> <span class='ocrx_word' id='word_1_767' title='bbox 3157 4521 3214 4573; x_wconf 93' lang='lat' dir='ltr'>et</span> <span class='ocrx_word' id='word_1_768' title='bbox 3240 4518 3302 4573; x_wconf 90' lang='lat' dir='ltr'>in</span> <span class='ocrx_word' id='word_1_769' title='bbox 3326 4518 3415 4574; x_wconf 91' lang='lat' dir='ltr'>die</span> <span class='ocrx_word' id='word_1_770' title='bbox 3451 4518 3554 4574; x_wconf 84' lang='lat' dir='ltr'>ﬁat</span> <span class='ocrx_word' id='word_1_771' title='bbox 3597 4536 3787 4578; x_wconf 85' lang='lat' dir='ltr'>sermo</span> 
     </span>
    </p>
   </div>
   <div class='ocr_carea' id='block_1_109' title="bbox 2172 4607 3782 4677">
    <p class='ocr_par' dir='ltr' id='par_1_109' title="bbox 2172 4607 3782 4677">
     <span class='ocr_line' id='line_1_109' title="bbox 2172 4607 3782 4677; baseline 0.003 -15"><span class='ocrx_word' id='word_1_772' title='bbox 2172 4608 2229 4662; x_wconf 90' lang='lat' dir='ltr'>in</span> <span class='ocrx_word' id='word_1_773' title='bbox 2253 4607 2501 4677; x_wconf 88' lang='lat' dir='ltr'>capitulo</span> <span class='ocrx_word' id='word_1_774' title='bbox 2522 4607 2948 4662; x_wconf 89' lang='lat' dir='ltr'>monachorum</span> <span class='ocrx_word' id='word_1_775' title='bbox 2969 4611 3027 4663; x_wconf 92' lang='lat' dir='ltr'>et</span> <span class='ocrx_word' id='word_1_776' title='bbox 3046 4624 3454 4665; x_wconf 84' lang='lat' dir='ltr'>conversorum</span> <span class='ocrx_word' id='word_1_777' title='bbox 3469 4609 3782 4667; x_wconf 88' lang='lat' dir='ltr'>adlaudem</span> 
     </span>
    </p>
   </div>
   <div class='ocr_carea' id='block_1_110' title="bbox 2172 4694 3785 4767">
    <p class='ocr_par' dir='ltr' id='par_1_110' title="bbox 2172 4694 3785 4767">
     <span class='ocr_line' id='line_1_110' title="bbox 2172 4694 3785 4767; baseline 0.004 -18"><span class='ocrx_word' id='word_1_778' title='bbox 2172 4696 2431 4766; x_wconf 88' lang='lat' dir='ltr'>ejusdem</span> <span class='ocrx_word' id='word_1_779' title='bbox 2454 4694 2736 4763; x_wconf 89' lang='lat' dir='ltr'>Sancti,et</span> <span class='ocrx_word' id='word_1_780' title='bbox 2749 4695 2822 4750; x_wconf 88' lang='lat' dir='ltr'>ad</span> <span class='ocrx_word' id='word_1_781' title='bbox 2839 4696 3321 4752; x_wconf 88' lang='lat' dir='ltr'>reformationem</span> <span class='ocrx_word' id='word_1_782' title='bbox 3338 4698 3586 4767; x_wconf 91' lang='lat' dir='ltr'>Ordinis,</span> <span class='ocrx_word' id='word_1_783' title='bbox 3601 4704 3658 4753; x_wconf 90' lang='lat' dir='ltr'>et</span> <span class='ocrx_word' id='word_1_784' title='bbox 3669 4716 3785 4755; x_wconf 84' lang='lat' dir='ltr'>ces-</span> 
     </span>
    </p>
   </div>
   <div class='ocr_carea' id='block_1_111' title="bbox 2169 4783 3781 4856">
    <p class='ocr_par' dir='ltr' id='par_1_111' title="bbox 2169 4783 3781 4856">
     <span class='ocr_line' id='line_1_111' title="bbox 2169 4783 3781 4856; baseline 0.004 -19"><span class='ocrx_word' id='word_1_785' title='bbox 2169 4787 2325 4838; x_wconf 90' lang='lat' dir='ltr'>setur</span> <span class='ocrx_word' id='word_1_786' title='bbox 2356 4783 2479 4854; x_wconf 88' lang='lat' dir='ltr'>ipsa</span> <span class='ocrx_word' id='word_1_787' title='bbox 2514 4783 2604 4838; x_wconf 90' lang='lat' dir='ltr'>die</span> <span class='ocrx_word' id='word_1_788' title='bbox 2628 4784 2699 4837; x_wconf 90' lang='lat' dir='ltr'>ab</span> <span class='ocrx_word' id='word_1_789' title='bbox 2731 4784 2999 4839; x_wconf 90' lang='lat' dir='ltr'>omnibus</span> <span class='ocrx_word' id='word_1_790' title='bbox 3022 4785 3314 4856; x_wconf 88' lang='lat' dir='ltr'>operibus,</span> <span class='ocrx_word' id='word_1_791' title='bbox 3340 4788 3404 4839; x_wconf 92' lang='lat' dir='ltr'>ut</span> <span class='ocrx_word' id='word_1_792' title='bbox 3428 4785 3630 4841; x_wconf 90' lang='lat' dir='ltr'>divinis</span> <span class='ocrx_word' id='word_1_793' title='bbox 3659 4788 3781 4843; x_wconf 85' lang='lat' dir='ltr'>lau-</span> 
     </span>
    </p>
   </div>
   <div class='ocr_carea' id='block_1_112' title="bbox 2169 4871 3626 4929">
    <p class='ocr_par' dir='ltr' id='par_1_112' title="bbox 2169 4871 3626 4929">
     <span class='ocr_line' id='line_1_112' title="bbox 2169 4871 3626 4929; baseline 0.002 -3"><span class='ocrx_word' id='word_1_794' title='bbox 2169 4871 2333 4926; x_wconf 87' lang='lat' dir='ltr'>dibus</span> <span class='ocrx_word' id='word_1_795' title='bbox 2357 4871 2575 4926; x_wconf 82' lang='lat' dir='ltr'>tacilius</span> <span class='ocrx_word' id='word_1_796' title='bbox 2605 4873 2663 4925; x_wconf 91' lang='lat' dir='ltr'>et</span> <span class='ocrx_word' id='word_1_797' title='bbox 2692 4871 2952 4926; x_wconf 90' lang='lat' dir='ltr'>devotius</span> <span class='ocrx_word' id='word_1_798' title='bbox 2980 4871 3281 4928; x_wconf 73' lang='lat' dir='ltr'>intendere</span> <span class='ocrx_word' id='word_1_799' title='bbox 3317 4876 3626 4929; x_wconf 88' lang='lat' dir='ltr'>valeamus.</span> 
     </span>
    </p>
   </div>
   <div class='ocr_carea' id='block_1_113' title="bbox 2236 4959 3781 5033">
    <p class='ocr_par' dir='ltr' id='par_1_113' title="bbox 2236 4959 3781 5033">
     <span class='ocr_line' id='line_1_113' title="bbox 2236 4959 3781 5033; baseline 0.004 -18"><span class='ocrx_word' id='word_1_800' title='bbox 2236 4962 2360 5015; x_wconf 90' lang='lat'><strong>768.</strong></span> <span class='ocrx_word' id='word_1_801' title='bbox 2384 4982 2411 5009; x_wconf 86' lang='grc'><strong>‹‹</strong></span> <span class='ocrx_word' id='word_1_802' title='bbox 2432 4961 2576 5014; x_wconf 88' lang='lat' dir='ltr'>Item</span> <span class='ocrx_word' id='word_1_803' title='bbox 2592 4959 3110 5033; x_wconf 89' lang='lat' dir='ltr'>ordinamus,quod</span> <span class='ocrx_word' id='word_1_804' title='bbox 3123 4960 3341 5017; x_wconf 90' lang='lat' dir='ltr'>dictum</span> <span class='ocrx_word' id='word_1_805' title='bbox 3355 4962 3565 5018; x_wconf 89' lang='lat' dir='ltr'>festum</span> <span class='ocrx_word' id='word_1_806' title='bbox 3576 4964 3781 5021; x_wconf 86' lang='lat' dir='ltr'>scriba-</span> 
     </span>
    </p>
   </div>
   <div class='ocr_carea' id='block_1_114' title="bbox 2166 5046 3774 5110">
    <p class='ocr_par' dir='ltr' id='par_1_114' title="bbox 2166 5046 3774 5110">
     <span class='ocr_line' id='line_1_114' title="bbox 2166 5046 3774 5110; baseline 0.005 -8"><span class='ocrx_word' id='word_1_807' title='bbox 2166 5050 2259 5102; x_wconf 91' lang='lat' dir='ltr'>tur</span> <span class='ocrx_word' id='word_1_808' title='bbox 2281 5047 2338 5102; x_wconf 90' lang='lat' dir='ltr'>in</span> <span class='ocrx_word' id='word_1_809' title='bbox 2360 5046 2711 5101; x_wconf 87' lang='lat' dir='ltr'>Calendariis</span> <span class='ocrx_word' id='word_1_810' title='bbox 2733 5047 2951 5104; x_wconf 90' lang='lat' dir='ltr'>ordinis</span> <span class='ocrx_word' id='word_1_811' title='bbox 2977 5049 3080 5103; x_wconf 90' lang='lat' dir='ltr'>sub</span> <span class='ocrx_word' id='word_1_812' title='bbox 3120 5049 3272 5104; x_wconf 89' lang='lat' dir='ltr'>dicta</span> <span class='ocrx_word' id='word_1_813' title='bbox 3298 5050 3389 5105; x_wconf 91' lang='lat' dir='ltr'>die</span> <span class='ocrx_word' id='word_1_814' title='bbox 3423 5055 3581 5107; x_wconf 83' lang='lat' dir='ltr'>sexta</span> <span class='ocrx_word' id='word_1_815' title='bbox 3609 5052 3774 5110; x_wconf 89' lang='lat' dir='ltr'>Octo-</span> 
     </span>
    </p>
   </div>
   <div class='ocr_carea' id='block_1_115' title="bbox 2164 5134 3774 5214">
    <p class='ocr_par' dir='ltr' id='par_1_115' title="bbox 2164 5134 3774 5214">
     <span class='ocr_line' id='line_1_115' title="bbox 2164 5134 3774 5214; baseline 0.006 -26"><span class='ocrx_word' id='word_1_816' title='bbox 2164 5135 2300 5202; x_wconf 91' lang='lat' dir='ltr'>bris,</span> <span class='ocrx_word' id='word_1_817' title='bbox 2333 5139 2391 5189; x_wconf 91' lang='lat' dir='ltr'>et</span> <span class='ocrx_word' id='word_1_818' title='bbox 2420 5134 2478 5189; x_wconf 90' lang='lat' dir='ltr'>in</span> <span class='ocrx_word' id='word_1_819' title='bbox 2509 5134 2757 5189; x_wconf 89' lang='lat' dir='ltr'>Letaniis</span> <span class='ocrx_word' id='word_1_820' title='bbox 2787 5140 2917 5209; x_wconf 88' lang='lat' dir='ltr'>post</span> <span class='ocrx_word' id='word_1_821' title='bbox 2960 5140 3225 5192; x_wconf 89' lang='lat' dir='ltr'>sanctum</span> <span class='ocrx_word' id='word_1_822' title='bbox 3269 5139 3643 5195; x_wconf 89' lang='lat' dir='ltr'>Benedictum</span> <span class='ocrx_word' id='word_1_823' title='bbox 3672 5159 3774 5214; x_wconf 86' lang='lat' dir='ltr'>po-</span> 
     </span>
    </p>
   </div>
   <div class='ocr_carea' id='block_1_116' title="bbox 2164 5223 3769 5300">
    <p class='ocr_par' dir='ltr' id='par_1_116' title="bbox 2164 5223 3769 5300">
     <span class='ocr_line' id='line_1_116' title="bbox 2164 5223 3769 5300; baseline 0.006 -24"><span class='ocrx_word' id='word_1_824' title='bbox 2164 5227 2354 5291; x_wconf 89' lang='lat' dir='ltr'>natur,</span> <span class='ocrx_word' id='word_1_825' title='bbox 2385 5223 2687 5291; x_wconf 88' lang='lat' dir='ltr'>scribatur,</span> <span class='ocrx_word' id='word_1_826' title='bbox 2718 5226 2775 5277; x_wconf 92' lang='lat' dir='ltr'>et</span> <span class='ocrx_word' id='word_1_827' title='bbox 2802 5224 2873 5278; x_wconf 88' lang='lat' dir='ltr'>ab</span> <span class='ocrx_word' id='word_1_828' title='bbox 2894 5224 3028 5279; x_wconf 91' lang='lat' dir='ltr'>inde</span> <span class='ocrx_word' id='word_1_829' title='bbox 3056 5225 3279 5280; x_wconf 89' lang='lat' dir='ltr'>dicatur</span> <span class='ocrx_word' id='word_1_830' title='bbox 3298 5248 3324 5275; x_wconf 85' lang='lat'><strong>«</strong></span> <span class='ocrx_word' id='word_1_831' title='bbox 3343 5226 3549 5283; x_wconf 90' lang='lat' dir='ltr'>Sancte</span> <span class='ocrx_word' id='word_1_832' title='bbox 3562 5229 3769 5300; x_wconf 89' lang='lat' dir='ltr'>Bruno,</span> 
     </span>
    </p>
   </div>
   <div class='ocr_carea' id='block_1_117' title="bbox 2163 5310 3772 5390">
    <p class='ocr_par' dir='ltr' id='par_1_117' title="bbox 2163 5310 3772 5390">
     <span class='ocr_line' id='line_1_117' title="bbox 2163 5310 3772 5390; baseline 0.007 -27"><span class='ocrx_word' id='word_1_833' title='bbox 2163 5330 2194 5363; x_wconf 78' lang='lat'>«</span> <span class='ocrx_word' id='word_1_834' title='bbox 2217 5327 2319 5365; x_wconf 91' lang='lat' dir='ltr'>ora</span> <span class='ocrx_word' id='word_1_835' title='bbox 2339 5326 2445 5383; x_wconf 92' lang='lat' dir='ltr'>pro</span> <span class='ocrx_word' id='word_1_836' title='bbox 2480 5310 2665 5365; x_wconf 88' lang='lat' dir='ltr'>nobis.</span> <span class='ocrx_word' id='word_1_837' title='bbox 2702 5332 2729 5360; x_wconf 84' lang='lat'>»</span> <span class='ocrx_word' id='word_1_838' title='bbox 2765 5313 2910 5367; x_wconf 90' lang='lat' dir='ltr'>Item</span> <span class='ocrx_word' id='word_1_839' title='bbox 2952 5313 3170 5386; x_wconf 89' lang='lat' dir='ltr'>pariter</span> <span class='ocrx_word' id='word_1_840' title='bbox 3221 5314 3590 5386; x_wconf 90' lang='lat' dir='ltr'>Ordinamus,</span> <span class='ocrx_word' id='word_1_841' title='bbox 3622 5320 3772 5390; x_wconf 91' lang='lat' dir='ltr'>quod</span> 
     </span>
    </p>
   </div>
   <div class='ocr_carea' id='block_1_118' title="bbox 2162 5398 3766 5471">
    <p class='ocr_par' dir='ltr' id='par_1_118' title="bbox 2162 5398 3766 5471">
     <span class='ocr_line' id='line_1_118' title="bbox 2162 5398 3766 5471; baseline 0.006 -19"><span class='ocrx_word' id='word_1_842' title='bbox 2162 5398 2402 5470; x_wconf 88' lang='lat' dir='ltr'>singulis</span> <span class='ocrx_word' id='word_1_843' title='bbox 2432 5398 2655 5462; x_wconf 81' lang='lat' dir='ltr'>diebus.</span> <span class='ocrx_word' id='word_1_844' title='bbox 2688 5399 2892 5471; x_wconf 90' lang='lat' dir='ltr'>quibus</span> <span class='ocrx_word' id='word_1_845' title='bbox 2916 5404 3125 5457; x_wconf 64' lang='lat' dir='ltr'>caetera</span> <span class='ocrx_word' id='word_1_846' title='bbox 3167 5402 3437 5459; x_wconf 88' lang='lat' dir='ltr'>dicuntur</span> <span class='ocrx_word' id='word_1_847' title='bbox 3465 5406 3633 5462; x_wconf 88' lang='lat' dir='ltr'>solita</span> <span class='ocrx_word' id='word_1_848' title='bbox 3656 5407 3766 5462; x_wconf 86' lang='lat' dir='ltr'>suf-</span> 
     </span>
    </p>
   </div>
   <div class='ocr_carea' id='block_1_119' title="bbox 2155 5484 3768 5569">
    <p class='ocr_par' dir='ltr' id='par_1_119' title="bbox 2155 5484 3768 5569">
     <span class='ocr_line' id='line_1_119' title="bbox 2155 5484 3768 5569; baseline 0.007 -26"><span class='ocrx_word' id='word_1_849' title='bbox 2155 5486 2343 5559; x_wconf 82' lang='lat' dir='ltr'>fragia</span> <span class='ocrx_word' id='word_1_850' title='bbox 2384 5486 2444 5543; x_wconf 90' lang='lat' dir='ltr'>in</span> <span class='ocrx_word' id='word_1_851' title='bbox 2485 5484 2772 5544; x_wconf 86' lang='lat' dir='ltr'>Matutinis</span> <span class='ocrx_word' id='word_1_852' title='bbox 2822 5491 2882 5545; x_wconf 86' lang='lat' dir='ltr'>et</span> <span class='ocrx_word' id='word_1_853' title='bbox 2926 5489 3205 5562; x_wconf 86' lang='lat' dir='ltr'>Vesperis,</span> <span class='ocrx_word' id='word_1_854' title='bbox 3255 5490 3600 5552; x_wconf 87' lang='lat' dir='ltr'>immediate</span> <span class='ocrx_word' id='word_1_855' title='bbox 3636 5501 3768 5569; x_wconf 86' lang='lat' dir='ltr'>post</span> 
     </span>
    </p>
   </div>
   <div class='ocr_carea' id='block_1_120' title="bbox 3179 5900 4006 5995">
    <p class='ocr_par' dir='ltr' id='par_1_120' title="bbox 3179 5900 4006 5995">
     <span class='ocr_line' id='line_1_120' title="bbox 3179 5900 4006 5995; baseline -0.005 0"><span class='ocrx_word' id='word_1_856' title='bbox 3179 5982 3360 5994; x_wconf 79' lang='lat'>_—_</span> <span class='ocrx_word' id='word_1_857' title='bbox 3388 5979 3536 5992; x_wconf 45' lang='grc' dir='ltr'>ή-</span> <span class='ocrx_word' id='word_1_858' title='bbox 3561 5976 3676 5988; x_wconf 48' lang='lat' dir='ltr'>q—</span> <span class='ocrx_word' id='word_1_859' title='bbox 3705 5900 4006 5995; x_wconf 32' lang='lat' dir='ltr'>‘i‘ﬁ‘u‘J</span> 
     </span>
    </p>
   </div>
  </div>
