4066 6032
353 313 424 383 73
1888 306 2073 377 ACTA

307 430 938 497 commemorationem
959 435 1142 492 sancti
1169 434 1406 492 Joannis
1434 434 1535 490 ﬁat
1581 436 1653 492 de
1697 453 1765 491 eo
1804 424 1926 491 mo?
1942 461 1999 521 Α

308 523 661 581 memoratio
688 524 749 578 in
765 524 920 579 hunc
940 525 1181 581 modum
1211 542 1223 579 :
1246 525 1599 596 Antiphona,
1624 526 1920 581 Similabo.

306 612 538 678 Versus,
567 613 595 666 J
602 615 788 667 ustum
813 613 1065 668 deduxit.
1092 614 1306 677 Oratio,
1331 635 1357 662 »
1384 614 1763 685 Omnipotens
1779 631 1926 669 sem-

306 721 341 750 »
368 701 592 773 piterne
623 704 792 769 Deus,
821 705 929 756 etc.
960 703 1032 757 Ut
1060 720 1165 775 per
1214 704 1335 773 ejus
1366 703 1838 759 intercessionem
1867 706 1924 758 et

304 809 337 837 η
363 789 573 844 merita
603 788 859 844 divinam
886 790 945 845 in
974 792 1245 863 prassenti
1273 791 1622 862 gratiam,et
1641 796 1919 847 mternam

306 897 338 925 »
367 876 424 930 in
438 876 632 932 futuro
658 878 906 949 gloriam
928 878 1201 951 consequi
1227 896 1624 935 mereamur.»
1659 880 1921 951 Sequun-

302 968 404 1019 tur
420 965 722 1031 Orationes
741 966 814 1021 ad
825 967 1048 1023 Missam
1074 968 1352 1036 dicendas,
1372 985 1616 1040 quarum
1634 969 1823 1041 prima
1844 968 1924 1023 di-

301 1057 472 1108 cetur
484 1055 540 1110 in
556 1053 647 1109 die
663 1054 738 1110 ad
754 1058 1023 1129 utrasque
1036 1056 1558 1128 Vesperas,Laudes
1577 1058 1918 1125 etTertiam,

300 1146 371 1197 et
394 1143 654 1215 quotidie
686 1144 760 1200 ad
797 1146 1422 1202 commemorationem
1459 1148 1517 1202 in
1550 1147 1836 1202 Matutinis
1863 1150 1923 1201 et

297 1231 589 1304 Vesperis.
624 1232 849 1288 ORATIO.
886 1255 915 1284 «
958 1234 1339 1307 Omnipotens
1380 1236 1731 1308 sempiterne
1773 1238 1920 1291 Deus

301 1319 459 1391 »(Ῑυὶ
502 1321 970 1376 renuntiantibus
1022 1324 1228 1378 seculo
1268 1324 1601 1379 mansiones
1643 1340 1810 1396 paras
1860 1322 1919 1376 in

300 1428 333 1456 »
359 1408 525 1474 caalo,
552 1408 905 1464 immensam
926 1411 1298 1466 clementiam
1321 1416 1482 1467 tuam
1506 1412 1801 1466 humiliter
1818 1412 1922 1467 im-

303 1515 335 1543 »
358 1495 676 1566 ploramus,
701 1500 783 1563 ut,
806 1496 1202 1554 intercedente
1225 1500 1395 1555 beato
1420 1501 1686 1555 Brunone
1703 1500 1922 1555 confes-

299 1602 332 1631 »
356 1600 488 1637 sore
512 1586 632 1652 tuo,
655 1587 808 1651 vota,
846 1602 974 1657 qua;
1012 1587 1341 1657 profitendo
1372 1588 1632 1656 fecimus,
1674 1589 1921 1643 ﬁdeliter

299 1690 331 1719 ››
358 1669 626 1742 implere,
657 1676 717 1726 et
739 1672 813 1728 ad
853 1690 941 1740 ea,
968 1692 1095 1747 qum
1125 1677 1629 1745 perseverantibus
1653 1677 1714 1732 in
1745 1680 1801 1731 te
1833 1676 1917 1731 di-

3526 315 3631 374 474

2026 436 2183 493 ctum
2217 434 2346 502 coli,
2376 434 2511 490 vivae
2540 435 2818 491 duntaxat
2864 436 3015 492 vocis
3059 439 3288 495 oraculo
3334 432 3632 512 impertie-i

2026 527 2137 589 rat,
2169 523 2453 578 facultatis
2478 523 2840 579 mentionem
2872 524 2931 579 in
2966 525 3140 597 priori
3172 527 3360 581 facere
3398 526 3631 598 capituli

2025 613 2311 682 generalis
2336 613 2473 667 anni
2506 616 2639 667 1515
2659 614 2857 667 Patres
2878 631 2992 668 non
3019 614 3336 681 omiserint,
3363 616 3490 687 quis
3510 617 3633 670 Bul-

2026 700 2095 753 lae
2124 699 2455 771 pontificim,
2489 701 2705 755 cultum
2736 702 3020 756 Brunonis
3037 703 3479 759 ecclesiasticum
3513 721 3631 758 non

2026 790 2250 843 tantum
2284 788 2691 859 permittentis,
2748 790 2848 843 sed
2906 790 3082 844 etiam
3136 791 3497 846 decernentis
3533 808 3635 847 seu

2024 876 2432 948 praecipientis,
2462 876 2506 931 si
2532 878 2748 931 bullam
2778 878 3112 948 huiusmodi
3148 879 3456 947 novissent,
3472 896 3634 934 men-

2022 963 2266 1032 tionem,
2302 965 2634 1031 arbitretur,
2669 965 2904 1035 capituli
2934 966 3072 1020 anni
3108 971 3241 1021 1516
3287 970 3486 1022 Patres
3514 968 3632 1023 fac-

2022 1053 2182 1106 turos
2208 1070 2326 1108 non
2356 1053 2527 1108 fuisse
2550 1054 2609 1107 in
2632 1053 2918 1109 dictorum
2939 1054 3421 1111 documentorum
3440 1059 3631 1127 poste-

2020 1139 2179 1207 riori,
2209 1158 2321 1212 quo
2335 1142 2776 1211 confirmarunt,
2794 1142 2949 1214 quod
2972 1147 3141 1198 antea
3160 1144 3229 1198 de
3247 1147 3401 1200 cultu
3431 1148 3633 1200 sancto

2022 1228 2175 1283 Patri
2206 1246 2307 1284 suo
2341 1229 2675 1297 deferendo,
2711 1247 2842 1284 cum
2874 1230 2919 1284 is
2950 1248 2983 1285 a
3012 1231 3302 1302 pontifice,
3331 1249 3449 1287 non
3479 1249 3627 1305 prae-

2021 1318 2237 1386 ceptus,
2260 1317 2359 1370 sed
2380 1317 2691 1387 permissus
2725 1317 3001 1373 duntaxat
3026 1319 3241 1386 fuisset,
3262 1321 3628 1377 statuerant?

2091 1408 2215 1460 770.
2238 1406 2449 1460 Adhaec
2473 1407 2531 1459 in
2554 1407 2855 1477 posteriori
2886 1424 2917 1461 e
2949 1408 3167 1463 duabus
3191 1410 3442 1465 recitatis
3473 1409 3625 1465 ordi-

2021 1494 2370 1561 nationibus,
2400 1510 2554 1550 anno
2582 1512 2649 1548 ex
2685 1494 2850 1549 dictis
2886 1499 3018 1549 1516
3062 1497 3312 1565 condita,
3344 1497 3630 1569 generalis

2021 1583 2252 1654 capituli
2279 1586 2415 1638 tunc
2459 1584 2731 1638 celebrati
2780 1585 2976 1639 Patres
3022 1586 3191 1640 bullzn
3234 1587 3562 1657 pontiﬁciae,
3595 1604 3630 1642 a

2021 1672 2210 1727 Leone
2224 1672 2449 1727 decimo
2464 1689 2615 1743 papa
2628 1672 2700 1726 ad
2720 1673 2934 1728 ordinis
2954 1674 3367 1729 Carthusiensis
3385 1693 3627 1747 genera—

302 1781 333 1806 n
353 1763 566 1830 gnatus
596 1777 655 1815 es
682 1761 1045 1837 promittere,
1074 1765 1364 1819 valeamus
1390 1765 1693 1820 salubriter
1718 1782 1917 1836 perve-
1941 1784 1991 1842 Β
2019 1759 2134 1813 lem
2162 1759 2371 1826 missas,
2388 1776 2502 1830 qua
2517 1760 2609 1814 hic
2625 1760 2886 1831 pontifex
2903 1759 2959 1817 S.
2987 1762 3313 1816 Brunonem
3333 1763 3629 1818 canoniza-

298 1868 329 1896 ››
356 1847 505 1902 nire.
535 1849 664 1903 Per.
695 1870 722 1897 ››
746 1848 1008 1904 Sacae-rs.
1047 1874 1074 1901 «
1104 1851 1461 1907 Sacrandum
1488 1853 1616 1921 tibi,
1648 1856 1915 1920 Domine,

298 1957 331 1984 »
357 1952 573 1991 munus
617 1936 931 2006 offerimus,
976 1939 1342 2009 majestatem
1380 1943 1539 1995 tuam
1589 1942 1919 2013 suppliciter

298 2045 329 2073 »
348 2026 676 2092 exorantes,
705 2027 767 2079 ut
784 2042 891 2096 per
928 2026 1401 2083 intercessionem
1431 2032 1490 2083 et
1525 2030 1733 2084 merita
1760 2031 1915 2086 beati

298 2113 640 2169 »Brunonis
684 2115 1026 2172 confessoris
1052 2116 1155 2184 tui,
1187 2135 1221 2172 a
1260 2118 1506 2191 peccatis
1548 2120 1818 2174 omnibus
1860 2124 1917 2176 et

295 2222 326 2252 ››
350 2205 727 2274 peccatorum
769 2204 1032 2259 omnium
1078 2205 1262 2278 pcenis
1316 2207 1581 2276 absoluti,
1614 2213 1914 2281 acceptum

290 2312 321 2341 ››
347 2290 458 2345 tibi
496 2291 839 2347 sacrificium
888 2293 944 2347 in
994 2298 1107 2349 tuae
1152 2294 1435 2350 Passionis
1486 2299 1544 2350 et
1569 2300 1781 2352 nostrae
1812 2299 1917 2353 Re-

293 2379 704 2453 »ﬁemptionis
736 2382 1084 2437 memoriam
1118 2383 1326 2438 offerre
1360 2384 1671 2440 valeamus.
1704 2386 1809 2450 Qui
1832 2387 1910 2441 vi-

293 2488 323 2517 »
350 2467 455 2523 vis.
482 2488 509 2518 n
537 2468 881 2525 CouPLnNnA.
921 2492 949 2520 ‹‹
978 2472 1087 2525 Per
1109 2471 1232 2526 haec
1257 2476 1474 2541 sancta,
1503 2491 1631 2545 qua:
1671 2476 1913 2548 sumpsi-

292 2578 323 2606 »
338 2573 505 2628 mus,
523 2557 768 2612 Domine
791 2559 959 2626 Deus,
983 2559 1143 2630 pium
1161 2560 1219 2614 in
1244 2561 1413 2615 nobis
1434 2563 1683 2617 accende
1697 2568 1909 2621 sanctae

295 2645 665 2716 ».Religionis
695 2644 988 2713 affectum,
1016 2648 1080 2701 ut
1110 2647 1254 2719 ejus,
1289 2665 1462 2721 quem
1495 2654 1558 2705 ut
1591 2655 1819 2721 patrem
1848 2653 1909 2707 in

294 2754 323 2781 ››
348 2733 521 2788 terris
550 2734 814 2801 colimus,
846 2735 1086 2807 vestigia
1114 2736 1504 2809 insequentes,
1533 2740 1709 2811 quod,
1732 2743 1788 2794 te
1812 2741 1911 2797 do-

294 2843 323 2871 »
343 2825 547 2890 nante,
574 2823 968 2896 promisimus,
1002 2828 1056 2878 te
1087 2829 1387 2897 operante,
1416 2826 1755 2898 implere,et
1773 2845 1906 2885 cum

293 2931 323 2959 »
345 2910 477 2965 vita:
496 2910 630 2967 ﬁnis
663 2912 976 2981 advenerit,
1006 2913 1079 2967 ad
1105 2916 1182 2981 te,
1215 2914 1311 2986 qui
1341 2914 1705 2986 via,.veritas,
1736 2921 1796 2973 et
1823 2920 1905 2974 vi-

293 3019 323 3047 »
347 3001 410 3054 ta
431 3015 513 3066 es,
547 3000 847 3071 pervenire
879 3017 1231 3056 mereamur.
1268 3002 1373 3067 Qui
1407 3003 1562 3071 vivis,
1594 3025 1621 3053 ››
1653 3008 1761 3061 etc.

366 3089 493 3141 769.
513 3087 824 3154 Posterior,
841 3106 940 3143 seu
954 3106 1081 3162 qua:
1094 3106 1251 3145 anno
1270 3094 1361 3144 151
1374 3093 1405 3145 6
1418 3091 1527 3146 fuit
1552 3093 1906 3166 praescripta,

287 3175 381 3253 his
400 3175 950 3249 verbisconcipitur:
973 3200 1001 3227 ‹‹
1023 3177 1461 3235 Ordinationem
1484 3180 1542 3234 in
1556 3183 1909 3251 praecedenti

287 3261 544 3333 capitulo
561 3261 775 3318 factam
793 3263 1410 3321 circacelebrationem
1431 3265 1559 3322 festi
1594 3268 1745 3323 beati
1774 3270 1909 3325 Bru-

290 3349 464 3404 nonis
493 3349 679 3404 Patris
711 3351 892 3405 nostri
924 3350 1360 3421 conﬁrmamus,
1380 3356 1437 3408 et
1466 3370 1595 3408 eam
1626 3362 1906 3427 perpetuo

287 3437 351 3501 in
381 3437 596 3492 Ordine
623 3440 820 3493 nostro
852 3439 1141 3494 observari
1174 3441 1438 3495 volumus
1457 3445 1514 3495 et
1535 3443 1904 3512 mandamus,

286 3524 402 3590 hoc
429 3524 648 3592 addito,
684 3525 862 3596 quod,
894 3526 1039 3581 sicut
1066 3527 1128 3581 in
1169 3527 1420 3582 Letaniis
1450 3528 1703 3599 privatis,
1741 3532 1822 3587 ita
1850 3536 1908 3587 et

287 3612 354 3667 in
380 3612 854 3668 conventualibus
884 3617 1137 3686 ponatur
1161 3617 1219 3669 et
1242 3615 1545 3684 scribatur,
1570 3620 1627 3672 et
1652 3618 1723 3672 ab
1775 3618 1909 3676 inde

289 3700 559 3759 dicatur:
592 3723 620 3751 «
652 3700 859 3756 Sancte
904 3702 1115 3770 Bruno,
1152 3719 1256 3757 ora
1299 3720 1404 3775 pro
1440 3705 1626 3759 nobis.
1678 3727 1705 3755 »
1745 3708 1811 3761 Et
1851 3708 1909 3763 in

290 3789 702 3860 Martyrologio
729 3791 833 3847 sub
865 3789 957 3844 die
986 3795 1146 3846 sexta
1167 3791 1428 3847 Octobris
1443 3794 1768 3850 scribantur
1790 3797 1910 3851 haec

290 3877 504 3932 verba:
528 3877 588 3931 in
612 3878 875 3933 Calabria
903 3878 1185 3951 depositio
1210 3881 1359 3935 beati
1384 3882 1667 3938 Brunonis
1686 3886 1909 3939 confes-

2017 1847 2112 1913 rit,
2143 1865 2260 1903 non
2283 1852 2510 1903 tantum
2535 1865 2653 1903 non
2684 1850 3028 1917 meminere,
3057 1850 3159 1904 sed
3188 1851 3406 1906 bullam
3437 1851 3629 1922 hujus-

2019 1936 2179 1991 modi
2211 1954 2245 1991 a
2265 1938 2455 1994 Leone
2479 1938 2550 1992 ad
2568 1938 2784 1992 ordinis
2804 1938 2889 1993 sui
2910 1940 3241 2010 generalem
3256 1939 3491 1994 missam
3509 1955 3629 1995 non

2016 2023 2274 2092 fuisse,in
2286 2025 2394 2079 hac
2417 2025 2539 2097 ipsa
2561 2025 2927 2081 ordinatione
2939 2043 3043 2080 sua
3063 2026 3407 2097 conjiciendi
3426 2043 3630 2081 ansam

2016 2111 2299 2182 praebent.
2322 2114 2474 2167 Dum
2496 2113 2653 2168 enim
2675 2114 2802 2183 hac,
2821 2117 2884 2168 ut
2896 2117 3124 2170 sanctus
3145 2116 3361 2171 ordinis
3372 2115 3457 2170 sui
3473 2115 3634 2169 insti-

2014 2201 2172 2254 tutor
2192 2202 2607 2273 martyrologio
2620 2202 3160 2276 inscribatur,praeci
3167 2204 3350 2275 piunt,
3366 2220 3483 2259 non
3498 2220 3631 2259 cum

2015 2286 2228 2355 Sancti,
2245 2290 2345 2344 sed
2365 2306 2496 2344 cum
2520 2291 2677 2346 Beati
2692 2292 2991 2347 dumtaxat
3012 2293 3175 2348 titulo
3194 2293 3318 2347 ﬁeri
3332 2293 3389 2348 id
3395 2294 3625 2364 jubent,

2013 2392 2173 2437 secus
2204 2380 2402 2432 tamen
2428 2379 2858 2435 verosimillime
2883 2380 3171 2448 facturi,si
3199 2382 3369 2437 bulla:
3389 2381 3622 2453 pontiﬁ-

2012 2465 2114 2520 ciaa
2146 2464 2220 2534 vi,
2253 2482 2366 2538 qua
2397 2468 2588 2523 Bruno
2619 2468 3057 2524 canonizatione
3102 2471 3307 2525 saltem
3348 2471 3621 2542 tequipol-

2009 2551 2173 2621 lenti,
2198 2556 2261 2607 ut
2290 2558 2515 2622 vocant,
2544 2556 2914 2612 canonizatus
2941 2556 3157 2625 fuisset,
3182 2556 3376 2612 Sancti
3391 2558 3623 2614 titulum

2011 2639 2063 2694 ei
2089 2645 2417 2712 competere
2448 2648 2814 2716 perspectum
2840 2645 3192 2700 habuissent.
3208 2647 3322 2700 Nec
3347 2649 3452 2715 est,
3467 2646 3624 2719 quod

2007 2745 2276 2801 reponas,
2307 2731 2638 2786 Brunonem
2664 2732 2723 2787 in
2746 2733 2987 2803 praefata
3013 2733 3398 2803 ordinatione,
3426 2738 3623 2805 utpote

2008 2833 2121 2888 qua
2136 2834 2242 2889 per
2260 2835 2424 2874 voces
2437 2819 2631 2888 hasce,
2651 2844 2677 2870 «
2705 2820 2913 2876 Sancte
2932 2822 3249 2890 Bruno,ora
3269 2822 3577 2894 pronobis,
3594 2843 3623 2872 »

2007 2904 2067 2960 in
2093 2906 2328 2963 Litaniis
2362 2909 2837 2964 conventualibus
2865 2910 3119 2966 invocari
3143 2912 3399 2982 jubetur,
3429 2910 3623 2967 Sancti

2009 2993 2173 3057 titulo
2200 2995 2379 3051 etiam
2406 2996 2778 3052 condecorari
2805 3015 2817 3052 :
2853 3015 2885 3052 e
2927 2999 3204 3054 cmlitibus
3234 2999 3413 3065 enim,
3435 3000 3534 3072 qui
3562 2999 3624 3054 in

2010 3082 2246 3137 Litaniis
2264 3084 2616 3155 hujusmodi,
2638 3085 2864 3155 publice
2886 3086 3114 3142 recitari
3132 3087 3289 3142 haud
3308 3087 3509 3156 solitis,
3531 3087 3619 3142 in-

2007 3174 2305 3239 vocantur,
2338 3175 2459 3226 tam
2500 3172 2537 3227 ii
2569 3173 2665 3244 qui
2695 3177 2847 3241 sunt,
2881 3191 3057 3245 quam
3095 3175 3135 3230 ii
3182 3176 3279 3248 qui
3312 3192 3430 3232 non
3467 3178 3622 3245 sunt,

2008 3258 2067 3312 in
2089 3263 2422 3315 sanctorum
2456 3261 2653 3317 album
2684 3263 3117 3319 canonizatione
3148 3281 3247 3319 seu
3268 3264 3503 3320 formati
3519 3282 3621 3321 seu

2008 3347 2400 3419 aequipollenti
2431 3349 2619 3416 relati,
2655 3348 2848 3405 Sancti
2894 3352 3060 3406 titulo
3101 3353 3287 3408 solent
3316 3353 3487 3409 afﬁci.
3515 3353 3621 3409 Ve-

2007 3452 2139 3490 rum
2172 3436 2374 3492 demus
2405 3439 2602 3505 etiam,
2636 3440 2845 3494 nullius
2872 3442 3044 3512 plane
3072 3441 3296 3496 roboris
3317 3458 3461 3509 esse,
3493 3456 3623 3513 quae

2009 3540 2041 3578 e
2117 3526 2523 3599 capitularibus
2596 3527 3107 3585 Carthusianorum
3165 3530 3623 3586 ordinationibus

2008 3616 2211 3667 contra
2240 3618 2516 3669 assertam
2544 3631 2578 3669 a
2608 3616 2849 3672 Camillo
2880 3618 3107 3686 Tutino,
3139 3635 3315 3690 quam
3362 3619 3436 3674 ad
3465 3618 3622 3674 ordi-

2008 3700 2097 3755 nis
2124 3701 2535 3758 Carthusiensis
2573 3706 2909 3774 generalem
2939 3722 3093 3760 anno
3116 3709 3248 3760 1515
3287 3707 3457 3761 ιθο’Χ
3474 3723 3629 3779 papa

2009 3790 2252 3858 miserit,
2277 3792 2729 3848 canonizationis
2753 3794 2811 3848 S.
2839 3794 3122 3849 Brunonis
3163 3795 3382 3849 bullam
3412 3794 3471 3848 in
3503 3811 3624 3849 me-

2011 3877 2172 3933 dium
2199 3880 2474 3935 hactenus
2499 3881 2876 3949 adduximus;
2904 3882 3118 3937 bullam
3139 3881 3409 3953 equidem
3429 3883 3623 3953 hujus-

292 3964 461 4032 soris,
502 3965 674 4038 primi
713 3962 1056 4021 institutoris
1106 3967 1325 4022 ordinis
1377 3969 1809 4027 Carthusiensis.
1844 3973 1914 4027 Et
2012 3968 2171 4023 modi
2200 3984 2234 4022 a
2263 3969 2537 4041 pontifice
2582 3969 2678 4025 illo
2726 3971 2921 4025 datam
2962 3987 3264 4043 nunquam
3315 3970 3509 4039 fuisse,
3554 3985 3623 4025 ac

294 4053 675 4121 nihilominus
696 4054 1053 4123 ordinamus,
1087 4056 1244 4128 quod
1273 4057 1344 4111 de
1374 4057 1488 4112 vita
1527 4059 1648 4129 ejus
1689 4061 1914 4116 noviter
2011 4056 2178 4128 proin
2207 4074 2316 4112 nec
2345 4058 2419 4113 ad
2449 4058 2666 4113 ordinis
2692 4058 3104 4115 Carthusiensis
3119 4059 3457 4131 generalem
3482 4059 3619 4114 mis-

292 4140 580 4213 impressa
609 4143 836 4214 legatur
860 4143 920 4197 in
952 4144 1260 4199 refectorio
1290 4143 1527 4216 singulis
1540 4148 1709 4203 annis
1724 4148 1781 4203 in
1802 4149 1914 4204 sin-
2011 4161 2156 4213 sam,
2190 4145 2581 4202 indubitatum
2607 4164 2729 4203 esse
2757 4148 2845 4202 vel
2890 4147 3101 4203 idcirco
3147 4148 3341 4216 debet,
3373 4147 3530 4219 quod
3558 4146 3617 4202 S.

294 4229 447 4301 gulis
476 4229 747 4285 domibus
778 4231 1007 4286 Ordinis
1032 4231 1094 4286 in
1128 4232 1280 4286 dicto
1302 4232 1468 4289 festo.
1496 4256 1524 4283 ››
1542 4235 1691 4290 Duas
1706 4237 1809 4307 has
1825 4254 1913 4292 or-
2011 4234 2224 4303 Bruno,
2271 4234 2779 4291 Carthusianorum
2831 4251 3041 4307 parens
3094 4251 3160 4290 ac
3217 4235 3534 4303 institutor,
3587 4252 3624 4290 a

294 4316 646 4385 diuationes,
680 4336 808 4390 qua:
842 4335 873 4373 e
902 4319 1098 4374 codice
1122 4320 1581 4391 ordinationum,
1597 4340 1631 4377 a
1648 4325 1911 4397 capitulis
1933 4323 1987 4382 D
2011 4323 2201 4380 Leone
2233 4323 2458 4380 decimo
2489 4324 2925 4381 canonizatione
2936 4340 3044 4379 nec
3066 4323 3297 4380 formali
3313 4340 3419 4381 nec
3439 4322 3620 4396 aequi-

294 4406 661 4476 generalibus
676 4407 1066 4475 conditarum,
1086 4408 1145 4461 in
1168 4408 1358 4477 titulo,
1384 4408 1453 4463 iis
1472 4409 1534 4465 in
1559 4413 1744 4483 capite
1765 4429 1912 4484 pra).-

292 4491 428 4561 ﬁxo,
463 4493 783 4565 desumpta:
826 4499 1124 4563 notantur,
1173 4512 1306 4550 cum
1356 4495 1493 4567 ipsis
1538 4502 1910 4573 autographis

292 4581 645 4637 concordare
678 4585 921 4639 testatur
948 4584 1216 4655 ipsemet,
1250 4584 1349 4657 qui
1370 4585 1574 4640 iisdem
1603 4588 1907 4645 subscribi-

288 4669 406 4737 tur,
429 4670 939 4726 reverendissimus
955 4671 1170 4727 ordinis
1199 4672 1612 4729 Carthusiensis
1644 4675 1909 4733 minister

291 4756 577 4827 generalis
589 4757 923 4814 Franciscus
938 4758 1135 4814 Biclet.
1159 4760 1429 4831 Expende
1450 4763 1906 4832 modo,studiose

288 4842 493 4913 lector,
537 4845 652 4902 duo
694 4846 803 4902 ista
840 4848 965 4919 jam
1014 4847 1254 4902 recitata
1300 4848 1670 4922 documenta,
1703 4854 1904 4927 vixque

290 4930 492 4989 dubito
520 4933 658 5006 quin
680 4934 940 4989 futurum
971 4934 1062 5002 sit,
1084 4938 1146 4989 ut
1175 4936 1413 5005 fateare,
1457 4937 1519 4993 in
1556 4940 1765 4997 horum
1796 4944 1907 4997 sal-

290 5023 409 5078 tem
440 5022 748 5093 posteriori
780 5024 1186 5081 Carthusianos
1229 5027 1517 5097 generalis
1555 5045 1709 5086 anno
1768 5036 1904 5089 1516

289 5110 563 5166 celebrati
598 5111 834 5184 capituli
875 5114 1072 5168 Patres
1102 5115 1553 5185 pontificiarum,
1591 5120 1797 5191 quibus
1842 5121 1901 5177 S.

287 5200 479 5256 Bruno
507 5202 875 5259 canonizatus
890 5202 1107 5272 fuisset,
1123 5204 1444 5262 litterarum
1462 5207 1715 5266 facturos
1732 5210 1903 5267 fuisse

288 5289 729 5359 mentionem,si
741 5291 816 5346 ad
830 5291 1061 5348 illorum
1073 5292 1165 5348 ha:
1181 5294 1575 5365 cognitionem
1591 5297 1898 5368 venissent,

288 5378 591 5451 missaeque
615 5378 782 5448 adeo,
800 5383 863 5435 ut
890 5380 1127 5437 Tutinus
1153 5382 1340 5437 verbis
1370 5384 1632 5456 proxime
1648 5387 1901 5444 recitatis

288 5466 592 5523 memoriae
619 5467 834 5541 prodit,
862 5468 934 5524 ad
965 5468 1186 5525 ordinis
1211 5470 1898 5547 Carthusiensisgenera-

287 5554 693 5635 lemniscat-
706 5556 852 5635 Pura
868 5557 1053 5637 enim:
1067 5573 1190 5633 aus
1212 5559 1496 5634 Pontifex,
1510 5560 1738 5634 Publice
1759 5565 1903 5631 San-

2009 4412 2251 4484 pollenti
2274 4413 2620 4469 Sanctorum
2650 4429 2896 4468 numero
2928 4412 3101 4468 fuerit
3132 4413 3468 4486 adscriptus,
3510 4412 3615 4481 uti,

2011 4517 2138 4572 quae
2156 4501 2288 4572 jam
2320 4518 2473 4556 nunc
2500 4501 2752 4557 dicturus
2781 4518 2931 4569 sum,
2950 4501 3324 4558 manifestum
3343 4501 3616 4558 efﬁcient.

2080 4593 2206 4645 771.
2236 4591 2385 4644 Ante
2422 4589 2650 4659 omnia,
2695 4592 2779 4658 ut,
2807 4606 2882 4647 an
2909 4606 3044 4645 vere
3079 4589 3319 4646 Sanctus
3361 4607 3396 4645 a
3430 4590 3622 4649 Leone

2008 4677 2375 4734 canonizatus
2399 4678 2593 4747 fuerit,
2624 4678 2831 4735 melius
2853 4672 3250 4751 perspiciatur,
3268 4679 3407 4751 quid
3436 4681 3495 4733 et
3525 4694 3620 4734 ca-

2007 4767 2294 4823 nonizatio
2333 4770 2393 4822 et
2418 4767 2763 4824 beatiﬁcatio
2795 4768 2888 4836 sit,
2916 4767 3107 4840 sicque
3155 4768 3436 4840 quidnam
3471 4768 3621 4822 hanc

2006 4854 2159 4910 inter
2182 4858 2240 4910 et
2265 4855 2426 4911 illam
2450 4855 2796 4912 discriminis
2816 4855 3155 4924 intercedat,
3169 4856 3483 4911 videamus.
3519 4854 3622 4910 Ca-

2005 4943 2316 5012 nonizatio,
2340 4947 2404 4999 ut
2432 4944 2773 5003 Benedictus
2799 4945 2910 4999 XIV
2935 4946 3016 5000 De
3045 4960 3343 5000 servorum
3363 4943 3466 4999 Dei
3480 4943 3619 4999 bea-

2002 5033 2340 5101 tificatione,
2361 5037 2418 5088 et
2437 5034 2742 5090 beatorum
2762 5033 3198 5090 canonizatione
3211 5032 3312 5088 lib.
3328 5049 3368 5101 ι,
3383 5048 3508 5105 cap.
3521 5034 3614 5102 41,

2004 5139 2166 5177 num.
2204 5126 2224 5176 1
2257 5123 2444 5192 docet,
2476 5124 2686 5195 duplex
2714 5125 2819 5192 est,
2853 5122 2965 5177 alia
2989 5121 3270 5189 formalis,
3298 5120 3410 5176 alia
3433 5122 3615 5192 aequi-

2003 5213 2244 5283 pollens.
2260 5213 2560 5282 Formalis,
2579 5229 2707 5284 qua;
2726 5213 3079 5268 ﬂtasummo
3096 5210 3619 5282 pontifice,servata

2002 5300 2194 5367 forma
2204 5301 2465 5372 judiciali
2495 5301 2836 5374 prolataque
2864 5299 3169 5368 sententia,
3200 5304 3261 5355 et
3300 5297 3617 5355 observatis

2004 5389 2288 5446 consuetis
2301 5388 2683 5445 caremoniis.
2703 5388 3120 5464 AEqnipollens,
3138 5405 3269 5444 cum
3282 5388 3384 5443 Dei
3393 5401 3613 5453 servus,

2004 5478 2069 5537 in
2097 5479 2335 5551 antiqua
2362 5480 2545 5535 cultus
2574 5481 2937 5550 possessione
2961 5478 3226 5548 existens,
3258 5476 3419 5533 fama
3436 5473 3633 5533 virtu—

2008 5571 2141 5637 tum,
2154 5571 2210 5626 et
2216 5569 2633 5635 miraculorum
2647 5567 2921 5640 celebris,
2929 5567 3087 5631 nulla
3099 5568 3329 5643 prolata
3340 5559 3638 5629 sementim-
3678 5602 3682 5615 ι
