4014 6052
339 314 445 372 475

1202 319 1257 374 S.
1287 316 1631 373 BBUNONIS
1671 310 2302 371 CARTHUSIANORUM
2342 316 2807 372 INSTITUTORIS

3559 324 3666 378 476

332 455 437 493 nec
469 440 691 493 servato
723 437 926 493 ordine
959 440 1240 511 judiciali,
1275 441 1612 511 omissisque
1662 439 1949 493 consuetis
1969 443 2023 500 Α
2053 455 2119 492 ev
2151 442 2283 492 ante
2318 438 2480 493 dictis
2505 439 2742 493 ulterius
2766 439 3155 511 consequitur,
3200 443 3259 494 ut
3290 456 3395 495 nec
3420 442 3663 512 bullam,

331 525 712 592 caeremoniis,
745 528 851 581 coli
875 528 1114 597 jubetur
1141 530 1200 583 in
1225 531 1487 584 universa
1519 528 1767 582 Ecclesia
1789 530 1945 581 certo

333 613 426 668 die
448 631 551 684 per
572 613 741 667 officii
766 617 821 667 et
841 615 1025 669 missae
1045 618 1445 672 recitationem
1475 615 1949 670 celebrationem-

333 703 595 773 que,ritu
610 702 806 769 etiam,
832 709 1034 758 contra
1047 722 1110 759 ac
1136 707 1190 759 in
1212 705 1661 760 canonizationis
1690 704 1950 759 formulis

332 790 500 846 bullis
556 790 669 862 (adi
727 792 1024 847 laudatum
1072 795 1361 849 Benedicti
1408 795 1520 848 XIV
1570 811 1711 866 Opus
1764 794 1862 847 lib.
1909 811 1946 859 ι,

333 895 458 950 cap.
496 881 582 945 38,
622 897 784 933 num.
818 885 848 935 5
878 885 934 935 et
965 883 1108 953 seq.)
1146 882 1269 937 fieri
1302 884 1529 949 assolet,
1584 900 1683 936 seu
1735 880 1949 952 duplici

334 983 433 1021 seu
463 967 970 1040 semiduplici,quo
994 970 1117 1024 fieri
1143 970 1283 1025 illud
1320 970 1546 1036 debeat,
1590 987 1850 1042 expresse
1885 988 1949 1024 ac

334 1055 705 1121 nominatim,
725 1057 805 1109 uti
824 1075 852 1110 e
869 1058 1037 1111 variis
1060 1059 1511 1113 canonizationis
1527 1059 1950 1129 mquipollenlis

334 1143 630 1215 exemplis,
664 1160 697 1198 a
729 1145 1034 1201 Benedicto
1066 1148 1177 1200 XIV
1217 1148 1427 1217 operis,
1460 1164 1591 1200 mox
1636 1147 1844 1201 iterum
1876 1146 1948 1199 ci-

331 1231 457 1297 tati,
490 1231 589 1285 lib.
626 1249 662 1299 I,
699 1248 822 1303 cap.
860 1235 945 1299 41,
981 1234 1260 1301 adductis,
1294 1236 1652 1305 intelligitur,
1673 1234 1947 1288 determi-

333 1325 468 1374 nato
496 1337 593 1374 seu
625 1322 979 1392 przcscripto,
1013 1324 1386 1395 ulteriorique
1428 1323 1671 1395 proinde
1697 1323 1807 1393 (adi
1840 1324 1944 1377 ite-

332 1424 465 1461 rum
500 1409 797 1463 laudatum
832 1411 1122 1465 Benedicti
1161 1413 1273 1465 XIV
1303 1430 1445 1482 opus
1476 1413 1575 1465 lib.
1610 1429 1647 1477 ι,
1684 1428 1814 1482 cap.
1856 1413 1944 1477 38,

333 1513 494 1550 num.
527 1500 555 1549 5
587 1500 643 1550 et
667 1499 811 1568 seq.)
835 1499 1265 1565 constitutione,
1287 1505 1346 1553 ut
1373 1501 1631 1565 Sanctus,
1662 1500 1757 1570 qui
1780 1516 1949 1552 cano-

333 1583 621 1638 nizatione
644 1586 1036 1655 aaquipollenti
1067 1587 1433 1641 canonizatus
1457 1587 1584 1652 fuit,
1608 1587 1679 1640 ita
1702 1587 1809 1639 coli
1826 1604 1951 1658 pos-

332 1671 424 1737 sit,
458 1689 575 1727 non
609 1673 905 1744 requisita.
941 1674 1102 1738 Quod
1148 1675 1322 1729 modo
1354 1675 1426 1729 ad
1458 1675 1947 1729 beatificationem

2051 542 2165 597 qua
2192 524 2248 579 S.
2286 527 2616 580 Brunonem
2642 527 3016 593 canonizarit,
3052 544 3208 583 anno
3252 531 3386 582 1515
3418 530 3662 600 dederit,

2050 614 2265 667 nedum
2299 614 2371 667 ad
2404 614 2622 668 ordinis
2655 616 3070 671 Carthusiensis
3113 619 3445 688 generalem
3492 619 3664 675 mise-

2050 701 2144 763 rit,
2175 706 2377 755 contra
2410 720 2473 756 ac
2500 704 2684 757 verbis
2712 721 2883 774 supra
2916 705 3165 759 recitatis
3214 705 3486 760 Camillus
3512 708 3666 761 Tuti-

2050 807 2155 844 nus
2188 790 2383 856 tradit,
2419 791 2629 861 aliique
2666 793 2953 859 nonnulli,
2988 794 3059 847 ab
3093 810 3183 859 eo,
3221 797 3501 864 quantum
3542 796 3667 867 opi-

2052 893 2179 942 nor,
2214 876 2272 929 in
2296 894 2552 931 errorem
2584 879 2821 945 inducti,
2860 880 3148 950 hodieque
3182 880 3529 937 existimant.

2122 968 2247 1019 773.
2274 966 2452 1019 Porro
2477 984 2606 1020 cum
2639 967 2879 1021 Sanctus
2905 971 3116 1033 noster,
3137 968 3230 1040 qui
3263 987 3329 1023 ex
3348 970 3476 1039 jam
3506 971 3668 1026 dictis

2050 1069 2082 1105 a
2115 1052 2302 1106 Leone
2334 1054 2373 1106 Χ
2408 1056 2775 1108 canonizatus
2812 1073 2927 1111 non
2960 1055 3086 1121 fuit,
3124 1074 3240 1109 non
3293 1058 3460 1111 aliter
3494 1076 3667 1130 quam

2050 1141 2184 1195 vivzc
2212 1142 2364 1195 vocis
2392 1145 2644 1208 oraculo,
2679 1161 2815 1215 quo,
2851 1148 2910 1197 ut
2941 1145 3095 1198 cultu
3127 1145 3507 1199 ecclesiastico
3539 1148 3665 1201 offi-

2049 1246 2177 1283 cere
2208 1246 2337 1283 eum
2373 1234 2622 1300 possent,
2660 1231 3047 1285 Carthusiauis
3094 1232 3203 1285 fuit
3243 1250 3600 1301 concessum,
3636 1253 3670 1289 a

2049 1316 2288 1386 praefato
2304 1317 2575 1388 pontifice
2590 1318 2770 1371 beatis
2794 1319 2960 1372 fuisse
2979 1319 3295 1389 adscriptus
3313 1320 3662 1391 inveniatur,

2050 1421 2166 1457 non
2200 1404 2369 1457 fuisse
2398 1405 2575 1458 etiam
2609 1405 2663 1459 id
2697 1407 2796 1459 abs
2829 1407 2934 1459 hoc
2978 1408 3193 1461 factum
3241 1409 3687 1471 beatificalione

2048 1490 2302 1557 formali,
2335 1492 2434 1545 sed
2464 1496 2688 1547 tantum
2714 1494 3130 1565 zequipollenti,
3156 1495 3346 1563 facile,
3383 1501 3667 1568 quantum

2051 1580 2279 1651 opinor,
2314 1581 2553 1652 quisque
2585 1583 2871 1649 intelliget
2905 1584 3114 1653 partim
3147 1602 3177 1638 e
3223 1585 3345 1655 jam
3381 1586 3515 1640 data
3542 1589 3667 1642 tum

2051 1668 2330 1731 formalis,
2348 1674 2470 1722 tum
2500 1670 2924 1740 {equipollentis
2937 1688 3229 1726 servorum
3255 1672 3353 1727 Dei
3378 1673 3668 1729 beatifica-

331 1763 572 1832 spectat,
602 1761 743 1828 1133c,
772 1779 886 1816 non
921 1780 1080 1816 secus
1111 1767 1282 1834 atque
1310 1763 1688 1829 canonizatio,
1729 1762 1785 1815 in
1828 1763 1949 1816 for—
1980 1761 2026 1816 B
2051 1757 2225 1811 tionis
2257 1759 2639 1828 descriptione
2658 1776 2755 1812 seu
2785 1759 3240 1831 notitia,partim
3261 1779 3326 1815 ex
3342 1762 3668 1833 modo,quo

330 1849 567 1913 malem,
603 1852 772 1919 atque
817 1850 1288 1920 aaquipollentem
1340 1850 1611 1904 dividitur
1644 1868 1656 1904 :
1689 1850 1949 1904 formulis

332 1935 568 2006 quidem
595 1939 699 2003 est,
717 1938 970 2008 quando,
1000 1939 1206 2010 prawia
1228 1938 1458 1992 formali
1478 1939 1823 1993 discussione
1838 1940 1946 1993 vir-

331 2024 522 2077 tutum
556 2027 614 2078 et
636 2024 1069 2091 miraculorum,
1104 2027 1357 2097 pontifex
1391 2025 1653 2098 indulget
1678 2030 1739 2079 ut
1756 2044 1949 2081 servus

332 2111 434 2165 Dei
451 2112 691 2178 colatur,
713 2116 996 2184 tanquam
1024 2115 1243 2181 beatus,
1280 2115 1336 2167 in
1370 2115 1561 2185 aliquo
1599 2118 1754 2169 certo
1789 2117 1944 2183 loco;

332 2199 708 2270 aequipollens
734 2216 890 2265 vero,
907 2216 1035 2254 cum
1057 2219 1315 2255 summus
1340 2203 1618 2272 pontifex,
1640 2202 1950 2274 przeviaju-

332 2285 519 2341 diciali
547 2287 888 2357 probatione
910 2288 1082 2343 fama:
1114 2290 1387 2343 virtutum
1420 2294 1478 2343 et
1509 2290 1945 2357 miraculorum,

333 2375 994 2445 approbat'sententiam
1021 2377 1200 2430 latam
1233 2394 1265 2430 a
1291 2377 1485 2447 judice
1531 2378 1822 2432 ordinario
1862 2379 1947 2433 vel

335 2462 599 2534 delegato
633 2480 805 2535 super
836 2481 965 2518 casu
995 2469 1281 2535 exceptoa
1302 2467 1546 2520 decretis
1575 2467 1787 2520 Urbani
1808 2468 1944 2520 VIII.

332 2551 418 2605 Ita
444 2554 723 2622 quantum
752 2552 825 2606 ad
852 2554 1231 2607 substantiam
1259 2554 1317 2608 in
1334 2572 1508 2626 opere
1534 2555 1766 2610 laudato
1789 2557 1888 2610 lib.
1907 2573 1946 2625 ι,

335 2654 463 2710 cap.
497 2641 585 2706 42,
621 2657 782 2695 num.
818 2643 869 2707 8,
905 2640 1056 2695 idem
1093 2642 1432 2697 Benedictus
1460 2644 1587 2697 XIV.

407 2730 531 2781 772.
564 2729 626 2781 In
677 2744 744 2782 eo
790 2728 984 2800 itaque
1029 2731 1384 2784 canonizatio
1428 2747 1528 2784 seu
1562 2731 1823 2787 formalis
1850 2751 1949 2787 seu

330 2814 708 2886 tequipollens
738 2833 771 2869 a
800 2816 1223 2871 beatiﬁcatione
1257 2835 1353 2871 seu
1377 2819 1607 2873 formali
1639 2837 1736 2874 seu
1779 2821 1953 2891 usqui-

334 2903 576 2974 pollenti
609 2903 972 2973 potissimum
996 2904 1206 2971 differt,
1238 2907 1391 2976 quod
1436 2907 1784 2962 beatificatio
1821 2924 1948 2978 per-

331 2989 665 3065 missionem
700 2991 995 3059 duntaxat,
1022 2994 1377 3048 canouizatio
1401 2996 1582 3049 cultus
1598 2990 1951 3068 praeceptum

332 3078 629 3150 importet,
662 3079 916 3152 itemque
944 3083 1098 3153 quod
1128 3083 1184 3136 in
1226 3083 1648 3138 beatificatione
1677 3085 1860 3137 cultus
1879 3083 1953 3137 ad

334 3167 589 3238 aliquam
624 3170 1000 3241 provinciam,
1034 3170 1345 3235 dioecesim,
1381 3171 1670 3225 civitatem
1719 3171 1949 3242 religio-

335 3272 529 3309 samve
552 3256 837 3310 familiam
863 3259 1256 3324 contrahatur,
1310 3257 1370 3311 in
1410 3258 1847 3312 canonizatione
1879 3257 1951 3311 ad

336 3343 645 3398 Ecelesiam
680 3344 1007 3398 universam
1042 3346 1401 3399 extendatur.
1444 3347 1570 3400 Jam
1613 3363 1771 3412 vero,
1819 3362 1948 3399 cum

335 3430 460 3485 haec
483 3430 562 3485 ita
585 3431 859 3499 habeant,
879 3448 944 3486 ac
960 3433 1210 3487 maxime
1238 3434 1473 3505 quidem
1492 3451 1621 3487 cum
1639 3434 1694 3487 in
1712 3434 1798 3499 iis,
1823 3451 1948 3504 quae

337 3517 410 3572 ad
441 3518 699 3586 beatum,
717 3520 813 3591 qui
838 3522 1227 3589 canonizatur,
1252 3526 1534 3593 spectant,
1552 3522 1951 3577 examinandis

329 3604 617 3677 judicialis
638 3608 779 3662 ordo
794 3624 893 3662 seu
909 3609 1100 3664 forma
1122 3609 1193 3664 ad
1213 3610 1711 3666 canonizationem
1726 3611 1946 3664 forma-

357 3709 451 3748 em
480 3695 825 3766 requiratur,
862 3698 1196 3751 Brunonem
1249 3714 1386 3752 sane
1427 3698 1532 3751 hac
1573 3697 1795 3752 Sanctis
1833 3717 1949 3754 non

335 3780 506 3836 fuisse
538 3800 571 3837 a
603 3784 792 3838 Leone
819 3785 1193 3857 adscriptum,
1220 3786 1593 3840 manifestum
1622 3790 1726 3843 est.
1756 3785 1951 3856 Neque

334 3884 469 3924 vero
502 3869 560 3924 id
588 3870 893 3942 quisquam
924 3872 1241 3926 contendit.
1274 3871 1437 3935 Quod
1460 3876 1654 3925 autem
1682 3872 1755 3925 ad
1778 3888 1950 3927 cano-

336 3957 689 4013 nizationem
720 3960 1187 4031 aequipollentem
1206 3962 1473 4030 pertinet,
1492 3978 1597 4015 nec
1611 3962 1717 4015 hac
1731 3962 1950 4016 Bruno-

336 4058 474 4099 nem
500 4046 711 4099 sanctis
734 4047 844 4100 Leo
866 4047 1184 4117 adscripsit.
1222 4049 1380 4102 Hunc
1412 4049 1569 4102 enim
1597 4049 1655 4102 in
1688 4050 1951 4103 universa

338 4133 588 4188 Ecclesia
619 4150 724 4205 per
753 4134 1007 4189 officium
1031 4138 1089 4189 et
1116 4136 1301 4190 missa:
1324 4137 1772 4192 celebrationem
1818 4138 1947 4205 coii,

337 4237 406 4277 eo
424 4222 622 4289 modo,
646 4240 818 4295 quem
838 4224 1289 4279 canonizationis
1305 4226 1729 4296 ecquipollentis
1751 4226 1953 4280 descri-

2052 1844 2108 1897 in
2138 1846 2389 1899 caslitum
2418 1846 2730 1900 honoribus
2764 1846 2820 1901 S.
2852 1848 3107 1902 Brunoni
3144 1849 3525 1904 concedendis
3555 1850 3668 1905 Leo

2051 1950 2198 2005 papa
2259 1934 2594 2005 processisse
2650 1936 2921 1990 asseritur
2974 1940 3095 1990 tum
3156 1954 3183 1990 a
3234 1938 3669 1994 Blomenvenna

2049 2023 2314 2093 huncque
2337 2027 2527 2077 secuto
2556 2022 2719 2077 Surio
2746 2025 2801 2077 in
2835 2025 3191 2079 concinnatis
3220 2043 3252 2079 a
3282 2043 3339 2080 se
3370 2027 3551 2081 sancti
3584 2027 3671 2081 Vi-

2052 2111 2141 2174 tis,
2176 2114 2297 2164 tum
2331 2112 2401 2164 ab
2424 2112 2673 2167 Antonio
2709 2112 2763 2167 S.
2792 2114 2856 2166 Β.
2894 2114 2956 2166 Ε.
2991 2113 3266 2167 cardinali
3309 2114 3571 2186 Papiensi
3608 2115 3667 2169 in

2048 2198 2254 2253 litteris
2279 2217 2450 2271 supra
2477 2200 2584 2254 huc
2613 2202 2989 2272 transcriptis.
3019 2203 3107 2255 Ad
3145 2201 3456 2257 formalem
3505 2204 3664 2257 enim

2051 2287 2163 2358 (adi
2198 2304 2360 2341 num.
2396 2289 2520 2357 771)
2549 2288 3037 2343 beatificationem
3068 2289 3348 2353 formalis,
3381 2308 3507 2363 qua)
3537 2290 3669 2345 huic

2050 2378 2266 2447 prmeat
2296 2392 2392 2428 seu
2426 2376 2638 2445 praevia
2693 2377 2785 2443 sit,
2833 2378 3108 2431 virtutum
3140 2378 3671 2451 miraculorumque

2051 2464 2194 2517 servi
2228 2462 2348 2529 Dei,
2379 2463 2474 2534 qui
2506 2464 2688 2517 beatis
2717 2465 3127 2519 adscribendus
3163 2466 3524 2538 proponitur,
3552 2467 3666 2521 dis-

2049 2552 2231 2605 cussio
2257 2550 2601 2622 requiritur;
2634 2552 2843 2606 modus
2869 2556 3086 2619 autem,
3121 2571 3233 2625 quo
3264 2554 3375 2607 Leo
3406 2554 3667 2610 decimus

2052 2639 2108 2692 in
2136 2639 2520 2693 concedendis
2547 2638 2601 2692 S.
2632 2640 2884 2695 Brunoni
2910 2642 3163 2696 caelitum
3190 2642 3510 2697 honoribus
3529 2660 3664 2714 pro-

2051 2727 2237 2793 cessit,
2273 2743 2519 2797 sequens
2543 2726 2651 2780 fuit
2684 2745 2697 2781 ε
2744 2728 2885 2781 Cum
2918 2729 3009 2782 hic
3041 2730 3318 2801 pontifex,
3361 2730 3472 2797 cui,
3512 2734 3575 2785 ut
3606 2729 3665 2785 S.

2052 2816 2382 2869 Brunonem
2400 2815 2543 2868 festo
2561 2832 2754 2868 annuo
2775 2816 3077 2888 officioque
3092 2818 3473 2873 ecclesiastico
3490 2818 3671 2874 hono-

2051 2903 2220 2957 randi
2252 2903 2767 2974 quotidianamque
2803 2904 2872 2958 de
2900 2921 2968 2958 eo
3019 2904 3076 2958 in
3132 2905 3393 2975 precibus
3422 2905 3670 2961 horariis

2051 2992 2675 3046 commemorationem
2699 2992 2947 3046 faciendi
2976 2992 3312 3048 facultatem
3334 2994 3523 3047 ordini
3540 2994 3672 3049 Car-

2050 3079 2327 3133 thusiensi
2349 3080 2664 3133 concedere
2685 3080 3043 3151 dignaretur,
3067 3081 3286 3151 priores
3304 3081 3668 3136 Cartbusiani

2053 3167 2331 3237 deputati,
2365 3170 2423 3221 et
2452 3167 2733 3222 Antonius
2759 3168 2816 3222 S.
2853 3169 2917 3224 R.
2956 3169 3016 3222 Ε.
3041 3168 3345 3224 cardinalis
3379 3168 3671 3240 Papiensis

2052 3255 2227 3309 totius
2263 3272 2395 3308 mox
2428 3255 2561 3309 dicti
2595 3256 2834 3321 ordinis,
2865 3257 3024 3327 cujus
3056 3260 3349 3328 protector
3387 3261 3530 3325 erat,
3563 3274 3668 3312 no-

2051 3342 2210 3396 mine
2257 3342 2676 3413 supplicabant,
2726 3366 2751 3390 ‹‹
2786 3343 2912 3413 jam
2950 3344 3170 3397 dudum
3200 3344 3269 3398 de
3316 3345 3582 3399 laudibus
3607 3362 3673 3400 ac

2049 3431 2349 3484 sanctitate
2380 3431 2640 3500 ejusdem
2672 3430 2824 3484 beati
2861 3432 3203 3486 confessoris
3225 3432 3475 3503 plurima
3501 3432 3671 3486 intel-

2049 3518 2293 3583 lexisset,
2328 3518 2635 3572 arbitratus
2684 3518 2924 3589 dignum
2959 3537 3079 3573 esse
3117 3537 3180 3573 ac
3211 3537 3534 3575 consonum
3578 3537 3673 3574 ra-

2050 3606 2213 3675 tioni,
2248 3610 2328 3672 ut,
2362 3623 2535 3678 quem
2566 3608 2712 3660 Deus
2733 3608 2791 3660 in
2824 3608 2932 3662 hoc
2965 3610 3168 3662 saccqu
3200 3609 3373 3662 tantis
3428 3608 3593 3663 donis
3614 3610 3673 3661 et

2050 3696 2248 3767 gratiis
2305 3696 2620 3765 insignivit,
2675 3699 3034 3767 assumptum
3092 3698 3149 3750 in
3201 3698 3356 3752 caelis
3387 3697 3572 3767 magis
3604 3713 3669 3750 ac

2052 3783 2235 3853 magis
2266 3783 2684 3850 venerandum,
2714 3788 2771 3838 et
2805 3785 2894 3837 cui
2922 3784 3128 3838 viventi
3150 3785 3391 3839 dederat
3416 3801 3514 3839 cor
3541 3801 3667 3839 om-

2052 3870 2322 3942 nipotens
2353 3871 2427 3924 ad
2459 3876 2748 3942 przrcepta
2779 3876 2836 3925 et
2866 3874 3056 3942 legem
3077 3872 3205 3926 vita:
3237 3876 3295 3926 et
3326 3872 3664 3943 disciplina},

2051 3958 2241 4013 eidem
2270 3977 2421 4013 nunc
2453 3961 2607 4031 apud
2633 3962 2913 4015 thronum
2941 3960 3146 4014 divinae
3179 3961 3378 4031 glorias
3405 3960 3668 4015 existenti

2050 4048 2492 4117 impendaturin
2515 4049 2682 4102 terris
2695 4049 2901 4103 debitae
2926 4049 3244 4104 devotionis
3269 4048 3667 4121 obsequium,»

2051 4137 2421 4207 postulationi
2455 4154 2658 4191 eorum
2690 4136 3088 4191 lubentissime
3122 4138 3434 4192 consensit.

2123 4228 2247 4279 774.
2276 4227 2359 4279 Ita
2383 4241 2553 4295 supra
2572 4225 2698 4295 jam
2734 4225 2882 4280 data:
2905 4241 3067 4279 num.
3090 4228 3193 4280 7359
3220 4229 3277 4279 et
3300 4242 3459 4297 seqq.
3493 4226 3669 4280 Anto-

336 4310 480 4383 ptio,
505 4327 667 4365 num.
691 4312 1053 4384 praeced.dat
1075 4330 1127 4379 a.
1152 4312 1411 4379 includit,
1435 4330 1729 4385 nunquam
1745 4331 1955 4385 prmce-
1979 4297 2027 4354 Ῑ)
2052 4313 2131 4366 nii
2166 4313 2471 4367 cardiualis
2512 4312 2738 4368 litterae.
2786 4314 2896 4367 Nec
2942 4314 3012 4367 ab
3053 4312 3204 4366 hisce
3249 4330 3317 4367 ea
3347 4313 3404 4367 in
3445 4330 3508 4367 re
3539 4314 3668 4367 Blo-

335 4398 440 4472 pit.
468 4398 669 4471 Liquet
703 4400 762 4455 id
795 4418 861 4456 ex
902 4419 991 4469 eo,
1020 4403 1194 4474 quod,
1228 4404 1725 4475 quemadmodum
1756 4403 1812 4457 in
1837 4406 1951 4475 Ap-

337 4485 580 4558 pendice
613 4487 687 4542 ad
717 4489 965 4560 gloriam
1012 4490 1206 4545 Sancti
1260 4493 1630 4562 posthumam
1671 4493 1950 4564 probabo,

343 4584 499 4630 anno
535 4579 669 4634 I623
703 4594 737 4631 a
765 4578 1040 4651 Gregorio
1066 4580 1152 4633 XV
1178 4596 1347 4652 papa,
1362 4584 1423 4633 ut
1455 4603 1482 4630 «
1518 4581 1727 4635 festum
1745 4580 1801 4634 S.
1822 4582 1955 4635 Bru-

337 4663 580 4718 nonis...
612 4665 703 4721 die
731 4669 889 4721 sexta
917 4666 1244 4723 Octobris...
1275 4668 1332 4722 in
1362 4668 1563 4723 Missali
1595 4671 1652 4722 et
1667 4668 1952 4723 Breviario

338 4750 602 4808 Romano
654 4754 878 4826 reponi,
930 4755 1305 4828 officiumque
1352 4757 1423 4811 de
1484 4774 1552 4812 eo
1597 4757 1955 4827 semiduplex

340 4838 538 4912 (verba
558 4845 693 4897 sunt
721 4842 913 4909 bullas,
955 4861 988 4898 a
1018 4843 1293 4915 Gregorio
1334 4845 1439 4898 hac
1470 4845 1540 4899 de
1568 4862 1630 4899 re
1664 4846 1832 4912 datae,
1865 4846 1953 4899 in-

336 4928 542 5000 fraque
569 4931 902 5002 recitandae)
931 4933 1003 4987 ab
1035 4931 1304 4987 omnibus
1333 4933 1544 5004 ubique
1579 4933 1841 4988 fidelibus
1869 4951 1955 4987 re-

340 5013 501 5070 citari
552 5017 734 5072 libere
769 5022 828 5073 et
864 5018 1018 5073 licite
1049 5021 1239 5089 posset
1282 5036 1345 5073 ac
1379 5021 1612 5087 valeret,
1648 5041 1674 5068 »
1720 5019 1956 5074 Carthu—

341 5102 516 5159 sianis
572 5106 1044 5177 supplicantibus,
1077 5123 1414 5162 concessum
1462 5107 1699 5161 demum
1728 5107 1904 5161 fuerit
1937 5125 1950 5175 ;

341 5191 497 5245 unde
541 5194 929 5264 consequitur,
961 5197 1023 5248 ut
1054 5195 1372 5261 enimvero,
1421 5194 1697 5249 Sanctum
1734 5195 1794 5247 in
1829 5194 1954 5248 uni-

340 5295 503 5335 versa
530 5281 889 5353 Ecclesiaper
915 5282 1167 5337 ofﬁcium
1202 5287 1259 5337 et
1292 5283 1477 5337 missae
1510 5283 1954 5337 celebrationem

342 5369 471 5436 coli,
506 5386 574 5425 eo
607 5370 805 5438 modo,
839 5387 1013 5442 quem
1044 5372 1495 5426 eanonizationis
1537 5370 1959 5441 mquipollentis

343 5454 669 5527 descriptio,
691 5476 832 5513 num
859 5461 1105 5531 prteced.
1132 5460 1284 5527 data,
1324 5460 1576 5526 involvit,
1604 5460 1714 5514 Leo
1743 5460 1784 5513 X
1809 5475 1959 5532 papa

335 5542 468 5617 jam
494 5548 665 5604 antea
683 5546 840 5603 haud
864 5548 1246 5619 praecepisset.
1280 5550 1467 5621 Atque
1493 5548 1649 5616 hinc,
1676 5548 1959 5621 simulque

2053 4418 2400 4467 menvenna,
2435 4402 2523 4455 cui
2554 4402 2733 4455 etiam
2764 4402 2821 4455 in
2850 4401 3377 4455 substantiaSurius
3397 4401 3671 4456 adamus—

2052 4492 2162 4545 sim
2194 4493 2492 4557 consonat,
2520 4492 2769 4544 multum
2784 4490 3024 4544 abludit.
3043 4491 3124 4544 En
3140 4491 3261 4561 ejus
3282 4491 3389 4543 huc
3404 4494 3669 4560 spectan-

2053 4580 2133 4634 tia
2144 4580 2333 4632 verba.
2352 4578 2442 4632 Sic
2456 4578 2699 4632 habent:
2720 4602 2745 4627 ‹‹
2769 4578 3171 4633 Sanctissimns
3194 4578 3674 4633 dominuSnoster

2055 4667 2355 4739 (nimirum
2392 4667 2499 4720 Leo
2524 4666 2780 4721 decimus
2807 4667 2977 4739 papa)
3008 4683 3139 4720 cum
3168 4668 3487 4721 multorum
3522 4667 3669 4721 rela-

2053 4755 2212 4810 tione
2236 4755 2305 4809 de
2321 4754 2533 4808 eximia
2548 4756 2849 4809 sanctitate
2864 4755 3017 4808 beati
3035 4754 3321 4809 Brunonis
3337 4755 3676 4826 frequenter

2056 4844 2323 4909 audisset,
2355 4842 2681 4913 posthabita
2704 4842 3118 4896 miraculorum
3150 4842 3545 4914 inquisitione,
3586 4843 3675 4897 in-

2055 4931 2296 5002 dignum
2327 4929 2634 4983 arbitratus
2665 4933 2768 4996 est,
2806 4946 2962 4998 eum,
3008 4949 3183 5003 quem
3227 4934 3373 4985 Deus
3416 4931 3592 4984 tantis
3618 4931 3679 4984 in

2053 5020 2161 5073 hoc
2176 5020 2379 5072 saeculo
2395 5021 2653 5072 ornasset
2669 5018 2837 5074 donis
2854 5023 2911 5074 et
2923 5021 3301 5092 gratiis,nunc
3318 5023 3681 5091 assumptum

2054 5104 2114 5158 in
2145 5105 2297 5160 ccelis
2332 5105 2597 5158 maximis
2624 5122 2740 5160 non
2775 5106 2963 5161 efferri
3004 5108 3327 5178 prmconiis,
3359 5110 3415 5160 et
3458 5106 3545 5160 cui
3579 5105 3678 5160 de-

2056 5194 2230 5247 disset
2255 5194 2629 5264 omnipotens
2656 5210 2755 5249 cor
2787 5196 2859 5249 ad
2893 5200 3246 5268 praeceptum
3272 5196 3530 5265 etlegem
3550 5192 3681 5247 vitae

2058 5285 2115 5335 et
2140 5281 2472 5352 disciplinae,
2511 5281 2701 5335 eidem
2746 5298 2918 5349 nunc,
2954 5282 3107 5354 apud
3154 5282 3429 5335 thronum
3475 5278 3681 5333 divinae

2058 5371 2256 5442 gloriae
2274 5370 2608 5442 quiescenti,
2635 5371 2844 5426 debitae
2864 5371 3183 5426 devotionis
3202 5370 3546 5442 obsequium
3563 5385 3681 5423 non

2059 5458 2318 5531 impendi
2337 5460 2394 5513 in
2422 5459 2608 5513 terris.
2628 5460 2693 5513 Et
2723 5463 3029 5531 propterea
3054 5475 3169 5513 non
3195 5459 3368 5513 modo
3398 5471 3682 5529 generose

2062 5548 2404 5605 auctoritate
2425 5548 2739 5620 apostolica
2767 5548 2990 5617 annuit,
3005 5564 3206 5605 verum
3226 5547 3406 5605 etiam
3419 5546 3600 5603 voluit
3618 5547 3684 5601 ut
3710 5567 3717 5571 ·
