4066 6032
364 199 464 259 481

1933 202 2113 261 ACTA

3578 214 3685 277 482

365 333 670 400 instarent,
706 333 932 404 gestam
990 328 1206 399 scribit,
1235 347 1301 386 ac
1345 328 1515 403 proin
1571 332 1883 402 antequam
1914 327 1975 383 id
1993 329 2049 388 A
2079 327 2256 383 etiam
2281 328 2626 403 suffragetur
2644 332 2914 390 Camillus
2938 335 3195 404 Tutinus,
3218 333 3277 392 in
3306 336 3565 395 Historias
3588 356 3683 396 or-

368 422 519 477 hisce
551 421 883 476 restitutum
913 420 1130 475 fuisset.
1153 421 1281 475 Jam
1293 436 1427 474 vero
1445 436 1576 474 cum
1600 418 1976 474 restitutionis

367 511 535 581 huius
548 510 848 580 negotium
862 525 1015 563 anno
1040 512 1176 563 1514
1188 526 1387 563 mense
1406 508 1714 562 Februario
1728 525 1791 561 ex
1805 523 1978 576 supra

367 599 530 654 dictis
564 597 848 653 Pontiﬁcii
871 597 1107 663 decreti,
1131 615 1283 652 anno
1308 601 1441 652 1513
1464 598 1601 663 dati,
1622 614 1735 667 quo
1769 614 1835 650 ea
1855 595 1977 649 ﬁeri

360 689 694 760 jubebatur,
726 688 1088 743 exsecutione
1112 687 1491 741 terminatum
1512 685 1704 751 fuerit,
1730 689 1977 756 tuncque

367 778 641 849 generale
654 776 792 830 anni
811 779 902 829 151
916 775 1463 830 ιίτίὶειι·ιὴυεὶδηοιίιιη
1481 775 1790 845 capitulum
1801 773 1907 842 ,cuj
1916 790 1980 826 us

372 868 640 937 tempore
691 865 954 931 Jacobus,
1001 865 1411 935 Neapolitanus
1449 864 1627 936 prior;
1676 862 1981 933 praefatum

367 972 599 1010 sacrum
630 955 848 1009 donum
871 952 1168 1007 Francisco
1197 970 1229 1006 a
1260 954 1437 1007 Puteo
1467 952 1673 1006 offerre
1706 950 1979 1022 potuerit,

368 1045 723 1099 celebratum
746 1042 1111 1113 certetneque
1128 1042 1285 1096 enim
1308 1046 1441 1097 ante
1460 1041 1670 1095 Pascha
1689 1040 1984 1111 generalia

371 1150 474 1187 sua
493 1133 745 1203 capitula
767 1131 1129 1186 Carthusiani
1172 1147 1429 1201 unquam
1453 1130 1688 1200 habent)
1719 1130 1981 1184 nondum

368 1222 589 1289 fuisset,
613 1238 680 1275 ex
701 1221 766 1275 iis
799 1237 957 1287 sane,
997 1237 1123 1297 quae
1161 1221 1589 1274 Blomenvenna
1616 1218 1800 1272 verbis
1845 1216 1985 1271 reci-

372 1312 506 1367 tatis
527 1310 742 1379 scribit,
770 1311 1185 1365 consectarium
1244 1308 1485 1363 omnino
1509 1310 1612 1373 est,
1642 1310 1705 1360 ut
1728 1310 1861 1360 ante
1886 1322 1984 1359 an-

373 1417 515 1455 num
548 1402 703 1467 1514,
738 1401 939 1454 contra
968 1417 1032 1453 ac
1053 1398 1345 1453 Zanottius
1366 1398 1562 1464 tradit,
1588 1395 1781 1451 Sancti
1805 1393 1984 1449 nostri

382 1490 782 1545 mandibulam
822 1506 938 1542 una
964 1505 1094 1542 cum
1129 1487 1351 1542 duobus
1369 1487 1490 1555 ejus
1516 1486 1784 1541 dentibus
1813 1485 1986 1538 Fran-

376 1581 521 1635 cisco
554 1596 587 1633 a
626 1581 828 1647 Puteo,
863 1578 1176 1633 Carthusia;
1206 1576 1431 1647 Majoris
1461 1575 1661 1647 priori,
1691 1590 1794 1646 per
1821 1574 1983 1627 Jaco-

2079 417 2230 471 dinis
2261 418 2675 476 Carthusiensis
2717 428 3023 494 prospectu
3063 425 3337 494 scribens,
3370 444 3523 483 anno
3547 431 3682 485 1514

2078 509 2375 580 reliquias,
2408 511 2648 583 aliquot,
2684 514 2752 567 de
2803 513 3085 568 Brunonis
3129 531 3369 587 corpore
3396 518 3681 587 collectas,

2082 597 2393 653 Carthusiis
2408 601 2623 670 Majori,
2657 602 2984 656 Coloniensi
3007 606 3064 656 et
3088 603 3387 658 Parisiensi
3417 605 3685 661 distribu-

2082 689 2166 742 tas
2186 687 2390 755 fuisse;
2424 705 2555 742 cum
2588 689 2744 743 enim
2776 692 2820 746 is
2846 691 3109 761 scriptor,
3140 695 3425 763 quantum
3452 693 3525 747 ad
3553 711 3685 748 san-

2081 776 2156 830 cti
2190 776 2477 847 reliquias,
2494 794 2634 848 quas
2656 777 3013 833 Coloniensis
3034 779 3331 834 Carthusia
3357 798 3512 836 anno
3553 784 3689 838 1514

2082 865 2413 932 obtinuerit,
2443 882 2508 919 ex
2529 866 2653 936 jam
2684 883 2855 938 supra
2888 867 3050 920 dictis
3079 871 3235 922 certo
3257 871 3432 936 erret,
3463 870 3690 941 pondus

2083 953 2171 1019 iis,
2198 970 2324 1024 qua:
2339 954 2407 1007 de
2424 957 2828 1026 tempore,quo
2854 954 3045 1009 Sancti
3068 956 3406 1011 mandibula
3423 974 3538 1011 una
3557 974 3690 1013 cum

2082 1041 2304 1096 duobus
2330 1042 2451 1111 ejus
2467 1042 2734 1096 dentibus
2747 1042 3043 1097 Francisco
3071 1059 3103 1097 a
3126 1046 3304 1098 Puteo
3335 1060 3435 1099 seu
3454 1045 3692 1101 Carthu-

2082 1128 2179 1182 siae
2210 1130 2404 1200 Majori
2435 1129 2647 1184 tradita
2662 1130 3218 1197 fuerit,Zanotiusin
3249 1131 3469 1187 litteras
3491 1132 3690 1203 mittit,

2084 1218 2294 1271 addere
2328 1234 2444 1271 non
2476 1220 2683 1289 potest.

2154 1307 2277 1361 782.
2316 1306 2597 1360 Caeterum
2631 1306 2733 1360 etsi
2771 1306 3027 1374 duidem,
3080 1324 3207 1380 quae
3230 1308 3299 1363 de
3331 1311 3594 1380 tempore
3626 1327 3694 1368 ac

2085 1394 2280 1460 modo,
2310 1411 2424 1466 quo
2475 1394 2672 1465 capitis
2702 1394 2760 1449 S.
2796 1395 3079 1450 Brunonis
3125 1397 3527 1452 mandibulam
3578 1416 3696 1455 una

2083 1500 2215 1537 cum
2233 1483 2455 1538 duobus
2474 1483 2739 1537 dentibus
2754 1501 2787 1538 a
2802 1484 3015 1538 Jocobo
3036 1485 3107 1539 de
3131 1485 3441 1557 Aragonia,
3458 1486 3697 1542 Carthu-

2084 1573 2180 1627 sia:
2214 1572 2606 1642 Neopolitanae
2635 1572 2846 1642 priore,
2876 1573 3208 1628 Franciscus
3249 1590 3282 1628 a
3326 1576 3527 1644 Puteo,
3557 1576 3693 1631 Car-

376 1670 538 1734 bum,
572 1667 963 1739 Neapolitana:
995 1665 1305 1720 Carthusia:
1327 1665 1603 1736 priorem,
1633 1661 1827 1718 offerri
1847 1677 1983 1715 con-
2003 1647 2054 1705 B
2086 1661 2287 1716 thasiae
2320 1660 2544 1731 Majoris
2578 1660 2755 1731 prior,
2791 1661 3125 1728 obtinuerit,
3154 1663 3447 1717 Zanottius
3467 1663 3526 1718 in
3548 1664 3698 1719 litte-

376 1757 594 1829 tigerit.

450 1848 574 1902 781.
607 1846 727 1911 Ast,
754 1844 997 1915 inquies,
1032 1859 1163 1897 cum
1198 1842 1615 1908 Cistercienses,
1642 1841 1778 1895 dum
1810 1854 1988 1912 penes

382 1935 536 2006 ipsos
592 1936 742 1988 esset
794 1933 851 1987 S.
903 1932 1180 2004 Stephani
1242 1930 1681 1996 monasterium,
1736 1928 1986 1982 studiose

386 2024 705 2078 admodum
738 2040 803 2076 ac
833 2021 1058 2090 callide,
1089 2021 1588 2093 quemadmodum
1624 2035 1688 2072 ex
1732 2017 1989 2088 ipsismct

383 2112 639 2167 recitatis
687 2112 1092 2166 Blomevennze
1164 2109 1351 2164 verbis
1406 2108 1769 2179 intelligitur,
1830 2120 1991 2158 sacra

380 2200 439 2255 S.
474 2200 758 2255 Brunonis
821 2216 948 2254 ossa
982 2198 1356 2264 occuluerint,
1403 2196 1499 2268 qui
1558 2196 1797 2261 factum;
1836 2195 1895 2246 ut
1925 2209 1992 2247 ex

382 2288 540 2342 hisce
570 2288 992 2354 mandibulam,
1017 2304 1190 2358 quam
1228 2304 1342 2340 una
1372 2293 1503 2340 cdm
1544 2284 1769 2338 duobus
1800 2279 1995 2336 Sancti

381 2380 650 2434 dentibus
681 2376 994 2432 Carthusia;
1024 2375 1250 2446 Majoris
1278 2374 1455 2447 priori
1489 2374 1641 2428 dono
1675 2372 1860 2436 daret,
1891 2371 1982 2423 Ja-

383 2470 578 2535 cobus,
623 2465 940 2521 Carthusize
990 2465 1377 2537 Neapolitana:
1428 2462 1605 2533 prior,
1670 2462 1984 2530 antequam

384 2555 804 2611 monasterium
850 2553 989 2608 illud
1020 2550 1765 2607 Carthusianis.rcstitutum
1817 2534 2010 2614 esset,

385 2644 736 2700 obtinuerit?
767 2644 992 2707 Fateor,
1045 2644 1129 2694 est
1173 2657 1309 2695 sane
1341 2657 1441 2693 cur
1475 2638 1659 2693 nodus
1680 2637 1768 2691 hic
1800 2637 1988 2692 solutu

382 2736 659 2805 appareat
688 2731 950 2787 difficilis.
984 2731 1254 2784 Attamen
1277 2745 1409 2782 cum
1438 2730 1613 2794 locus,
1635 2743 1748 2797 quo
1772 2725 1828 2780 S.
1850 2726 1988 2779 Bru-

382 2823 551 2878 nonis
584 2838 810 2893 corpus,
841 2823 958 2885 aut,
987 2820 1032 2873 si
1074 2818 1271 2884 mavis,
1299 2833 1461 2871 sacra
1488 2816 1609 2885 ejus
1637 2832 1763 2869 ossa
1802 2831 1860 2867 es
1891 2816 1991 2867 ent

382 2912 706 2977 recondita,
738 2909 988 2962 Antonio
1022 2907 1257 2972 Sabino,
1314 2907 1601 2959 bonorum
1634 2902 1897 2957 omnium
1926 2917 1990 2954 ac

2085 1764 2176 1802 ras
2206 1748 2402 1813 mittit,
2436 1763 2540 1818 pro
2592 1747 2758 1801 certis
2806 1752 2978 1817 atque
3036 1748 3388 1815 indubitatis,
3437 1750 3517 1804 uti
3565 1750 3719 1821 jam;

2087 1836 2239 1890 dicta
2263 1836 2533 1906 probant,
2562 1835 2761 1888 haberi
2791 1835 2947 1889 haud
2979 1838 3214 1906 queant,
3249 1835 3301 1889 ei
3323 1839 3541 1905 tamen,
3562 1820 3699 1895 resi-
3736 1820 3741 1827 δ

2087 1926 2261 1980 duam
2282 1923 2482 1993 capitis
2496 1922 2553 1977 S.
2583 1922 2866 1977 Brunonis
2890 1926 3138 1994 partem,
3158 1924 3379 1979 hermas
3394 1930 3693 1996 argenteo,

2091 2014 2365 2067 Sanctum
2405 2010 2868 2082 repraesentanti,
2927 2011 3228 2078 inclusam,
3277 2012 3337 2066 in
3392 2012 3696 2069 Calabrino

2091 2102 2148 2157 S.
2185 2100 2462 2172 Stephani
2488 2100 2841 2154 monasterio
2873 2099 3191 2154 honoriﬁce
3221 2100 3509 2173 hodieque
3525 2119 3702 2157 asser-

2092 2191 2231 2258 vari,
2262 2187 2673 2244 lucubrationis
2706 2205 2820 2242 suze
2852 2187 3165 2258 saepissime
3195 2189 3441 2244 laudatae
3471 2205 3597 2261 cap.
3633 2192 3700 2247 33

2094 2279 2355 2351 proxime
2383 2277 2478 2331 cit.
2507 2276 2804 2342 asserenti,
2839 2276 3053 2347 absque
3086 2276 3199 2331 ullo
3232 2278 3498 2348 scrupulo
3513 2264 3704 2335 assen-

2088 2368 2353 2425 tiendum
2369 2367 3031 2438 apparet.Praeterquam
3051 2365 3209 2420 enim
3222 2366 3378 2437 quod
3397 2366 3697 2437 Mattheus,

2091 2456 2405 2514 Carthusiae
2459 2453 2812 2508 Bononensis
2850 2453 3008 2523 prior
3051 2470 3277 2508 sacrum
3305 2454 3499 2510 Sancti
3531 2461 3704 2529 caput

2090 2565 2124 2602 a
2152 2543 2388 2623 reliquis
2428 2541 2646 2596 ossibus
2676 2541 3022 2611 sejunctum,
3067 2557 3206 2596 auro
3252 2546 3309 2596 et
3335 2547 3577 2615 argento
3608 2561 3703 2600 ve-

2091 2633 2404 2695 stiendum,
2424 2630 2786 2701 gemmisque
2820 2629 3148 2683 ornandum
3181 2646 3324 2698 esse,
3357 2635 3570 2704 populo
3602 2633 3703 2688 ad-

2092 2721 2286 2785 stanti,
2304 2722 2365 2773 ut
2396 2719 2826 2772 Blomenvenna
2842 2716 3026 2770 verbis
3038 2733 3212 2788 supra
3239 2717 3491 2774 recitatis
3512 2721 3701 2789 docet,

2091 2810 2149 2864 iu
2178 2807 2372 2863 Sancti
2415 2805 2794 2859 translatione
2846 2804 3169 2870 declararit,
3232 2805 3475 2878 scriptor
3528 2809 3625 2864 ille
3673 2827 3706 2864 θ

2093 2897 2368 2952 Calabriae
2387 2892 2804 2959 monumentis,
2829 2909 2956 2963 quae
2974 2891 3284 2962 saepissime
3310 2894 3525 2960 laudat,
3548 2898 3706 2950 certo

382 3000 676 3055 redituum
712 2995 1045 3052 monasterii
1091 2995 1149 3049 S.
1187 2994 1463 3066 Stephani
1497 2990 1858 3064 procuratori
1891 2966 2058 3043 seuC
2091 2984 2304 3038 rescire
2338 2981 2526 3053 potuit
2554 2997 2680 3050 qua:
2737 2996 2803 3034 ea
2835 2980 2905 3033 de
2935 2995 2997 3032 re
3032 2980 3332 3034 memoriae
3374 2982 3585 3050 prodit,
3621 2985 3707 3038 at-

383 3089 654 3161 praefecto
682 3098 786 3157 per
814 3084 1167 3139 cardinalem
1196 3084 1266 3137 de
1289 3081 1598 3152 Aragonia,
1624 3078 1994 3133 commenda-

383 3177 597 3231 tarium
629 3176 797 3246 hujus
822 3174 1112 3239 abbatem,
1169 3171 1500 3235 constituto,
1554 3170 1678 3240 jam
1731 3167 1865 3221 inde
1921 3166 1992 3220 ab

386 3281 539 3319 anno
576 3264 731 3329 1513,
764 3263 808 3316 si
852 3261 1096 3315 Tutinus
1155 3262 1307 3313 recte
1342 3261 1522 3325 notet,
1573 3259 1671 3310 aut
1722 3256 1919 3319 etiam,
1948 3253 1995 3308 si

384 3354 647 3408 Zanottio
678 3352 819 3406 ﬁdes
840 3350 931 3417 sit,
955 3351 1080 3421 jam
1110 3349 1246 3403 inde
1278 3348 1348 3402 ab
1381 3363 1535 3401 anno
1574 3348 1709 3399 1502
1727 3344 1994 3398 divinitus

385 3442 559 3496 fuerit
588 3442 890 3505 revelatus,
923 3438 1047 3493 ﬁeri
1074 3440 1281 3509 potest,
1314 3440 1373 3489 ut
1407 3435 1805 3489 mandibulam
1830 3449 1895 3486 ex
1926 3430 1995 3485 iis

388 3532 646 3601 duosque
674 3529 875 3583 dentes
891 3531 1025 3582 ante
1041 3542 1260 3581 annum
1293 3528 1424 3579 15H
1451 3542 1484 3576 a
1515 3524 1665 3576 dicto
1693 3519 1994 3587 cardinali,

389 3619 487 3691 qui
518 3619 665 3673 bene
697 3633 834 3688 erga
857 3615 1263 3670 Carthusianos
1300 3615 1423 3666 erat
1451 3611 1704 3676 affectus,
1733 3609 1994 3673 Jacobus,

391 3706 706 3762 Carthusia:
722 3705 1111 3775 Neapolitana:
1127 3702 1305 3773 prior,
1330 3700 1608 3755 afﬁnitate
1626 3715 1756 3752 cum
1783 3713 1848 3751 eo
1868 3713 2001 3750 con-

383 3797 639 3866 junctus,
669 3793 970 3864 acceperit.
1006 3791 1172 3855 Quod
1212 3807 1342 3843 cum
1376 3789 1454 3841 ita
1484 3788 1574 3853 sit,
1600 3785 2000 3840 mandibulam

389 3883 448 3938 S.
482 3882 763 3937 Brunonis
809 3898 941 3936 cum
981 3880 1202 3944 duobus
1251 3878 1372 3946 ejus
1410 3876 1677 3931 dentibus
1730 3876 1865 3927 ante
1897 3889 1999 3925 an-

392 3988 535 4026 num
572 3972 707 4025 1514
737 3969 1034 4024 Francisco
1076 3986 1108 4023 a
1167 3968 1367 4033 Puteo,
1421 3963 1731 4020 Carthusia:
1779 3960 2004 4031 Majoris

396 4060 592 4132 priori,
626 4060 823 4114 datam
851 4058 1044 4125 fuisse,
1077 4057 1150 4111 ob
1165 4072 1253 4122 ea,
1277 4072 1407 4127 qua:
1430 4054 1879 4116 Blomeuvenna,
1904 4066 2003 4104 au-

397 4148 908 4219 ctorsynchronus,
941 4162 1011 4200 ea
1040 4145 1111 4199 de
1140 4160 1203 4198 re
1238 4141 1536 4196 memoriae
1562 4140 1774 4209 prodit,
1800 4136 2007 4192 verosi-

398 4237 606 4302 milius,
636 4252 810 4307 quam
832 4232 1180 4305 Oppositum,
1203 4248 1236 4284 a
1252 4229 1536 4294 Zanottio,
1562 4232 1797 4281 auctore
1816 4242 2007 4279 recen-

400 4325 564 4391 tiore,
597 4323 896 4389 traditum,
944 4321 1084 4375 mihi
1129 4322 1387 4391 apparet,
1424 4318 1553 4371 licet
1609 4314 1843 4369 interim
1874 4313 2006 4368 huic
2033 4341 2086 4400 Ι)

2092 3089 2203 3145 que
2232 3072 2319 3124 vel
2346 3070 2479 3123 hinc
2511 3068 2897 3122 dubitandum
2921 3068 3097 3121 etiam
3130 3085 3247 3122 non
3282 3072 3368 3124 est
3393 3070 3531 3140 quin
3560 3070 3708 3125 veri-

2094 3160 2195 3216 tati
2239 3161 2541 3224 consonet,
2577 3156 2732 3227 quod
2764 3155 2834 3210 de
2882 3156 3104 3227 reliquo
3136 3156 3329 3210 Sancti
3375 3173 3617 3231 corpore
3648 3158 3709 3215 in

2095 3249 2150 3303 S.
2171 3246 2447 3318 Stephani
2479 3243 2832 3299 monasterio
2860 3244 2962 3298 sub
2978 3244 3287 3315 magniﬁco
3301 3246 3467 3300 altari
3497 3246 3558 3301 in
3578 3264 3712 3302 arca

2096 3351 2432 3391 marmorea
2462 3333 2753 3404 hodieque
2786 3336 3072 3387 asservato
3099 3350 3130 3387 e
3167 3333 3442 3389 Calabriae
3471 3336 3707 3407 pariter,
3764 3368 3789 3375 -

2101 3427 2387 3498 quantum
2422 3421 3066 3493 opinor,monumentis
3093 3423 3217 3477 loco
3241 3422 3338 3477 cit.
3373 3424 3559 3491 docet,
3580 3425 3713 3480 licet

2098 3513 2331 3568 interim
2354 3512 2477 3565 haec
2499 3510 2557 3564 in
2577 3511 2765 3577 rebus,
2781 3511 2852 3564 ab
2875 3513 3045 3565 astate
3063 3513 3262 3565 nostra
3280 3512 3711 3582 remotioribus,

2100 3602 2275 3656 ﬁdem
2310 3599 2695 3654 indubitatam
2710 3599 2899 3652 facere
2916 3616 3032 3652 non
3050 3599 3292 3668 possint,
3321 3600 3570 3672 hincque
3594 3616 3712 3656 non

2100 3706 2302 3761 pauca,
2333 3703 2460 3758 quae
2488 3702 2554 3739 ex
2574 3685 2726 3739 hisce
2749 3685 3043 3738 Zanottius
3061 3684 3268 3750 hausit,
3302 3702 3547 3757 quaeque
3574 3688 3711 3744 data

2101 3794 2277 3851 opera
2316 3775 2613 3828 confutare
2664 3788 2855 3842 operae
2884 3772 3138 3842 pretium
3170 3790 3286 3827 non
3320 3777 3463 3840 erat,
3499 3778 3716 3831 asserta

2103 3864 2326 3921 silentio
2342 3860 2748 3936 praetereunda
2759 3876 2857 3913 seu
2871 3860 3224 3931 negligenda
3239 3861 3297 3915 in
3311 3863 3716 3919 commentarii

2103 3954 2271 4024 hujus
2302 3953 2542 4007 decursu
2576 3948 2857 4025 duxerim,
2885 3963 3003 4002 non
3028 3964 3185 4002 secus
3216 3965 3281 4003 ac
3306 3951 3588 4006 nonnulla
3604 3950 3718 4007 alia

2107 4060 2233 4115 quae
2268 4042 2339 4095 ab
2369 4039 2492 4095 aliis
2538 4036 2913 4109 scriptoribus
2940 4037 3358 4093 recentioribus
3386 4040 3713 4106 traduntur,

2108 4147 2215 4185 nec
2245 4131 2333 4183 sat
2356 4127 2601 4198 probato
2624 4124 2877 4179 veritatis
2889 4128 2987 4179 aut
3003 4125 3179 4179 etiam
3206 4125 3718 4183 verisimilitudinis

2106 4218 2494 4274 fundamento
2527 4213 2759 4268 suffulta
2788 4212 3099 4268 arbitratus
3126 4229 3274 4268 sum.

942 4442 2288 4476 __________________.

1323 4514 1721 4637 VITA
1812 4494 2796 4639 ANTIQUIOB,

710 4701 1013 4769 Auctore
1051 4697 1432 4789 primorum
1474 4693 1782 4783 quinque
1817 4682 2204 4757 Carthusise
2246 4676 2549 4768 priorum
2580 4673 2995 4764 chronologo
3028 4698 3406 4769 anonymo,

518 4820 635 4886 Ea:
678 4814 1172 4906 antiquissimo
1208 4811 1612 4883 bibliotheca
1650 4801 2287 4880 Carthusianorum
2327 4791 2849 4864 Coloniensium
2887 4814 3011 4861 ms.
3052 4793 3444 4885 deprompta
3479 4795 3598 4885 (l).

1865 4917 2261 4940 ______.__

929 5065 1153 5120 CAPUT
1210 5061 1488 5118 UNICUM.

407 5176 627 5232 Occasio
677 5173 1037 5229 conversionis
1084 5169 1146 5225 S.
1194 5169 1509 5223 Brunonis:
1560 5165 1893 5218 solitudinem
1928 5180 2019 5233 pc-

479 5254 585 5301 tere
607 5250 822 5309 statuit,
878 5246 1011 5298 alios
1044 5244 1100 5295 in
1163 5241 1302 5296 idem
1351 5239 1708 5308 propositum,
1767 5235 2014 5309 aura/iit,

481 5306 910 5389 GratianOpolim
926 5316 1127 5387 pergit,
1146 5313 1200 5365 in
1234 5306 1533 5366 Carthusize
1553 5324 1783 5362 eremum
1804 5306 2016 5367 secedit,

485 5470 554 5541 (1)
591 5471 671 5525 De
702 5470 805 5523 hac
842 5465 1034 5541 Sancti
1068 5464 1212 5541 Vita,
1244 5464 1495 5541 auctpre,
1531 5476 1565 5512 a
1596 5460 1840 5541 quo,._et
1870 5461 2017 5540 tem_-_

409 5529 554 5617 pore
609 5556 723 5613 quo
778 5539 986 5612 scripta
1042 5534 1285 5601 videtur,
1362 5529 1777 5588 Commentarii
1824 5530 2021 5603 prazvii

2198 4988 2268 5044 ad
2281 4988 2614 5060 pontiﬁcem,
2655 5005 2719 5060 ex
2742 4988 2841 5042 hac
2872 4993 3135 5060 evocatus,
3159 5004 3213 5041 se
3242 4989 3469 5058 confert,
3487 4991 3728 5047 solitudi-

2194 5058 2316 5115 nem
2335 5059 2603 5132 repetendi
2622 5059 2950 5132 facultatem
2977 5058 3045 5110 ab
3062 5074 3119 5132 eo
3138 5060 3386 5132 impetrat
3409 5077 3425 5123 ;
3451 5063 3506 5115 in
3534 5062 3725 5118 Tum.

2191 5127 2672 5186 lanam-Calabriae
2711 5145 2941 5183 eremum
2971 5146 3022 5181 se
3053 5127 3220 5196 abdit,
3275 5129 3449 5201 ibique
3476 5137 3724 5188 moritur.

2201 5226 2246 5274 l.
2281 5220 2449 5273 Anno
2482 5216 2798 5273 Dominicae
2828 5215 3239 5271 incarnationis
3282 5220 3416 5271 1082
3441 5217 3527 5271 vel
3576 5218 3727 5276 circa

2118 5311 2301 5374 illum,
2337 5312 2477 5363 dum
2493 5306 2754 5360 solemne
2779 5302 3034 5361 studium
3066 5307 3300 5359 lloreret
3316 5303 3564 5371 Parisiis,
3587 5321 3733 5374 prae.

2120 5475 2282 5513 num.
2317 5460 2348 5513 8
2373 5461 2430 5511 et
2458 5453 2689 5524 septem
2721 5470 2903 5526 seqq.,
2938 5472 3069 5526 quae
3097 5453 3420 5526 necessaria
3441 5468 3753 5526 congrua.-

2121 5546 2239 5611 que
2258 5522 2569 5585 arbitratus
2582 5539 2746 5598 sum,
2761 5522 2822 5583 in
2839 5522 3101 5586 medium
3117 5523 3347 5589 adduxi,
3372 5522 3462 5580 uti
3473 5523 3672 5579 etiam
3690 5525 3777 5579 de
