4014 6052
414 219 519 279 487

1238 219 1296 278 ε.
1353 219 1700 277 BRUNONIS
1747 216 2381 277 CARTHUSIANOBUM
2420 216 2887 277 lNSTITUTORlS

3629 214 3739 274 488

414 349 769 421 quapropter
793 362 912 402 non
953 348 1195 402 istorum
1244 348 1493 414 tantum,
1536 345 1637 401 sed
1667 348 1725 400 et
1765 345 1863 418 qui
1897 361 2021 400 suc-
2040 347 2099 406 Ὰ
2123 344 2535 401 Carthusiensis
2546 348 2824 416 patronus
2839 347 2896 400 et
2920 342 3196 399 fundator
3219 360 3233 412 ;
3257 344 3314 398 et.
3334 341 3595 416 quamvis
3614 358 3733 398 non

412 438 706 492 cesserunt
758 435 859 502 eis,
906 434 1147 490 concilia
1188 435 1437 490 libenter
1479 436 1776 506 amplexus
1820 437 1925 501 est,
1967 436 2024 488 et

410 541 591 597 usque
621 526 693 579 ad
735 527 987 579 mortem
1036 524 1350 579 Carthusiaa
1391 523 1746 578 habitatores
1793 538 2026 594 semper

412 615 573 680 fovit,
608 616 665 667 et
700 612 991 668 beneﬁciis
1034 616 1092 667 et
1122 612 1410 679 conciliis;
1443 611 1574 666 licet
1603 628 1736 666 vero
1766 614 1823 665 et
1871 610 2026 683 prius

408 701 593 756 divini
637 701 852 757 amoris
891 704 1043 756 totus
1091 702 1321 756 arderet
1368 699 1668 766 incendiis,
1710 716 1815 755 nec
1861 699 2027 753 aliter

416 794 615 845 tamen
681 789 753 843 ad
822 789 1136 860 disciplinae
1194 789 1435 845 caelestis
1497 788 1765 843 exercitia
1822 803 2025 842 eorum

413 878 689 949 exemplis
713 882 769 933 et
797 877 1188 932 familiaritate
1224 876 1520 943 inferbuit,
1554 893 1729 947 quam
1780 875 1823 929 si
1857 875 2023 929 ﬂam-

414 968 599 1023 manti
627 967 753 1039 quis
782 966 890 1021 faci
924 967 1118 1037 plures
1144 966 1284 1021 alias
1304 966 1706 1035 circumponat
1733 964 2022 1018 ardentes.

490 1059 574 1112 12.
605 1075 636 1108 «
666 1057 799 1109 Erat
821 1071 951 1108 cum
978 1054 1059 1109 eis
1090 1071 1209 1109 non
1256 1058 1319 1108 ut
1364 1053 1634 1108 dominus
1670 1056 1769 1107 aut
1806 1052 2024 1124 episco-

411 1160 536 1216 pus,
574 1144 673 1198 sed
703 1148 766 1197 ut
791 1144 994 1209 socius,
1030 1143 1129 1197 sed
1161 1147 1223 1197 ut
1245 1142 1426 1196 frater
1466 1141 1822 1196 humillimus
1870 1143 1927 1195 et
1951 1141 2025 1195 ad

413 1235 776 1297 cunctorum,
816 1234 1099 1302 quantum
1130 1230 1188 1284 in
1220 1230 1342 1303 ipso
1381 1234 1523 1295 erat,
1556 1228 1832 1301 obsequia
1861 1245 2025 1300 para-

412 1320 694 1387 tissimus;
728 1319 872 1373 adeo
902 1322 963 1372 ut
992 1319 1081 1371 vir
1109 1318 1448 1373 venerabilis
1487 1318 1821 1372 Guillelmus
1864 1317 2024 1388 prior

411 1411 549 1464 tunc
580 1408 637 1462 S.
675 1407 963 1462 Laurentii
1000 1406 1131 1477 (15),
1172 1410 1370 1477 postea
1415 1405 1471 1460 S.
1510 1405 1801 1459 Theofridi
1846 1407 2021 1460 abbas

413 1496 691 1567 magistro
720 1495 973 1550 Brunoni
1000 1494 1177 1549 etiam
1203 1494 1322 1565 ipse
1357 1510 1470 1548 non
1501 1493 1729 1547 modica
1750 1493 2021 1565 religiosa

414 1584 718 1639 devotione
751 1583 1036 1655 alligatus,
1068 1582 1222 1636 beati
1270 1582 1523 1653 Hugonis
1556 1585 1688 1636 tunc
1721 1582 2022 1636 contuber-

2123 434 2363 505 primus,
2382 437 2578 488 tamen
2606 433 3040 505 quodammodo
3070 432 3389 506 pracipuus
3414 431 3731 486 institutor.

2126 523 2387 577 Feliciter
2416 522 2594 589 igitur
2620 522 2858 577 fundata
2884 525 2942 577 et
2981 522 3250 577 inchoata
3280 520 3385 575 fuit
3414 521 3642 585 domus,
3676 522 3740 573 et

2126 612 2268 666 ordo
2301 611 2715 666 Carthusiensis
2744 615 3009 683 tempore
3045 610 3255 664 summi
3288 608 3572 682 pontificis
3596 610 3735 663 Gre-

2127 700 2276 772 gorii
2307 700 2561 773 septimi,
2597 701 2685 754 cui
2710 701 2767 754 in
2802 704 3015 772 papatu
3042 699 3308 754 successit
3332 715 3481 771 papa
3521 697 3737 762 Victor,

2128 790 2226 861 qui
2256 790 2419 843 valde
2446 788 2760 855 modicum,
2811 789 2870 843 id
2917 792 3021 855 est,
3067 792 3294 843 tantum
3346 804 3459 841 uno
3492 803 3644 841 anno
3676 789 3741 840 et

2128 877 2423 932 mensibus
2450 880 2698 950 quatuor
2723 876 2949 931 circiter
2970 877 3122 931 vixit.
3158 876 3280 941 Quo
3333 877 3586 939 mortuo,
3629 874 3737 929 Ur-

2129 966 2312 1020 banus
2338 965 2619 1020 secundus
2645 968 2866 1019 creatus
2897 969 3001 1035 est,
3030 966 3189 1035 cujus
3230 964 3505 1036 magister
3540 964 3736 1018 Bruno

2127 1054 2284 1125 prius
2311 1058 2633 1125 praeceptor
2653 1054 2840 1107 fuerat
2868 1057 2926 1108 et
2952 1054 3228 1125 magister
3255 1052 3387 1125 (16).
3411 1053 3427 1069 ⁵

2202 1147 2286 1196 15.
2322 1142 2419 1196 llic
2450 1142 2562 1196 cito
2603 1146 2733 1212 post
2779 1142 3134 1197 creationem
3184 1158 3347 1196 suam
3398 1141 3735 1196 recordatus

2125 1231 2421 1301 sapientiae
2447 1233 2505 1284 et
2540 1230 2860 1285 sanctitatis
2886 1234 2943 1285 et
2969 1229 3326 1285 discretionis
3351 1229 3576 1285 eximiae
3606 1246 3733 1283 ma-

2124 1320 2284 1391 gistri
2330 1319 2413 1373 sui
2444 1319 2747 1386 Brunonis,
2781 1319 2977 1372 statim
3020 1317 3292 1389 cogitavit
3327 1334 3460 1372 eum
3496 1318 3732 1383 habere,

2124 1411 2187 1461 ut
2212 1424 2345 1461 eum
2372 1406 2649 1478 dirigeret
2680 1410 2738 1461 et
2761 1406 2993 1477 juvaret
3032 1406 3105 1460 ad
3145 1407 3496 1477 apostolatus
3532 1405 3736 1460 sollici-

2121 1496 2384 1550 tudinem
2416 1498 2473 1549 et
2497 1512 2676 1549 onera
2697 1495 3040 1567 perferenda
3059 1494 3192 1567 (l7).
3218 1495 3357 1549 Cum
3390 1494 3564 1566 igitur
3582 1511 3731 1565 prae-

2120 1584 2271 1638 fatus
2299 1583 2575 1655 magister
2604 1584 2794 1638 Bruno
2814 1583 2937 1653 jam
2967 1599 3061 1636 sex
3106 1583 3272 1636 annis
3302 1598 3563 1637 eremum
3595 1583 3733 1637 Car-

414 1674 558 1728 nalis
582 1672 723 1744 (bini
752 1672 964 1743 quippe
1012 1687 1116 1743 per
1152 1672 1404 1742 singulas
1434 1671 1775 1725 habitabant
1805 1670 2019 1741 cellas),
2044 1684 2096 1743 B
2125 1672 2328 1727 thusiaa
2359 1671 2752 1739 inhabitassct,
2788 1675 2845 1724 et
2873 1673 3106 1725 vocatus
3140 1670 3211 1724 ad
3264 1670 3483 1725 curiam
3522 1671 3735 1726 Roma-

411 1762 566 1835 apud
598 1760 941 1831 magistrum
969 1761 1302 1814 Brunonem
1332 1776 1448 1814 non
1471 1759 1673 1813 leviter
1703 1776 2020 1830 conquere-

408 1856 571 1907 retur
596 1848 752 1920 quod
780 1865 929 1920 pene
960 1848 1157 1902 omnia
1183 1848 1255 1902 ad
1286 1848 1675 1903 humilitatem
1702 1847 2024 1920 spectantia

408 1937 564 1992 intra
589 1938 791 1992 cellam
820 1936 1159 2008 praariperet
1187 1936 1377 1991 officia
1410 1936 1729 2007 episcopus,
1768 1952 1883 1990 non
1912 1937 2021 1989 sal-

407 2031 528 2082 tem
559 2043 753 2081 secum
795 2028 853 2079 ut
888 2024 1089 2091 socius,
1127 2024 1227 2078 sed
1266 2024 1457 2096 potius
1487 2027 1923 2079 conversaretur
1962 2027 2024 2078 ut

406 2115 677 2170 famulus.

486 2206 567 2257 l3.
600 2222 630 2254 ‹‹
655 2203 717 2256 In
749 2203 976 2255 tantum
1004 2203 1199 2255 autem
1227 2215 1491 2254 eremum
1535 2200 1773 2254 devotus
1808 2199 2020 2254 incole-

407 2291 507 2345 bat
537 2293 594 2344 et
630 2290 876 2355 sedulus,
907 2291 970 2342 ut
1010 2306 1142 2343 eum
1186 2288 1461 2359 magister
1493 2289 1683 2343 Bruno
1716 2306 1833 2343 non
1871 2306 2020 2343 nun-

410 2396 585 2452 quam
617 2378 771 2433 exire
821 2378 1214 2449 compelleret,
1265 2378 1367 2443 Ite,
1403 2376 1619 2443 dicens,
1653 2377 1728 2431 ite
1772 2377 1846 2431 ad
1889 2394 2022 2431 oves

405 2472 641 2535 vestras,
672 2466 887 2538 eisque,
907 2466 1063 2538 quod
1094 2465 1334 2532 debetis,
1365 2464 1626 2519 exolvite.
1651 2466 1729 2519 Eo
1757 2469 2021 2536 tempore

412 2574 640 2628 magna:
667 2554 1019 2627 paupertatis
1050 2556 1107 2607 et
1131 2553 1473 2607 humilitatis
1487 2553 1693 2607 ardore
1720 2566 2022 2608 succensUs

410 2646 592 2701 dictus
621 2645 920 2716 episcopus
973 2642 1151 2698 voluit
1204 2641 1561 2713 equitaturas
1616 2658 1745 2696 suas
1790 2646 2022 2697 cunctas

407 2733 676 2799 vendere,
711 2736 768 2786 et
799 2731 870 2786 de
916 2730 1171 2801 ipsarum
1216 2731 1402 2801 pretio
1447 2731 1791 2802 pauperibus
1823 2748 2023 2804 eroga-

408 2837 491 2887 re,
522 2819 882 2892 propriisque
912 2818 1155 2890 pedibus
1182 2818 1240 2871 in
1288 2818 1693 2889 praedicatione
1736 2818 2018 2875 discurre-

407 2924 507 2975 re;
540 2908 639 2962 sed
693 2907 870 2961 homo
910 2906 1183 2978 profundi
1238 2907 1425 2961 cordis
1481 2906 1759 2978 magister
1805 2909 2015 2974 Bruno,

2125 1777 2284 1827 nam,
2323 1762 2619 1832 oporteret
2664 1776 2796 1813 eum
2824 1775 3054 1814 summo
3082 1758 3337 1830 pontifici
3379 1759 3636 1825 obedire,
3679 1762 3736 1813 et

2124 1849 2376 1903 filiorum
2407 1864 2643 1903 suorum
2687 1847 3075 1902 cellicolarum
3102 1846 3438 1902 societatem
3486 1846 3736 1918 gratissi-

2126 1954 2305 2002 mam,
2338 1937 2542 1991 saltem
2568 1936 2639 1991 ad
2668 1939 2920 2006 tempus,
2956 1935 3240 2001 deserere,
3274 1935 3377 2004 ipsi
3404 1934 3615 1990 subditi
3646 1934 3732 1989 sui

2124 2028 2286 2079 tanto
2318 2028 2451 2078 sunt
2475 2027 2712 2096 propter
2758 2024 2867 2078 hoc
2909 2024 3106 2078 dolore
3145 2022 3423 2089 concussi,
3475 2026 3532 2077 et
3570 2026 3735 2077 tanta

2124 2113 2354 2167 tristitia
2385 2113 2724 2185 perturbati,
2757 2113 2914 2185 quod
2946 2112 3182 2166 omnino
3224 2112 3399 2166 etiam
3440 2111 3544 2182 ipsi
3586 2111 3737 2166 dixe-

2122 2205 2279 2268 runt,
2304 2218 2361 2255 se
2395 2202 2549 2256 nullo
2578 2201 2754 2255 modo
2785 2201 2841 2254 in
2871 2200 3168 2255 Carthusia
3202 2217 3524 2265 mansuros,
3550 2200 3594 2254 si
3614 2214 3737 2253 eos-

2124 2289 2257 2343 dem
2298 2289 2603 2355 accideret,
2649 2292 2770 2343 tam
2814 2288 3125 2343 dulcissimi
3165 2292 3222 2341 et
3252 2287 3603 2342 dilectissimi
3635 2289 3736 2343 Pa-

2125 2377 2228 2432 tris
2252 2378 2443 2432 orhari
2467 2377 2773 2448 prmsentia
2803 2381 2860 2431 et
2889 2376 3251 2447 providentia
3275 2374 3530 2448 spoliari.

2199 2469 2282 2520 l6.
2316 2466 2579 2537 Magister
2606 2465 2780 2537 igitur
2805 2466 2992 2519 Bruno
3017 2469 3254 2537 prepter
3279 2465 3448 2519 istam
3479 2464 3732 2521 ﬁliorum

2123 2554 2539 2609 desolationem
2569 2570 2686 2608 non
2718 2553 2915 2608 leviter
2946 2553 3254 2621 desolatus,
3279 2552 3622 2608 obedientia:
3655 2556 3736 2607 ta-

2122 2659 2257 2696 men
2297 2643 2557 2697 debitum
2588 2658 2817 2697 summo
2844 2642 3101 2715 pontifici
3130 2659 3246 2697 non
3276 2644 3472 2697 volens
3498 2659 3603 2696 nec
3632 2659 3730 2695 va-

2120 2731 2244 2785 lens
2266 2731 2417 2785 licite
2450 2732 2762 2802 denegare,
2812 2748 2883 2785 ne
2925 2732 3081 2786 locus
3126 2731 3459 2798 Carthusiaa,
3510 2748 3544 2785 a
3573 2729 3730 2785 celli-

2121 2820 2261 2874 colis
2291 2819 2615 2885 derelictus,
2644 2819 2719 2873 ad
2766 2819 3038 2890 profanas
3081 2822 3140 2874 et
3182 2819 3449 2891 indignas
3495 2835 3727 2884 manus,

2121 2912 2219 2963 aut
2248 2926 2379 2963 usus
2427 2907 2785 2962 saecularium
2840 2907 3155 2973 deveniret,
3204 2924 3392 2978 ipsum
3438 2907 3730 2962 Casaa-Dei

407 2966 566 3067 cujus
593 2994 846 3051 consiliis
876 2966 992 3049 nhn
1024 2995 1192 3049 aliter
1237 3011 1413 3066 quam
1453 2966 1755 3066 praeceptis
1789 2966 2016 3049 obtem;
2049 2966 2096 3025 C
2120 2997 2333 3063 abbati,
2385 2996 2482 3068 qui
2522 2996 2710 3050 fuerat
2753 3013 2899 3050 unus
2931 2996 3002 3050 de
3049 2966 3251 3068 primis
3300 2996 3726 3064 fundatoribus,

408 3085 648 3157 perabat
674 3083 917 3150 abbatis,
952 3100 1069 3137 non
1094 3083 1403 3150 consensit,
1430 3082 1643 3137 timens
1668 3100 1739 3137 ne
1774 3083 1927 3155 apud
1958 3100 2016 3137 se

409 3173 479 3227 de
509 3174 618 3227 hoc
647 3173 887 3227 forsitan
939 3173 1326 3238 extolleretur,
1357 3174 1455 3225 aut
1484 3188 1519 3225 a
1547 3171 1766 3226 caeteris
1804 3172 1874 3225 de
1900 3171 2016 3225 sin-

316 3270 323 3279 '
408 3262 714 3329 gularitate
736 3261 1091 3331 judicaretur
1120 3259 1420 3330 episcopis,
1455 3263 1573 3324 aut,
1592 3259 1747 3329 quod
1777 3258 2017 3313 dubium

408 3365 525 3403 non
559 3352 701 3414 erat,
735 3349 793 3402 id
850 3348 1035 3419 ipsum
1090 3351 1328 3418 propter
1377 3346 1745 3418 asperitatem
1794 3350 1850 3400 et
1876 3347 2015 3401 ina:-

408 3436 745 3508 qualitatem
776 3452 1181 3489 consummare
1213 3451 1331 3489 non
1361 3438 1552 3506 posset
1584 3432 1879 3489 itinerum.
1914 3454 1945 3488 »
1974 3474 1977 3477 λ

481 3526 565 3579 14.
601 3524 808 3579 Omnia
834 3523 1110 3595 praedicta
1142 3526 1273 3578 sunt
1301 3524 1476 3578 verba
1509 3523 1709 3579 domni
1739 3523 2015 3596 Guigonis

403 3612 615 3684 scripta
632 3611 691 3667 in
722 3611 914 3666 VitaS.
938 3612 1191 3682 Hugonis
1209 3611 2009 3686 Gratianopolitaniepiscopi,

404 3719 532 3774 quas
562 3702 653 3757 hic
683 3701 992 3756 inserenda
1006 3701 1411 3772 judicavimus,
1432 3701 1566 3772 quia
1592 3701 1647 3755 in
1672 3702 1753 3756 eis
1770 3702 2014 3774 primor-

404 3792 498 3846 dia
528 3790 882 3846 fundationis
914 3790 1223 3845 Carthusia:
1248 3790 1633 3857 declarantur,
1668 3792 1725 3844 et
1751 3791 2011 3862 magistri

400 3879 684 3936 Brunonis
732 3879 1067 3934 excellentia
1109 3878 1417 3933 innotescit
1475 3882 1531 3933 et
1579 3878 1635 3932 in
1690 3879 1820 3945 hoc,
1855 3880 2047 3950 quod

400 3969 588 4023 eidem
622 3971 742 4021 tam
764 3966 1129 4031 venerabilis,
1162 3969 1285 4018 tam
1315 3967 1544 4020 sanctus
1563 3965 1860 4036 episcopus
1875 3983 2007 4021 cum

398 4058 561 4109 tanta
587 4053 931 4119 reverentia,
958 4052 1033 4105 sic
1057 4053 1346 4105 ferventer
1366 4052 1732 4107 ethumiliter
1757 4053 2009 4109 adhaere-

471 4249 580 4317 (15)
612 4246 765 4319 Cella
796 4248 882 4319 est
910 4260 1008 4298 seu
1038 4242 1325 4319 prioratus
1350 4244 1418 4319 i_n_
1442 4245 2006 4319 urbis_Gratianopo-

398 4315 593 4372 litanti)
626 4316 921 4382 suburbio,
950 4332 984 4369 a
1018 4330 1151 4369 mox
1180 4315 1271 4368 hic
1297 4316 1552 4385 subjecto
1596 4315 1652 4371 S.
1691 4315 2000 4386 Theofri'di,

397 4389 470 4443 de
493 4404 605 4458 quo
628 4387 816 4458 operis
835 4386 1015 4458 nostri
1047 4389 1190 4440 tom.
1216 4386 1485 4458 I_Aprilis,
1521 4402 1652 4458 pag.
1686 4390 1774 4454 41,
1806 4390 1861 4443 in
1895 4392 2006 4446 An-

399 4456 610 4513 ontatis
634 4456 708 4514 ad
738 4457 823 4529 lit.
853 4457 910 4529 d,
941 4456 1293 4529 monasterio
1325 4456 1688 4529 dependens:
1711 4460 1877 4529 hujus
1909 4479 2004 4515 au-

398 4532 517 4583 tem
543 4545 575 4582 e
606 4529 763 4582 cella:
794 4527 942 4581 illius
968 4527 1160 4598 priore
1196 4527 1414 4598 postea?
1442 4528 1620 4582 abbas
1655 4529 1745 4584 hic
1777 4527 2000 4587 inemo-

398 4543 517 4583 tem
543 4545 575 4582 e
606 4543 763 4582 cella:
794 4543 942 4581 unus
966 4543 1160 4652 priore
1196 4543 1395 4598 postea
1442 4543 1620 4582 anbas
1655 4543 1745 4584 mc
1777 4548 2000 4587 memo-

396 4602 554 4654 ratus
583 4599 937 4665 Guillelmus,
987 4598 1098 4652 icet
1122 4598 1297 4653 vitam
1325 4598 1685 4653 eremiticam
1729 4618 1828 4656 seu
1874 4604 2005 4658 soli-

395 4671 604 4725 tariam
627 4669 684 4723 in
713 4669 1011 4724 Carthusia
1039 4685 1169 4723 cum
1197 4670 1434 4740 Hugone
1462 4673 1520 4724 et
1544 4671 1809 4727 Brunone
1826 4674 2003 4727 duxe-

396 4741 490 4820 rit,
510 4744 1205 4820 propterea-tamennon
1237 4740 1441 4811 magis,
1474 4757 1656 4820 quam
1682 4742 2000 4820 priorebi-

395 4811 484 4866 nis
508 4810 663 4866 hisce
694 4811 915 4866 Sanctis
948 4810 1353 4865 Carthusianus
1380 4810 1610 4865 exstitit.
1630 4810 1735 4867 Adi
1762 4814 2000 4870 Galliam

395 4882 779 4938 Christianam
809 4884 1037 4936 auctam
1069 4883 1212 4934 tom.
1248 4883 1312 4947 ll,
1345 4883 1454 4936 col.
1485 4884 1607 4936 766.

467 4952 861 5025 (16)ί1)ι’ἰοι“,θΔ
892 4953 1075 5007 tribus
1099 4951 1251 5006 hisce
1284 4952 1647 5025 pontificibus
1677 4970 1832 5011 anno
1864 4958 1998 5013 1085

391 5022 629 5079 excessit
678 5040 709 5078 e
759 5022 915 5089 vivis,
968 5038 1236 5093 cumque,
1282 5022 1377 5093 qui
1429 5022 1479 5076 ei
1518 5023 1705 5079 fuerat
1733 5026 2001 5084 suffectus

393 5111 726 5165 nomenque
782 5092 1093 5165 «Victoris
1130 5092 1542 5165 assumpserat,
1590 5112 1621 5165 >2
1679 5096 1999 5154 Desiderius

391 5182 546 5220 anno
583 5162 715 5219 1σὸ7
750 5164 927 5218 etiam
956 5163 1205 5230 obiisset,
1255 5162 1347 5217 ad,
1371 5162 1429 5216 S.
1473 5164 1623 5218 Petri
1663 5167 1997 5223 cathedram

392 5240 619 5291 evectus
652 5235 891 5289 tandem
933 5238 1018 5288 est
1061 5233 1192 5288 Otto
1234 5250 1333 5288 seu
1386 5233 1529 5300 Odo,
1572 5235 1668 5304 qui
1710 5237 1919 5292 Urbani
1950 5242 1995 5293 ll

391 5323 606 5361 nomen
639 5305 877 5380 accepit,
918 5304 1129 5380 quique
1161 5305 1520 5380 S.‘Bru_no.ne
1560 5306 1751 5380 Bemis
1782 5309 1993 5380 magis-

391 5323 606 5361 nomen
639 5322 877 5376 accepit,
918 5322 1129 5427 quique
1161 5322 1218 5359 δ.
1255 5322 1520 5358 urunone
1560 5322 1751 5360 nemis
1782 5324 1991 5380 magis-

389 5380 479 5431 tro
522 5391 655 5430 usus
695 5377 924 5447 aliquan
970 5392 1003 5429 ο
1061 5374 1250 5447 fuerat
1300 5375 1381 5429 uti
1439 5375 1499 5428 in
1561 5376 1991 5435 Commentario

389 5447 600 5517 praevio
634 5444 809 5503 numf
825 5448 891 5501 96
920 5444 1166 5500 ostendi.

2118 3085 2269 3139 facta
2294 3084 2606 3139 donatione
2637 3087 2696 3138 et
2739 3083 3013 3150 cessione,
3052 3084 3304 3155 reliquit,
3339 3084 3601 3139 confecto
3632 3101 3728 3138 su-

2120 3191 2223 3247 per
2247 3175 2355 3229 hoc
2386 3174 2438 3228 ei
2466 3175 2691 3245 publico
2726 3175 3112 3228 instrumento
3141 3177 3273 3244 (l8).
3306 3174 3525 3229 Deinde
3554 3191 3728 3228 vene-

2117 3262 2312 3317 rabilis
2360 3264 2547 3329 Pater,
2596 3263 2669 3317 ad
2721 3279 3016 3317 summum
3077 3263 3412 3334 pontificem
3467 3262 3727 3330 veniens,

2119 3350 2307 3404 eidem
2356 3367 2472 3404 non
2524 3351 2722 3421 longo,
2763 3351 2863 3405 sed
2914 3350 3069 3404 brevi
3120 3354 3386 3420 tempore
3436 3350 3726 3418 assistens,

2116 3438 2385 3505 consiliis,
2409 3441 2466 3491 et
2483 3438 2702 3492 auxiliis
2718 3438 3058 3493 salutaribus
3070 3438 3119 3508 ej
3129 3456 3192 3493 us
3205 3439 3387 3492 multa
3409 3454 3588 3493 onera
3600 3454 3733 3509 sup-

2114 3527 2463 3598 partabat,ct
2474 3527 2718 3580 multum
2733 3527 2791 3580 in
2807 3526 3091 3598 regimine
3104 3531 3315 3581 sanctae
3329 3526 3427 3581 Dei
3440 3527 3724 3593 Ecclesiaa,

2114 3615 2236 3686 ejus
2261 3614 2707 3669 sollicitudinem
2749 3632 2850 3669 sua
2880 3616 3337 3688 promptitudine
3369 3617 3723 3671 sublevabat.

2188 3708 2271 3757 l7.
2306 3703 2413 3758 Diu
2443 3706 2643 3757 tamen
2674 3703 2962 3773 patienter
3003 3703 3361 3759 dissimulare
3392 3720 3508 3759 non
3536 3704 3727 3774 potuit

2113 3791 2426 3858 tristitiam,
2444 3796 2501 3846 et
2514 3792 2775 3846 dolorem
2798 3797 3140 3864 conceptum
3161 3794 3231 3848 de
3247 3810 3483 3849 suorum
3505 3794 3725 3865 disper-

2110 3879 2271 3935 sione
2302 3880 2576 3947 tiliorum,
2611 3884 2668 3934 et
2697 3880 2967 3952 strepitus
2982 3885 3041 3935 et
3071 3882 3576 3948 tumultus-curias,
3606 3883 3719 3937 im-

2110 3969 2407 4040 pedientes
2435 3968 2802 4023 dulcedinem
2835 3973 2893 4023 et
2917 3970 3192 4041 quietem,
3214 3987 3328 4043 qua
3355 3971 3465 4025 frui
3494 3974 3549 4027 et
3561 3970 3716 4041 pasci

2108 4056 2167 4110 in
2199 4073 2395 4111 eremo
2445 4060 2835 4123 consueverat,
2878 4057 3131 4129 graviter
3183 4058 3374 4114 ferens
3416 4062 3473 4113 et
3504 4059 3719 4114 diutius

306 4128 311 4132 ’
399 4142 517 4209 bat,
536 4144 593 4195 et
619 4156 750 4193 cum
779 4138 986 4193 eodem
1006 4153 1138 4192 vere
1156 4138 1465 4210 dicipotest
1484 4139 1689 4193 domus
1717 4144 1774 4195 et
1791 4141 2006 4197 ordinis
2025 4194 2068 4218 μ
2108 4144 2258 4198 ferre
2290 4161 2405 4199 non
2442 4144 2746 4212 sustinens,
2781 4128 3039 4216 exposita
3068 4163 3298 4201 summo
3324 4146 3582 4218 pontiﬁci
3612 4164 3716 4201 sua

2025 4194 2082 4272 Ἰ)

2176 4250 2285 4327 (17)
2318 4250 2510 4327 Fuisse
2554 4251 2846 4327 Sanctum.
2868 4252 2939 4306 ab
2986 4253 3215 4308 Urbano
3262 4254 3307 4306 ll
3339 4269 3488 4327 papa
3518 4269 3549 4327 e
3583 4253 3716 4327 Car-

2103 4321 2293 4394 thusia
2323 4324 2640 4394 evocatum,
2688 4338 2719 4375 e
2763 4321 3083 4392 primorum
3126 4321 3373 4394 quatuor
3402 4321 3714 4379 Carthusia:

2103 4392 2365 4462 priorum
2392 4393 2748 4464 chronologo
2779 4394 2932 4464 apud
2972 4392 3263 4448 Labbéum
3287 4397 3430 4449 tom.
3456 4397 3477 4449 Ι
3507 4395 3713 4451 biblio-

2102 4464 2459 4536 thecasnovae
2473 4463 2754 4517 librorum
2772 4463 2908 4517 mss.
2926 4481 3058 4536 pag.
3077 4467 3180 4519 638
3202 4465 3589 4536 indubitatum
3604 4471 3712 4535 est,

2103 4534 2185 4607 uti
2216 4534 2393 4607 etiarn
2422 4535 2787 4607 Brunonem,
2809 4534 3126 4607 antequam
3152 4536 3210 4588 id
3250 4535 3434 4595 ﬁeret,
3468 4537 3712 4591 Carthu-

2103 4605 2268 4671 siam,
2316 4605 2395 4658 uti
2430 4621 2563 4658 mox
2592 4604 2682 4658 hic
2707 4604 2987 4673 subditur,
3014 4606 3221 4660 rexisse
3261 4623 3353 4660 sex
3387 4607 3583 4673 annis;
3617 4624 3714 4662 ve-

2102 4676 2644 4748 rumposteriorem
2673 4691 2742 4748 ex
2789 4676 2941 4729 hisce
2974 4693 3089 4730 non
3121 4693 3227 4748 pro
3259 4679 3569 4748 completo,
3610 4678 3711 4732 sed

2102 4763 2206 4818 pro
2248 4745 2600 4818 incompleto
2657 4745 2933 4818 duntaxat
2982 4745 3315 4801 habendum
3361 4745 3503 4811 esse,
3544 4748 3712 4803 facile

2102 4816 2340 4942 guisque
2367 4816 2601 4885 colliget
2625 4833 2691 4869 ex
2720 4816 2801 4870 iis.
2821 4834 2947 4940 qua:
2974 4822 3005 4885 §
3029 4818 3154 4871 XXX
3185 4817 3255 4871 de
3282 4821 3567 4898 tempore,
3595 4834 3710 4890 quo

2144 4892 2341 4941 anctus
2370 4888 2443 4941 ad
2475 4887 2766 4941 Urbanum
2808 4889 2827 4939 l
2893 4904 3105 4942 uanam
3143 4892 3398 4942 accessit.
3447 4889 3707 4942 disserui.

2144 4892 2341 4941 anctus
2370 4888 2443 4941 ad
2475 4887 2766 4941 Urbanum
2808 4889 2827 4939 Ι

2173 4960 2281 5040 (18)
2308 4961 2382 5014 De
2415 4957 2803 5040 instrumento
2815 4957 3203 5040 .hOc,_per‘_S.
3252 4960 3583 5040 Brunonem
3615 4960 3712 5040 8e-

2100 5027 2319 5101 guino,
2351 5027 3029 5101 celeberrimi‘dimcesis
3076 5030 3574 5101 Claromontensis
3648 5031 3708 5086 in

2097 5098 2363 5182 {alvernia
2415 5098 2747 5182 monasterii
2799 5100 3087 5182 CasserDei
3137 5101 3352 5182 abbati,
3406 5101 3503 5182 qui
3551 5105 3710 5182 recte

2098 5170 2206 5233 hic,
2242 5171 2738 5244 quemadmodum
2777 5170 3476 5244 recitatzecornmentarii
3509 5173 3705 5244 prarvii

2098 5240 2389 5322 nun3.;503
2410 5243 2469 5322 et
2498 5240 2645 5322 binis
2670 5258 2829 5322 seqq.
2860 5241 3189 5322 donationis
3221 5240 3535 5322 Carthusia}
3556 5243 3707 5298 litte-

2094 5328 2172 5365 ra:
2199 5311 2374 5383 [idem
2405 5310 2640 5383 faciunt,
2666 5328 2695 5365 e
2728 5310 2929 5383 primis
2956 5313 3125 5383 hujus
3151 5313 3527 5368 donatoribus
3553 5331 3703 5369 unus

2094 5381 2368 5458 exstitisse
2410 5381 2654 5458 dicitur,
2683 5381 2972 5458 concesso,
3016 5381 3106 5437 adi
3178 5384 3505 5439 Comment.
3554 5403 3699 5458 prte-

2094 5453 2248 5508 vium
2277 5469 2438 5506 num.
2475 5456 2577 5509 513
2607 5456 2663 5507 et
2684 5453 2831 5507 binis
2860 5470 3018 5525 seqq.

2893 4904 3105 4958 papam
3143 4888 3425 4953 accessit,’
3447 4888 3707 4945 disserui.
3811 4896 3821 4906 ·
