4066 6032
490 139 589 199 491

1345 142 1404 202 S.
1435 142 1782 201 BRUNONIS
1820 142 2458 206 CARTHUSIANORUM
2494 148 2960 209 INSTlTUTORIS

3712 154 3831 214 492

488 266 823 342 eloquentia
859 262 1117 324 Tulliana
1143 272 1472 341 praeclarus,
1504 271 1871 337 discretione,
1935 271 2107 327 devo-
2130 280 2184 338 Α
2206 274 2741 348 [al.,magister],et
2768 277 3168 346 ibidem,felici
3195 280 3325 335 vita:
3352 296 3467 337 sum
3490 298 3660 337 cursu
3689 299 3831 353 per-

486 359 907 426 tione,morum
937 358 1234 412 excellenti
1265 359 1567 415 honestate
1595 359 1964 431 praefulgens,
1998 375 2105 413 caa-

2208 368 2356 430 acto,
2388 365 2660 433 migravit
2679 366 2751 420 ad
2767 366 3080 422 Dominum
3107 372 3237 438 post
3262 386 3558 440 egressum
3582 371 3831 427 Carthu-

488 446 833 516 lestiumque
852 445 1125 500 virtutum
1148 448 1378 518 copioso
1400 449 1670 502 thesauro
1695 448 1906 501 ditatus
1933 451 2106 518 atque
2207 450 2305 505 siaa
2338 453 2646 508 undecimo
2679 470 2833 508 anno
2866 472 2972 509 nec
2992 457 3139 526 plus,
3168 473 3274 511 nec
3308 459 3519 523 minus,
3575 460 3719 514 sicut
3759 461 3826 515 in

490 533 861 600 dotatus,Deo
894 536 953 587 et
979 534 1312 589 hominibus
1360 536 1599 590 dilectus
1625 538 1683 589 et
1724 539 1943 605 gratus,
1977 551 2102 589 ere-

486 639 650 677 mum
681 621 993 678 Carthusiaa
1038 622 1185 676 rexit
1227 640 1322 677 sex
1365 624 1553 690 annis,
1587 626 1645 678 et
1683 627 1832 693 post,
1863 626 1926 676 ut
1955 637 2102 692 pree-

490 709 705 765 dictum
735 713 838 775 est,
870 725 904 763 a
930 725 1081 781 papa
1108 714 1359 777 vocatus,
1391 715 1449 765 et
1474 728 1592 766 non
1620 711 1717 765 diu
1743 714 1871 781 post
1890 711 1998 781 (27)
2028 710 2103 763 ad

488 812 751 851 eremum
772 796 1068 863 Calabriae,
1092 798 1180 851 cui
1211 798 1404 851 Turris
1432 814 1650 853 nomen
1681 797 2099 863 est,transiens,

486 882 585 950 ibi,
618 886 813 937 sancto
853 887 1178 939 constructo
1225 886 1598 952 monasterio,
1633 887 1948 940 multorum
2000 884 2099 938 Dei

487 986 782 1025 servorum
794 971 1275 1027 anachoretarum
1301 976 1491 1029 rector
1509 973 1721 1028 exstitit
1750 975 1809 1026 et
1838 970 2102 1027 minister

2203 539 2363 593 libris
2389 540 2881 596 Consuetudinum
2903 544 3106 597 domni
3135 544 3427 617 Guigonis,
3452 563 3581 618 qua
3596 550 3729 603 sunt
3758 548 3824 603 in

2207 628 2380 682 domo
2414 629 2747 697 Carthusiaa,
2780 631 3108 686 continetur
3126 635 3257 704 (28).
3297 635 3464 689 Juxta
3489 638 3826 706 sepulcrum

2203 725 2326 795 ejus
2357 725 2695 780 immediate
2726 727 2855 781 fons
2870 727 3028 782 vivus
3052 732 3307 797 emanat,
3353 732 3449 803 qui
3477 732 3672 788 divina
3699 735 3821 788 cle-

2202 812 2421 867 mentia
2438 813 2497 866 in
2522 813 2692 883 hujus
2715 814 2830 869 Viri
2851 816 3031 870 sancti
3051 817 3273 872 meritis
3295 819 3490 874 multis
3518 822 3820 893 languori-

2200 898 2305 953 bus
2328 901 2585 956 fldelium
2609 905 2820 973 optatas
2843 905 3067 959 confert
3085 906 3345 961 remedia
3362 908 3765 981 sanitatis(29).
3782 931 3815 960 ››

1550 1185 1955 1308 VITA
2068 1183 2747 1309 ALTERA

1104 1372 1401 1439 Auctore
1439 1368 1806 1438 Francisco
1846 1389 1885 1437 a
1920 1371 2138 1437 Putco
2177 1364 2562 1436 Carthusias
2596 1370 2876 1461 Mojoris
2922 1373 3174 1463 priore,

1188 1513 1311 1582 Ea:
1334 1510 1637 1581 editione
1662 1509 1959 1581 Basileae
1987 1528 2175 1578 anno
2200 1508 2480 1579 circiter
2507 1516 2696 1581 1515
2722 1513 3091 1585 adornata.

1100 1732 1487 1788 PROLOGUS.

494 1855 610 1914 Cur
657 1854 852 1914 Sancti
908 1856 1091 1913 Vitam
1138 1858 1424 1913 describere
1482 1858 1845 1928 aggrediatur,
1909 1864 2097 1912 auctor

1185 1950 1416 2017 inponit.

551 2056 601 2107 i.
626 2052 750 2107 Non
765 2053 951 2106 solum
980 2051 1293 2106 Dominum
1315 2052 1373 2105 in
1388 2053 1598 2107 sanctis
1628 2052 1770 2123 ejus,
1797 2053 1895 2107 sed
1913 2052 2089 2107 etiam

476 2138 629 2213 ipsos
655 2143 881 2195 sanctos
912 2139 972 2194 in
1031 2139 1276 2194 Domino
1334 2139 1569 2195 laudare
1619 2141 1916 2211 jubemur,
1949 2140 2093 2194 sicut

475 2228 752 2300 scriptum
775 2230 899 2282 est:
934 2250 962 2277 «
996 2227 1319 2295 Laudemus
1366 2228 1517 2283 viros
1546 2228 1846 2299 gloriosos,
1881 2232 1940 2281 et
1987 2244 2088 2299 pa-

471 2320 667 2373 rentes
699 2315 996 2371 nostrosin
1011 2317 1388 2388 generatione
1416 2333 1517 2371 sua
1544 2316 1955 2388 (30).Homines
2002 2316 2087 2371 di-

471 2404 615 2458 vites
634 2403 693 2457 in
716 2404 1007 2470 virtute,et
1034 2404 1476 2474 pulchritudinis
1503 2404 1755 2459 studium
1786 2405 2086 2470 habentes,

471 2490 838 2564 paciﬁcantes
886 2491 943 2545 in
985 2490 1253 2546 domibus
1278 2491 1410 2545 suis.
1468 2491 1723 2555 Quorum
1754 2508 1998 2563 corpora
2028 2491 2085 2545 in

468 2595 610 2651 pace
633 2579 855 2651 sepulta
877 2582 1044 2633 sunt:
1066 2581 1124 2633 et
1152 2579 1381 2633 laudem
1404 2596 1606 2634 eorum
1640 2580 1866 2634 nuntiat
1898 2580 2086 2633 Eccle-

472 2666 573 2722 sia.
608 2688 634 2715 ››
658 2666 1031 2731 'Laudemus,
1082 2666 1346 2737 inquam,
1375 2670 1433 2721 et
1454 2668 1628 2721 verbo
1661 2671 1719 2721 et
1762 2667 2087 2722 imitatione

471 2755 678 2828 dignos
695 2754 861 2809 laude
879 2757 1271 2809 monstremus
1295 2754 1469 2822 viros,
1494 2755 1570 2808 sic
1601 2772 1634 2809 a
1654 2755 1860 2809 virtute
1883 2756 2084 2822 dictos,

469 2860 587 2898 non
601 2842 836 2914 quidem
853 2842 1120 2907 viatores,
1144 2858 1275 2896 cum
1295 2841 1515 2896 Veritas
1536 2842 1713 2897 dicat:
1738 2866 1764 2892 ‹‹
1781 2842 2086 2897 Neminem

467 2931 849 2987 salutaveritis
892 2930 951 2984 in
978 2931 1067 2985 via
1116 2930 1247 3002 (31);
1282 2931 1382 2985 sed
1413 2930 1713 3003 gloriosos,
1773 2931 1985 2985 scilicet
2025 2930 2085 2984 in'

466 3020 713 3092 gloriam
730 3020 854 3090 jam
892 3021 1175 3091 receptos,

468 3125 655 3177 curos;
686 3110 1026 3179 etparentes
1047 3108 1274 3160 nostros
1292 3106 1889 3177 spirituales,quorum
1909 3106 2086 3160 fidem

467 3199 527 3251 et
556 3212 733 3266 opera
753 3194 970 3249 imitari
1016 3194 1315 3261 debemus,
1344 3197 1402 3247 et
1430 3210 1677 3264 quorum
1736 3194 2000 3250 doctrina
2029 3196 2088 3248 et

465 3282 744 3353 exemplis
775 3284 892 3337 Deo
938 3281 1119 3353 geniti
1151 3298 1368 3349 sumus,
1417 3283 1730 3337 secundum
1762 3282 1900 3336 illud
1933 3285 2084 3356 Apo-

466 3371 628 3427 stoli:
667 3392 693 3419 ‹‹
728 3371 837 3424 Per
882 3368 1259 3440 Evangelium
1306 3386 1413 3440 ego
1453 3385 1551 3424 vos
1589 3371 1763 3441 genui
1798 3370 1928 3442 (32).
1962 3392 1991 3420 »
2024 3373 2084 3426 ln

468 3457 847 3530 generatione
872 3473 994 3525 sua,
1018 3457 1079 3512 id
1108 3460 1212 3524 est,
1232 3459 1549 3513 secundum
1575 3475 1644 3513 ea
1664 3475 1791 3531 qua:
1822 3459 2086 3515 fecerunt

467 3545 530 3602 in
555 3546 672 3601 vita
699 3562 820 3601 sua.

541 3638 596 3689 2.
634 3655 663 3686 ‹‹
701 3633 986 3689 Homines
1008 3633 1210 3689 divites
1240 3633 1301 3688 in
1337 3633 1567 3689 virtute.
1608 3656 1636 3684 »
1669 3636 1813 3691 Nam
1850 3636 2090 3692 virtutes

468 3739 618 3778 verae
645 3722 857 3778 divitia:
878 3726 1031 3789 sunt,
1061 3739 1190 3795 quae
1246 3722 1531 3777 violenter
1560 3724 1773 3779 auferri
1806 3742 1923 3780 non
1955 3741 2086 3795 pos-

470 3816 622 3869 sunt.
657 3835 685 3863 «
719 3812 1164 3868 Pulchritudinis
1194 3812 1448 3867 studium
1470 3813 1764 3867 habenles.
1791 3832 1823 3865 »
1848 3817 1957 3869 Per
1992 3830 2086 3868 ve-

470 3916 600 3955 ram
626 3899 802 3953 ﬂdem
834 3902 892 3953 et
918 3899 1175 3954 debitam
1202 3898 1631 3953 ordinationem
1647 3900 2085 3970 cogitationum,

473 3987 845 4043 aﬁ‘ectionum
895 3989 954 4040 et
985 4002 1251 4056 operum.
1311 4007 1338 4034 ‹‹
1390 3986 1782 4056 Paciﬁcantes,
1816 4009 1844 4037 »
1892 3988 1951 4043 id
1981 3976 2086 4058 est,

473 4091 679 4148 pacem
711 4075 989 4130 habentes
1027 4078 1085 4129 et
1113 4073 1388 4128 facientes
1418 4073 1477 4127 in
1504 4075 1773 4130 domibus
1794 4078 1925 4131 suis.
1945 4077 2093 4141 Quo-

473 4180 606 4219 rum
656 4178 900 4234 corpora
938 4162 996 4216 in
1028 4162 1452 4233 exspectatione
1474 4162 1627 4233 pacis
1649 4164 1940 4235 perfectae,
1964 4182 2092 4237 quae

477 4252 706 4307 dabitur
732 4251 790 4305 in
829 4250 1270 4316 resurrectione,
1301 4251 1523 4320 sepulta
1553 4255 1717 4306 sunt:
1774 4257 1832 4306 et
1861 4254 2092 4309 laudem
2114 4268 2167 4327 1)

478 4357 682 4397 eorum
708 4338 940 4395 nuntiat
980 4337 1249 4405 Ecclesia,
1292 4353 1493 4393 eorom
1517 4339 1780 4394 videlicet
1810 4344 2094 4413 exempla,

479 4432 539 4483 et
556 4427 808 4500 gloriosa
840 4427 991 4481 facta
1012 4426 1303 4482 narrando
1322 4426 1396 4482 ad
1429 4426 1528 4481 Dei
1558 4427 1844 4483 honorem
1876 4433 1934 4484 et
1962 4431 2099 4487 alio-

485 4532 618 4574 rum
638 4515 1261 4571 informationem.Hoc
1278 4518 1365 4569 est
1391 4513 1550 4569 enim
1578 4515 1718 4570 illud
1726 4516 1867 4589 juge
1888 4518 2099 4573 sacriﬁ-

493 4604 645 4660 cium
661 4603 818 4677 quod
846 4602 907 4657 in
934 4602 1034 4657 Dei
1055 4601 1303 4658 Ecclesia
1321 4601 1443 4656 sine
1464 4601 1891 4660 intermissione
1921 4606 2092 4661 offer-

551 4745 660 4820 (27)
692 4742 891 4800 Paucis
931 4742 1209 4820 duntaxat
1255 4741 1547 4820 mensi_bus
1570 4744 1772 4820 _Bruno
1805 4747 1967 4820 apud;
1988 4747 2091 4820 Ur-

480 4813 699 4873 banum
722 4831 956 4888 papam,
993 4817 1307 4886 antequam
1333 4813 1392 4867 in
1420 4814 1785 4888 Turritanam
1818 4813 2092 4888 Calabria:

480 4885 745 4943 eremum
758 4885 1073 4952 secederet,
1087 4885 1479 4940 cammoratus
1489 4888 1594 4951 est,
1614 4886 1693 4939 uti
1717 4887 2089 4941 manifestum

476 4957 544 5013 fit
566 4975 633 5013 ex
658 4958 745 5025 iis,
773 4973 902 5029 quae
948 4955 1351 5029 commentarii
1382 4956 1629 5029 p_rtevii§
1662 4959 1720 5010 31
1756 4956 1908 5029 dicta
1935 4960 2087 5029 sunt.

569 5030 657 5098 28)
682 5026 950 5082 Errorem
975 5026 1068 5098 hic
1088 5026 1147 5080 in
1170 5026 1500 5098 biographo
1521 5028 1724 5098 nostro
1751 5027 1983 5093 cubare,
2008 5028 2092 5081 in-

475 5095 804 5155 dubitatum
835 5101 939 5151 est.
968 5097 1075 5152 Adi
1100 5095 1505 5152 commentarii
1535 5095 1727 5165 prtevii
1760 5098 1787 5163 §
1820 5098 1906 5151 30.

552 5169 664 5240 (29)
688 5169 767 5240 De
799 5167 1152 5237 prodigiosa,
1197 5166 1293 5237 qui
1324 5166 1415 5240 hic
1465 5168 1843 5240 memoratur,
1884 5167 2085 5240 fonte,

467 5235 1032 5311 mii*a¢uli_sqi_1e,quie
1063 5235 1341 5311 aquaram
1365 5236 1489 5306 ejus
1517 5235 1723 5311 virtute
1751 5236 1966 5311 fuerint
1994 5255 2090 5311 pa-

467 5310 643 5380 trata,
660 5305 863 5380 videsis
886 5305 1376 5365 commentarium
1400 5305 1677 5380 praevium
1707 5322 1870 5362 num.
1902 5305 2009 5365 732i
2030 5313 2089 5365 et

465 5376 691 5449 aliquot
716 5390 876 5447 seqq.

2122 1733 2174 1792 Β
2194 1733 2307 1805 tur.
2338 1751 2692 1808 Sacrificium
2719 1754 3094 1825 acceptabile,
3134 1756 3534 1812 holocaustum
3566 1758 3810 1832 pingue,

2195 1856 2313 1894 non
2326 1839 2621 1895 hircorum
2648 1844 2746 1895 aut
2761 1842 3199 1910 vitulorum,sed
3218 1844 3566 1913 laudis;dum
3592 1848 3815 1903 scilicet

2192 1927 2461 1982 laudatur
2515 1931 2681 1985 Deus'
2701 1929 2760 1983 in
2813 1931 3025 1985 sanctis
3053 1931 3167 1985 suis
3206 1932 3279 1986 ab
3337 1933 3597 2001 homine,
3631 1952 3811 2006 quem

2193 2015 2432 2083 creavit,
2456 2033 2633 2088 quem
2662 2018 2934 2086 redemit,
2967 2020 3058 2074 cui
3077 2023 3136 2074 et
3158 2036 3406 2090 regnum
3424 2023 3650 2077 caeleste
3677 2040 3812 2095 pro-

2192 2103 2490 2158 misit.Hoc
2518 2110 2604 2160 est
2628 2106 2971 2161 sacriﬁcium
3006 2109 3123 2163 Deo
3153 2114 3408 2180 gratum,
3440 2111 3809 2166 credentibus

2190 2208 2325 2247 vero
2360 2192 2497 2247 utile
2542 2197 2600 2248 et
2640 2194 3048 2250 necessarium.
3100 2197 3484 2253 Necessarium
3543 2199 3805 2271 quidem,

2190 2296 2321 2334 cum
2352 2297 2456 2352 per
2484 2283 2829 2354 praphetam
2849 2284 3128 2339 Dominus
3151 2285 3336 2340 dicat:
3364 2308 3392 2335 ‹‹
3418 2288 3664 2342 lmmola
3686 2290 3806 2344 Deo

2187 2369 2528 2425 sacrificium
2560 2371 2745 2426 laudis
2771 2372 2904 2441 (33).
2942 2394 2970 2421 ››
3016 2373 3077 2426 Ei
3108 2389 3242 2428 vero
3288 2377 3519 2445 gratum
3564 2378 3621 2429 et
3650 2392 3810 2430 acce-

2188 2457 2423 2526 ptabile,
2452 2458 2587 2529 quia
2613 2481 2642 2509 «
2683 2460 3026 2515 sacriﬁcium
3053 2462 3258 2527 laudis,
3292 2461 3499 2535 inquit,
3530 2462 3808 2519 honoriﬁ-

2188 2545 2342 2600 cabit
2365 2562 2459 2601 me
2480 2548 2611 2617 (34).
2642 2569 2669 2596 ››
2704 2548 2875 2603 Nobis
2904 2553 3099 2604 autem
3132 2551 3290 2616 utile,
3322 2552 3459 2622 quia
3482 2551 3594 2606 illic
3615 2554 3809 2607 osten-

2188 2633 2324 2688 dam
2357 2634 2437 2689 illi
2469 2637 2718 2691 salutare
2763 2637 2884 2704 Dei,
2919 2637 3209 2692 Christum
3241 2638 3473 2705 scilicet,
3503 2640 3600 2711 qui
3630 2643 3805 2711 caput

2188 2724 2275 2776 est
2306 2724 2571 2778 omnium
2601 2728 2957 2794 sanctorum,
2983 2729 3041 2780 et
3066 2743 3287 2781 merces
3314 2742 3538 2783 eorum.

2260 2813 2312 2865 3.
2348 2812 2670 2867 Laudemus
2697 2813 2891 2885 igitur,
2924 2813 3275 2869 dilectissimi
3317 2814 3543 2882 fratres,
3602 2816 3801 2871 Domi-

2188 2916 2329 2953 num
2362 2899 2421 2953 in
2447 2901 2658 2954 sanctis
2679 2918 2819 2972 ejus:
2854 2906 2913 2957 et
2936 2903 3223 2974 praacipue
3245 2904 3304 2957 in
3335 2904 3443 2958 hoc
3466 2903 3800 2961 beatissimo

1210 2990 1267 3071 εἰ
1298 3018 1369 3071 de
1400 2990 1502 3073 ξω
1528 2990 1967 3073 immo'rtalitate
1997 3035 2085 3072 se_
2105 3017 2152 3074 Ο
2186 2990 2348 3057 patre
2376 2991 2572 3042 nostro
2607 2990 3063 3060 Brunone,cujus
3088 2991 3261 3046 hodie
3287 2991 3561 3046 festivitas
3586 2992 3798 3063 agitur,

2186 3075 2405 3148 quinos
2429 3077 2487 3132 in
2520 3079 2745 3134 Christo
2779 3080 3011 3150 genuit:
3052 3081 3149 3151 qui
3186 3081 3313 3135 vitae
3342 3081 3491 3135 viam
3524 3080 3690 3136 nobis
3737 3082 3798 3136 in

2187 3180 2383 3220 eremo
2398 3167 2834 3238 praeparavit,et
2860 3168 3080 3224 vivendi
3110 3185 3378 3224 normam
3408 3185 3510 3223 suo
3532 3170 3798 3241 exemplo

2188 3254 2546 3309 monstravit.
2581 3256 2649 3310 Et
2675 3258 2937 3327 quamvis
2949 3273 3082 3311 eum
3106 3259 3169 3311 ut
3197 3257 3437 3329 dignum
3466 3260 3552 3312 est
3565 3257 3801 3313 laudare

2188 3358 2306 3397 non
2339 3342 2710 3412 sufficiamus;
2744 3347 2817 3400 ab
2847 3346 2969 3415 ejus
3001 3349 3199 3400 tamen
3230 3346 3397 3401 laude
3430 3362 3649 3423 cessare
3681 3363 3799 3401 non

2188 3430 2485 3486 debemus.
2511 3434 2835 3489 Exaltemus
2850 3436 3041 3506 itaque
3054 3452 3186 3489 eum
3209 3438 3267 3489 et
3294 3435 3802 3507 laudemus,un-

2186 3519 2312 3573 tum
2343 3536 2668 3591 possumus,
2697 3521 2833 3594 quia
2855 3523 3041 3593 major
3066 3525 3152 3577 est
3179 3523 3341 3578 omni
3367 3523 3556 3578 laude.
3591 3523 3796 3578 Narre-

2192 3622 2320 3660 mus
2352 3607 2639 3664 mirabilia
2661 3610 2803 3680 ejus,
2834 3627 2962 3681 quae
2992 3610 3131 3666 fecit
3157 3628 3171 3678 ;
3209 3611 3625 3665 annuntiemus
3652 3611 3805 3666 inter

2190 3699 2393 3766 gentes
2409 3713 2587 3768 opera
2630 3698 2772 3769 ejus,
2799 3702 2860 3753 ut
2890 3716 2956 3754 ex
3000 3698 3082 3754 eis
3133 3699 3485 3770 glorificetur
3540 3700 3711 3766 Deus,
3744 3703 3803 3754 et

2189 3786 2252 3837 ut
2272 3799 2376 3837 nos
2405 3802 2741 3858 eum,quem
2772 3789 3003 3842 Patrem
3025 3788 3238 3843 habere
3257 3788 3575 3842 meruimus
3593 3787 3652 3842 in
3686 3789 3800 3841 ter-

2188 3869 2285 3937 ris,
2308 3872 2526 3928 socium
2562 3878 2620 3929 et
2669 3876 3047 3943 confratrem,
3084 3875 3207 3947 ejus
3254 3892 3360 3930 nos
3404 3875 3803 3946 adjuvantibus

2189 3959 2411 4015 meritis
2434 3966 2491 4017 et
2520 3965 2803 4034 precibus,
2828 3966 3043 4020 habere
3075 3981 3406 4020 mereamur
3428 3963 3488 4018 in
3518 3964 3693 4021 caelis.

2723 4054 2947 4108 CAPUT
2975 4053 3258 4108 PRIMUM.

2194 4135 2485 4213 Occasione
2523 4141 2784 4213 defuncti,
2835 4144 2932 4212 qui
2984 4158 3088 4194 sese
3138 4141 3476 4213 damnatum,
3534 4141 3671 4213 inter
3715 4156 3797 4213 so-

2266 4207 2455 4266 lemnes
2497 4207 2765 4291 ersequigs
2791 4230 2818 4265 ε
2838 4207 3036 4291 feretro
3079 4211 3404 4291 proclamat.
3564 4210 3799 4264 solitudi-

2274 4300 2393 4337 nem
2412 4281 2646 4339 secedere
2684 4282 2875 4337 Bruno
2928 4281 3138 4343 statuit,
3166 4281 3298 4335 alios
3323 4284 3385 4352 in
3438 4281 3575 4335 idem
3610 4297 3800 4352 propo-

2266 4358 2428 4409 situm
2451 4356 2697 4420 attrahit,
2729 4356 2929 4425 iterque
2956 4370 3078 4406 cum
3100 4353 3182 4405 his
3207 4352 3278 4406 ad
3305 4350 3627 4421 Hugonem;
3658 4350 3799 4405 Gra-

2268 4426 2711 4498 tianOpulitanum
2742 4427 3058 4496 episcopum,
3084 4425 3318 4494 suscipit.

2265 4518 2319 4570 4.
2350 4514 2729 4585 Temporibus
2748 4511 3005 4583 Gregorii
3027 4510 3278 4583 septimi,
3306 4510 3553 4565 Romani
3577 4508 3797 4583 pontiﬁ-

2194 4602 2273 4658 cis
2301 4603 2433 4674 (35),
2466 4606 2525 4657 et
2564 4600 2791 4657 Henrici
2836 4599 3024 4672 quarti
3081 4599 3447 4670 imperatoris
3491 4600 3600 4672 (36)
3653 4597 3796 4653 circa

2288 4745 2374 4808 30)
2415 4742 2788 4799 Ecclesiastici
2818 4758 2961 4808 xuv,
2996 4744 3042 4795 l.

2288 4814 2374 4879 31)
2407 4816 2490 4869 Ita
2518 4815 2639 4868 fere
2671 4814 2833 4867 Lucas
2859 4829 2913 4879 x,
2940 4814 2994 4867 4.

2258 4885 2372 4953 (⁷32)
2404 4886 2491 4939 Ad
2505 4885 2829 4939 Corinthios
2859 4900 2933 4950 ιν,
2971 4886 3055 4937 15.

2285 4957 2371 5021 33)
2395 4957 2621 5011 Psalmo
2652 4972 2796 5021 xmx,
2824 4957 2908 5009 14.

2284 5027 2377 5091 34⁷)
2405 5027 2630 5081 Psalmo
2658 5042 2802 5091 xmx,
2836 5028 2924 5080 23.

2284 5092 2370 5166 35)
2406 5096 2646 5151 Sanctus
2676 5097 2768 5150 hic
2800 5094 3057 5166 pontifex
3087 5092 3162 5149 ad
3194 5093 3250 5149 S.
3286 5094 3438 5148 Petri
3463 5092 3789 5166 cathedram

2189 5164 2512 5223 anno'1073
2542 5167 2649 5221 fuit
2677 5164 2925 5233 evectus,
2959 5181 3227 5236 annoque
3263 5166 3396 5220 1085
3421 5164 3584 5236 obiit,
3614 5164 3692 5236 uti
3722 5164 3789 5218 ad

2188 5244 2254 5296 25
2278 5238 2403 5310 Μαῆ
2436 5239 2613 5304 diem,
2641 5238 3009 5310 quo_colitur,
3062 5233 3439 5310 Romanoque
3462 5306 3470 5310 _
3496 5233 3789 5306 inscriptus

2188 5314 2295 5379 est,
2330 5309 2389 5365 in
2420 5306 2735 5365 comment.
2760 5308 2899 5380 Vitae
2926 5309 3049 5378 ejus
3075 5307 3287 5380 praevio
3308 5306 3627 5380 docuimus.

2264 5377 2374 5453 (⁷36)
2400 5380 2644 5437 Henrico
2666 5378 2814 5453 patri
2842 5377 2995 5434 anno
3022 5377 3155 5433 1656
3185 5377 3470 5444 successit,
3524 5391 3784 5449 annoque

2355 4745 2374 5028 ἓ
