4014 6052
248 266 355 333 493

1816 266 1999 334 ACTA

3459 284 3566 350 494

249 412 471 456 annum
488 397 683 456 salutis
696 398 910 456 nostra:
923 394 1339 472 octogesimum
1359 400 1674 460 secundum
1687 417 1863 474 supra
1875 405 1932 466 Α
1960 403 2167 459 Christi
2200 405 2272 461 ab
2299 421 2389 473 eo,
2423 405 2518 479 qui
2536 406 2776 481 perdere
2793 411 2996 465 cuncta
3023 407 3277 479 festinat,
3309 411 3565 471 indebita

246 489 641 556 millesimum,
687 505 818 543 cum
866 488 926 543 in
976 489 1280 544 Parisiensi
1328 491 1552 548 civitate
1598 494 1857 548 solemne

245 576 485 633 ﬂoreret
511 577 784 643 studium,
821 576 1123 632 abundans
1148 581 1271 633 tum
1305 580 1671 636 multitudine
1694 582 1856 637 scho-

245 666 458 722 larium
489 670 546 721 et
576 681 861 738 perquam
892 665 1123 737 copiosa
1163 671 1390 723 caterva
1433 669 1737 724 doctorum
1766 685 1857 725 so-

245 754 534 810 lemnium
567 754 625 807 in
658 753 819 808 omni
848 754 1242 809 doctrinarum
1278 772 1512 827 genere,
1543 758 1654 811 tale
1703 758 1763 811 in
1791 774 1859 812 ea

244 843 488 914 contigit
511 842 865 897 horrendum
885 845 943 895 et
974 844 1420 898 memorandum
1447 846 1854 916 spectaculum.

245 930 495 995 Quidam
523 930 681 985 enim
694 929 963 985 selemnis
986 930 1206 997 doctor,
1230 931 1383 986 inter
1408 936 1645 987 caeteros
1661 932 1853 987 docto-

241 1035 337 1073 res
367 1018 711 1090 praacipuus,
741 1018 979 1072 scientia
1001 1020 1060 1072 et
1089 1019 1349 1073 moribus
1392 1022 1737 1075 excellenter
1763 1036 1855 1074 or-

243 1110 434 1173 natus,
464 1124 528 1161 ac
550 1123 669 1179 prae
700 1106 920 1160 castoris
952 1107 1289 1172 honoratus,
1314 1108 1469 1179 gravi
1496 1109 1747 1179 quadam
1775 1108 1858 1162 in-

239 1193 524 1248 firmitate
552 1197 895 1265 praeventus,
931 1195 1078 1247 lecto
1149 1195 1521 1260 decumbens,
1578 1195 1708 1249 vitae
1741 1212 1855 1249 sua:

242 1281 402 1336 diem
435 1281 991 1335 clausitextremum.
1014 1281 1113 1335 Cui
1146 1298 1277 1336 cum
1294 1284 1582 1337 solemnes
1596 1283 1667 1337 de
1692 1299 1854 1337 more

238 1373 588 1440 pararentur
617 1369 917 1440 exsequiae,
935 1370 1006 1423 ad
1019 1386 1149 1423 eum
1165 1370 1570 1424 honorandum
1590 1371 1855 1425 convenit

239 1459 677 1528 magistrorum,
727 1458 1104 1524 studentium,
1134 1462 1191 1512 et
1221 1459 1606 1529 quorumdam
1646 1460 1853 1513 civium

242 1546 556 1600 multitudo
589 1546 839 1615 copiosa.
873 1544 1087 1609 Quibus
1138 1546 1551 1601 comitantibus
1583 1550 1641 1601 et
1679 1547 1849 1601 funus

240 1635 744 1708 prosequentibus,
776 1634 1031 1688 defuncti
1066 1650 1273 1705 corpus
1323 1636 1395 1689 ad
1441 1636 1761 1703 ecclesiam,
1793 1636 1851 1690 in

1959 498 2272 562 accusatus,
2301 499 2359 549 et
2380 496 2512 551 inde
2534 498 2690 568 justo
2719 499 2819 552 Dei
2842 499 3062 569 judicio
3097 500 3168 554 ab
3200 501 3322 571 ejus
3346 505 3564 560 calum~

1962 581 2121 635 niosa
2150 585 2510 639 accusatione
2557 587 2851 653 liberatus,
2907 587 3125 641 cunctis
3152 589 3363 659 placuit
3420 594 3477 644 et
3507 591 3569 647 in

1958 674 2298 740 sequentem
2328 673 2564 727 tertium
2588 675 2742 728 diem
2764 674 2886 744 ejus
2902 676 3253 747 sepulturam
3282 678 3565 750 proferre.

2038 761 2091 811 6.
2119 759 2308 814 Tertia
2336 761 2529 832 itaque
2560 763 2651 817 die
2692 763 2876 817 factus
2906 768 2991 817 est
3021 781 3326 820 concursus
3355 766 3570 822 nimius

1959 844 2213 901 virorum
2240 852 2298 902 ct
2340 850 2670 917 mulierum,
2702 851 2783 906 ita
2831 854 2893 906 ut
2918 869 3066 926 pene
3099 856 3219 909 tota
3247 853 3443 909 civitas
3491 856 3569 912 ad

1959 936 2081 988 tam
2099 936 2431 992 mirandum
2447 939 2545 993 Dei
2565 940 2849 1009 judicium
2871 942 3302 1012 agnoscendum
3316 943 3569 997 conﬂue-

1958 1028 2066 1077 ret.
2096 1025 2163 1077 Et
2187 1042 2337 1094 ecce,
2371 1044 2500 1082 cum
2530 1030 2721 1099 priore
2752 1046 2913 1085 more
2943 1030 3223 1103 exsequias
3270 1034 3568 1088 continua-

1957 1118 2159 1167 rentur
2189 1119 2246 1168 et
2271 1116 2497 1182 fierent,
2522 1119 2765 1171 surrexit
2789 1118 2914 1187 jam
2940 1119 3111 1174 tertio
3155 1119 3310 1174 idem
3363 1121 3567 1177 defun-

1958 1206 2101 1269 ctus,
2123 1206 2179 1256 et
2210 1221 2343 1259 voce
2365 1206 2571 1273 valida,
2619 1207 2836 1261 cunctis
2862 1207 3199 1262 mortalibus
3222 1210 3557 1278 metuenda,

1958 1290 2138 1345 dixit:
2168 1293 2332 1345 Jusro
2380 1295 2480 1347 DEI
2538 1309 2745 1347 JUDICIO
2791 1310 3179 1349 coxosumrus
3238 1312 3362 1350 seu.
3422 1295 3559 1360 Quas

1954 1396 2079 1446 vox,
2114 1384 2231 1435 tam
2265 1383 2549 1453 stupenda
2579 1386 2636 1436 et
2664 1384 2977 1449 horrenda,
3014 1387 3070 1437 et
3095 1400 3129 1437 a
3155 1386 3360 1439 saeculo
3393 1385 3557 1440 inau-

1953 1468 2092 1534 dita,
2126 1485 2347 1535 omnes,
2376 1470 2471 1541 qui
2518 1470 2799 1537 astabant,
2846 1488 2993 1541 pene
3042 1471 3336 1526 exanimes
3365 1472 3558 1527 reddi-

1954 1555 2054 1609 dit.
2091 1556 2196 1620 Qui
2226 1561 2423 1612 tamen
2455 1575 2826 1625 omnes,eum
2850 1563 3174 1631 tanquama
3194 1560 3440 1614 Domino
3466 1576 3557 1615 re-

1951 1645 2283 1715 probatum,
2319 1650 2377 1700 et
2407 1648 2528 1717 ejus
2550 1648 2705 1717 justo
2727 1647 2945 1717 judicio
2979 1649 3061 1718 (ut
3085 1648 3204 1718 ipse
3230 1647 3387 1702 idem
3419 1652 3561 1704 atte-

239 1742 359 1796 qua
384 1726 690 1795 sepulturas
722 1724 980 1777 dandum
1004 1727 1146 1789 erat,
1167 1724 1420 1778 delatum
1457 1729 1559 1780 est.
1597 1725 1852 1796 Cumque
1880 1722 1933 1780 B
1952 1735 2131 1787 status
2147 1735 2781 1803 erat)condemnatum,
2801 1735 3236 1790 omniEcclesiaa
3256 1736 3552 1808 suffragio,

235 1813 313 1866 ab
343 1812 593 1866 invitatis
618 1811 1028 1877 ecclesiasticis,
1059 1812 1154 1882 qui
1190 1815 1325 1866 tunc
1355 1812 1619 1879 aderant,
1654 1813 1853 1867 defun-

233 1904 465 1955 ctorum
486 1900 717 1954 solitum
735 1900 1140 1954 decantaretur
1160 1899 1446 1968 Officium,
1466 1917 1598 1954 cum
1615 1904 1849 1955 ventum

231 1993 319 2043 est
349 1989 423 2043 ad
456 2005 585 2043 eam
632 1988 966 2055 lectionem,
1019 2005 1147 2059 quas
1209 1987 1440 2059 incipit:
1488 1989 1847 2061 «Responde

230 2077 396 2141 mihi,
433 2100 459 2125 »
474 2075 738 2142 surrexit,
772 2076 868 2146 qui
896 2079 1020 2129 erat
1051 2079 1336 2143 mortuus,
1351 2079 1408 2129 et
1425 2081 1616 2131 erecto
1643 2077 1844 2147 paulu-

226 2166 350 2218 lum
376 2164 582 2234 capite,
612 2163 826 2217 resedit
857 2164 915 2217 in
950 2164 1185 2230 feretro,
1220 2164 1550 2235 cunctisque
1608 2164 1848 2219 videnti-

225 2253 333 2307 bus
362 2256 419 2307 et
431 2252 816 2319 audientibus,
847 2268 913 2306 ac
931 2267 1051 2322 pra:
1074 2252 1327 2306 novitate
1348 2252 1431 2306 rei
1459 2252 1840 2323 stupentibus,

225 2342 363 2406 alta,
396 2341 528 2395 licet
559 2340 872 2408 horrenda,
919 2356 1051 2394 vece
1079 2340 1329 2394 clamare
1389 2340 1560 2413 coepit
1607 2345 1665 2395 et
1712 2341 1792 2395 ait
1824 2358 1836 2396 :

223 2429 393 2483 Jcsro
434 2431 534 2483 Dm
562 2445 770 2482 moicxo
801 2444 1104 2483 accusares
1147 2443 1272 2482 sun.

302 2521 356 2571 5.
392 2518 514 2581 Quo
548 2518 721 2582 dicto,
755 2517 967 2570 iterum
993 2516 1273 2570 recubuit.
1308 2516 1392 2570 llli
1422 2532 1577 2583 vero,
1600 2516 1697 2587 qui
1717 2517 1838 2571 haec

224 2605 535 2661 audierant
562 2609 620 2659 et
648 2605 931 2671 viderant,
961 2620 1077 2658 non
1111 2604 1404 2659 modicum
1418 2621 1525 2659 nec
1546 2604 1837 2660 immerito

225 2693 442 2759 territi;
465 2693 850 2746 decreverunt
868 2693 1126 2747 consulte
1141 2692 1375 2762 quidem
1401 2692 1727 2763 etprovide,
1750 2709 1837 2747 se-

222 2784 518 2855 pulturam
547 2781 740 2852 ejusin
760 2781 1075 2834 crastinum
1102 2780 1505 2847 differendam,
1524 2780 1605 2835 rei
1623 2781 1837 2835 exitum

222 2872 643 2944 praestolantes.
659 2869 758 2923 Die
777 2870 970 2941 itaque
997 2869 1260 2940 sequenti
1285 2886 1417 2922 cum
1432 2873 1657 2923 tantum
1676 2885 1835 2939 spec-

1952 1836 2177 1874 necnon
2212 1826 2267 1876 et
2289 1823 2668 1876 ecclesiastica
2705 1824 2999 1895 sepultura
3038 1822 3343 1894 indignum
3398 1824 3554 1894 judi-

1949 1913 2163 1973 cantes,
2196 1911 2253 1964 in
2285 1911 2664 1982 sterquillinio
2681 1911 2907 1983 sepeliri
2937 1911 3199 1966 fecerunt
3228 1912 3360 1984 (37).
3393 1912 3553 1967 Unde

1947 2013 2079 2051 cum
2112 1999 2168 2053 in
2202 2000 2503 2054 Parisiensi
2532 2004 2590 2055 et
2615 2001 2835 2055 czeteris
2853 2000 3051 2055 vicinis
3080 2001 3328 2055 ecclesiis
3347 2004 3554 2073 quarta

1947 2086 2115 2141 lectio
2147 2088 2203 2142 in
2238 2089 2476 2160 agendis
2526 2090 2692 2159 justis
2724 2089 3135 2145 defunctorum
3167 2089 3410 2162 incipiat
3438 2106 3543 2161 per

1945 2181 2188 2246 quantas
2219 2179 2405 2233 habeo
2461 2179 2811 2251 iniquitates,
2845 2178 3068 2233 omissis
3098 2179 3286 2234 verbis
3334 2196 3433 2233 seu
3461 2179 3548 2234 di-

1943 2264 2227 2320 ctionibus
2259 2268 2367 2321 illis
2402 2268 2727 2338 prioribus:
2778 2267 3079 2338 Responde
3104 2267 3267 2333 mihi,
3308 2267 3492 2323 fertur
3516 2285 3551 2324 a

1943 2355 2255 2421 nonnullis,
2285 2356 2442 2426 quod
2473 2356 2625 2410 dicta
2646 2356 2821 2410 verba
2854 2355 3089 2409 fuerunt
3142 2371 3209 2409 ex
3255 2359 3390 2410 tunc
3412 2356 3548 2411 inde

1942 2440 2131 2496 deleta
2146 2444 2218 2497 ob
2243 2447 2586 2516 perpetuam
2602 2448 2659 2498 et
2683 2444 3053 2499 indelebilem
3085 2446 3205 2497 tam
3232 2444 3548 2515 expavendi

1932 2527 2133 2598 judicii
2165 2533 2510 2587 memoriam
2544 2532 2676 2603 (38).

2009 2624 2062 2672 7.
2092 2620 2305 2675 Aderat
2332 2624 2526 2675 autem
2564 2624 2703 2675 tunc
2743 2620 2875 2675 huic
2905 2623 3027 2675 tam
3053 2621 3350 2677 horrendo
3381 2637 3536 2694 spec-

1938 2708 2127 2762 taculo
2151 2709 2301 2762 inter
2317 2713 2554 2763 cmteros
2569 2710 2835 2763 doctores
2846 2709 3047 2763 beatus
3061 2710 3272 2777 Bruno,
3307 2709 3545 2764 natione

1936 2795 2278 2850 Teutonicos
2322 2813 2389 2850 ex
2428 2797 2652 2851 civitate
2685 2796 2898 2867 insigni
2951 2800 3007 2850 et
3035 2796 3196 2867 regia
3227 2796 3546 2868 Agrippina

1938 2883 2195 2951 Colonia,
2227 2884 2298 2937 de
2324 2884 2679 2954 parentibus,
2706 2900 2821 2938 non
2851 2888 2969 2938 tam
2998 2900 3211 2955 genere
3233 2900 3409 2956 quam
3439 2884 3547 2938 vir-

220 2960 478 3013 taculum
500 2958 625 3028 jam
656 2957 855 3012 fuisset
908 2958 968 3011 in
1015 2960 1175 3011 tanta
1205 2957 1430 3011 civitate
1457 2957 1832 3029 divulgatum,

1946 2975 2057 3026 tute
2080 2972 2246 3025 claris
2270 2977 2326 3026 ct
2388 2972 2675 3027 nobilibus
2713 2975 2871 3026 ortus
2896 2973 3029 3043 (39),
3047 2972 3345 3026 Remensis
3363 2973 3540 3027 eccle-

217 3047 295 3101 ad
327 3046 542 3100 dictam
564 3046 865 3100 ecclesiam
901 3046 1168 3100 convenit
1204 3045 1455 3099 maxima
1486 3050 1543 3099 et
1569 3046 1730 3117 quasi
1753 3046 1837 3099 in-

216 3132 599 3186 numerabilis
628 3132 924 3203 utriusque
955 3132 1155 3203 populi
1195 3132 1523 3186 multitudo.
1553 3132 1654 3186 Ubi
1680 3131 1833 3185 rein-

210 3221 391 3292 ceptis
422 3225 482 3273 et
509 3220 644 3273 inde
674 3221 1027 3274 continuatis
1075 3219 1378 3291 exsequiis,
1414 3219 1555 3274 dum
1588 3223 1830 3274 ventum

213 3313 300 3363 est
330 3308 407 3362 ad
440 3307 700 3378 ejusdem
730 3308 995 3362 lectionis
1025 3307 1280 3373 initium,
1314 3307 1470 3361 idem
1504 3307 1830 3375 defunctus,

208 3398 275 3449 ut
295 3395 503 3466 pridie,
536 3394 607 3448 de
631 3396 839 3461 loculo,
881 3396 942 3448 in
971 3411 1084 3466 quo
1118 3397 1383 3449 mortuus
1402 3394 1659 3464 jacebat,
1685 3394 1831 3448 exsi-

210 3483 382 3548 liens,
416 3483 588 3536 dixit:
621 3483 787 3537 Jusro
848 3484 948 3537 Dm
987 3499 1195 3537 JUDlClO
1261 3497 1552 3535 JUDICATUS
1605 3498 1731 3535 seu.
1766 3483 1834 3535 Et

207 3571 322 3625 hoc
346 3570 521 3636 dicto,
555 3571 705 3625 infra
734 3571 1013 3624 feretrum
1046 3571 1255 3624 iterum
1280 3585 1337 3622 se
1385 3570 1603 3639 recepit
1635 3587 1648 3637 ;
1681 3570 1832 3624 unde

208 3657 394 3712 crevit
419 3657 571 3712 inter
595 3661 850 3712 astantes
873 3658 1182 3712 admiratio
1216 3672 1333 3710 non
1357 3672 1554 3726 parva.
1582 3656 1726 3720 Quia
1748 3661 1829 3710 ta-

212 3762 352 3799 men
378 3762 445 3798 ex
480 3746 585 3799 hoc
619 3745 878 3800 nondum
908 3746 1140 3799 fuerant
1166 3744 1236 3797 de
1275 3744 1396 3814 ejus
1422 3744 1830 3814 reprobatione

208 3833 395 3887 certi:
428 3849 560 3886 cum
595 3834 768 3887 verba
800 3833 896 3887 illa
952 3836 1246 3887 accusatus
1290 3848 1416 3885 sum
1468 3836 1524 3886 et
1542 3833 1831 3903 judicatus

204 3937 362 3985 sum,
392 3924 626 3991 possent
647 3921 825 3974 etiam
851 3921 908 3974 in
936 3921 1150 3975 bonam
1174 3924 1400 3991 partem
1434 3920 1826 3991 interpretari,

204 4012 491 4079 tanquam
512 4008 632 4078 ipse
664 4008 855 4079 primo
888 4008 1099 4079 injuste
1151 4007 1349 4061 fuisset
1400 4012 1533 4063 ante
1572 4007 1827 4063 tribunal

205 4179 341 4231 1106
376 4176 565 4230 vivere
628 4177 818 4243 desiit,
866 4176 947 4229 uti
1008 4177 1080 4230 ad
1136 4179 1453 4248 utrumque
1512 4175 1664 4229 hunc
1721 4191 1823 4248 an-

208 4263 353 4301 num
409 4248 619 4318 Pagius
668 4248 726 4301 in
787 4248 1007 4301 Criticis
1075 4247 1283 4317 aliique
1343 4246 1652 4315 scriptores
1722 4246 1897 4314 do-D

201 4321 357 4371 cent.

272 4389 387 4457 (37)
412 4386 562 4451 Quid
591 4387 663 4441 de
682 4390 804 4441 tota
830 4387 924 4442 illa
966 4389 1223 4442 luctuosa
1252 4387 1516 4441 damnati
1573 4385 1820 4439 Historia

203 4458 577 4529 sentiendum
607 4458 699 4523 sit,
724 4459 991 4529 colligere
1034 4462 1222 4528 potest
1243 4458 1533 4512 studiosus
1552 4458 1819 4529 lectorrex

202 4528 292 4593 iis,
325 4544 455 4598 quae
499 4529 554 4581 in
592 4528 1011 4582 commentario
1045 4529 1256 4598 praevio
1290 4533 1317 4596 ς
1364 4533 1424 4582 lt)
1459 4533 1516 4581 et
1543 4528 1818 4581 tredecim

204 4600 580 4668 sequentibus
610 4600 731 4652 fuse
761 4600 815 4652 in
852 4616 971 4653 rem
1002 4600 1157 4652 illam
1174 4600 1459 4669 disputata
1477 4602 1626 4650 sunt.
1653 4598 1820 4651 Notet

206 4668 447 4740 interim
476 4670 779 4740 imprimis,
793 4670 1065 4723 horrendi
1088 4668 1337 4740 prodigii
1359 4668 1770 4733 narrationem,
1787 4684 1819 4720 a

204 4739 466 4793 Puteano
501 4739 593 4792 hic
640 4739 1103 4810 suppeditatam,’
1148 4758 1181 4793 a
1234 4740 1587 4800 narratione,
1640 4754 1815 4808 quam

204 4810 557 4881 concinnata
585 4811 658 4881 ab
689 4811 1012 4881 antiquiore
1049 4812 1228 4863 sancti
1285 4810 1463 4864 nostri
1495 4810 1816 4881 biographo

204 4878 333 4933 Vita
357 4880 780 4950 complectitur,
809 4878 924 4935 non
954 4897 1157 4952 parum
1189 4880 1243 4933 in
1280 4881 1575 4952 adjunctis
1608 4878 1816 4952 discre-

205 4965 368 5019 pare.
406 4952 797 5022 Praeterquam
834 4950 1012 5017 enim,
1071 4952 1223 5022 quod
1257 4952 1377 5004 haec
1425 4950 1816 5022 sepulturzein

203 5021 567 5092 sterquilinio
588 5020 703 5075 nOn
726 5020 1429 5092 memineritfprodigium
1448 5037 1563 5074 non
1595 5020 1817 5092 publice

204 5090 266 5143 in
298 5090 558 5155 ecclesia,
582 5092 661 5144 uti
692 5092 781 5145 hic
804 5090 1117 5145 Puteanus'
1135 5092 1234 5155 ait,
1260 5090 1358 5144 sed
1391 5092 1544 5144 intra
1571 5090 1819 5159 privatos

208 5160 421 5214 domus
451 5162 705 5216 defuncti
741 5162 1007 5232 parietes,
1040 5177 1172 5215 cum
1220 5178 1427 5231 corpus
1474 5162 1616 5230 ejus,
1651 5165 1819 5213 terra:

210 5232 636 5297 mandandum,
670 5232 742 5286 ad
773 5233 1070 5286 ecclesiam
1103 5232 1662 5295 deferendumesset,
1696 5247 1821 5283 eve-

214 5301 361 5355 nisse
387 5302 587 5369 refert,
628 5301 759 5357 licet
807 5303 1061 5368 interim,
1125 5318 1240 5356 non
1292 5318 1451 5356 secus
1490 5318 1554 5355 ac
1581 5300 1820 5354 Puteani

216 5372 497 5439 narratio,
531 5389 657 5427 rem
688 5390 884 5447 coram
931 5373 1160 5447 ingenti
1203 5373 1399 5447 populi
1454 5371 1820 5426 multitudine

219 5448 446 5513 gestam
478 5444 777 5498 memoria;
806 5444 1031 5513 prodat.
1205 5444 1213 5447 ⁷
1253 5458 1261 5467 ’

288 5514 399 5584 (38)
451 5514 760 5568 Fuerintne
801 5511 858 5567 S.
895 5513 1173 5567 Rrunonis
1204 5516 1371 5567 aetate
1391 5512 1626 5584 ullzein
1668 5511 1824 5568 Pari-

223 5583 393 5639 siensi
426 5584 834 5640 defunctorum
885 5584 1084 5641 Ofﬁcio
1113 5584 1408 5639 Lectiones
1436 5583 1711 5653 recitatae,
1745 5586 1830 5639 est

1936 3060 2031 3114 SitB
2064 3061 2392 3127 cauonicus,
2429 3061 2630 3115 doctor
2664 3064 2721 3114 et
2753 3061 3099 3114 scholarium
3132 3060 3542 3115 Parisiensium

1936 3150 2211 3219 magister
2253 3151 2383 3221 (4-0).
2447 3151 2657 3204 Doctor
2688 3150 2884 3221 utique
2920 3149 2977 3202 in
3011 3149 3217 3203 divinis
3256 3149 3543 3220 praecipue

1932 3239 2157 3304 litteris,
2182 3243 2243 3293 ut
2275 3239 2323 3309 ej
2336 3256 2397 3293 us
2417 3238 2627 3311 scripta
2647 3241 2932 3292 testantur
2952 3237 3083 3309 (41),
3119 3237 3539 3292 eruditissimus

1935 3332 1991 3381 et
2018 3343 2136 3399 prae
2164 3328 2387 3382 caeteris
2406 3328 2744 3381 honoratus.
2781 3325 2886 3390 Qui
2918 3343 2985 3381 ex
3006 3326 3093 3379 his
3118 3330 3238 3380 tam
3271 3326 3536 3393 insolitis,

1934 3419 2053 3469 tam
2102 3416 2491 3483 liorribilibus,
2535 3418 2592 3469 et
2636 3416 2806 3470 toties
2853 3414 3073 3468 iteratis
3113 3413 3342 3469 vocibus
3390 3415 3539 3467 salu-

1934 3504 2115 3557 briter
2144 3504 2394 3569 territus,
2428 3508 2485 3559 et
2515 3505 2676 3575 quasi
2702 3506 3120 3568 consternatus,
3147 3503 3359 3557 vocatis
3390 3520 3537 3557 non-

1933 3591 2101 3645 nullis
2129 3608 2194 3645 ex
2222 3592 2324 3645 sibi
2363 3592 2551 3662 magis
2572 3591 2950 3644 familiaribus
2976 3590 3139 3644 sociis
3166 3592 3223 3643 et
3250 3590 3538 3661 discipulis

1934 3680 2107 3751 (inter
2132 3695 2274 3750 quos
2293 3682 2459 3732 erant
2484 3679 2759 3749 magister
2777 3677 3127 3743 Landuinus,
3142 3677 3236 3747 qui
3256 3681 3384 3749 post
3403 3694 3535 3731 eum

1932 3766 2151 3838 primus
2189 3765 2345 3837 prior
2387 3766 2698 3819 Carthusias
2746 3764 2873 3830 fuit,
2909 3764 3021 3818 duo
3058 3762 3355 3834 Stephani,
3392 3781 3536 3817 unus

1931 3854 2253 3924 Burgensis,
2284 3852 2679 3917 alterDiensis,
2703 3853 2877 3905 ambo
2904 3850 3163 3904 canonici
3194 3849 3374 3904 sancti
3408 3849 3535 3904 Rufi

1929 3958 2088 3996 secus
2120 3941 2437 3995 Valentiam
2463 3940 2859 4010 Allobrogum,
2890 3938 3049 4009 Hugo
3082 3937 3441 4009 Capellanus,
3473 3942 3530 3992 et

1928 4030 2041 4084 duo
2072 4029 2198 4083 laici
2243 4029 2520 4101 (Andreas
2569 4027 2783 4081 scilicet
2830 4029 2887 4080 et
2924 4024 3222 4096 Guarinus)
3257 4027 3337 4082 ait
3379 4028 3529 4098 (li-2):

1926 4207 2186 4273 dubium,
2245 4206 2325 4259 uti
2356 4205 2529 4259 etiam
2590 4220 2685 4270 an,
2718 4203 2762 4256 si
2792 4219 2926 4257 vere
2983 4202 3236 4257 recitatm
3286 4201 3522 4268 fuerint,

1925 4295 2040 4333 una
2070 4295 2135 4332 ex
2177 4278 2330 4331 hisce
2363 4293 2397 4330 a
2426 4275 2677 4346 vocibus
2704 4274 2979 4345 Responde
3034 4274 3169 4327 milii
3198 4273 3521 4346 inccnperit.

1921 4349 2028 4403 Adi
2060 4346 2461 4402 commentarii
2492 4345 2683 4416 przevii
2716 4362 2878 4399 num.
2910 4347 3011 4399 '228
3038 4349 3096 4398 et
3121 4361 3239 4414 seq.

1995 4429 2097 4497 (39;
2135 4428 2407 4481 Sanctum
2456 4426 2634 4479 nobili
2668 4442 2881 4495 genere
2914 4424 3165 4497 Coloniae
3190 4422 3525 4495 Agrippinae

1921 4495 2119 4552 natum
2156 4515 2296 4563 esse,
2331 4497 2482 4549 inter
2505 4512 2705 4549 omnes
2731 4495 3014 4548 convenit.

1993 4579 2101 4647 (se)
2136 4578 2465 4629 Brunonem
2500 4575 2822 4647 scholarum
2864 4591 2983 4647 seu,
3018 4572 3516 4647 quemadmodum

1918 4644 2009 4702 hic
2053 4644 2318 4700 scribitur
2364 4646 2732 4707 scholarium,
2776 4660 2892 4698 non
2927 4644 3354 4709 Parisiensium,
3425 4644 3526 4698 sed

1920 4718 2292 4772 Remensium
2349 4715 2689 4785 magistrum
2714 4715 3030 4780 existitisse,
3077 4714 3134 4768 in
3163 4715 3284 4784 ejus
3310 4714 3521 4784 elogio,

1919 4786 2324 4844 commentarii
2381 4784 2574 4856 pragvii
2608 4802 2767 4839 num.
2810 4792 2839 4839 7
2885 4786 3042 4851 dato,
3075 4785 3285 4839 diserte
3339 4784 3515 4856 tradi-

1920 4865 2031 4914 tur.
2066 4860 2257 4928 Neque
2302 4854 2449 4928 vero
2496 4860 2743 4928 sanctus,
2801 4856 2934 4928 dato
2984 4856 3183 4928 etiam,
3252 4871 3384 4928 eum
3446 4854 3525 4907 fe-

1920 4924 2313 4985 ralidaiﬁnali
2373 4928 2638 4997 prodigio
2702 4927 2927 4980 Parisiis
2986 4926 3248 4990 astitisse,
3304 4924 3524 4997 litteras

1921 5016 2178 5081 unquam
2242 4998 2316 5052 ibi
2374 4995 2593 5081 docuit,
2666 4997 3153 5081 utinosterndunt,
3216 5011 3354 5075 quas
3408 4995 3518 5047 huc

1919 5066 2188 5126 facientia
2242 5073 2558 5123 comment.
2607 5068 2800 5138 prasvii
2860 5072 2887 5134 §
2934 5070 2965 5120 8
3020 5066 3230 5120 adduxi
3279 5066 3337 5119 in
3398 5080 3521 5119 me-

1921 5143 2077 5197 dium
2090 5182 2101 5193 .

1994 5220 2101 5292 (41)
2135 5218 2427 5292 Inprimis
2458 5216 2814 5292 scilicetpduo
2833 5214 3524 5292 commentarii,quo_rurn

1921 5285 2165 5346 alterum
2197 5285 2257 5342 in
2312 5289 2582 5359 psalmos,
2628 5288 2873 5359 alterum
2927 5287 2987 5359 in
3019 5301 3222 5359 omnes
3274 5285 3330 5343 S.
3365 5285 3526 5359 Pauli

1923 5361 2163 5434 apostoli
2208 5356 2481 5434 Epistolas
2529 5358 2910 5412 concinnavit.
2961 5356 3068 5410 Adi
3121 5356 3527 5411 commentarii

1925 5432 2119 5505 przevii
2148 5434 2174 5496 ξ
2207 5432 2294 5484 42.

1998 5510 2107 5579 (42)
2128 5511 2205 5563 De
2224 5506 2542 5579 Landuino,
2561 5504 2988 5579 aliisque,‘qugs
3006 5509 3234 5579 sanctus
3254 5507 3534 5579 allocutus

1927 5575 2022 5639 hic
2051 5575 2432 5647 memoratur,
2466 5577 2548 5634 uti
2582 5575 2762 5635 etiam
2809 5575 2882 5637 d6
2926 5575 2985 5635 S.
3019 5576 3147 5637 Ruﬁ
3177 5576 3533 5636 monasterio
