4014 6052
485 261 589 316 495

1340 253 1397 309 S.
1443 252 1787 310 BRUNONIS
1817 250 2448 313 CARTH‘USIANORUM
2476 257 2943 316 lNSTITUTORlS

3688 263 3797 320 496

487 386 998 458 Frequenter,cum
1020 381 1358 453 Apostolum
1376 382 1720 452 legeremus,
1745 379 2086 443 audivimus,
2113 386 2167 443 Α
2194 382 2315 435 tam
2348 384 2639 454 perplexa,
2668 388 2784 439 tam
2809 386 3007 451 ardua,
3043 387 3100 439 et
3126 386 3243 440 tam
3273 383 3451 456 gravi,
3475 402 3546 439 ne
3572 384 3633 439 in
3664 386 3799 442 viri-

490 491 646 533 nunc
660 489 794 528 vero
814 473 989 527 etiam
1017 470 1412 542 experimento
1428 468 1961 535 didicimus,fratres
1974 466 2087 522 mei

489 563 550 618 in
583 561 806 618 Christo
840 559 1191 616 dilectissimi
1246 561 1303 612 et
1353 556 1882 623 desiderantissimi,
1916 571 2090 628 quam

486 648 1095 722 incomprehensibilia
1112 646 1226 702 sint
1236 645 1453 717 judicia
1470 644 1569 699 Dei
1597 648 1655 699 et
1672 644 2093 716 investigabiles

489 740 595 796 viae
627 740 767 811 ejus.

562 831 613 883 8.
648 828 807 881 Hunc
836 825 991 880 enim
1016 824 1371 890 defunctum,
1406 822 1545 877 dum
1574 821 1760 876 adhuc
1791 820 2095 887 viveret,et

489 917 734 973 vidimus
765 918 823 970 et
859 913 1251 986 cognovimus,
1280 912 1465 965 virum
1495 910 1690 982 utique
1738 911 1995 964 humana
2015 923 2098 963 sa-

489 1004 708 1077 pientia
738 1004 993 1068 doctum,
1024 1000 1330 1054 virtutibus
1345 1000 1412 1066 (si
1442 1002 1636 1054 tamen
1659 997 1878 1052 veraeiu
1893 996 2097 1051 talibus

491 1095 730 1149 virtutes
759 1090 892 1161 sint)
941 1106 1005 1143 ac
1034 1088 1294 1143 moribus
1325 1090 1616 1153 ornatum,
1674 1089 1730 1141 ct
1779 1085 2097 1140 secundum

492 1180 837 1237 exteriorem
866 1177 1212 1248 sapientiam
1243 1179 1485 1242 castum,
1536 1174 1905 1246 prudentem,
1939 1171 2101 1242 pudi-

490 1286 642 1336 cum,
664 1266 861 1323 domui
890 1282 1005 1320 sua:
1030 1265 1178 1320 bene
1208 1263 1581 1335 praepositum
1652 1264 1710 1315 et
1730 1261 1802 1315 ab
1834 1259 2100 1315 omnibus

490 1359 866 1423 honoratum,
913 1371 978 1408 ac
1008 1369 1223 1425 magno
1275 1352 1334 1406 in
1395 1350 1581 1422 pretio
1627 1349 1912 1415 habitum,
1948 1362 2099 1401 nunc

490 1462 624 1500 vero
650 1461 717 1498 ex
747 1460 846 1498 ore
888 1443 1010 1513 ejus
1042 1441 1381 1506 audivimus,
1419 1440 1574 1510 justo
1607 1440 1705 1492 Dei
1733 1436 1948 1508 judicio
1978 1450 2096 1489 esse

492 1533 970 1591 condemnatum.
997 1530 1154 1600 justo
1188 1528 1444 1600 quidem,
1480 1525 1759 1598 quoniam
1776 1525 1964 1595 justus
1994 1525 2101 1577 Do-

493 1622 685 1679 minus
723 1623 780 1675 et
802 1618 1052 1690 justitias
1088 1617 1307 1684 dilexit,
1341 1616 1501 1687 cujus
1527 1618 1839 1687 propterea
1884 1610 2102 1684 judicia

2189 468 2296 522 bus
2327 471 2558 542 propris
2572 472 2879 526 confidisse
2905 472 3228 539 videamur,
3262 489 3588 543 quaeramus
3609 474 3797 527 consi-

2190 556 2355 612 lium.
2389 560 2513 614 Non
2544 561 2821 625 aJudazis,
2856 562 2951 632 qui
2991 562 3049 615 in
3082 562 3202 615 sola
3232 562 3373 632 legis
3403 562 3801 617 observatione

2187 646 2486 717 justificari
2525 664 2586 702 se
2616 650 2880 703 credunt.
2916 650 3040 703 Non
3074 665 3106 702 a
3126 648 3330 719 Graecis
3346 652 3404 703 et
3434 650 3682 722 antiquis
3707 665 3803 705 eo-

2192 751 2324 788 rum
2354 736 2726 807 philosophis,
2758 738 2854 809 qui
2881 738 2938 790 in
2962 754 3064 791 sua
3094 737 3300 791 virtute
3330 738 3648 792 confidunt.
3674 738 3802 792 Non

2195 840 2230 876 a
2261 824 2483 877 ca'teris
2504 825 2692 878 sasculi
2725 825 2898 896 hujus
2941 825 3424 897 conquisitoribus
3441 828 3498 879 et
3526 825 3802 896 sapienti-

2194 913 2319 977 bus,
2352 911 2450 983 qui
2476 912 2750 983 ignorant
2779 930 2906 984 qua:
2939 914 3040 967 Dei
3074 917 3236 967 sunt:
3265 913 3364 968 sed
3413 913 3601 983 potius
3631 914 3703 967 ab
3738 913 3804 967 iis

2197 999 2294 1071 qui
2319 1000 2529 1054 timent
2558 984 2893 1067 Dominum,
2935 1002 3031 1073 qui
3078 1002 3380 1056 ambulant
3409 1002 3468 1056 in
3496 1002 3599 1056 viis
3654 1002 3798 1072 ejus.

2199 1088 2573 1144 Consulamus
2588 1089 2764 1161 igitur
2780 1091 2969 1164 primo
2989 1091 3327 1145 advocatum
3341 1094 3802 1162 nostrum,quem

2199 1176 2479 1231 habemus
2501 1178 2653 1248 apud
2706 1180 2959 1245 Patrem,
3016 1180 3207 1233 Jesum
3252 1178 3536 1232 Christum
3557 1180 3801 1249 justum,

2201 1264 2297 1335 qui
2331 1268 2415 1318 est
2457 1265 2791 1336 propitiatio
2828 1283 2932 1337 pro
2973 1267 3218 1336 peccatis
3274 1266 3504 1334 nostris,
3554 1271 3630 1332 et,
3666 1266 3805 1338 quid

2202 1352 2372 1419 dicat,
2406 1353 2724 1407 audiamus.
2776 1354 3084 1422 Quoniam,
3131 1354 3336 1425 inquit,
3382 1355 3687 1425 impletum
3719 1359 3807 1409 est

2200 1443 2451 1513 tempus,
2474 1446 2531 1495 et
2558 1442 3298 1514 appropinquavitregnum
3316 1443 3807 1514 Dei,poenitemini

2200 1532 2258 1583 et
2282 1530 2497 1583 credite
2552 1530 2858 1601 Evangelio
2885 1532 3012 1598 (44),
3074 1531 3209 1602 quia
3250 1531 3359 1584 nisi
3402 1531 3805 1603 paenitentiam

2200 1617 2451 1688 egeritis,
2494 1634 2697 1672 omnes
2727 1618 2896 1672 simul
2937 1618 3192 1691 peribitis
3242 1618 3371 1690 (45).
3404 1618 3719 1673 Audiamus
3750 1622 3809 1691 et

492 1727 612 1767 non
644 1710 883 1781 possunt
925 1723 1046 1763 esse
1063 1705 1169 1760 nisi
1190 1707 1367 1777 justa,
1401 1704 1532 1759 licet
1560 1704 1902 1775 plerumque
1933 1704 1992 1755 et
2040 1702 2102 1754 ut
2125 1702 2176 1760 B
2202 1705 2434 1760 Domini
2470 1721 2884 1775 praecursorem
2914 1707 3219 1773 Joannem,
3251 1707 3320 1760 de
3370 1722 3482 1778 quo
3530 1706 3807 1778 scriptum

489 1797 807 1872 plurimum
835 1794 1056 1851 occulta
1086 1793 1199 1847 sint
1230 1810 1243 1848 :
1273 1794 1451 1859 Justo,
1499 1791 1705 1862 inquit,
1761 1790 1860 1844 Dei
1884 1788 2100 1860 judicio

490 1886 911 1943 condemnatus
943 1899 1091 1937 sum.
1134 1882 1253 1937 Vox
1286 1880 1550 1953 profecto
1582 1878 1857 1933 terribilis
1882 1880 1940 1932 et
1978 1893 2103 1932 me-

490 1974 737 2041 tuenda;
771 1988 971 2045 quw,o
999 1970 1244 2037 utinam,
1273 1971 1509 2024 sonaret
1535 1967 1756 2039 jugiter
1782 1966 1842 2020 in
1874 1965 2106 2021 auribus

496 2061 726 2128 nostris,
751 2064 809 2116 et
839 2059 1027 2115 cordis
1054 2058 1263 2113 intima
1290 2060 1642 2130 penetraret,
1676 2058 1739 2109 ut
1768 2070 1899 2110 cum
1949 2054 2107 2124 cujus

490 2151 774 2224 judicium
807 2148 1058 2219 effugere
1088 2163 1207 2202 non
1237 2162 1561 2218 possumus,
1582 2145 1940 2210 timeremus,
1964 2142 2106 2197 etti-

500 2239 716 2295 mendo
738 2238 1070 2310 fugeremus
1112 2252 1145 2290 a
1174 2239 1417 2289 ventura
1464 2233 1569 2302 ira,
1616 2236 1673 2287 et
1702 2232 1920 2299 salutis,
1968 2231 2108 2285 dum

499 2332 730 2399 tempus
752 2330 857 2394 est,
882 2340 1274 2397 quaereremus
1308 2324 1636 2395 opportuna
1661 2318 1885 2375 media!
1922 2318 2110 2374 Consi-

502 2416 791 2482 deremus,
820 2428 1034 2486 quasso,
1077 2412 1283 2466 fratres
1334 2410 1472 2477 mei,
1506 2409 1644 2482 quid
1707 2408 1797 2463 isti
1856 2423 2009 2461 nunc
2050 2406 2109 2461 in

498 2504 729 2560 inferno
760 2501 997 2573 prodest
1020 2504 1182 2555 tanto
1205 2499 1403 2554 labore
1427 2498 1665 2570 quaesita
1693 2495 1950 2563 scientia,
1978 2510 2111 2548 cum

500 2592 775 2655 continua
795 2592 853 2644 et
882 2592 1160 2660 perpetua
1175 2589 1401 2643 laboret
1420 2587 1672 2642 caecitate
1686 2581 2112 2656 etignorantia?

503 2680 652 2748 Quid
684 2679 914 2747 divitias,
947 2694 1077 2732 cum
1101 2693 1207 2732 nec
1231 2680 1455 2749 guttam
1479 2692 1642 2747 aquas
1664 2674 1736 2729 ad
1763 2673 2111 2744 refrigeran-

501 2768 910 2840 damlinguam
921 2766 1134 2821 habere
1147 2767 1333 2821 valeat
1355 2764 1462 2836 (43)
1479 2764 1506 2818 ‘I
1535 2763 1681 2828 Quid
1704 2758 2114 2832 honores,quid

504 2857 763 2914 delicias?
794 2872 926 2910 cum
958 2859 1044 2911 tot
1090 2872 1243 2909 nunc
1292 2857 1533 2925 cogatur
1570 2852 1761 2906 subire
1797 2851 2113 2915 tormenta,

503 2950 644 3020 quot
673 2946 731 3000 in
765 2944 982 3000 mundo
1004 2944 1206 2999 habuit
1235 2944 1685 2998 oblectamenta.

581 3037 633 3090 9.
661 3033 916 3089 Vidimus
941 3048 1147 3103 corpus
1169 3033 1290 3103 ejus
1319 3048 1471 3086 nunc
1514 3030 1635 3085 sine
1658 3030 1877 3083 honore
1892 3023 2117 3098 sepeliri

510 3124 569 3181 in
594 3121 973 3194 sterquilinio,
1007 3120 1346 3191 cogitemus,
1379 3119 1636 3174 animam
1685 3118 1807 3188 ejus
1836 3115 2117 3186 sepultam

512 3228 632 3267 esse
657 3212 715 3264 in
736 3210 989 3277 inferno,
1022 3208 1253 3263 mternis
1280 3205 1560 3262 incendiis
1586 3222 1717 3260 cum
1749 3203 1938 3274 impiis
1951 3206 2119 3257 arter-

515 3299 724 3354 naliter
749 3297 1152 3363 cruciandam;
1186 3295 1281 3350 ubi
1310 3295 1520 3350 vermis
1543 3310 1745 3350 eorum
1769 3311 1882 3347 non
1915 3292 2126 3347 morie-

516 3385 869 3456 tur,etignis
886 3402 1006 3439 non
1035 3384 1463 3455 exstinguetur;
1497 3384 1595 3438 ubi
1624 3382 1799 3438 ardor
1827 3383 2125 3453 incompa-

519 3475 737 3542 rabilis,
789 3473 959 3529 fuator
1014 3472 1412 3540 intolerabilis,
1460 3472 1626 3526 dolor
1660 3470 2126 3526 interminabilis.

523 3565 629 3622 Ubi
656 3565 919 3636 quaerent
949 3561 1215 3617 homines
1242 3565 1516 3629 mortem,
1539 3577 1645 3616 nec
1663 3560 2131 3616 invenient.Nam

520 3659 657 3710 tunc
688 3668 845 3708 mors
870 3650 1221 3706 immortalis
1246 3649 1375 3718 erit,
1411 3667 1539 3722 quae
1565 3650 1833 3721 depascet
1862 3667 1979 3717 eos,
2010 3666 2130 3705 non

523 3747 587 3799 ut
612 3741 956 3807 moriantur,
979 3739 1081 3794 sed
1104 3742 1168 3794 ut
1200 3738 1274 3793 ad
1301 3755 1501 3810 poenas
1526 3739 1733 3794 iterum
1756 3741 2125 3793 renoventur.

525 3831 676 3898 Quid
692 3830 866 3902 igitur
880 3828 1155 3884 faciemus
1168 3828 1196 3884 ‘I
1215 3829 1295 3884 Ad
1310 3829 1470 3900 cujus
1490 3828 1789 3884 consilium
1803 3827 2130 3899 fugiamus?

525 3921 740 3979 Omnes
752 3918 910 3973 enim
927 3933 1034 3972 nos
1051 3917 1211 3989 quasi
1234 3932 1365 3972 oves
1378 3916 1714 3982 erravimus,
1740 3916 2130 3987 unusquisque

526 4009 586 4065 in
616 4008 769 4062 viam
792 4022 956 4061 suam
973 4004 1277 4059 declinavit
1300 4021 1313 4071 ;
1343 4020 1449 4058 nec
1465 4006 1569 4070 est,
1593 4002 1874 4074 quifaciat
1887 4004 2130 4069 bonum,

526 4111 647 4150 non
678 4097 765 4148 est
792 4108 971 4163 usque
1014 4108 1216 4145 unum.
1254 4091 1469 4145 Omnes
1505 4090 1886 4161 peccavimus,
1924 4091 2132 4162 injuste

528 4182 774 4256 egimus,
807 4179 1173 4252 iniquitatem
1211 4178 1474 4233 fecimus.
1515 4178 1727 4233 Omnes
1756 4196 1862 4234 nos
1905 4178 2006 4233 filii
2033 4180 2133 4235 ire

2202 1796 2306 1860 est,
2338 1794 2490 1864 quod
2516 1794 2667 1848 inter
2692 1798 2856 1849 natos
2882 1795 3188 1849 mulierum
3217 1812 3333 1849 non
3361 1794 3602 1848 surrexit
3621 1795 3813 1865 major

2205 1899 2273 1937 eo
2295 1882 2425 1954 (46).
2451 1883 2573 1952 Ipse
2607 1882 2763 1936 enim
2787 1884 3105 1955 prmdicans
3130 1884 3190 1937 in
3223 1883 3447 1938 deserto
3478 1883 3689 1938 Judazaa
3718 1884 3815 1939 ba-

2205 1972 2484 2043 ptismum
2517 1971 2871 2041 pmnitentiae
2903 1972 2963 2026 in
2988 1972 3391 2027 remissionem
3418 1976 3813 2042 peccatorum,

2208 2059 2319 2113 ait:
2357 2060 2808 2114 «Paenitentiam
2831 2061 3017 2132 agite;
3049 2060 3531 2133 appropinquavit
3556 2061 3712 2115 enim
3729 2077 3820 2115 re-

2209 2163 2391 2219 gnum
2423 2149 2701 2202 caelorum
2741 2148 2872 2219 (47).
2917 2169 2944 2196 ››

2284 2240 2368 2290 il.
2403 2237 2470 2289 Et
2502 2237 2712 2290 iterum
2744 2238 2815 2292 ad
2833 2238 3150 2291 Pharisasos
3173 2240 3230 2291 et
3251 2236 3620 2293 Sadducasos:
3658 2260 3685 2288 ‹‹
3709 2238 3816 2292 Ge-

2209 2323 2432 2379 nimina
2459 2325 2705 2396 (inquit),
2725 2326 3071 2397 viperarum,
3093 2326 3217 2397 quis
3238 2326 3651 2381 demonstravit
3664 2326 3824 2381 vobis

2209 2412 2409 2484 fugere
2435 2430 2469 2466 a
2498 2417 2737 2468 ventura
2762 2413 2885 2467 ira?
2919 2436 2945 2462 ‹‹
2978 2413 3162 2468 Facite
3184 2415 3359 2485 igitur
3376 2415 3581 2486 dignos
3601 2416 3826 2468 fructus

2210 2500 2567 2571 poenitentiae
2634 2501 2762 2573 (48).
2816 2522 2843 2549 ››
2902 2502 3214 2557 Audiamus
3259 2503 3433 2556 etiam
3494 2502 3822 2574 principem

2214 2591 2607 2660 apostolorum
2628 2591 2860 2644 Petrum
2880 2590 3166 2645 dicentem
3189 2591 3244 2645 in
3274 2591 3505 2646 Actibus
3529 2592 3821 2662 apostolo-

2213 2695 2344 2733 rum
2372 2678 2445 2732 ad
2472 2679 3128 2750 populum'ludaaorum:
3162 2702 3187 2728 ‹‹
3218 2679 3583 2734 Ρωιιὶῐριῐιὶιιί
3615 2682 3671 2734 et
3688 2696 3828 2733 con-

2217 2766 2514 2821 vertimini
2536 2769 2597 2820 ut
2645 2766 2954 2820 deleantur
2990 2771 3226 2837 peccata
3275 2771 3464 2822 vestra
3494 2770 3625 2838 (49).
3656 2788 3683 2815 ››
3752 2768 3825 2821 Et

2217 2854 2453 2921 iterum,
2488 2871 2619 2908 cum
2647 2854 2885 2926 quidam
2915 2871 2979 2909 ex
3010 2855 3090 2909 eis
3111 2856 3439 2928 compuncti
3468 2856 3640 2911 corde
3667 2856 3826 2911 dice-

2216 2946 2349 2997 rent
2379 2943 2452 2997 ad
2476 2945 2708 2997 Petrum
2734 2947 2788 2996 et
2839 2942 2911 2997 ad
2960 2944 3210 3015 reliquos
3254 2945 3539 3015 apostolos
3565 2961 3582 2996 :
3614 2966 3643 2993 ‹‹
3674 2943 3828 3008 Quid

2218 3031 2515 3097 faciemus,
2538 3030 2641 3083 viri
2673 3030 2974 3085 fratres?»
3024 3032 3222 3086 Petrus
3251 3031 3367 3086 vice
3417 3032 3677 3086 omnium
3732 3049 3827 3086 re-

2220 3120 2488 3190 spondit:
2537 3120 2987 3174 «Paenitentiam
3018 3120 3189 3192 agite,
3222 3125 3279 3174 et
3306 3121 3623 3191 baptizetur
3656 3137 3829 3175 unes-

2223 3208 2460 3280 quisque
2491 3211 2743 3261 vestrum
2781 3208 2839 3263 in
2883 3210 3283 3264 remissionem
3324 3213 3693 3282 peccatorum
3732 3224 3830 3261 ve-

2225 3300 2499 3362 strorum,
2524 3301 2581 3349 et
2603 3296 2888 3368 accipietis
2915 3298 3133 3352 donum
3164 3297 3406 3369 Spiritus
3427 3298 3606 3352 sancti
3636 3298 3768 3369 (50).
3801 3315 3833 3344 »

2230 3385 2369 3439 Hinc
2401 3386 2685 3454 propheta
2731 3384 2844 3439 ait:
2892 3407 2918 3433 «
2952 3385 3009 3440 Si
3044 3386 3441 3457 paenitentiam
3483 3386 3665 3456 egerit
3689 3401 3838 3456 gens

2231 3471 2339 3526 ista
2364 3489 2397 3525 a
2425 3472 2577 3525 malo
2622 3488 2744 3539 suo,
2788 3472 2942 3543 quod
2982 3473 3202 3527 locutus
3232 3490 3357 3527 sum
3383 3474 3651 3527 adversus
3677 3488 3835 3537 eam,

2235 3579 2404 3635 agam
2438 3566 2495 3616 et
2512 3578 2618 3632 ego
2638 3562 3037 3632 paenitentiam
3054 3578 3223 3633 super
3246 3565 3398 3617 malo
3423 3563 3576 3634 quod
3590 3560 3839 3633 cogitavi

2234 3655 2298 3706 ut
2325 3652 2577 3705 facerem
2609 3649 2661 3704 ei
2686 3651 2858 3719 (51).‹‹
2891 3651 2958 3704 Et
2994 3650 3252 3721 Sapiens,
3288 3676 3314 3700 ‹‹
3343 3650 3399 3705 Si
3433 3650 3840 3722 poenitentiam

2231 3740 2461 3811 (inquit)
2476 3756 2592 3793 non
2620 3739 2929 3810 egerimus,
2954 3740 3271 3794 incidemus
3286 3740 3341 3794 in
3362 3758 3567 3795 manus
3580 3736 3839 3802 Domini,

2233 3831 2290 3883 et
2319 3844 2435 3883 non
2468 3828 2526 3881 in
2559 3844 2764 3882 manus
2793 3828 3100 3883 hominum
3152 3830 3285 3900 (32:.
3309 3850 3336 3878 »
3372 3829 3486 3884 Hoc
3522 3830 3716 3901 itaque
3750 3847 3841 3884 sa-

2233 3932 2373 3969 num
2408 3918 2494 3969 est
2525 3917 2582 3968 et
2613 3915 2837 3970 salubre
2885 3915 3207 3983 consilium,
3252 3917 3458 3971 fratres
3490 3917 3624 3983 mei,
3663 3917 3708 3971 si
3738 3916 3842 3972 Dei

2226 4003 2442 4075 justam
2459 4002 2772 4058 vindictam
2790 4007 2847 4058 et
2866 4005 3255 4059 trememdum
3276 4006 3397 4075 ejus
3402 4005 3685 4075 judicium
3704 4006 3844 4059 effu-

2235 4107 2371 4163 gere
2400 4092 2682 4157 volumus,
2707 4096 2769 4146 ut
2790 4092 3187 4165 paenitentiam
3208 4109 3467 4164 agamus.
3499 4097 3554 4147 et
3572 4094 3844 4165 lacrymis

2234 4182 2469 4250 peccata
2489 4195 2823 4251 purgemus.
2854 4181 2981 4234 Haec
3012 4198 3275 4253 namque
3292 4186 3377 4235 est
3414 4181 3503 4236 via
3531 4198 3658 4253 quas
3686 4181 3843 4236 ducit

530 4286 749 4336 sumus,
790 4267 915 4339 pari
949 4270 1258 4340 propterea
1311 4283 1483 4338 poena
1509 4266 1689 4338 digni,
1731 4266 1838 4321 nisi
1871 4284 1976 4321 nos
2001 4267 2134 4323 inde
2157 4267 2210 4326 D
2236 4268 2309 4322 ad
2322 4268 2519 4322 vitam.
2552 4268 2681 4322 Haec
2695 4269 2945 4323 secunda
2973 4271 3103 4339 post
3125 4269 3490 4341 naufragium
3521 4269 3718 4323 tabula
3737 4284 3845 4339 per

531 4356 737 4430 eripiat
767 4354 1159 4411 misericordia
1183 4354 1408 4409 Christi.
1440 4353 1586 4418 Quid
1607 4354 1914 4409 faciemus?
1932 4356 2134 4412 Nonne

531 4449 591 4502 et
620 4461 825 4502 omnes
848 4444 1017 4499 simul
1046 4442 1644 4515 peribimus?Nonne,
1677 4443 1722 4498 si
1741 4443 1873 4499 huic
1886 4461 2003 4500 non
2034 4461 2133 4517 pe-

530 4534 737 4608 percit,
767 4549 875 4589 nec
896 4533 1117 4606 angelis
1148 4533 1536 4606 peccantibus,
1570 4549 1675 4588 nec
1702 4533 1877 4588 ramis
1907 4538 2137 4589 natura-

534 4624 704 4692 libus,
735 4626 1013 4696 putamns
1034 4621 1191 4694 quod
1212 4637 1402 4695 neque
1431 4625 1631 4693 parcat
1658 4623 1716 4676 et
1744 4621 2134 4678 nobis?Puta-

534 4729 663 4770 mus
682 4711 839 4786 quod
867 4711 939 4766 sit
981 4709 1312 4765 abbreviata
1358 4725 1568 4764 manus
1596 4711 1739 4781 ejus,
1762 4712 1826 4765 ut
1850 4711 1999 4765 ultra
2026 4711 2134 4766 mi-

534 4800 711 4858 sereri
740 4816 858 4856 non
890 4798 1107 4871 possit?
1150 4799 1264 4853 Aut
1319 4798 1475 4870 quod
1527 4798 1807 4855 cotinebit
1830 4799 1889 4854 in
1921 4800 2007 4856 ira
2036 4817 2139 4856 sua

536 4888 959 4945 misericordias
990 4902 1118 4942 suas
1147 4885 1175 4940 ‘I
1194 4885 1374 4942 Absit.

610 4981 694 5034 lO.
729 4977 877 5043 Quid
909 4975 1085 5049 igitur
1112 4974 1434 5031 faciemus?
1466 4975 1510 5032 Ο
1555 4976 1761 5031 fratres
1814 4978 1951 5049 mei,
1981 4979 2040 5034 in
2077 4994 2141 5032 re

532 5146 758 5214 videsis,
787 5162 915 5218 quae
946 5142 1351 5218 commentarii
1392 5144 1587 5216 praevii
1632 5160 1794 5199 num.
1834 5145 1937 5199 433
1960 5147 2018 5199 et
2042 5143 2143 5198 ali-

536 5215 1323 5294 quqtseqii-_sdducts_su9t-
1395 5215 1410 5216 ί
1481 5283 1535 5294 ..

606 5233 679 5272 ιοι
703 5233 862 5341 seqq.
896 5233 1143 5270 adaucta
1172 5233 1323 5269 sunt.
1526 5283 1535 5294 ο

606 5290 721 5356 (43)
746 5290 794 5341 A
854 5286 1089 5358 divitem
1124 5285 1447 5358 Epulonem
1480 5284 1572 5338 hic
1604 5284 1891 5340 alluditur.

606 5357 715 5429 (44]
748 5356 915 5429 Marci
942 5372 982 5422 ι,
1006 5359 1105 5429 _l5.

608 5426 715 5499 (45)
746 5428 829 5499 lta
859 5426 985 5499 fere
1005 5426 1169 5480 Lucas
1199 5442 1316 5495 xm,
1348 5429 1401 5480 5.

597 5495 714 5572 (46)
742 5495 991 5555 Matthasi
1018 5513 1092 5565 χι,
1114 5500 1130 5552 ι
1148 5499 1165 5552 ι
1183 5539 1194 5552 .

2237 4372 2414 4428 quam
2444 4359 2775 4428 peccatores
2801 4357 3111 4423 salvantur,
3144 4358 3202 4410 et
3238 4372 3343 4427 per
3380 4372 3555 4429 quam
3586 4358 3735 4411 Deus
3766 4356 3843 4411 ad

2236 4444 2693 4499 misericordiam
2716 4444 3043 4499 inclinatur.

2310 4536 2395 4588 l2.
2456 4534 2789 4604 Propterea,
2820 4532 3192 4601 dilectissimi,
3228 4532 3562 4603 abjicientes
3601 4548 3845 4587 omnem

2235 4620 2674 4677 immunditiam
2695 4626 2752 4675 et
2768 4620 3185 4676 abundantiam
3207 4621 3845 4692 malitias,suscipiamus

2235 4709 2295 4764 in
2328 4710 2773 4765 mansuetudine
2804 4710 3039 4764 insitum
3061 4709 3325 4775 verbum,
3347 4710 3502 4783 quod
3529 4711 3718 4781 potest
3733 4709 3843 4764 sal-

2235 4815 2369 4854 vare
2388 4796 2614 4852 animas
2638 4802 2881 4853 nostras.
2904 4797 3323 4853 Convertamur
3348 4799 3421 4852 ad
3435 4797 3767 4864 Dominum,
3786 4800 3845 4852 et

2241 4885 2613 4942 miserebitur
2642 4887 2846 4954 nostri,
2880 4885 3157 4959 quoniam
3203 4887 3489 4959 benignus
3511 4890 3595 4941 est
3612 4890 3669 4941 et
3692 4903 3844 4958 pra:-

2241 4974 2459 5030 stabilis
2469 4991 2640 5046 super
2656 4975 2908 5043 malitia;
2926 4991 3031 5029 nec
3049 4974 3160 5029 vuli
3179 4980 3430 5031 mortem
3452 4977 3845 5048 peccatorum,

2316 5145 2431 5216 (l7)
2457 5143 2815 5216 Matthaaiin,
2839 5146 2891 5196 2.

2316 5214 2427 5281 (48)
2458 5216 2538 5268 Ita
2566 5214 2685 5267 fere
2718 5214 2877 5267 Lucan
2902 5230 2980 5282 ιιι,
3006 5219 3058 5280 7,
3089 5217 3140 5269 8.

2312 5288 2424 5354 (49)
2453 5286 2576 5338 Act.
2615 5300 2692 5351 ιιι,
2728 5287 2811 5339 l9.

2313 5359 2425 5420 (50)
2452 5356 2575 5407 Act.
2610 5371 2669 5419 ιι,
2699 5356 2784 5409 38.

2338 5430 2428 5492 51)
2455 5424 2717 5479 Jeremim
2748 5443 2898 5493 xvm,
2932 5428 2983 5480 8.

2340 5500 2431 5565 52)
2460 5496 2829 5553 Ecclesiastici
2853 5513 2910 5564 ιι,
2942 5501 3028 5552 22.
