4014 6052
183 378 290 432 497

1757 376 1939 437 ACTA

3400 383 3508 439 598

180 497 285 552 sed
316 493 502 568 magis
535 496 596 549 ut
626 496 1039 550 convertantur
1074 498 1131 549 et
1160 494 1369 550 vivant.
1404 496 1514 551 Nec
1546 496 1798 553 converti
1824 503 1878 563 Α
1901 498 2101 555 milia?
2150 498 2253 554 Ubi
2293 498 2467 570 periit
2494 499 2555 553 in
2584 498 3020 557 conversatione
3061 498 3415 573 simplicitas,
3445 502 3506 557 in

182 584 520 639 differamus
565 583 622 637 in
663 582 1019 650 crastinum;
1053 582 1205 654 quia,
1251 582 1346 655 qui
1388 586 1799 656 paenitentibus

177 673 410 727 veniam
427 672 759 743 spopondit,
783 672 1153 742 peccantibus
1167 672 1320 726 diem
1339 675 1652 729 crastinum
1683 692 1799 731 non

182 760 456 834 promisit
509 760 672 815 Unde
703 760 799 831 qui
830 776 1153 831 congruum
1185 761 1541 832 paenitentiae
1571 766 1800 834 tempus

182 849 459 921 perdunt,
492 848 704 903 frustra
733 851 867 903 ante
892 848 1059 919 regni
1087 849 1333 919 januam
1370 866 1500 905 cum
1534 852 1799 922 precibus

182 938 443 992 veniunt.
492 936 707 1001 Quibus
753 953 857 1008 per
901 937 1278 991 Selomonem
1336 938 1613 993 Dominus
1656 940 1737 993 ait
1785 957 1798 994 :

183 1046 217 1077 ex
248 1025 477 1091 Vocavi,
512 1029 569 1078 et
599 1023 897 1091 renuistis;
930 1024 1159 1079 extendi
1214 1042 1454 1080 manum
1500 1044 1715 1093 meum,
1746 1031 1804 1082 et

183 1130 307 1167 non
336 1112 441 1166 fuit
473 1113 570 1184 qui
605 1112 912 1182 aspiceret;
946 1112 1277 1183 despexistis
1297 1129 1471 1168 omne
1503 1115 1801 1169 consilium

187 1200 924 1272 meum,etincrepationes
946 1218 1103 1255 meas
1140 1202 1483 1271 neglexistis.
1520 1203 1637 1274 Ego
1660 1221 1802 1275 quo-

189 1307 303 1360 que
334 1290 393 1343 in
425 1289 661 1343 interitu
688 1292 873 1342 vestro
898 1288 1122 1354 ridebo,
1158 1293 1215 1343 et
1244 1291 1629 1355 subsannabo,
1671 1307 1803 1345 cum

187 1378 371 1432 vobis.
404 1377 560 1447 quod
591 1376 902 1442 timebatis,
936 1377 1250 1431 advenerit.
1286 1378 1427 1432 Cum
1464 1379 1684 1433 venerit
1711 1396 1801 1434 re-

188 1466 432 1536 pentina
454 1465 765 1527 calamitas,
790 1464 1146 1530 etinteritus,
1172 1466 1329 1536 quasi
1360 1471 1690 1539 tempestas,
1715 1468 1803 1522 in-

189 1553 435 1624 gruerit,
463 1552 695 1623 quando
721 1552 941 1606 venerit
969 1569 1140 1624 super
1168 1570 1267 1608 vos
1298 1554 1587 1609 tribulatio
1614 1558 1672 1609 et
1701 1572 1802 1609 an-

188 1642 408 1712 gustia;
449 1645 584 1695 tunc
629 1640 979 1694 invocabunt
1032 1658 1145 1707 me,
1190 1644 1247 1695 ct
1295 1659 1412 1696 non
1462 1643 1803 1711 exaudiam;

189 1746 367 1784 mane
397 1732 766 1799 consurgent,
801 1731 859 1782 et
891 1744 1005 1782 non
1041 1728 1339 1783 invenient
1366 1747 1459 1784 me
1494 1731 1626 1801 (53).
1672 1751 1698 1779 ››

1900 588 2169 643 societate
2195 588 2463 664 Charitas,
2492 588 2551 642 in
2581 588 2807 642 actione
2829 588 3072 658 justitia,
3115 587 3177 643 in
3215 588 3507 644 locutione

1898 676 2125 743 veritas,
2161 681 2217 731 et
2244 677 2302 732 in
2334 677 2734 748 proximorum
2763 676 3099 731 necessitate
3137 676 3320 747 pietas
3342 676 3370 731 ‘I
3402 676 3508 731 Ubi

1902 765 2152 838 denique
2182 765 2403 821 refrixit
2433 766 2681 821 charitas
2710 769 2768 820 et
2798 764 3292 836 superabundavit
3321 764 3510 819 omnis

1901 853 2193 926 iniquitas,
2225 858 2370 910 teste
2400 856 2706 926 propheta,
2737 854 2835 927 qui
2868 854 2988 909 ait:
3023 876 3053 905 ‹‹
3104 854 3226 909 Non
3273 856 3356 908 est
3404 853 3511 907 mi-

1901 943 2234 1016 sericordia,
2264 961 2379 1000 non
2408 948 2493 999 est
2520 945 2747 1010 veritas,
2783 960 2901 999 non
2932 946 3019 997 est
3044 942 3284 997 scientia
3323 941 3425 997 Dei
3448 940 3510 997 in

1902 1036 2058 1086 terra
2072 1032 2199 1103 (55).
2220 1054 2246 1082 ››
2267 1032 2468 1103 Aspexi
2491 1032 2669 1097 illam,
2685 1035 2742 1086 et
2759 1048 2888 1086 ecce
2910 1048 3057 1086 vana
3077 1034 3221 1089 erat.
3237 1034 3296 1085 et
3316 1030 3510 1097 ccelos,

1904 1123 1961 1174 et
1992 1138 2106 1175 non
2141 1124 2263 1175 erat
2293 1123 2383 1176 lux
2418 1122 2474 1175 in
2503 1121 2602 1175 eis.
2632 1120 2756 1175 Vidi
2790 1124 3037 1185 montes,
3063 1122 3122 1173 et
3150 1135 3281 1174 ecce
3317 1135 3510 1174 move-

1902 1209 2134 1275 bantur,
2170 1213 2226 1263 et
2253 1226 2453 1264 omnes
2475 1211 2646 1264 colles
2679 1208 2889 1263 turbati
2913 1211 3066 1262 sunt.
3101 1208 3343 1263 Intuitus
3362 1224 3511 1274 sum,

1905 1300 1961 1350 et
1986 1314 2114 1351 ecce
2143 1316 2258 1351 non
2291 1304 2414 1352 erat
2431 1298 2637 1369 justus,
2686 1301 2744 1352 et
2779 1313 2953 1352 omne
2997 1295 3225 1351 volatile
3261 1296 3387 1352 coeli
3430 1312 3518 1350 re-

1904 1387 2068 1439 cessit
2094 1386 2225 1457 (336).

1979 1478 2061 1529 15.
2096 1475 2258 1528 Unde
2291 1474 2521 1529 difficile
2551 1475 2792 1535 videtur.
2822 1475 2943 1532 imo
2966 1493 3113 1548 pene
3140 1475 3514 1547 impossibile,

1905 1561 2187 1616 mundum
2226 1579 2578 1633 quemquam
2609 1567 2668 1618 et
2698 1565 2771 1618 ab
2793 1564 2954 1619 omni
2983 1569 3215 1635 peccato
3247 1564 3516 1630 liberum,

1906 1649 1964 1703 in
1996 1651 2214 1704 mundo
2244 1667 2407 1721 posse
2430 1652 2616 1706 vivere
2646 1656 2747 1707 aut
2776 1652 2984 1724 dignos
3013 1653 3070 1707 in
3101 1669 3169 1708 eo
3202 1668 3375 1723 agere
3399 1652 3520 1706 fru-

1906 1741 2027 1793 ctus
2053 1739 2424 1809 pmnitentiee.
2452 1740 2617 1806 Nam,
2645 1743 2709 1794 ut
2729 1741 3076 1811 Augustinus
3096 1741 3195 1807 ait,
3228 1739 3418 1795 inanis
3439 1742 3524 1795 est

267 1821 353 1873 13.
384 1817 576 1872 Simus
609 1818 782 1888 igitur
810 1817 1057 1871 factores
1088 1817 1241 1871 verbi
1270 1818 1459 1887 hujus,
1490 1822 1547 1872 et
1578 1835 1695 1873 non
1715 1835 1809 1872 au-
1834 1818 1885 1875 B
1910 1827 2267 1899 pauitantia,
2305 1845 2480 1903 quam
2529 1845 2774 1899 sequens
2818 1829 2985 1899 culpa
3023 1828 3360 1900 coinquinat
3385 1827 3519 1899 (57),

191 1905 428 1973 ditores,
480 1906 742 1960 fallentes
801 1905 1202 1976 nosmetipsos.
1255 1906 1551 1960 Imitemur
1604 1908 1808 1959 saltem

191 1994 469 2047 Ninivitas
499 1993 648 2058 illos,
682 1992 779 2064 qui
828 1992 1085 2046 conversi
1131 1996 1261 2047 sunt
1302 1994 1359 2047 in
1401 1993 1811 2064 przedicatione

191 2082 376 2148 Jonm,
408 2085 465 2135 et
496 2080 952 2151 praedicaverunt
968 2080 1282 2151 jejunium,
1318 2084 1375 2135 et
1408 2081 1645 2134 involuti
1681 2084 1813 2134 sunt

194 2170 393 2236 saccis,
428 2173 486 2223 et
511 2172 757 2240 egerunt
786 2168 1209 2239 paenitentiam.
1254 2168 1321 2223 Et
1357 2168 1497 2223 vidit
1534 2168 1814 2223 Dominus

196 2273 376 2327 opera
401 2273 627 2323 eorum,
661 2257 795 2329 quia
825 2256 1081 2311 conversi
1116 2259 1248 2310 sunt
1274 2256 1343 2310 de
1377 2257 1467 2310 via
1504 2273 1605 2310 sua
1636 2258 1809 2319 mala,

198 2348 257 2399 et
286 2344 556 2399 misertus
580 2349 666 2398 est
695 2360 867 2414 super
890 2344 1128 2410 malitia,
1165 2361 1339 2415 quam
1372 2346 1596 2399 locutus
1626 2344 1814 2398 fuerat

198 2435 262 2487 ut
289 2432 507 2486 faceret
536 2432 637 2497 eis,
667 2435 722 2485 et
749 2448 865 2487 non
919 2431 1073 2486 fecit.
1108 2430 1197 2484 Sic
1244 2435 1302 2485 et
1352 2448 1458 2486 nos
1498 2431 1810 2499 faciamus;

196 2520 331 2592 quia
357 2520 547 2590 major
575 2522 678 2585 est,
706 2535 881 2590 quam
926 2520 1103 2574 Jonas
1132 2519 1244 2584 hic,
1280 2519 1376 2590 qui
1413 2520 1491 2574 ait
1521 2536 1532 2573 :
1566 2518 1812 2573 Paenite-

196 2607 338 2662 mini
371 2611 430 2662 et
453 2607 670 2661 credite
700 2607 1026 2678 Evangelia.
1059 2607 1401 2679 Aperiamus
1426 2606 1696 2677 pulsanti,
1717 2622 1811 2660 vo-

196 2699 427 2750 cantem
460 2702 789 2766 sequamur.
824 2694 971 2757 Quid
1002 2694 1127 2749 dico
1159 2698 1483 2761 vocantem,
1515 2694 1635 2749 imo
1662 2697 1814 2748 certe

194 2784 527 2837 trahentem
541 2786 601 2837 et
620 2786 926 2854 cogentem
955 2781 1191 2836 intrare.
1219 2783 1342 2837 Non
1368 2782 1525 2837 enim
1549 2799 1652 2837 vox
1686 2782 1814 2849 ista,

199 2887 375 2942 quam
405 2886 557 2924 nunc
580 2870 921 2935 audivimus,
952 2869 1105 2924 facta
1137 2873 1222 2924 est
1263 2873 1501 2941 propter
1531 2886 1685 2935 eum,
1719 2868 1815 2940 qui

202 2958 505 3013 defunctus
533 2961 637 3025 est,
670 2958 826 3029 quia,
859 2958 1117 3029 quamvis
1147 2959 1219 3012 sit
1249 2958 1403 3027 apud
1454 2958 1669 3012 inferos
1696 2972 1817 3027 pa:-

1910 1914 2112 1985 Nilque
2144 1919 2383 1985 prosunt
2422 1917 2699 1981 lamenta,
2733 1917 2778 1970 si
2799 1917 3153 1988 replicantur
3176 1919 3428 1987 peccata.
3456 1916 3525 1968 Et

1911 2005 2113 2057 vulnus
2140 2004 2406 2058 iteratum
2426 2008 2662 2058 sanatur
2683 2004 2919 2059 tardius.
2936 2006 3002 2058 Et
3020 2003 3330 2076 Gregorius
3360 2020 3372 2057 :
3393 2002 3524 2068 Qui,

1912 2092 2121 2162 inquit,
2151 2092 2401 2146 admissa
2432 2093 2672 2165 plangit,
2700 2110 2805 2147 nec
2836 2096 3032 2147 tamen
3079 2093 3309 2158 deserit,
3339 2106 3525 2163 pinna

1912 2198 1970 2236 se
1992 2180 2239 2252 graviori
2256 2181 2500 2251 subjicit;
2519 2181 2671 2235 unde
2693 2180 2766 2235 ad
2788 2197 2981 2235 veram
2999 2180 3399 2251 paenitentiam
3415 2178 3524 2249 (58)

1915 2269 2233 2324 necessario
2265 2268 2580 2340 requiritur
2610 2272 2671 2322 ut
2704 2272 3071 2339 peccatorum
3094 2283 3277 2322 causa!
3297 2266 3528 2338 penitus

1914 2356 2269 2412 excidantur.
2315 2358 2382 2410 Et
2427 2360 2734 2427 propterea
2776 2356 2821 2410 si
2863 2355 2934 2410 ad
2972 2357 3126 2410 hunc
3169 2353 3526 2427 paenitentia:

1914 2445 2182 2515 perfectae
2235 2444 2480 2516 gradum
2520 2444 2817 2515 pervenire
2858 2444 3119 2498 volumus
3150 2442 3306 2514 (quia
3355 2458 3524 2497 mun-

1915 2533 2054 2587 dum
2086 2532 2258 2587 istum
2300 2532 2655 2598 sensibilem,
2703 2548 2877 2603 quem
2918 2531 3219 2597 cercimus,
3271 2529 3527 2602 quandiu

1914 2620 1973 2675 in
2001 2637 2173 2675 carne
2199 2620 2457 2687 vivimus,
2490 2620 2731 2675 omnino
2761 2620 3024 2675 deserere
3056 2636 3174 2675 non
3204 2618 3523 2691 possumus)

1915 2725 2147 2764 necesse
2177 2711 2263 2763 est
2304 2711 2365 2763 ut
2396 2710 2626 2775 saltem,
2659 2724 2786 2780 quae
2814 2707 2875 2763 in
2906 2707 3125 2763 mundo
3150 2709 3303 2774 sunt,
3327 2706 3527 2763 omnia

1916 2796 2145 2869 penitus
2175 2796 2589 2868 relinquamus,
2618 2796 2845 2851 dicente
2876 2796 3124 2851 Domino
3155 2812 3220 2850 τε
3243 2794 3444 2850 Omnis
3459 2810 3528 2849 ex

1916 2884 2095 2951 vobis,
2125 2884 2222 2955 qui
2253 2900 2370 2939 non
2408 2883 2705 2938 renuntiat
2750 2884 3038 2952 omnibus,
3076 2900 3205 2956 qua:
3253 2882 3524 2955 possidet,

1918 2990 2036 3029 non
2069 2976 2258 3045 potest
2284 2988 2447 3027 meus
2468 2988 2588 3026 esse
2603 2971 2912 3042 discipulus
2933 2972 3065 3041 (59).
3091 2993 3118 3021 »
3134 2972 3202 3027 Et
3222 2971 3433 3027 iterum
3455 2970 3531 3024 ad

199 3047 467 3155 nitentia:
501 3064 629 3155 δξῗθ
677 3052 872 3145 ίδηξθη
920 3051 977 3101 et
1012 3046 1385 3155 ίῖέῧξυξίυοεθιν
1433 3046 1533 3155 5de
1582 3049 1817 3155 959919?
1843 3097 1890 3155 Ο
1917 3062 2347 3117 adolescentem
2380 3061 2451 3115 de
2477 3059 2592 3114 vita
2622 3063 2843 3114 aeterna
2870 3059 3332 3131 interrogantem
3364 3075 3378 3112 :
3407 3077 3438 3110 ς
3470 3057 3529 3112 Si

196 3152 322 3201 n08,
356 3138 418 3189 ιιι
444 3135 612 3189 ηοῦίδ
641 3151 745 3189 νοΧ
778 3135 900 3205 ipsa
928 3135 1211 3205 Ρνοῧείειῑν
1239 3150 1383 3206 quos
1407 3135 1592 3188 adhuc
1624 3134 1820 3188 ἀίνίηθι
1843 3134 1890 3155 υ
1916 3149 2021 3217 vis,
2056 3148 2262 3221 inquit,
2295 3148 2582 3219 perfectus
2610 3164 2751 3213 esse,
2797 3146 2961 3214 vade,
3010 3150 3067 3201 et
3109 3147 3292 3202 vende
3333 3145 3531 3201 omnia

201 3222 484 3295 patientia
515 3222 930 3293 longanimiter
966 3226 1274 3293 exspectat.
1312 3223 1437 3276 Non
1469 3222 1645 3293 igitur
1670 3223 1821 3309 ultra
1919 3255 2046 3309 qua3
2100 3239 2297 3305 habes,
2349 3240 2406 3291 et
2460 3235 2535 3290 da
2585 3234 2951 3306 pauperibus,
2996 3237 3055 3289 et
3093 3234 3244 3301 veni,
3290 3248 3530 3305 sequere

206 3309 276 3364 de
299 3310 393 3365 die
423 3310 482 3363 in
512 3309 664 3363 diem
687 3309 1049 3364 differamus:
1067 3310 1221 3381 quia,
1248 3325 1361 3382 qua
1376 3311 1520 3364 hora
1541 3308 1821 3364 Dominus

178 3401 494 3463 'venturus,
519 3397 610 3463 sit,
632 3397 991 3469 ignoramus,
1026 3414 1130 3452 nec
1163 3398 1447 3452 incertam
1475 3397 1685 3451 mortis
1715 3398 1818 3452 ho-

203 3501 334 3540 ram
360 3485 677 3557 prmvidere
707 3486 984 3539 valemus.

281 3576 367 3628 14.
402 3574 496 3627 His
541 3574 769 3641 auditis,
828 3590 975 3627 unus
1027 3590 1095 3627 ex
1148 3572 1487 3638 astantibus,
1542 3571 1824 3641 magister

205 3663 421 3717 scilicet
442 3662 790 3728 Landuinus,
809 3661 1042 3715 natione
1067 3661 1295 3726 Tuscus,
1312 3677 1377 3714 ex
1404 3660 1630 3714 civitate
1655 3661 1820 3724 Luca,

207 3750 294 3805 vir
348 3749 547 3820 utique
602 3749 801 3803 doctus
850 3752 908 3802 et
958 3749 1280 3813 timoratus,
1323 3748 1402 3801 ait
1449 3765 1517 3801 :«
1561 3747 1825 3817 Magister

206 3838 385 3901 bone,
410 3837 535 3907 jam
567 3836 776 3891 scimus
805 3836 940 3907 quia
985 3852 1151 3889 verax
1182 3852 1261 3900 es,
1311 3838 1369 3888 et
1410 3835 1601 3905 legem
1634 3834 1733 3889 Dei
1766 3833 1824 3887 in

208 3925 451 3979 veritate
479 3925 677 3990 doces;
725 3946 752 3972 ››
784 3924 958 3977 verba
996 3924 1153 3977 enim
1195 3926 1292 3976 tua
1331 3921 1630 3975 verissima
1671 3924 1822 3988 sunt,

212 4013 349 4084 quia
388 4011 485 4066 Dei
526 4011 672 4065 iram
712 4014 771 4065 et
799 4012 1015 4081 justam
1066 4008 1532 4081 indignationem
1574 4008 1826 4079 effugere

214 4117 332 4156 non
367 4099 706 4171 poterimus.
742 4098 849 4152 nisi
887 4097 1159 4168 lacrymis
1208 4100 1443 4168 peccata
1489 4113 1823 4168 purgemus.

212 4187 427 4243 Verum
461 4187 597 4258 quia
626 4186 902 4256 scriptum
927 4189 1013 4239 est
1032 4185 1186 4257 quod
1206 4204 1237 4237 «
1268 4201 1443 4239 omne
1472 4184 1627 4256 quod
1657 4188 1742 4239 est
1770 4184 1829 4238 in

217 4276 460 4341 mundo,
476 4273 938 4345 concupiscentia
967 4273 1155 4327 carnis
1172 4276 1275 4339 est,
1292 4275 1350 4326 et
1368 4273 1832 4344 concupiscentia

1920 3342 2015 3381 me
2050 3326 2181 3397 (60).
2220 3345 2249 3376 ›>
2967 3390 2972 3397 θ

1998 3416 2083 3468 16.
2118 3414 2246 3481 Qui,
2295 3430 2428 3469 cum
2476 3414 2601 3468 base
2645 3412 2886 3468 audiens
2926 3410 3106 3467 tristis
3149 3410 3529 3478 abscessisset,

1923 3503 2004 3557 ait
2031 3503 2103 3557 ad
2134 3503 2437 3574 discipulos
2460 3502 2767 3557 Dominus:
2792 3504 3026 3556 «Amen
3048 3499 3174 3555 dico
3207 3498 3385 3567 vobis,
3401 3499 3536 3571 quia

1923 3591 2079 3645 dives
2098 3590 2327 3645 difﬁcile
2364 3590 2604 3644 intrabit
2639 3590 2698 3643 in
2738 3605 2985 3659 regnum
3027 3590 3302 3644 calorum
3334 3588 3461 3659 (61).
3507 3608 3536 3636 ››

1926 3678 2066 3732 Hinc
2095 3678 2176 3732 ait
2209 3678 2451 3748 Sapiens
2485 3694 2498 3731 :
2531 3701 2558 3725 ‹‹
2593 3676 2700 3741 Qui
2752 3676 2994 3732 conﬁdit
3038 3677 3097 3730 in
3148 3676 3374 3742 divitiis,
3408 3691 3534 3729 cor-

1924 3769 2053 3820 ruet
2080 3766 2218 3837 (62);
2246 3770 2304 3820 et
2333 3766 2429 3836 qui
2458 3765 2691 3820 festinat
2705 3763 2899 3831 ditari,
2919 3780 3037 3819 non
3057 3763 3169 3818 erit
3186 3764 3483 3817 innocens.
3506 3784 3535 3812 n

1927 3855 1994 3908 Et
2023 3854 2261 3909 iterum:
2287 3877 2313 3903 ‹‹
2344 3852 2403 3909 Si
2434 3853 2587 3907 dives
2627 3852 2825 3919 fueris,
2873 3868 2988 3907 non
3038 3851 3149 3906 eris
3198 3849 3474 3904 immunis
3504 3867 3539 3904 a

1928 3942 2135 3997 delicto
2169 3942 2299 4013 (63).
2338 3963 2364 3990 ››
2396 3942 2538 3995 Nam
2574 3960 2605 3992 «
2637 3940 2735 4013 qui
2776 3941 2976 3994 volunt
3015 3937 3214 3993 divites
3261 3938 3407 4004 ﬁeri,
3453 3937 3538 3991 in-

1929 4029 2052 4101 quit
2078 4030 2401 4099 Apostolus,
2431 4028 2692 4083 incidunt
2719 4027 2777 4082 in
2806 4028 3077 4098 laqueum
3104 4024 3317 4080 diaboli
3350 4023 3485 4095 (64).
3508 4046 3536 4075 n

1930 4118 2025 4171 His
2055 4117 2230 4189 igitur
2260 4117 2550 4181 omnibus,
2575 4116 2741 4187 juxta
2784 4114 3013 4171 Domini
3056 4113 3381 4179 consilium,
3423 4114 3535 4167 cal-

1930 4207 2091 4274 catis,
2134 4206 2418 4261 distractis
2453 4208 2510 4259 et
2555 4204 2902 4275 pauperibus
2946 4202 3217 4274 erogatis,
3251 4200 3538 4255 Christum

1932 4310 2241 4366 sequamur
2288 4297 2346 4348 et
2396 4293 2712 4348 imitemur.
2751 4314 2778 4343 «
2822 4290 2949 4357 Qui,
2994 4306 3127 4345 cum
3173 4289 3328 4344 dives
3371 4292 3538 4353 esset,

220 4365 541 4429 oculorum,
592 4367 652 4417 et
696 4362 964 4433 superbia
1008 4362 1134 4416 vitm
1176 4362 1316 4431 (54);
1371 4380 1402 4412 »
1430 4360 1577 4433 quis,
1614 4377 1806 4432 qumso

1933 4400 2148 4455 egenus
2180 4382 2361 4437 factus
2393 4384 2497 4448 est,
2530 4384 2593 4435 ut
2622 4397 2730 4435 nos
2758 4380 2881 4451 ejus
2907 4379 3228 4434 ditaremur
3256 4376 3473 4448 inopia.
3512 4397 3539 4424 »

218 4449 499 4505 innocens
524 4450 675 4503 inter
705 4451 891 4504 malos
912 4454 1064 4504 tutus
1089 4450 1274 4503 vivere
1304 4452 1403 4503 aut
1427 4449 1634 4520 dignos
1655 4449 1832 4521 poeni-

219 4539 418 4593 tentia:
469 4538 685 4592 fructus
726 4554 898 4609 agere
937 4541 1144 4608 potest.
1182 4538 1277 4591 ubi
1325 4537 1593 4607 superbia
1644 4537 1828 4603 inflat,

221 4626 463 4681 avaritia
491 4628 744 4693 enervat,
778 4624 1324 4697 luxuriainquinat?
1378 4626 1480 4679 Ubi
1514 4625 1658 4690 lites,
1692 4641 1829 4679 con-

224 4713 535 4779 tentiones,
553 4714 975 4781 aamulationes,
992 4714 1407 4775 oblocutiones,
1427 4711 1655 4767 invidia:
1677 4712 1704 4766 '?
1726 4712 1831 4766 Ubi

222 4800 371 4856 ﬁunt
407 4801 727 4867 latrocinia,
758 4805 1169 4872 perpetrantur
1196 4799 1525 4857 homicidia.
1544 4800 1685 4853 falsa
1707 4816 1835 4870 pro-

221 4888 490 4945 feruntur
519 4889 869 4956 testimonia,
914 4888 1361 4944 committuntur
1404 4887 1704 4954 adulteria,
1745 4887 1832 4941 in-

224 4982 432 5045 cestus,
470 4978 901 5046 fornicationes,
951 4977 1269 5049 sacrilegia,
1318 4976 1614 5044 veneficia,
1660 4979 1717 5031 et
1760 4975 1834 5030 si-

299 5110 410 5183 (53)
443 5110 953 5183 Ρνονεὼἰοτυωῄι,
990 5112 1079 5178 24,
1107 5111 1195 5178 28,

322 5181 411 5251 54)
447 5183 622 5254 Epist.
657 5181 933 5254 IJoannis
963 5198 1024 5248 ιι,
1061 5183 1145 5236 16.

322 5256 413 5319 55)
449 5253 531 5306 Ita
554 5253 674 5307 fere
698 5253 839 5308 Osee
868 5269 946 5319 ιν,
990 5257 1040 5306 1.

324 5322 414 5389 56)
446 5324 621 5378 Paulo
654 5324 818 5378 aliter
843 5322 1107 5379 Jeremiaa
1135 5338 1209 5389 iv,
1238 5323 1420 5378 23-25.

302 5390 414 5464 (57)
448 5394 571 5449 Non
602 5394 758 5464 quod
798 5411 868 5449 ea
909 5394 1063 5449 haud
1099 5392 1318 5464 fuerint
1357 5410 1487 5448 vere
1533 5390 1835 5464 poenitenti

229 5462 467 5592 peccata
496 5462 896 5520 antecedentia
937 5464 1194 5530 remissa,
1228 5463 1329 5517 sed
1354 5462 1549 5545 quod,
1565 5462 1662 5545 qui
1691 5463 1836 5517 rela-

273 5539 408 5592 itur.
441 5536 688 5589 relatum
715 5553 781 5590 ex
805 5536 1007 5591 eadem
1032 5536 1279 5590 fructum
1306 5538 1554 5590 amittat.

273 5536 408 5602 itur,
441 5536 688 5589 relatum
715 5553 781 5590 ex
805 5536 1007 5591 eadem
1032 5536 1279 5590 fructum
1306 5535 1554 5590 amittat.
1596 5540 1603 5545 '

305 5606 416 5679 (58)
452 5606 591 5661 Eam
636 5606 866 5675 scilicet,
894 5623 1007 5681 qua
1035 5606 1180 5679 quis,
1219 5606 1419 5662 relicto
1468 5607 1723 5678 peccato,
1768 5603 1844 5660 ad

1932 4472 2001 4525 Et
2028 4471 2183 4542 quia,
2219 4469 2546 4525 doctissime
2593 4468 2879 4539 Magister,
2908 4469 2965 4521 te
2996 4466 3260 4532 docente,
3291 4463 3546 4520 veritatis
3574 4456 3578 4461 ’

1930 4559 2081 4614 viam
2108 4562 2167 4613 et
2185 4558 2420 4629 justitiae
2438 4557 2707 4611 semitam
2733 4554 3092 4627 agnovimus,
3107 4570 3237 4608 cum
3267 4552 3547 4622 periculo-

1934 4664 2059 4702 sum
2093 4648 2182 4714 sit,
2216 4646 2398 4703 vicino
2425 4648 2694 4715 serpente
2724 4642 3076 4710 dormire,et
3096 4642 3251 4697 inter
3277 4642 3549 4696 ﬂammas

1932 4735 2120 4790 illaesis
2148 4735 2392 4807 pedibus
2419 4734 2720 4789 ambulare
2751 4732 3003 4799 difficile,
3035 4733 3213 4785 restat
3261 4732 3326 4784 ut
3353 4730 3546 4785 locum

1934 4826 2101 4879 nobis
2132 4822 2510 4895 inquiramus,
2545 4821 2603 4876 in
2636 4837 2773 4894 quo,
2821 4820 2957 4875 licet
2995 4819 3054 4874 in
3092 4817 3334 4883 mundo,
3383 4815 3545 4889 quasi

1935 4913 2057 4968 sine
2071 4912 2289 4968 mundo
2312 4912 2383 4965 ab
2405 4910 2714 4966 hominum
2727 4908 3016 4966 consortio
3038 4905 3547 4979 separati,peccata

1934 5005 2132 5057 nostra
2161 5000 2375 5055 deﬂere
2406 5002 2465 5053 et
2502 4998 2856 5069 pmnitentjea
2887 4997 3096 5069 dignos
3122 4994 3337 5049 fructus
3355 4992 3546 5047 facere

1936 5124 2352 5198 perfectionem
2382 5122 2717 5178 contendat.

2009 5204 2120 5276 (59)
2160 5204 2322 5258 Luca:
2354 5219 2465 5269 XIV,
2496 5205 2584 5257 33.

2010 5283 2118 5354 (60)
2159 5285 2243 5338 Ita
2268 5284 2388 5338 fere
2417 5280 2643 5337 Mathsei
2668 5296 2780 5347 XIX,
2813 5282 2906 5334 21.

2010 5362 2118 5434 (61)
2158 5362 2383 5417 Mathazi
2411 5378 2522 5429 xxx,
2556 5364 2644 5417 23.

2011 5443 2124 5514 (62)
2160 5443 2245 5496 lta
2270 5441 2390 5496 fere
2422 5440 2866 5497 Proverbiorum
2893 5453 2969 5507 xx,
3000 5437 3091 5496 28.

2012 5522 2120 5592 (63)
2161 5520 2533 5576 Ecclesiastici
2565 5536 2641 5582 x1,
2686 5522 2771 5573 10.

2016 5601 2125 5674 (64)
2166 5601 2341 5673 Epist.
2373 5618 2392 5657 ι
2422 5600 2496 5657 ad
2524 5598 2900 5656 Timotheum
2927 5613 3015 5673 vr,
3041 5600 3103 5656 9.-
