4014 6052
409 338 516 404 499

1270 344 1327 400 s.
1354 343 1699 403 BRUNONIS
1740 327 2375 403 CARTHUSIANORUM
2410 332 2877 397 msmuroms

3631 335 3741 396 500

413 469 724 525 valeamus.
758 469 907 523 Doce
938 483 1042 523 nos
1070 465 1263 540 igitur,
1291 484 1503 540 quaeso,
1539 473 1596 524 et
1626 470 1815 525 locum
1848 471 2023 526 talem
2045 472 2100 530 Α
2123 471 2346 523 secutus
2376 482 2491 521 uno
2523 469 2822 520 momento
2870 465 3022 519 solus
3064 478 3239 535 quam
3280 465 3401 519 toto
3438 461 3569 519 vita:
3618 480 3735 518 sua:

417 556 584 612 nobis
614 555 873 623 ostende,
907 559 964 609 et
996 555 1273 628 quidquid
1316 557 1450 611 inde
1479 558 1816 627 decreveris,
1848 559 2021 613 facie-

417 660 565 699 mus.
599 644 742 698 Nam
773 644 921 698 salus
949 647 1144 698 nostra
1170 644 1227 697 in
1262 661 1439 699 manu
1466 649 1562 700 tua
1588 650 1691 700 est.

495 737 581 787 17.
609 732 696 786 Ad
717 732 838 787 haec
862 731 1063 786 beatus
1091 733 1279 787 Bruno
1314 734 1611 804 respondit
1636 752 1647 788 :
1682 735 1791 789 Viri
1823 735 2027 789 fratres

422 823 482 874 et
508 820 724 887 Patres,
758 820 970 887 audite,
1006 836 1123 873 non
1156 837 1270 887 me,
1313 821 1412 874 sed
1458 838 1688 876 mecum
1734 823 1903 877 simul
1935 840 2029 876 au-

423 908 668 975 diamus,
700 908 961 979 inquam,
1008 908 1171 961 illum
1213 925 1508 963 summum
1542 916 1895 966 secretorum
1929 910 2029 965 Dei

423 996 735 1063 conscium,
777 999 835 1051 et
877 996 1222 1067 prophetam
1255 997 1529 1051 eximium
1563 999 1759 1064 David,
1796 1000 1882 1053 cui
1919 1002 2030 1054 Do-

424 1084 847 1139 minusincerta
865 1087 923 1137 et
942 1084 1162 1138 occulta
1184 1084 1480 1155 sapientiae
1495 1104 1608 1140 sure
1622 1086 2010 1141 manifestavit

422 1172 736 1227 Audiamus
752 1171 942 1243 primo
963 1172 1101 1242 quid
1115 1173 1338 1239 dixerit,
1355 1174 1655 1228 audiamus
1667 1175 1874 1229 deinde
1897 1175 2033 1246 quid

423 1259 643 1314 fecerit.
677 1261 800 1330 Ipse
827 1258 985 1313 enim
1016 1263 1172 1326 tunc,
1207 1260 1350 1314 sicut
1380 1265 1438 1315 et
1466 1278 1571 1316 nos
1615 1280 1786 1328 nunc,
1820 1264 2034 1317 contri-

424 1350 603 1402 status
633 1347 692 1401 in
724 1347 1133 1402 exercitatione
1163 1365 1281 1415 sua,
1327 1353 1383 1402 et
1431 1351 1804 1405 conturbatus
1836 1368 1868 1404 a
1901 1368 2035 1406 voce

424 1434 647 1489 inimici
686 1438 743 1489 et
774 1452 808 1489 a
837 1435 1210 1489 tribulatione
1256 1438 1590 1507 peccatoris,
1642 1439 1783 1493 dixit
1817 1455 1829 1492 :
1863 1459 1893 1489 (κ
1927 1440 2037 1493 Cor

427 1539 626 1577 meum
666 1523 1077 1578 conturbatum
1109 1528 1195 1577 est
1222 1524 1281 1577 in
1314 1541 1428 1590 me,
1465 1529 1522 1579 et
1549 1526 1799 1580 formido
1827 1526 2036 1580 mortis

428 1611 636 1665 cecidit
656 1628 827 1683 super
856 1628 983 1679 me;
1015 1612 1196 1666 timor
1224 1614 1281 1666 et
1312 1615 1533 1668 tremor
1562 1618 1843 1667 venerunt
1868 1630 2038 1684 super

428 1715 546 1766 me,
605 1703 663 1753 et
716 1702 1093 1753 contexerunt
1147 1716 1240 1754 me
1296 1702 1573 1756 tenebrae.
1626 1721 1658 1753 »
1709 1703 1776 1755 Et
1829 1702 1969 1755 dixit
2020 1719 2032 1755 :

428 1806 462 1840 α
501 1787 636 1851 Quis
663 1788 823 1842 dabit
851 1788 992 1841 mihi
1037 1804 1260 1858 pennas
1289 1790 1433 1844 sicut
1465 1791 1769 1856 columbas,
1804 1795 1860 1845 et
1894 1791 2039 1844 vola—
2062 1782 2110 1840 B

430 1876 505 1930 bo
535 1879 592 1930 et
614 1875 1015 1947 requiescam?
1050 1897 1076 1923 »
1109 1876 1326 1930 Deinde
1354 1866 1615 1948 subjecit,
1649 1882 1707 1932 et
1732 1880 1846 1933 ait:
1880 1902 1905 1927 «
1943 1880 2040 1932 Ec-

431 1979 515 2027 ce,
549 1963 815 2033 elongavi
847 1963 1094 2035 fugiens,
1128 1967 1185 2017 et
1215 1982 1399 2018 mansx
1430 1965 1486 2018 in
1518 1966 1822 2021 solitudine
1854 1967 1983 2038 (65).
2012 1989 2037 2015 »

433 2053 595 2119 Ecce,
626 2052 834 2123 inquit,
891 2052 1154 2122 elongavi
1198 2053 1269 2105 ab
1311 2054 1469 2107 omni
1516 2053 1814 2108 occasione
1844 2057 1899 2107 et
1930 2054 2038 2107 cir-

432 2138 778 2194 cumstantia
795 2143 1186 2210 peccatorum,
1202 2143 1259 2193 et
1276 2140 1559 2194 mundum
1586 2140 1755 2194 istum
1778 2145 1973 2195 mente
1986 2145 2044 2195 et

433 2242 677 2297 corpore
710 2227 961 2297 fugiens,
1010 2230 1067 2280 et
1110 2226 1295 2280 mansi
1346 2232 1804 2298 perseveranter,
1835 2245 1950 2281 non
1983 2228 2040 2282 in

434 2313 679 2380 civitate,
713 2314 813 2368 sed
844 2336 871 2363 «
900 2313 959 2368 in
986 2314 1314 2369 solitudine.
1361 2337 1386 2362 »
1416 2316 1513 2369 Ille
1538 2316 1692 2369 enim
1729 2316 1954 2386 fugiens
1983 2332 2043 2369 se

435 2404 692 2474 elongat,
711 2406 773 2456 ut
800 2402 1104 2473 Gregorius
1133 2403 1230 2467 ait,
1254 2403 1349 2475 qui
1384 2420 1417 2456 a
1442 2404 1611 2458 turba
1628 2404 2043 2458 desideriorum

435 2495 804 2547 terrenarum
822 2490 879 2544 in
893 2492 1068 2544 altam
1083 2490 1181 2545 Dei
1200 2492 1753 2561 contemplationem
1774 2509 1832 2545 se
1860 2492 2045 2545 suble-

435 2582 558 2646 vat;
598 2582 797 2632 manet
825 2594 958 2632 vero
987 2596 1018 2629 <<
1049 2578 1107 2630 in
1132 2578 1461 2643 solitudine,
1482 2579 1622 2650 »qui
1641 2582 1968 2650 perseverat
1991 2579 2047 2632 in

438 2671 667 2722 remota
692 2666 903 2721 mentis
921 2666 1265 2720 intentione.
1291 2667 1453 2720 Unde
1476 2667 1631 2720 idem
1658 2668 1963 2738 Propheta,
1988 2669 2051 2720 ut

440 2754 542 2810 Dei
568 2754 836 2809 virtutem
867 2758 925 2808 et
954 2753 1054 2808 Dei
1087 2754 1333 2825 gloriam
1375 2755 1566 2809 videre
1617 2759 1959 2820 mereretur,
1990 2771 2048 2808 se

440 2841 763 2897 solitudinis
805 2843 998 2896 locum
1046 2841 1276 2911 petiisse
1321 2844 1584 2909 testatur,
1627 2842 1821 2896 dicens
1857 2859 1869 2896 :
1908 2865 1935 2891 ‹‹
1986 2842 2048 2895 In

438 2932 597 2985 terra
628 2929 873 2995 deserta,
918 2931 975 2983 et
1018 2929 1192 2996 invia,
1226 2933 1282 2983 et
1312 2929 1612 3001 inaquosa,
1653 2930 1730 2984 sic
1763 2930 1821 2983 in
1852 2932 2049 2984 sancto

2124 560 2388 628 tempore
2419 554 2748 608 comitatus.

2200 648 2281 698 19.
2317 644 2548 713 Moyses,
2582 659 2711 695 cum
2748 641 3022 695 minasset
3065 658 3307 712 gregem
3351 640 3425 696 ad
3455 640 3743 695 interiora

2127 732 2357 797 deserti,
2390 730 2700 785 Dominum
2734 730 2791 783 in
2825 729 3050 783 ardenti
3081 729 3225 783 rubo
3250 729 3443 783 videre
3462 727 3745 782 et'audire

2128 820 2337 875 meruit
2366 819 2652 873 dicentem
2682 818 2785 872 sibi
2822 835 2887 871 :«
2915 816 3079 872 Solve
3107 819 3502 871 calceamenta
3534 816 3606 870 de
3644 834 3744 888 pe-

2131 910 2294 964 dibus
2325 908 2462 974 tuis;
2497 908 2653 961 locus
2679 906 2859 972 enim,
2906 906 2965 959 in
3012 922 3126 977 quo
3169 910 3301 971 stas,
3345 908 3502 959 terra
3544 907 3749 958 sancta

2133 1001 2218 1051 est
2246 997 2380 1069 (67).
2421 1014 2444 1045 ι
2483 995 2579 1048 Cui
2610 1011 2929 1065 nunquam,
2965 994 3072 1047 nisi
3103 1011 3235 1048 cum
3262 994 3413 1048 solus
3440 996 3607 1057 esset,
3638 994 3749 1047 Do-

2133 1085 2325 1139 minus
2364 1082 2649 1154 apparuit.
2684 1082 2880 1148 David,
2914 1082 2986 1136 ad
3032 1082 3258 1136 deserta
3288 1080 3534 1152 fugiens,
3565 1079 3752 1135 Saulis

2135 1172 2310 1227 evasit
2340 1171 2886 1226 insidias.Jeremias
2905 1187 3145 1241 poscens
3172 1186 3384 1241 aquam
3417 1169 3539 1224 dari
3575 1167 3751 1239 capiti

2136 1278 2257 1328 suo,
2293 1263 2350 1314 et
2380 1260 2555 1314 oculis
2582 1259 2695 1313 suis
2720 1259 2943 1314 fontem
2987 1260 3397 1330 lacrymarum,
3432 1260 3493 1311 ut
3528 1258 3755 1328 lugeret

2136 1349 2464 1404 interfectos
2492 1349 2685 1419 populi
2717 1348 2822 1413 sui,
2856 1349 3046 1401 locum
3080 1363 3329 1419 quoque,
3379 1346 3474 1400 ubi
3520 1362 3578 1399 se
3625 1348 3750 1398 tam

2136 1442 2332 1493 sancto
2364 1438 2538 1509 possit
2578 1436 2636 1491 in
2684 1454 2857 1508 Opere
2892 1437 3125 1490 liberius
3175 1451 3441 1489 exercere
3491 1434 3747 1505 postulat

2137 1529 2332 1584 dicens
2354 1545 2366 1581 :
2386 1550 2411 1576 «
2449 1525 2584 1590 Quis
2616 1526 2773 1579 dabit
2803 1525 2942 1579 mihi
2975 1524 3351 1579 diversorium
3378 1524 3665 1578 viatorum
3692 1522 3755 1576 in

2136 1616 2442 1672 solitudine
2471 1617 2605 1684 (68),
2640 1636 2666 1662 υ
2704 1617 2981 1684 tanquam
3009 1613 3117 1667 hoc
3150 1612 3200 1666 ei
3233 1612 3293 1667 in
3316 1612 3542 1666 civitate
3560 1611 3752 1665 facere

2138 1723 2255 1759 non
2289 1707 2533 1768 vacaret,
2566 1704 2674 1756 hoc
2703 1702 2875 1756 modo
2898 1701 3181 1766 indicans,
3212 1700 3369 1771 quod
3400 1698 3756 1770 impedirent

2138 1793 2271 1847 socii
2299 1792 2545 1863 gratiam
2577 1788 3147 1861 lacrymarum.Quin
3180 1788 3378 1855 etiam,
3415 1804 3545 1841 cum
3575 1787 3749 1841 dixis-

2139 1884 2224 1935 set
2252 1898 2264 1935 :
2302 1903 2329 1929 ‹‹
2357 1882 2579 1933 Bonum
2605 1882 2689 1932 est
2721 1877 3037 1948 praestolari
3068 1894 3201 1931 cum
3242 1876 3468 1930 silentio
3509 1876 3761 1930 salutare

2142 1969 2262 2033 Dei,
2295 1990 2321 2016 ››
2355 1966 2780 2036 addidissetque
2811 1983 2822 2019 :
2852 1988 2879 2015 ‹‹
2921 1966 3144 2019 Bonum
3180 1969 3265 2018 est
3296 1965 3436 2029 viro,
3471 1980 3601 2018 cum
3630 1979 3765 2034 por-

2143 2056 2344 2111 taverit
2358 2056 2563 2125 jugum
2597 2054 2667 2107 ab
2696 2053 3084 2107 adolescentia
3106 2070 3227 2115 sua,
3257 2074 3284 2099 »
3315 2052 3523 2121 adjecit
3554 2055 3613 2104 et
3645 2050 3758 2104 ait:

2143 2170 2167 2194 ‹‹
2197 2144 2429 2199 Sedebit
2458 2142 2744 2196 solitarius
2769 2145 2825 2197 et
2854 2142 3088 2207 tacebit,
3108 2140 3471 2212 quialevabit
3490 2157 3549 2194 se
3581 2154 3763 2209 supra

2144 2251 2200 2287 se
2232 2231 2368 2304 {69),
2402 2251 2431 2283 »
2460 2232 2624 2295 Elias,
2660 2231 2718 2284 in
2754 2234 2950 2285 monte
2984 2231 3055 2284 ad
3083 2229 3289 2284 ostium
3325 2230 3632 2299 speluncze,
3668 2243 3761 2281 so-

2143 2323 2249 2385 lus,
2280 2319 2590 2374 Dominum
2624 2321 3017 2372 transeuntem
3049 2317 3305 2388 agnovit.
3338 2318 3402 2369 Et
3428 2315 3642 2370 Eliseus
3659 2314 3762 2368 du-

2146 2408 2355 2480 plicem
2409 2407 2529 2476 ejus
2588 2406 2872 2477 spiritum,
2930 2406 3067 2460 dum
3126 2406 3447 2470 tolleretur,
3509 2402 3749 2472 accepit.

2146 2497 2397 2550 Joannes
2424 2495 2693 2565 Baptista,
2718 2496 2788 2549 ab
2816 2498 2978 2549 utero
3012 2493 3222 2565 Spiritu
3246 2496 3442 2548 sancto
3487 2491 3763 2561 repletus,

2150 2605 2256 2641 nec
2294 2584 2543 2639 mirabili
2592 2584 2908 2651 nativitate,
2944 2599 3047 2637 nec
3092 2586 3403 2652 parentum
3458 2579 3765 2633 sanctitate

2148 2692 2398 2741 securus,
2432 2674 2813 2745 frequentiam
2847 2672 3152 2726 hominum
3182 2675 3461 2741 tanquam
3485 2668 3766 2738 periculo-

2150 2782 2272 2819 sam
2304 2761 2885 2834 fugiens,solitudinis
2916 2761 3142 2814 deserta
3166 2759 3349 2830 petiit,
3376 2758 3468 2812 ubi
3489 2756 3629 2827 quid
3651 2755 3765 2809 vir-

2152 2854 2305 2921 tutis,
2341 2852 2547 2923 quidve
2582 2850 2771 2904 meriti
2800 2849 3146 2919 acquisierit,
3178 2848 3498 2919 baptismus
3529 2844 3760 2911 Christi,

2153 2945 2210 2995 et
2222 2958 2326 3014 pro
2336 2940 2605 3011 justititia
2624 2956 2781 2993 mors
2798 2943 3057 3008 suscepta
3072 2934 3589 2991 monstravit.Talis
3606 2932 3767 2987 enim

441 3018 680 3089 apparui
706 3017 831 3084 tibi,
865 3021 928 3072 ut
956 3017 1211 3073 viderem
1236 3018 1507 3073 virtutem
1538 3022 1698 3073 tuam
1726 3021 1783 3072 et
1803 3018 2053 3089 gloriam

2155 3030 2333 3085 factus
2360 3033 2444 3083 est
2473 3029 2530 3082 in
2569 3028 2894 3093 solitudine,
2937 3031 2998 3080 ut
3039 3026 3247 3097 dignus
3286 3028 3433 3078 esset
3474 3024 3770 3077 lavantem

443 3108 605 3161 tuam
636 3105 769 3177 (66).
805 3126 834 3154 »

520 3194 609 3248 Η.
629 3192 888 3248 Solitudo
915 3209 1166 3264 namque
1183 3196 1268 3247 est
1279 3193 1404 3260 viae,
1422 3209 1549 3264 quas
1568 3192 1726 3246 ducit
1744 3193 1816 3247 ad
1841 3192 2050 3257 vitam;

446 3280 544 3335 ubi
565 3297 668 3351 pro
702 3280 946 3334 terrenis
973 3279 1241 3345 cmlestia,
1261 3296 1364 3350 pro
1386 3280 1729 3334 transitoriis
1760 3282 2058 3333 mutantur

449 3372 687 3423 aeterna.
716 3369 847 3422 Hmc
876 3371 962 3422 est
990 3370 1146 3422 locus
1178 3365 1553 3438 poenitentiae,
1584 3368 1674 3421 via
1697 3368 1957 3437 justitize,
1978 3384 2060 3420 se-

450 3457 597 3512 mita
625 3457 846 3528 gratiae,
881 3456 1031 3510 scala
1061 3455 1280 3527 glorize.
1311 3457 1438 3510 Haec
1464 3459 1571 3520 est,
1614 3455 1875 3526 inquam,
1909 3456 2059 3508 scala

449 3544 757 3615 illa,quam
789 3542 929 3597 vidit
956 3543 1129 3597 Jacob
1151 3543 1208 3596 in
1232 3543 1540 3597 solitudine
1562 3542 1620 3596 in
1639 3546 1793 3597 terra
1812 3545 2060 3596 stantem

454 3634 514 3685 et
524 3632 730 3686 ctelum
748 3633 1089 3701 tangentem
1109 3647 1122 3698 ;
1146 3646 1273 3702 quae
1296 3631 1564 3684 homines
1585 3630 1740 3685 vehit
1760 3630 1816 3683 in
1833 3630 2059 3693 coelum,

457 3722 517 3773 et
562 3720 799 3791 angelos
837 3719 911 3774 ad
951 3721 1213 3773 nostrum
1244 3719 1445 3789 recipit
1495 3718 1789 3773 auxilium.
1826 3718 1953 3771 Haec
1983 3719 2066 3770 est

454 3808 731 3863 virtutum
761 3806 973 3874 nutrix,
1006 3807 1301 3878 patientiae
1339 3810 1547 3869 custos,
1575 3806 1895 3878 purissima:
1926 3805 2064 3857 sim-

456 3896 727 3968 plicitatis
752 3895 1028 3966 magistra
1041 3898 1099 3949 et
1127 3895 1509 3949 fraudulentae
1532 3892 1880 3962 duplicitatis
1904 3891 2065 3961 igna-

457 4000 546 4038 ra.
573 3985 702 4038 Htec
734 3986 818 4036 est
839 3982 999 4052 quies
1030 3981 1440 4046 laborantium,
1469 3980 1784 4034 consolatio
1818 3994 2066 4033 moeren-

462 4071 629 4137 tium,
664 4074 721 4123 et
748 4070 809 4122 in
830 4072 973 4123 aestu
998 4068 1388 4138 refrigerium,
1423 4067 1480 4120 in
1513 4083 1628 4137 qua
1653 4071 1739 4120 est
1764 4067 1938 4120 turris
1968 4068 2071 4120 Da-

462 4158 558 4213 vid
609 4157 892 4213 aadiﬁcata
936 4172 1069 4209 cum
1120 4153 1588 4225 propugnaculis,
1642 4171 1709 4207 ex
1759 4171 1872 4225 qua
1916 4154 2070 4207 mille

466 4245 649 4318 clypei
680 4244 956 4317 pendent,
988 4245 1045 4296 et
1084 4242 1275 4297 omnis
1304 4242 1361 4296 in
1393 4259 1462 4296 ea
1493 4245 1786 4295 armatura
1810 4241 2067 4295 fortium.

2155 3121 2351 3175 omnia
2382 3119 2689 3183 Christum,
2719 3119 2870 3171 solus
2894 3117 3106 3179 lavare,
3141 3118 3199 3169 et
3228 3130 3333 3184 pro
3365 3112 3605 3167 veritate
3664 3127 3771 3165 nec

2155 3224 2468 3273 carcerem,
2502 3224 2607 3261 nec
2633 3210 2883 3261 mortem
2921 3204 3231 3258 declinare.

2228 3301 2296 3353 20
2351 3296 2497 3360 Quid
2523 3295 2729 3366 plura?
2757 3296 2915 3348 Jesus
2946 3293 3199 3348 Christus
3239 3289 3515 3346 Dominus
3546 3292 3766 3352 noster,

2158 3387 2315 3456 cujus
2347 3386 2522 3438 virtus
2550 3401 2655 3436 nec
2683 3387 2903 3437 secreto
2929 3380 3139 3451 juvari,
3169 3396 3275 3434 nec
3292 3379 3521 3451 publico
3546 3379 3778 3449 poterat

2160 3472 2448 3543 impediri,
2467 3472 2665 3525 ductus
2682 3475 2768 3524 est
2787 3470 2845 3524 in
2872 3470 3184 3533 desertum,
3204 3484 3319 3521 non
3353 3466 3616 3531 dubium,
3634 3463 3774 3535 quin

2162 3580 2195 3617 a
2248 3561 2451 3632 spiritu
2500 3576 2623 3625 suo,
2666 3563 2727 3612 ut
2778 3560 3099 3612 tentaretur
3141 3573 3175 3609 a
3223 3555 3474 3609 diabolo.
3521 3551 3781 3607 Christus

2163 3650 2339 3714 idem,
2380 3647 2588 3701 relictis
2631 3646 2831 3711 turbis,
2884 3643 3141 3699 ascendit
3197 3643 3256 3696 in
3311 3645 3574 3696 montem
3625 3641 3781 3693 solus

2164 3755 2349 3793 orare.
2371 3736 2623 3790 Christus
2646 3734 2705 3788 in
2720 3735 2945 3788 deserto
2968 3733 3167 3786 turbas
3190 3730 3363 3802 pavit,
3384 3746 3488 3783 suo
3509 3728 3781 3801 exemplo

2166 3826 2329 3879 nobis
2359 3826 2641 3894 quantum
2682 3820 2930 3875 solitudo
2978 3820 3175 3890 prosit,
3220 3818 3541 3872 insinuans.
3579 3814 3781 3869 Sancti

2167 3913 2342 3967 etiam
2373 3916 2430 3965 et
2450 3910 2801 3964 venerabiles
2823 3910 3040 3975 Patres,
3066 3908 3289 3970 Paulus,
3305 3904 3608 3970 Antonius,
3634 3902 3789 3956 Hila-

2167 4002 2317 4066 rion,
2351 4000 2462 4054 duo
2491 3999 2780 4064 Machirii,
2827 3998 3096 4061 Eulalius,
3136 3995 3427 4061 Arsenius,
3479 3992 3782 4062 Evagrius,

2171 4089 2421 4153 Basilius,
2456 4086 2812 4152 Benedictus,
2834 4088 2893 4139 et
2913 4084 3103 4139 caeteri
3124 4083 3290 4138 nobis
3308 4080 3784 4147 innumerabiles,

2170 4179 2453 4247 quantum
2485 4174 2546 4228 in
2578 4173 2887 4228 solitudine
2911 4170 3282 4243 profecerint,
3304 4168 3506 4238 vosipsi
3527 4166 3789 4221 conside—

2172 4268 2314 4318 rate.
2342 4264 2409 4316 Et
2434 4261 2769 4334 probabitis,
2784 4260 3090 4314 suavitates
3101 4256 3577 4329 psalmodiarum,
3594 4252 3790 4308 studia

467 4336 531 4388 In
563 4351 677 4405 qua
718 4335 802 4386 θεῖ
840 4347 1076 4401 campus
1116 4330 1292 4384 ἀίνίηί
1333 4330 1685 4397 certaminis!
1732 4331 2072 4401 angelorum
2098 4314 2776 4416 Dlectionnrrn,fervores
2794 4348 3149 4412 orationum,
3174 4344 3517 4399 subtilitates
3539 4341 3790 4396 medita-

466 4420 874 4491 spectaculum,
890 4423 946 4473 et
956 4419 1221 4489 palaestra
1237 4419 1474 4472 viriliter
1486 4417 1884 4473 dimicantium
1905 4419 2078 4471 lucta-

468 4514 684 4565 torum.
730 4511 793 4563 In
837 4525 952 4580 qua
994 4509 1180 4563 Adam
1214 4509 1417 4563 tandiu
1448 4510 1632 4563 salvus
1662 4508 1789 4574 fuit,
1819 4507 2076 4578 quandiu

469 4599 623 4653 solus
648 4596 879 4651 mansit.
909 4598 1053 4651 Data
1094 4611 1229 4651 vero
1265 4597 1370 4668 ipsi
1410 4597 1467 4650 in
1508 4595 1780 4650 auxilium
1813 4595 2074 4661 muliere,

469 4702 606 4741 mox
645 4684 867 4740 cecidit.
902 4683 1063 4739 Unde
1107 4688 1304 4755 raptus
1344 4688 1429 4739 est
1459 4684 1693 4738 Henoch
1727 4683 1785 4737 in
1817 4682 2076 4737 solitudi-

2172 4439 2423 4505 tionum,
2454 4454 2712 4491 excessus
2757 4434 3341 4505 contemplationum,
3375 4430 3665 4502 baptisma
3711 4429 3794 4483 la-

2175 4543 2524 4598 crymarum,
2559 4523 2745 4594 magis
2775 4524 2933 4576 nulla
2962 4539 3024 4577 re
3062 4537 3238 4592 quam
3280 4518 3589 4573 solitudine
3619 4532 3793 4587 posse

2170 4616 2374 4687 juvari.
2411 4615 2550 4668 Hinc
2580 4616 2685 4679 est,
2721 4612 2877 4683 quod
2908 4611 2979 4665 de
3013 4608 3330 4678 peccatrice
3362 4607 3578 4673 anima,
3612 4621 3795 4677 quam

2177 4704 2332 4775 cupit
2352 4704 2424 4757 ad
2454 4720 2512 4757 se
2538 4701 2817 4757 Dominus
2860 4715 3150 4765 revocare,
3178 4698 3462 4769 propheta
3486 4695 3599 4751 ait:
3626 4718 3651 4744 ‹‹
3682 4694 3799 4747 Ad-

468 4790 609 4829 nem
639 4772 997 4846 paradisi,ne
1014 4773 1701 4828 malitiaimmutaretcor
1721 4771 1858 4841 ejus.
1882 4773 1943 4824 In
1966 4786 2081 4842 qua
2178 4771 2383 4847 ἀέρθη]
2410 4809 2541 4847 eam
2572 4792 2631 4845 in
2662 4789 3057 4854 solitudinem,
3103 4791 3160 4842 et
3200 4787 3278 4840 ibi
3318 4787 3523 4857 loquar
3566 4784 3641 4837 ad
3692 4799 3798 4838 cor

468 4863 783 4929 Abraham,
822 4862 961 4915 dum
999 4862 1153 4916 solus
1190 4860 1417 4915 sederet
1446 4861 1641 4913 subtus
1673 4858 1860 4912 ilicem
1901 4859 2076 4913 Mam-

469 4952 611 5021 brae;
653 4955 771 5005 tres
800 4950 955 5018 vidit,
993 4953 1050 5004 et
1090 4965 1270 5004 unum
1315 4948 1595 5003 adoravit.
1642 4949 1705 5001 In
1745 4963 1858 5017 qua
1904 4946 2077 5000 Jacob

470 5039 632 5107 dum,
644 5037 951 5111 praemissis
967 5037 1253 5102 omnibus,
1273 5038 1423 5091 solus
1438 5039 1656 5103 manet,
1672 5035 2077 5089 benedictione

468 5126 639 5183 simul
659 5130 716 5182 et
740 5125 995 5182 nominis
1016 5125 1337 5180 mutatione
1367 5125 1501 5179 felix
1533 5123 1803 5189 efﬁcitur,
1845 5124 1971 5193 plus
1995 5137 2078 5175 as-

539 5343 650 5413 (65)
684 5343 791 5399 Adi
822 5345 1114 5399 Psalmum
1143 5360 1253 5413 Liv,
1286 5345 1337 5412 3,
1372 5344 1424 5399 8.

539 5416 652 5483 (66)
688 5416 914 5471 Psalmo
941 5432 1071 5483 an,
1102 5417 1154 5469 3.

536 5485 645 5554 (67)
686 5485 864 5541 Exodi
889 5501 971 5553 ιιι,
1008 5489 1060 5539 5.

536 5554 645 5634 (68)
684 5557 770 5615 Ita
795 5556 918 5616 fere
942 5554 1209 5616 Ieremia
1238 5571 1314 5628 ix,
1347 5557 1402 5614 2.

2178 4882 2298 4951 ejus
2331 4879 2460 4952 (70).
2497 4902 2523 4927 n
2570 4881 2650 4934 De
2680 4896 2749 4932 ea
2776 4894 2911 4932 vero
2944 4894 3094 4948 quae,
3127 4875 3313 4930 carnis
3353 4872 3589 4927 vinculis
3623 4871 3795 4926 abso-

2176 4978 2547 5043 luta,mterna
2572 4972 2782 5046 gaudia
2804 4973 3020 5027 intrare
3044 4969 3276 5037 meruit,
3292 4969 3351 5024 in
3375 4966 3621 5023 Canticis
3659 4964 3800 5019 dici-

2179 5068 2269 5119 tur
2302 5082 2313 5118 :
2351 5086 2379 5113 ‹‹
2420 5062 2556 5126 Quze
2587 5066 2672 5116 est
2701 5061 2809 5115 ista
2847 5077 2975 5132 quae
3014 5057 3274 5113 ascendit
3305 5057 3376 5111 de
3410 5057 3660 5120 deserto,
3700 5054 3801 5108 de-

2176 5152 2317 5207 liciis
2346 5150 2609 5215 affluens,
2643 5148 2839 5203 innixa
2863 5164 3035 5219 super
3066 5147 3343 5201 dilectum
3381 5142 3588 5199 suum?
3610 5142 3728 5215 (7t)
3765 5164 3797 5194 »

2247 5371 2360 5444 (69)
2396 5369 2758 5426 Threnorum
2791 5386 2872 5436 ιιι,
2901 5371 2990 5435 27,
3023 5369 3112 5422 28.

2270 5460 2356 5525 70)
2395 5461 2480 5514 Ita
2509 5458 2631 5513 fere
2673 5457 2813 5512 Osee
2845 5473 2906 5524 ιι,
2943 5457 3027 5510 14.

2252 5548 2364 5624 (71)
2403 5547 2620 5607 Cautio.
2653 5545 2929 5616 canticor,
2961 5558 3079 5615 vni,
3108 5545 3163 5602 5.
