4014 6052
277 398 373 450 501

1851 394 2032 452 ACTA

3497 401 3602 455 502

279 521 418 584 Quin
444 537 561 575 non
592 520 882 574 invenitur
930 535 1034 590 per
1064 519 1216 576 vicos
1243 524 1341 575 aut
1370 522 1590 594 plateas
1621 520 1884 594 civitatis,
1917 528 1973 584 Α
1993 521 2114 591 ipse
2141 522 2344 592 plenus
2365 525 2469 587 est,
2499 537 2798 592 nunquam
2841 519 3066 587 excidit,
3099 537 3204 576 nos
3232 522 3482 577 libenter
3514 526 3604 589 (ut

277 608 378 662 sed
404 608 462 662 in
495 608 822 663 solitudine.
858 609 1269 680 lgitur,fratres
1296 611 1432 677 mei,
1457 627 1690 664 oremus
1715 610 1890 664 deum

277 701 342 750 ut
371 695 535 750 nobis
558 697 751 750 locum
779 698 954 750 talem
988 698 1260 768 dignetur
1281 698 1606 763 ostendere,
1653 697 1710 750 in
1752 712 1888 767 quo,

278 801 406 855 qua:
431 785 578 855 jam,
612 801 679 838 eo
714 784 1051 856 inspirante,
1104 790 1301 840 mente
1334 786 1727 857 concepimus,
1763 801 1890 854 pos-

279 872 459 926 simus
481 888 655 944 opere
685 873 981 944 perﬁcere.

348 964 436 1015 21.
473 961 642 1014 Facta
671 961 863 1032 itaque
903 961 1188 1028 oratione,
1250 963 1362 1017 duo
1396 961 1696 1033 Stephani,
1757 961 1891 1013 Bur-

276 1049 470 1120 gensis
496 1053 553 1103 et
589 1049 828 1114 Diensis,
880 1049 1162 1116 canonici,
1198 1050 1465 1104 dixerunt
1513 1068 1526 1104 :
1579 1052 1775 1104 Patres
1831 1049 1889 1101 et

277 1141 665 1208 praeceptores
696 1137 1072 1204 venerabiles,
1105 1155 1223 1191 non
1256 1140 1428 1209 longe
1454 1155 1488 1191 a
1519 1137 1746 1191 civitate
1780 1135 1886 1190 Va-

277 1225 478 1292 lentia,
511 1225 600 1278 cui
629 1225 880 1278 cohzeret
907 1226 1325 1278 monasterium
1374 1230 1634 1280 nostrum
1696 1223 1889 1279 Sancti

277 1314 428 1367 Rufﬁ
457 1315 564 1384 (72;
593 1330 772 1384 prope
793 1314 1012 1367 ﬂuenta
1027 1314 1310 1378 Rhodani,
1331 1315 1388 1368 in
1406 1313 1882 1367 confinibusdiaa-

278 1401 419 1455 cesis
451 1401 849 1465 Diensis,unde
867 1401 1013 1454 alter
1033 1405 1296 1455 nostrum
1317 1403 1599 1472 originem
1619 1401 1890 1464 duxit,est

278 1489 474 1542 civitas
503 1488 615 1542 alia
643 1488 1194 1559 Gratianopolitana,
1223 1489 1302 1542 sic
1325 1489 1476 1542 dicta
1516 1489 1602 1542 vel
1621 1488 1755 1559 quia
1784 1487 1888 1540 sub

277 1577 549 1630 Gratiano
577 1576 928 1646 imperatore
951 1577 1294 1642 condita,vel
1321 1578 1393 1630 ab
1426 1575 1780 1647 etymologia
1795 1591 1892 1628 no-

278 1663 638 1734 minis,quasi
655 1663 1145 1732 gratiosa,nobilis
1159 1667 1216 1717 et
1240 1662 1688 1734 populosa.Etin
1707 1678 1777 1716 ea
1808 1665 1893 1714 est

277 1752 478 1806 beatus
507 1752 690 1821 Hugo,
722 1751 984 1822 ejusdem
1015 1753 1260 1806 civitatis
1278 1753 1600 1824 episcopus,
1632 1749 1728 1821 qui
1753 1752 1887 1802 ante

1995 609 2181 680 spero)
2218 609 2475 680 accipiet.
2515 611 2582 664 Et
2611 626 2944 680 quanquam
2974 626 3081 680 ego
3107 610 3232 680 jam
3267 627 3439 665 senex
3476 626 3602 664 sum

1993 700 2051 750 et
2079 697 2304 763 debilis,
2335 702 2391 751 et
2416 699 2505 752 via
2537 699 2658 752 haec
2691 702 2848 752 arcta
2889 700 2993 764 est,
3053 702 3112 750 et
3173 697 3439 763 difficilis,
3473 698 3607 769 quia

1993 787 2192 838 tamen
2227 807 2255 836 «
2279 790 2437 839 arcta
2461 787 2549 839 via
2573 787 2726 840 ducit
2757 786 2830 839 ad
2863 786 3058 851 vitam,
3086 787 3202 839 lata
3231 802 3364 840 vero
3389 786 3461 840 ad
3482 803 3608 857 per-

1995 872 2300 939 ditionem,
2333 895 2358 921 ››
2383 890 2513 927 cum
2549 875 2704 927 nulla
2727 874 2798 927 sit
2824 877 2960 928 astas
2981 873 3053 926 ad
3087 873 3488 943 paenitentiam
3519 890 3604 928 se-

1992 977 2077 1025 ra,
2107 960 2334 1014 dicente
2369 961 2615 1015 Domino
2642 979 2655 1015 :
2691 985 2717 1009 ‹‹
2749 961 3100 1032 Quacunque
3130 962 3273 1016 hora
3305 961 3609 1032 ingemue-

1992 1047 2067 1100 rit
2095 1051 2380 1119 peccator,
2417 1065 2533 1103 non
2566 1049 2921 1104 recordabor
2950 1048 3198 1120 amplius
3229 1047 3605 1120 iniquitatum

1992 1135 2113 1205 ejus
2140 1135 2273 1207 (75).
2305 1157 2332 1184 ››
2369 1135 2473 1199 Qui
2503 1140 2559 1190 et
2589 1137 2935 1206 reddijussit
2965 1136 3204 1206 singulis
3234 1136 3291 1189 in
3316 1135 3482 1189 vinea
3507 1152 3608 1189 sua

1991 1223 2388 1278 laborantibus
2419 1224 2687 1278 denarios
2711 1225 2984 1294 singulos,
3034 1223 3356 1277 novissimis
3381 1223 3525 1277 sicut
3550 1226 3608 1276 et

1993 1311 2194 1380 primis
2219 1329 2231 1378 ;
2266 1312 2310 1365 si
2333 1311 2698 1367 decreveritis
2723 1313 2852 1366 illuc
2879 1311 3172 1377 accedere,
3206 1314 3261 1365 et
3289 1311 3437 1364 hanc
3455 1309 3606 1364 viam

1993 1399 2254 1470 aggredi,
2287 1403 2344 1453 et
2367 1417 2473 1470 ego
2498 1417 2725 1470 sequar,
2757 1404 2814 1452 et
2846 1416 3190 1470 quocunque
3209 1397 3594 1468 perrexeritis,

1993 1503 2257 1558 pergam.
2294 1489 2361 1541 Et
2385 1505 2742 1558 quaecunque
2769 1504 2866 1542 vos
2895 1493 3050 1541 terra
3075 1486 3376 1556 receperit,
3393 1503 3486 1540 me
3519 1503 3605 1540 re-

1993 1575 2184 1644 cipiet,
2215 1576 2410 1647 ibique
2443 1577 2635 1630 locum
2696 1577 2923 1647 capiam
2977 1577 3307 1647 sepulturae,
3371 1576 3606 1647 solaque

1992 1679 2149 1718 mors
2181 1680 2284 1718 nos
2312 1664 2383 1718 ab
2415 1664 2660 1718 invicem
2687 1663 2998 1734 separabit.

2064 1753 2151 1804 24.
2185 1751 2312 1804 Haec
2340 1751 2641 1804 audientes
2663 1752 2866 1822 reliqui
2901 1751 3302 1818 duo,Andreas
3319 1751 3532 1805 scilicet
3552 1753 3609 1804 et

281 1840 365 1893 sui
398 1840 852 1911 assumptionem
882 1841 955 1894 ad
985 1841 1370 1912 episcopalem
1395 1841 1893 1911 dignitatem,erat
1917 1834 1965 1890 B
1992 1837 2292 1901 Guarinus,
2321 1838 2539 1908 pariter
2573 1838 2858 1892 dixerunt.
2892 1839 3002 1892 Nos
3028 1855 3260 1908 semper
3287 1837 3607 1892 audivimus

281 1928 591 1982 canonicus
622 1928 881 1982 Ecclesiae
909 1929 1258 1982 Valentianas
1290 1929 1564 1983 oriundus
1595 1929 1664 1981 de
1697 1927 1892 1980 Castro

281 2017 439 2071 Novo
463 2017 872 2088 superllumen
903 2018 1142 2082 lsaram,
1171 2017 1327 2088 quod
1345 2020 1590 2087 quatuor
1617 2016 1895 2068 duntaxat

281 2104 625 2159 milliaribus
656 2121 689 2157 a
716 2104 940 2158 civitate
973 2105 1145 2158 distat
1167 2107 1301 2176 (73).
1333 2104 1516 2167 Quem
1542 2120 1647 2158 nos
1677 2102 1804 2174 ipsi,
1837 2104 1894 2156 et

280 2191 526 2246 vidimus
552 2194 609 2246 et
632 2191 1008 2262 cognovimus
1049 2193 1234 2245 virum
1273 2193 1467 2262 utique
1499 2190 1890 2259 sanctum,ju-

284 2285 436 2335 stum
471 2283 528 2334 et
552 2285 772 2334 rectum
802 2297 866 2334 ac
901 2281 1206 2334 timentem
1240 2283 1440 2334 Deum.

355 2373 442 2424 22.
473 2369 530 2423 Si
563 2369 720 2422 enim
754 2369 1019 2422 laudatur
1045 2365 1292 2435 castitas,
1325 2369 1451 2440 quis
1477 2369 1572 2422 illo
1591 2364 1892 2420 mundior?

284 2457 341 2511 Si
373 2457 659 2510 sermonis
688 2456 914 2522 veritas,
949 2456 1075 2527 quis
1107 2456 1164 2509 in
1222 2457 1510 2527 loquendo
1541 2454 1804 2508 cautior?
1833 2453 1889 2506 Si

287 2546 387 2601 Dei
419 2544 688 2610 charitas,
745 2546 870 2616 quis
920 2545 1280 2598 ferventior?
1334 2545 1390 2597 Si
1452 2542 1722 2615 proximi,
1765 2541 1892 2612 quis

285 2633 637 2704 benignior?
653 2632 709 2686 Si
729 2633 1042 2698 humilitas,
1061 2631 1186 2703 quis
1217 2632 1523 2702 dejectior?
1547 2631 1604 2684 Si
1637 2632 1888 2683 eleemo-

283 2738 443 2791 syna,
463 2721 822 2791 quislargior
849 2721 876 2774 ?
907 2720 964 2774 Si
995 2721 1198 2785 oratio,
1234 2720 1358 2791 quis
1389 2719 1647 2773 devotior
1669 2718 1695 2771 ?
1729 2717 1785 2770 Si
1817 2718 1892 2770 la-

283 2825 612 2880 crymarum
646 2808 908 2874 flumina,
939 2808 1066 2878 quis
1096 2809 1152 2862 in
1187 2808 1296 2862 illis
1328 2807 1608 2862 effusior?
1662 2805 1718 2858 Si
1753 2820 1890 2858 con-

283 2897 608 2967 templatio,
643 2897 766 2967 quis
783 2896 1114 2950 sublimior?
1133 2895 1188 2949 Si
1207 2895 1534 2959 tolerantia,
1565 2893 1691 2964 quis
1709 2892 1768 2945 in
1791 2891 1892 2944 tri-

282 2985 581 3040 bulatione
631 2985 873 3039 fortior?
922 2985 980 3038 Si
1021 2984 1264 3053 justitia,
1294 2983 1420 3054 quis
1447 2980 1800 3036 districtior?
1837 2978 1892 3033 Si

284 3072 614 3146 prudentia,
648 3073 773 3143 quis
800 3071 1318 3143 circumspectior?
1377 3070 1430 3124 Si
1481 3067 1886 3140 temperantia,

285 3162 414 3233 quis
439 3161 840 3216 moderantior
858 3161 886 3215 ?
919 3160 1174 3230 Exceptis
1201 3160 1285 3225 iis,
1320 3176 1447 3230 quin
1480 3159 1632 3212 clero
1657 3160 1712 3209 et
1737 3155 1888 3226 plebi

283 3268 389 3324 per
415 3267 549 3304 eum
581 3251 734 3304 bona
759 3250 1133 3304 advenerant.
1165 3248 1260 3302 Hic
1285 3247 1476 3317 itaque
1492 3246 1664 3299 habet
1682 3245 1739 3297 in
1764 3243 1897 3297 diua-

284 3339 395 3393 cesi
438 3355 539 3392 sua
581 3342 809 3391 montes
839 3337 1168 3402 altissimos,
1201 3340 1257 3388 et
1305 3335 1361 3388 in
1394 3334 1474 3387 eis
1507 3333 1737 3387 deserta
1776 3333 1900 3385 loca

285 3443 461 3498 quam
495 3425 743 3496 plurima
769 3425 840 3477 al)
868 3424 1026 3478 omni
1060 3423 1365 3476 hominum
1399 3418 1644 3473 transitu
1680 3421 1737 3471 et
1759 3433 1896 3470 con-

284 3514 462 3568 sortio
498 3516 781 3584 separata,
812 3512 883 3566 ad
916 3513 1063 3565 hanc
1084 3509 1481 3581 paenitentiam
1517 3510 1733 3560 arctam
1769 3519 1896 3575 pcr-

285 3601 576 3672 agendam
611 3605 919 3672 propterea
941 3599 1159 3669 optime
1178 3596 1470 3667 disposita.
1494 3595 1750 3664 Cumque
1778 3591 1896 3661 ipse

284 3690 550 3759 exemplo
581 3705 682 3742 suo
717 3691 774 3741 et
805 3686 1068 3740 doctrina
1097 3685 1362 3738 homines
1389 3684 1457 3737 ad
1494 3680 1896 3753 pamitentiam

284 3777 490 3832 invitet
511 3780 568 3830 et
597 3777 808 3840 trahat,
842 3775 885 3829 si
919 3775 992 3828 ad
1022 3790 1156 3828 eum
1181 3774 1320 3827 libet
1351 3771 1644 3836 accedere,
1684 3770 1895 3832 locum,

287 3882 464 3936 quem
524 3865 854 3936 quaerimus,
888 3863 1208 3933 poterimus
1240 3862 1310 3915 ab
1339 3877 1407 3915 eo
1441 3859 1683 3913 faciliter
1714 3857 1896 3926 impe-

290 3958 468 4008 trare.
500 3954 632 4006 Pius
683 3952 864 4018 enim,
899 3950 1185 4020 benignus
1211 3952 1268 4003 et
1293 3948 1620 4003 misericors
1652 3948 1755 3999 est.
1791 3942 1898 4007 Qui

289 4042 426 4095 etin
455 4041 705 4094 adventu
738 4042 934 4093 nostro
984 4037 1260 4109 gaudebit
1311 4040 1369 4090 et
1423 4035 1540 4090 voti
1597 4036 1897 4103 compotes

289 4130 484 4184 faciet.
514 4129 624 4183 Nos
654 4144 881 4200 quoque
904 4143 1002 4181 vos
1033 4126 1092 4179 in
1124 4125 1215 4178 via
1249 4124 1584 4196 dirigemus,
1618 4138 1794 4193 quam
1843 4122 1901 4173 et

292 4219 559 4273 novimus
590 4221 647 4271 et
677 4217 1011 4288 frequenter
1043 4215 1480 4268 ambulavimus.

361 4310 450 4362 23.
471 4306 1000 4376 TuncHugo,quem
1021 4302 1511 4374 rognominabant
1529 4299 1902 4370 Capellanum

1995 1927 2052 1978 et
2079 1941 2146 1978 ex
2166 1925 2363 1978 auditu
2396 1925 2686 1978 credimus
2719 1924 2853 1996 quia
2880 1924 3165 1994 benignus
3191 1927 3274 1977 est
3301 1928 3358 1978 et
3380 1923 3603 1976 miseri-

1995 2028 2120 2066 cors
2146 2014 2292 2066 Deus
2304 2015 2361 2066 et
2382 2013 2719 2084 praestabilis
2732 2029 2901 2083 super
2924 2013 3163 2078 malitia,
3195 2012 3292 2082 qui
3307 2010 3603 2065 neminem

1994 2101 2114 2154 vult
2141 2100 2351 2171 perire,
2385 2101 2486 2154 sed
2516 2116 2719 2154 omnes
2753 2099 2941 2170 potius
2973 2100 3157 2153 salvos
3193 2099 3402 2163 facere,
3437 2102 3495 2151 et
3531 2097 3605 2150 ad

1995 2187 2352 2257 agnitionem
2379 2188 2635 2241 veritatis
2662 2187 2877 2253 venire,
2937 2187 3090 2257 apud
3121 2203 3293 2258 quem
3348 2201 3465 2240 non
3520 2188 3605 2238 est

1993 2291 2373 2345 personarum
2395 2275 2784 2346 acceptio,sed
2812 2276 2868 2328 in
2905 2275 3064 2328 omni
3094 2273 3390 2345 gente,qui
3407 2273 3608 2327 fecerit

1992 2365 2351 2418 voluntatem
2371 2364 2514 2433 ejus,
2549 2365 2815 2433 acceptus
2831 2366 2917 2416 est
2933 2361 3110 2416 illi.Et
3131 2378 3466 2433 quanquam
3501 2376 3605 2415 nos

1994 2452 2166 2505 ambo
2197 2452 2415 2505 litteras
2453 2452 2811 2522 ignoramus,
2839 2450 3124 2504 Christum
3144 2453 3343 2504 tamen
3371 2452 3428 2503 et
3454 2451 3607 2503 hunc

1993 2539 2466 2605 cruciﬁxun1,fide
2483 2539 2896 2606 novimus,sine
2911 2554 3023 2609 quo
3038 2554 3211 2591 omne
3225 2537 3364 2591 scire
3387 2535 3606 2590 nescire

1993 2631 2096 2682 est.
2124 2629 2191 2681 Et
2217 2627 2498 2699 quidquid
2516 2629 2761 2681 Ecclesia
2787 2626 2988 2692 credit,
3024 2625 3268 2680 firmiter
3293 2624 3616 2690 credimus,

1993 2718 2050 2769 et
2079 2716 2418 2786 simpliciter
2448 2716 2814 2781 confitemur,
2865 2717 3164 2785 sperantes
3218 2713 3276 2766 in
3335 2713 3440 2767 hac
3494 2711 3606 2765 fide

1993 2813 2216 2878 salvari,
2247 2816 2305 2866 et
2335 2812 2738 2866 remissionem
2786 2814 3156 2882 peccatorum
3209 2809 3466 2881 accipere
3503 2824 3606 2880 per

1994 2900 2234 2954 verbum
2261 2900 2401 2970 ejus.
2434 2900 2723 2953 Vellemus
2743 2902 2941 2952 tamen
2974 2897 3296 2964 informari,
3331 2913 3461 2950 cum
3492 2897 3603 2950 Do-

1996 2986 2188 3042 minus
2214 3003 2318 3058 per
2350 2989 2652 3059 plusquam
2705 2987 3050 3057 prophetam
3072 3002 3239 3039 suum
3276 3001 3380 3039 nos
3411 2984 3607 3039 admo-

1997 3075 2517 3141 neat,utfaciamus
2531 3075 2736 3145 dignos
2753 3073 3106 3146 paenitentiae
3140 3074 3375 3139 fructus,
3411 3072 3606 3142 quales

1999 3163 2114 3218 sint
2145 3164 2234 3218 isti
2264 3162 2898 3235 dignifructus.Quibus
2922 3161 3124 3214 beatus
3141 3161 3328 3214 Bruno
3363 3175 3601 3230 respon-

2000 3251 2527 3322 dens,pmnitentia,
2552 3251 2757 3322 inquit,
2777 3252 2861 3303 est
2889 3249 3082 3314 arbor,
3119 3263 3293 3319 quam
3321 3246 3380 3300 in
3414 3246 3605 3301 medio

2001 3341 2263 3395 Ecclesim
2289 3357 2405 3394 sua:
2425 3337 2958 3410 plantavitcaalestis
2974 3336 3354 3407 agricola.Cuj
3364 3353 3429 3390 us
3445 3335 3605 3390 radix

2000 3433 2084 3484 est
2113 3429 2382 3485 contritio
2424 3429 2629 3494 cordis,
2657 3428 2807 3482 rami
2833 3430 2966 3482 sunt
3009 3443 3187 3497 opera
3240 3426 3414 3490 bona,
3447 3424 3604 3489 folia,

2000 3519 2278 3573 confessio
2311 3519 2558 3588 integra,
2593 3519 2810 3571 fructus
2840 3532 2995 3580 vero,
3017 3513 3419 3570 satisfactionis
3439 3529 3608 3584 paena

2071 3611 2158 3660 25.
2196 3607 2356 3661 Unde
2388 3607 2479 3658 ille
2501 3605 2636 3658 facit
2656 3603 3084 3676 pcenitentiam,
3112 3603 3211 3657 sed
3238 3619 3355 3656 non
3403 3601 3608 3672 dignos

2000 3696 2237 3759 fructus,
2267 3695 2363 3764 qui
2387 3696 2615 3746 tantum
2646 3693 2803 3746 dolet
2831 3692 2900 3745 de
2930 3690 3270 3745 commissis.
3324 3690 3422 3743 Ille
3471 3704 3605 3742 vero

2001 3782 2120 3852 agit
2147 3779 2546 3852 pcnnitentiam
2569 3783 2627 3832 et
2654 3777 2996 3843 fructus,sed
3010 3793 3128 3830 non
3148 3776 3354 3846 dignos
3369 3775 3604 3839 fructus,

2001 3870 2097 3941 qui
2130 3872 2186 3923 et
2207 3869 2382 3932 dolet,
2431 3871 2486 3922 et
2518 3868 2574 3921 in
2621 3869 2782 3938 parte
2832 3863 3122 3919 satisfacit.
3180 3862 3291 3917 Sed
3331 3863 3423 3916 ille
3472 3862 3608 3916 facit

2002 3957 2206 4028 dignos
2237 3954 2574 4025 fructus,qui
2589 3954 2647 4007 in
2667 3953 2864 4006 dolore
2882 3951 3069 4006 cordis
3086 3953 3311 4004 tantum
3333 3949 3608 4020 aftligitur

2002 4063 2104 4119 per
2135 4061 2388 4115 poenam,
2423 4046 2706 4114 quantum
2744 4039 2986 4111 deliquit
3015 4055 3118 4110 per
3137 4040 3388 4108 culpam,
3411 4053 3610 4092 secun-

2003 4134 2140 4188 dum
2172 4133 2312 4186 illud
2336 4130 2703 4203 Apocalypsis
2737 4145 2749 4183 :
2787 4151 2813 4178 α
2844 4128 3136 4191 Quantum
3162 4144 3221 4180 se
3247 4124 3606 4196 glorificavit,

2003 4225 2062 4275 et
2092 4221 2151 4274 in
2179 4219 2393 4275 deliciis
2428 4219 2554 4285 fuit,
2586 4222 2812 4272 tantum
2846 4217 2976 4270 date
3036 4214 3088 4268 ei
3143 4217 3503 4268 tormentum
3553 4216 3612 4266 et

2004 4311 2222 4363 luctum
2251 4307 2383 4376 (76).
2411 4329 2436 4354 ››
2475 4309 2536 4360 Et
2558 4307 2615 4359 in
2649 4302 3132 4360 Deuteronomio:
3156 4326 3181 4350 ‹‹
3206 4303 3312 4356 Pro
3341 4317 3610 4356 mensura

287 4413 360 4452 eo
393 4412 507 4467 quo
535 4396 687 4448 solus
717 4393 840 4446 sine
868 4391 1148 4445 canonico
1181 4393 1280 4444 aut
1311 4388 1581 4460 pastorali
1621 4385 1902 4440 beneficio
1928 4387 1980 4444 D
2006 4396 2343 4470 peccauerit
2359 4398 2415 4448 et,
2431 4396 2732 4466 plagarum
2763 4389 3166 4462 modus(77).,,
3200 4389 3361 4444 unde
3376 4405 3492 4444 ηοη
3519 4405 3607 4444 so-

287 4482 610 4540 sacerdotio
635 4480 1074 4536 sacellaniinter
1105 4495 1203 4532 eos
1231 4478 1574 4548 fungeretur
1606 4476 1738 4541 (74),
1771 4473 1851 4527 ait
1887 4489 1899 4527 :

282 4561 486 4627 Audivi
519 4574 674 4625 certe
703 4571 869 4641 plura
891 4568 962 4623 de
979 4568 1096 4621 viro
1121 4567 1416 4635 hoc,cujus
1445 4565 1601 4618 fama
1627 4563 1751 4634 jam
1784 4561 1904 4615 ubi-

288 4677 403 4732 que
443 4659 690 4723 redolet,
719 4657 855 4728 quia
886 4656 972 4709 vir
1003 4655 1103 4708 Dei
1137 4657 1192 4708 et
1232 4656 1460 4707 sanctus
1507 4655 1610 4718 est,
1660 4651 1904 4704 salutem

290 4748 623 4802 animarum
638 4745 854 4799 sitiens.
876 4743 983 4808 Qui
1000 4742 1468 4815 prepterea,quia
1491 4740 1759 4804 charitas,
1792 4755 1906 4809 qua

371 4941 480 5012 (7'2)
515 4941 592 4994 De
620 4939 729 4993 hoc
761 4936 1115 5012 monasterio
1170 4933 1376 4990 videsis
1421 4931 1907 4987 commentarium

296 5009 579 5086 praevium
604 5026 766 5086 num.
802 5009 926 5086 4336.

370 5085 479 5147 (‘73)
507 5083 584 5135 De
612 5083 808 5134 sancto
841 5079 947 5132 hoc
989 5077 1263 5143 antistite,
1296 5077 1366 5130 de
1397 5092 1510 5147 quo
1559 5073 1631 5127 ad
1687 5073 1848 5147 diem
1890 5075 1910 5126 Ι

295 5145 526 5224 Aprilis,
558 5168 670 5222 quo
702 5151 927 5224 colitur,
954 5152 1145 5203 actum
1161 5147 1329 5224 _apud_
1349 5145 1452 5200 no's
1466 5147 1591 5215 jam
1626 5147 1742 5224 est,
1764 5145 1913 5224 vide-

297 5215 374 5279 sis
398 5215 596 5276 etiam:
633 5238 759 5292 quae
783 5219 920 5274 Vitae
952 5215 1220 5291 praacch
1249 5219 1502 5272 subnexa
1529 5216 1682 5280 sunt,
1716 5215 1912 5268 Adno-

300 5298 426 5349 tata
453 5294 525 5348 ad
549 5294 632 5346 lit.
662 5310 718 5362 g.

373 5366 484 5436 (74)
516 5353 716 5436 Guigo,
753 5361 822 5436 de
849 5360 907 5414 S.
944 5361 1212 5436 Brunone
1243 5358 1477 5436 ejusque
1509 5354 1693 5421 sociis,
1726 5353 1800 5436 ad
1852 5353 1908 5407 S.

302 5425 1911 5506 Hu‘gonemrcratianopolitanumepiscopum,_ac.cede.n-

307 5495 478 5572 tibiis,
521 5505 581 5558 in
608 5495 820 5575 scripta
851 5519 884 5556 a
915 5495 972 5555 se
1027 5501 1208 5575 sancti
1253 5495 1420 5569 hujus
1471 5495 1915 5575 antistitiSHVita

309 5565 489 5631 verba
504 5565 928 5644 faciens,solum
947 5588 1012 5644 ex
1029 5571 1136 5644 illis
1159 5565 1584 5644 Hugonem,qui
1616 5565 1915 5644 capellanus

311 5647 644 5712 dicebatur,
725 5636 1044 5718 sacerdotio
1102 5636 1385 5718 functum.
1425 5636 1594 5718 fuisse
1615 5679 1643 5718 ,_
1673 5636 1913 5718 intradit‘;

309 5718 481 5777 illum
505 5709 703 5776 autem
760 5715 1049 5772 Puteanus
1100 5711 1184 5769 ita.
1226 5710 1320 5766 hic
1372 5709 1806 5781 interpretatur,
1854 5710 1918 5763 ut

2005 4487 2124 4540 lum
2157 4485 2373 4538 fructus
2403 4482 2779 4554 pmnitentiae,
2813 4479 2912 4533 sed
2945 4479 3120 4532 etiam
3151 4478 3358 4549 dignos
3397 4477 3611 4532 fructus

2004 4572 2357 4645 paenitentiae
2383 4569 2660 4624 admonet
2692 4585 2813 4622 esse
2840 4567 3137 4620 faciendos
3164 4567 3308 4620 Nam
3328 4567 3436 4620 hoc
3449 4566 3612 4636 justi-

2003 4661 2086 4715 tia
2102 4659 2296 4730 exigit,
2328 4659 2406 4712 ait
2423 4656 2746 4727 Gregorius,
2783 4659 2864 4716 ut,
2884 4655 2927 4708 si
2945 4654 3070 4725 quis
3093 4655 3151 4707 in
3173 4654 3402 4725 culpam
3426 4655 3614 4725 lapsus

2006 4753 2114 4812 est,
2139 4751 2442 4818 tantopere
2474 4762 2507 4799 a
2537 4761 2595 4798 se
2624 4744 2829 4798 debeat
2851 4743 3004 4797 licita
3031 4741 3612 4812 abscindere,quanto

2008 4925 2392 4996 significatum
2425 4921 2703 4976 duntaxat
2731 4920 3003 4986 voluerit,
3026 4920 3330 4990 Hugonem
3356 4920 3491 4970 tunc
3520 4933 3609 4971 so-

2008 4995 2458 5071 lumexstitisse,
2490 5009 2605 5071 non
2638 4991 2874 5071 quidem
2899 4986 3613 5071 qui‘sacerdotioinitiatus

2011 5070 2176 5131 esset,
2204 5066 2304 5119 sed
2335 5065 2429 5135 qui
2463 5067 2743 5135 praeterea
2775 5062 3055 5135 dignitate
3087 5062 3481 5135 seu_ca_nonici
3513 5074 3613 5135 seu

2013 5129 2252 5210 pastoris
2265 5129 2652 5210 auctus—foret?
2667 5129 2883 5210 V_er_ur_h_
2909 5129 3238 5210 hujusmodi
3273 5129 3618 5210 interpreta-

2011 5201 2230 5262 tionem
2262 5205 2448 5260 verbis
2473 5203 2746 5274 Guigonis
2771 5203 2922 5272 (vide
2944 5203 3075 5274 haec
3119 5201 3438 5254 comment.
3472 5215 3616 5270 prte-

2011 5279 2085 5331 vii
2119 5295 2278 5331 num.
2312 5278 2432 5332 442)
2485 5272 2689 5346 parum
2733 5272 3066 5346 admodum
3116 5287 3236 5325 esse
3290 5285 3620 5325 accommo-

2015 5350 2170 5412 dam,
2203 5347 2329 5418 quis
2361 5345 2697 5418 nonivideat
2723 5345 2750 5397 ?

2087 5410 2551 5483 (75)-Ezechielis
2593 5431 2742 5480 xvm,
2774 5418 2862 5479 21,
2895 5417 2963 5468 22
3001 5429 3012 5466 :
3045 5410 3204 5467 Sil...
3241 5413 3433 5482 impius
3458 5413 3621 5481 egerit

2003 5491 2438 5614 ῧωῗίιεηιίαιην.
2467 5487 2706 5540 omnium
2729 5486 3074 5556 iniquitatum
3107 5485 3288 5556 ejus...
3316 5501 3423 5540 non
3445 5500 3617 5539 recor-

2052 5580 2083 5614 a
2122 5578 2200 5613 or.

2052 5578 2200 5614 αοον.

2231 5630 2646 5700 Apocalypseos
2672 5643 2824 5694 XVIII,
2845 5632 2909 5702 77.

2089 5701 2203 5775 (77)
2235 5702 2648 5772 Deuteronom.
2683 5715 2806 5769 xxv,
2833 5701 2885 5755 2.
