4014 6052
225 330 328 387 505

1783 324 1963 386 ACTA

3542 124 3573 138 Ὦ

3449 331 3552 387 506

237 451 546 524 segregati,
588 450 935 507 desiderium
993 468 1160 506 suum
1207 450 1504 522 perficere,
1562 449 1667 505 soli
1728 450 1844 505 Deo
1878 454 1934 512 Α
1959 448 2255 504 montibus
2284 449 2555 504 collectus
2595 453 2813 504 etcum
2845 448 3087 521 strepitu
3125 449 3399 517 maximo,
3431 453 3551 507 tor-

238 541 414 613 digne
447 539 678 608 servire,
711 544 768 595 et
798 540 1041 612 dignum
1067 539 1175 611 ipsi
1194 539 1586 594 habitaculum
1618 540 1852 609 possent

237 632 550 684 exstruere.

309 720 396 772 30.
444 717 571 771 Haec
625 716 866 771 audiens
921 716 1285 772 beatissimus
1336 716 1654 788 episcopus,
1730 717 1855 769 tan-

238 821 413 877 quam
443 821 560 858 non
587 803 837 876 amplius
852 804 922 860 de
943 804 1179 871 visione,
1209 821 1385 875 quam
1402 804 1525 875 jam
1549 804 1853 874 impletam

237 893 488 959 videbat,
521 891 811 959 sollicitus,
842 908 939 946 eos
968 908 1102 947 cum
1152 891 1378 963 ingenti
1435 891 1670 963 gaudio,
1734 905 1853 945 non

239 982 427 1037 solum
460 982 780 1052 gratanter,
809 981 911 1035 sed
936 980 1112 1035 etiam
1130 983 1465 1035 reverenter
1496 978 1762 1050 suscepit,
1796 980 1855 1033 et

237 1069 493 1140 benigne
522 1069 807 1125 tractavit.
834 1068 1049 1133 Quibus
1076 1072 1135 1123 et
1156 1068 1438 1123 visionem
1469 1069 1656 1135 illam,
1675 1083 1851 1138 quam

238 1160 410 1213 nocte
442 1157 540 1211 illa
569 1171 673 1227 per
692 1172 966 1211 somnum
996 1156 1242 1221 viderat,
1276 1156 1584 1222 enarravit,
1619 1158 1677 1210 et
1724 1155 1803 1209 ait
1834 1172 1848 1209 :

238 1245 467 1299 Fratres
522 1247 580 1299 et
604 1244 706 1298 ﬁlii
737 1244 854 1299 mei
884 1244 942 1299 in
977 1244 1199 1299 Christo
1233 1244 1605 1311 dilectissimi,
1647 1259 1855 1315 propo-

238 1332 413 1388 situm
440 1336 499 1386 et
528 1332 876 1387 desiderium
906 1336 1159 1387 vestrum
1216 1350 1334 1388 non
1364 1333 1548 1387 solum
1599 1348 1715 1386 non
1763 1348 1853 1385 re-

242 1421 448 1493 probo,
479 1419 582 1474 sed
607 1420 784 1473 etiam
812 1420 1190 1475 vehementer
1207 1420 1581 1475 commendo.
1613 1419 1854 1474 Mundus

241 1508 405 1563 enim
434 1509 562 1570 iste,
588 1507 799 1561 talibus
827 1510 886 1562 et
903 1508 1080 1562 tantis
1111 1510 1315 1580 plenus
1347 1512 1430 1563 est
1470 1507 1707 1579 laqueis,
1761 1522 1857 1576 pe-

241 1596 455 1662 riculis,
482 1595 908 1650 calamitatibus
933 1599 992 1650 et
1017 1595 1282 1661 miseriis,
1302 1599 1364 1650 ut
1382 1597 1591 1651 electos
1608 1597 1857 1666 plerum-

242 1700 356 1756 que
384 1687 556 1754 cogat
584 1700 863 1756 prospera
884 1699 1126 1755 quaeque
1149 1683 1463 1754 despicere,
1485 1686 1542 1736 et
1554 1684 1735 1737 Deum
1754 1699 1859 1753 per

1953 539 2207 592 rentium
2231 541 2328 593 aut
2356 538 2766 593 inundantium
2798 556 3079 610 aquarum
3134 556 3317 607 more,
3351 540 3553 595 ﬂuens.

1952 626 2039 680 Ad
2066 643 2240 697 quam
2265 626 2500 698 quidem
2533 627 2969 681 Carthusianam
2991 643 3253 681 eremum
3269 630 3353 682 est
3368 644 3556 683 acces-

1954 731 2047 767 sus
2073 715 2258 785 gravis
2285 718 2342 769 et
2370 715 2707 781 laboriosus,
2741 715 3028 786 ingressus
3060 731 3193 769 vero
3227 715 3474 769 difﬁcilis
3499 718 3558 770 et

1956 802 2324 873 periculosus,
2354 805 2552 872 utpote
2574 803 2725 856 inter
2750 803 2890 856 duas
2913 801 3073 855 mirae
3103 800 3420 856 altitudinis
3459 818 3556 857 ru-

1956 906 2074 963 pes,
2108 908 2235 962 quas
2266 892 2419 944 velut
2442 894 2613 945 rectas
2640 891 2807 944 lineas
2834 906 3057 944 sursum
3118 905 3176 944 se
3219 890 3467 961 erigunt,
3501 893 3561 946 et

1954 977 2014 1032 in
2045 980 2274 1033 culmen
2296 979 2532 1033 tandem
2563 995 2712 1050 pene
2743 981 2973 1045 coeunt,
3006 977 3087 1032 ita
3118 981 3181 1032 ut
3210 977 3558 1032 introeunti-

1954 1065 2058 1121 bus
2084 1067 2309 1123 horrori
2334 1066 2449 1120 sint
2479 1069 2536 1120 et
2556 1066 2783 1121 terrori.

2026 1157 2113 1210 32.
2146 1156 2210 1208 Et
2242 1159 2305 1209 ut
2335 1171 2529 1224 paucus
2559 1171 2753 1225 agam,
2786 1157 2949 1209 tanta
2973 1158 3056 1207 est
3086 1154 3193 1209 loci
3223 1153 3372 1208 illius
3394 1169 3557 1226 aspe-

1954 1243 2111 1305 ritas,
2147 1247 2339 1297 tantus
2364 1245 2589 1309 horror,
2626 1247 2686 1297 ut
2724 1259 2919 1298 carcer
2944 1243 3132 1314 potius
3162 1247 3260 1296 aut
3288 1245 3559 1313 purgato-

1952 1332 2023 1386 rii
2054 1334 2229 1397 locus,
2254 1349 2427 1403 quam
2464 1333 2738 1385 humanae
2754 1333 2879 1385 vitae
2902 1331 3292 1386 habitaculum
3309 1330 3560 1400 dicipos—

1954 1420 2026 1475 sit
2055 1422 2187 1492 (91).
2218 1422 2378 1475 Unde
2411 1420 2639 1474 difﬁcile
2670 1420 3087 1474 videbitursine
3107 1418 3381 1489 singulari
3402 1419 3556 1472 dono

1956 1509 2078 1575 Dei,
2114 1509 2266 1580 apud
2298 1525 2472 1580 quem
2512 1508 2655 1562 nihil
2683 1504 3559 1579 estimpossibile,hominesillic

1956 1597 2219 1651 habitare
2250 1613 2438 1668 posse,
2472 1600 2571 1650 aut
2621 1597 2825 1649 saltem
2860 1595 2957 1649 diu
2994 1610 3400 1665 perseverare;
3454 1592 3562 1646 sci-

1959 1684 2029 1738 tis
2056 1688 2272 1751 autem,
2304 1685 2513 1739 fratres
2545 1684 2679 1749 mei,
2703 1700 2878 1754 quam
2890 1700 3061 1754 grave
3083 1683 3154 1736 sit
3179 1685 3307 1754 post
3329 1681 3562 1735 missam

243 1771 484 1826 adversa
511 1788 789 1842 quaerere,
842 1788 971 1825 cum
1023 1788 1140 1826 non
1196 1771 1415 1843 possint
1456 1773 1637 1825 Deum
1689 1771 1858 1825 simul
1882 1767 1932 1825 B
1960 1790 2200 1828 manum
2231 1773 2305 1827 ad
2336 1777 2593 1827 aratrum
2626 1778 2781 1827 retro
2813 1772 3086 1844 aspicere.
3121 1771 3282 1826 Unde
3304 1774 3567 1825 metuen-

242 1876 377 1914 cum
410 1859 628 1913 mundo
661 1859 923 1931 diligere.
961 1859 1103 1913 Nam
1158 1859 1271 1913 duo
1305 1858 1394 1912 isti
1441 1876 1670 1913 amores
1720 1859 1859 1913 duas

241 1948 499 2002 civitates
529 1947 904 2013 constituunt,
929 1964 1057 2018 quae
1089 1946 1454 2001 sibiinvicem
1484 1947 1861 2001 adversantur

242 2036 346 2091 Dei
394 2036 606 2090 scilicet
637 2038 695 2089 et
726 2035 963 2090 diaboli.
1022 2036 1171 2090 Deus
1221 2039 1417 2089 autem
1470 2036 1676 2100 bonus,
1738 2034 1857 2088 imo

242 2140 540 2179 summum
583 2124 804 2178 bonum
835 2128 941 2177 est.
988 2123 1229 2177 Mundus
1263 2139 1396 2178 vero
1428 2126 1582 2177 totus
1612 2122 1667 2176 in
1697 2121 1860 2176 mali-

243 2229 361 2284 gno
395 2212 612 2284 positus
642 2215 746 2267 est.
775 2212 914 2265 Hinc
945 2227 1064 2282 prae
1090 2212 1313 2266 caeteris
1354 2210 1585 2282 magnis
1617 2210 1857 2265 dilectus

245 2303 541 2373 apostolus
568 2300 685 2354 ait:
723 2322 750 2349 «
785 2299 843 2354 Si
875 2299 1002 2371 quis
1026 2300 1212 2371 diligit
1257 2299 1567 2364 mundum,
1615 2315 1732 2352 non
1773 2300 1859 2352 est

242 2389 492 2443 charitas
521 2388 785 2443 Patrisin
810 2404 878 2442 eo
904 2387 1072 2458 (87).»
1114 2387 1276 2441 Unde
1327 2404 1460 2441 cum
1518 2385 1858 2441 decrevisset

243 2477 395 2531 Deus
420 2475 807 2530 Sodomorum
841 2475 1095 2529 civitates
1116 2474 1330 2540 delere,
1388 2474 1467 2528 ait
1516 2474 1754 2545 angelus
1783 2473 1857 2527 ad

245 2564 485 2619 beatum
522 2564 644 2629 Lot,
659 2563 757 2634 qui
787 2562 860 2616 ad
888 2562 989 2617 Dei
1002 2561 1295 2616 civitatem
1313 2562 1662 2632 pertinebat,
1692 2582 1720 2611 «
1741 2559 1860 2615 Sal-

244 2668 335 2717 va,
370 2652 655 2723 inquiens,
690 2650 948 2705 animam
979 2653 1162 2716 tuam,
1192 2653 1249 2704 et
1281 2649 1398 2704 noli
1426 2649 1708 2721 respicere
1731 2652 1860 2719 post

243 2741 501 2810 tergum,
533 2753 639 2792 nec
659 2741 772 2792 stes
802 2737 862 2791 in
891 2738 1053 2792 omni
1082 2738 1208 2791 loco
1239 2736 1390 2791 circa
1405 2737 1735 2807 regionem,
1760 2735 1859 2789 sed

245 2826 307 2879 in
342 2829 541 2880 monte
568 2825 786 2879 salvum
816 2828 872 2879 te
902 2824 1012 2893 fac,
1044 2840 1118 2879 ne
1160 2826 1218 2878 et
1270 2827 1333 2878 tu
1365 2824 1631 2877 similiter
1660 2839 1861 2894 pereas

248 2915 428 2985 (88).»
462 2913 656 2967 Sancti
688 2912 848 2967 enim
879 2912 980 2979 illi,
1043 2911 1251 2983 quibus
1303 2911 1513 2982 dignus
1560 2928 1678 2966 non
1739 2914 1864 2965 erat

248 3001 522 3068 mundus,
543 3001 817 3071 Apostolo
842 3004 1008 3065 teste,
1058 3021 1085 3049 «
1118 3002 1377 3070 egentes,
1411 2998 1742 3070 angustiati,
1784 2998 1863 3052 af-

246 3088 408 3155 ﬂicti,
439 3089 793 3146 circuierunt
825 3088 884 3143 in
917 3087 1168 3154 melotis,
1204 3087 1265 3142 in
1299 3087 1543 3158 pellibus
1587 3085 1858 3158 caprinis,

246 3177 309 3232 in
341 3176 747 3232 solitudinibus
767 3179 1048 3242 errantes,
1081 3175 1137 3229 in
1176 3175 1470 3229 montibus
1492 3177 1550 3228 et
1580 3173 1863 3244 speluncis

247 3268 306 3319 et
329 3264 390 3318 in
415 3264 671 3317 cavernis
694 3266 866 3317 terrae
891 3262 1023 3333 (89).
1060 3283 1088 3310 »

320 3354 408 3406 31.
444 3351 512 3405 Et
541 3350 672 3405 ideo
700 3349 1192 3423 testimonioﬁdei
1220 3349 1448 3420 probati
1470 3349 1687 3403 inventi
1707 3351 1858 3403 sunt.

249 3440 512 3505 Quorum
549 3438 790 3510 vestigia
816 3437 976 3510 sequi
1021 3441 1082 3492 et
1121 3438 1335 3491 imitari
1369 3436 1658 3491 laudabile
1690 3440 1776 3490 est
1806 3439 1864 3489 et

246 3530 409 3595 utile,
437 3527 539 3583 sed
567 3527 797 3581 difﬁcile
824 3527 881 3580 in
904 3526 1239 3598 regionibus
1266 3525 1388 3580 istis
1409 3525 1634 3595 frigidis
1678 3526 1858 3578 maxi-

249 3635 368 3685 me,
393 3634 521 3687 quae
544 3633 661 3671 non
702 3610 837 3670 sunt
879 3615 1024 3669 sicut
1074 3615 1369 3686 Egyptus,
1418 3613 1682 3679 Thebais,
1735 3612 1865 3682 Scy-

249 3706 373 3761 thia
395 3707 527 3777 (90),
549 3708 649 3759 aut
678 3704 1001 3759 Palaestina.
1022 3704 1117 3759 Est
1142 3703 1301 3756 enim
1333 3701 1392 3756 in
1426 3700 1723 3755 montibus
1747 3700 1865 3753 istis

251 3794 564 3860 altissimis,
613 3809 757 3864 quos
806 3791 1037 3847 cernitis
1065 3792 1216 3845 inter
1241 3793 1477 3845 caeteras
1507 3789 1861 3853 solitudines,

252 3881 922 3952 eremusquasdam,quae
940 3879 1241 3934 Carthusia
1257 3880 1644 3947 nuncupatur,
1665 3876 1864 3930 decem

252 3972 376 4026 fere
393 3969 736 4024 milliaribus
752 3985 785 4022 a
797 3968 1023 4022 civitate
1047 3967 1226 4021 distat.
1238 3968 1486 4037 s,ampla
1505 3964 1866 4037 quidem,sed

254 4058 486 4132 penitus
522 4057 859 4124 iahabitata,
903 4055 1037 4110 solis
1062 4055 1199 4109 feris
1235 4055 1467 4125 pervia;
1532 4053 1867 4107 hominibus

254 4163 392 4202 vero
409 4150 466 4201 et
477 4145 699 4200 ceteris
718 4145 1035 4199 mansuetis
1057 4143 1452 4198 animantibus
1496 4146 1733 4213 pr0pter
1755 4141 1865 4196 loci

258 4234 631 4307 asperitatem
658 4233 1270 4305 peneincognita,altis
1296 4234 1354 4286 et
1381 4235 1654 4302 tanquam
1671 4230 1868 4285 excisis

1960 1863 2098 1916 dum
2130 1865 2216 1916 est
2237 1863 2568 1932 exemplum
2604 1860 2791 1915 uxoris
2847 1861 2971 1925 Lot,
3022 1876 3149 1931 quae
3196 1858 3560 1930 retrospexit,

1959 1953 2018 2005 et
2047 1950 2141 2005 ubi
2174 1952 2411 2021 aspexit,
2444 1950 2519 2004 ibi
2550 1949 2849 2014 remansit,
2882 1952 2939 2002 et
2989 1949 3046 2001 in
3077 1949 3257 2001 salem
3287 1962 3566 2000 conversa

1959 2042 2064 2105 est,
2101 2041 2163 2093 ut
2191 2055 2292 2094 suo
2325 2038 2637 2110 prudentes
2669 2036 2931 2091 condiret
2962 2036 3226 2106 exemplo
3260 2037 3393 2106 (92}.
3419 2033 3563 2088 Cum

1958 2131 2151 2181 autem
2182 2125 2370 2180 verbis
2400 2125 2507 2179 illis
2538 2124 2717 2178 ﬁnem
2771 2124 2993 2177 fecisset
3046 2122 3407 2177 beatissimus
3450 2121 3568 2193 epi-

1957 2231 2181 2285 scopus,
2222 2215 2283 2268 Β.
2312 2215 2501 2268 Bruno
2558 2212 2857 2283 respondit
2891 2229 2903 2266 :
2939 2209 3433 2264 Reverendissime
3469 2210 3571 2263 Pa-

1958 2306 2066 2370 ter,
2090 2303 2363 2357 terribilis
2388 2302 2648 2373 profecto
2676 2305 2780 2367 est,
2810 2304 2872 2354 ut
2903 2300 3242 2367 audivimus,
3277 2303 3335 2353 et
3358 2300 3482 2369 jam
3510 2299 3570 2352 in

1958 2394 2120 2463 parte
2151 2391 2459 2457 cernimus,
2485 2391 2642 2445 locus
2669 2390 2797 2443 iste.
2825 2389 2937 2442 Nos
2959 2392 3152 2442 autem
3183 2388 3376 2441 locum
3388 2388 3565 2440 talem

1958 2481 2031 2536 ad
2063 2478 2463 2551 paenitendum
2495 2477 2826 2549 quaerimus.
2863 2477 2929 2529 Et
2976 2491 3309 2547 quanquam
3346 2473 3564 2528 inﬁrmi

1958 2586 2155 2623 sumus
2188 2572 2246 2622 et
2270 2567 2522 2639 fragiles,
2573 2567 2633 2620 in
2662 2566 2761 2620 Dei
2788 2569 3009 2631 tamen,
3060 2565 3156 2635 qui
3202 2566 3407 2636 potens
3454 2565 3559 2630 est,

1961 2656 2358 2712 misericordia
2386 2654 2756 2719 conﬁdimus,
2774 2657 3160 2725 etsperamus,
3194 2656 3257 2707 ut
3283 2652 3380 2724 qui
3398 2651 3565 2706 nobis

1961 2745 2121 2800 dedit
2140 2746 2252 2799 huc
2278 2744 2542 2799 veniendi
2568 2745 2945 2808 voluntatem,
2986 2741 3146 2795 dabit
3192 2744 3251 2795 et
3309 2756 3567 2811 perseve-

1960 2834 2130 2888 randi
2159 2835 2508 2906 potestatem
2537 2848 2668 2885 cum
2710 2847 2827 2885 non
2858 2831 2932 2883 sit
2987 2829 3316 2884 abbreviata
3359 2844 3569 2882 manus

1963 2922 2104 2992 ejus,
2140 2921 2466 2993 quominus,
2501 2920 2644 2973 sicut
2669 2919 2829 2985 olim,
2862 2918 2941 2971 ita
2971 2920 3029 2971 et
3059 2917 3224 2971 nobis
3267 2932 3421 2970 nunc
3452 2932 3572 2970 ma-

1962 3008 2157 3079 gnalia
2184 3024 2286 3062 sua
2300 2994 2477 3078 possit
2501 3005 2824 3060 ostendere.
2846 3006 2967 3074 Ipse
3000 3004 3157 3058 enim
3170 3003 3431 3074 scopulos
3448 3006 3569 3057 tor-

1962 3097 2218 3149 rentium
2250 3094 2564 3159 inclinavit,
2596 3097 2658 3146 ut
2686 3092 3069 3163 requiesceret
3100 3092 3344 3162 populus
3370 3090 3429 3143 in
3460 3091 3566 3144 Ar-

1966 3200 2107 3249 non,
2137 3187 2195 3237 et
2223 3183 2588 3237 recumberet
2625 3181 2681 3234 in
2721 3181 2931 3233 ﬁnibus
2978 3179 3376 3233 Moabitarum.
3444 3177 3571 3249 Ipse

1959 3273 2249 3328 Jouathan
2273 3274 2331 3325 et
2359 3269 2715 3340 armigerum
2764 3268 2905 3338 ejus,
2955 3269 3250 3337 reptantes
3305 3264 3572 3319 manibus

1963 3364 2022 3416 et
2052 3360 2314 3432 pedibus,
2338 3374 2442 3429 per
2471 3357 2793 3412 eminentes
2820 3358 3011 3426 petras
3065 3359 3124 3409 et
3165 3354 3447 3425 scopulos,
3507 3351 3570 3407 in

1963 3450 2205 3504 modum
2237 3447 2497 3503 dentium
2529 3449 2868 3517 praeruptos,
2902 3444 2972 3498 de
2999 3443 3252 3498 hostium
3282 3442 3571 3509 manibus,

1964 3539 2098 3593 data
2125 3538 2258 3608 ipsis
2289 3537 2359 3591 de
2381 3535 2489 3589 illis
2511 3535 2765 3600 victoria,
2795 3533 3070 3589 liberavit.

2038 3628 2125 3679 33.
2160 3627 2285 3696 Ipse
2317 3626 2542 3677 tantam
2574 3622 3005 3675 multitudinem
3039 3620 3291 3674 ﬁliorum
3317 3619 3487 3674 Israel
3516 3620 3574 3672 et

1964 3715 2164 3785 vulgus
2176 3711 2599 3766 innumerabile
2611 3710 2669 3763 in
2685 3710 2909 3763 deserto
2929 3725 3144 3762 manna
3157 3708 3226 3761 de
3240 3708 3381 3762 caelo
3400 3707 3574 3761 misso

1966 3801 2220 3856 nutrivit.
2255 3798 2522 3870 Nunquid
2543 3801 2599 3851 et
2623 3814 2775 3850 nunc
2792 3812 3002 3867 panem
3034 3796 3172 3849 dare
3203 3811 3321 3848 non
3337 3794 3572 3864 poterit,

1965 3893 2063 3944 aut
2083 3904 2287 3962 parare
2304 3902 2567 3940 mensam
2595 3885 2808 3956 populo
2821 3882 2952 3936 suo?
2968 3884 3092 3952 Ipse
3104 3882 3286 3936 corvis
3301 3881 3577 3951 praecepit

1967 3982 2029 4031 ut
2057 3979 2357 4047 pascerent
2406 3974 2589 4028 Eliam
2617 3972 2676 4026 in
2699 3971 2984 4036 Carmelo,
3035 3968 3131 4040 qui
3186 3971 3243 4022 et
3291 3969 3576 4040 paverunt

1969 4067 2208 4120 Paulum
2230 4064 2285 4116 in
2307 4063 2701 4134 Egyptonse
2724 4056 3217 4130 prandium,quod
3232 4055 3578 4110 messoribus

1969 4155 2232 4208 Habacuc
2255 4153 2558 4224 paraverat
2575 4150 2634 4202 in
2655 4148 2873 4212 Iudaea,
2896 4145 3116 4201 Danieli
3138 4144 3294 4199 misit
3322 4144 3382 4197 in
3417 4143 3583 4198 Chal-

1970 4242 2179 4296 dzeam.
2207 4242 2330 4311 Ipse
2348 4255 2525 4310 panes
2542 4238 2600 4291 in
2624 4237 2849 4291 deserto
2869 4233 3359 4306 multiplicavit,ex
3374 4231 3579 4303 quibus

256 4325 393 4379 hinc
416 4324 553 4378 inde
599 4323 835 4395 rupibus
854 4324 912 4376 et
943 4322 1186 4392 scopulis
1217 4320 1664 4386 circumvallata,
1693 4320 1869 4373 infru-
1894 4327 1947 4385 D
1970 4334 2195 4385 tamam
2227 4329 2535 4382 hominum
2572 4323 3004 4379 multitudinem
3053 4320 3296 4376 satiavit.
3334 4322 3455 4391 Ipse
3480 4319 3580 4375 dat

259 4412 468 4467 ctuosis
500 4412 800 4466 arboribus
826 4409 1069 4476 consita,
1087 4424 1260 4478 supra
1291 4408 1531 4462 modum
1552 4407 1782 4480 frigida,
1814 4411 1873 4460 et

259 4517 366 4574 pro
398 4500 621 4571 majore
651 4502 816 4571 parte
846 4496 1127 4570 temporis
1159 4496 1380 4551 nivibus
1402 4499 1624 4568 Operta,
1649 4500 1706 4550 et
1725 4497 1871 4550 adeo

259 4590 577 4660 praerupta,
610 4586 836 4652 sterilis,
870 4588 929 4639 et
958 4585 1331 4650 infructuosa,
1366 4583 1447 4637 uti
1493 4583 1633 4637 nihil
1692 4584 1750 4637 in
1808 4599 1876 4637 ea

259 4676 383 4737 seri,
401 4676 585 4732 valeat
611 4675 726 4729 sive
756 4673 921 4729 meti.
966 4674 1030 4727 In
1074 4672 1235 4742 cujus
1264 4671 1458 4727 medio
1504 4675 1590 4727 est
1638 4672 1875 4744 quidam

259 4780 469 4836 parvus
498 4763 721 4828 ﬂuvius,
745 4761 843 4833 qui
859 4761 1078 4815 Gnerus
1108 4763 1392 4827 mortuus,
1416 4760 1578 4831 quasi
1609 4761 1877 4831 quedam

260 4853 462 4924 imago
495 4852 718 4919 mortis,
752 4849 982 4918 dicitur,
1011 4866 1079 4904 ex
1099 4848 1605 4905 circumstantibus
1620 4850 1877 4922 undique

338 5014 453 5085 (87)
471 5011 709 5085 Joannis
734 5009 915 5085 _Epist.
950 5026 990 5078 I,
1023 5025 1082 5076 ιι,
1116 5010 1200 5085 154.

335 5082 445 5153 (88)
467 5084 551 5137 Ita
576 5083 696 5153 fere
720 5082 1004 5136 Geneseos
1024 5097 1137 5153 xix,
1171 5083 1257 5136 I7.

339 5150 447 5221 (89)
479 5153 567 5208 Ad
592 5152 860 5208 Hebrzeos
879 5168 954 5219 ιι,
990 5150 1078 5218 37,
1112 5153 1200 5206 38.

478 5224 758 5305 Loquitur
780 5218 1339 5305 hicindubienoster
1362 5218 1734 5301 biographus,
1758 5237 1876 5275 non

264 5291 357 5351 de'
395 5291 646 5375 Scythia,
707 5292 1141 5375 septentrionali
1189 5292 1334 5375 Asiae
1380 5291 1640 5375 regione,
1765 5308 1879 5372 qua

264 5382 383 5421 non
407 5361 599 5437 minus
624 5361 800 5437 quam
829 5364 891 5417 in
940 5366 1230 5437 terrarum
1292 5361 1499 5437 tractu,
1551 5361 1876 5437 _Carthu_size

267 5433 627 5516 eremum_co
637 5432 1246 5516 fn‘plectente,nfr_igida
1262 5437 1347 5487 est
1369 5432 1527 5516 aeris.
1538 5433 1874 5516 temperies,

267 5508 371 5562 sed
396 5508 468 5561 de
494 5502 720 5578 Egypti
745 5506 977 5578 deserto
1010 5502 1240 5578 Schetes
1282 5519 1400 5578 seu_
1442 5502 1599 5571 Sciti,
1646 5502 1879 5575 Schylia

267 5582 446 5633 etiam
478 5593 513 5631 a
535 5574 828 5631 nonnullis
859 5577 1213 5646 nuncupato,
1251 5574 1426 5646 quod,
1462 5589 1580 5646 non
1612 5589 1771 5646 secus
1800 5578 1879 5630 at-

269 5663 383 5723 que
414 5647 556 5705 alias
580 5646 811 5721 Egypti
842 5662 905 5703 ac
954 5644 1287 5705 Paléstinw"
1298 5644 1651 5717 solitudines,
1674 5644 1880 5717 ingens

1963 4424 2246 4495 jumentis
2284 4438 2474 4477 escam
2506 4420 2783 4492 ipsorum,
2819 4416 3053 4488 etpullis
3071 4430 3375 4471 corvorum
3422 4413 3581 4468 invo-

1975 4512 2236 4567 cantibus
2261 4527 2417 4565 eum.
2450 4510 2575 4579 Ipse
2632 4506 2813 4577 pascit
2852 4505 3107 4559 volatilia
3130 4504 3276 4572 caeli,
3302 4518 3431 4575 quas
3462 4517 3581 4556 non

1975 4603 2192 4667 serunt,
2228 4615 2415 4670 neque
2433 4597 2682 4660 metunt,
2705 4609 2891 4664 neque
2907 4595 3267 4664 congregant
3290 4593 3349 4645 in
3371 4591 3584 4646 horrea

1977 4689 2178 4744 Nonne
2207 4690 2265 4740 et
2295 4702 2400 4741 nos
2432 4683 2680 4739 Domino
2712 4682 2891 4752 pluris
2908 4697 3104 4735 sumus
3125 4680 3280 4737 illis?
3316 4680 3441 4734 Non
3472 4678 3582 4732 ita-

1979 4794 2111 4849 que,
2135 4775 2361 4831 etiamsi
2384 4773 2550 4829 nobis
2579 4770 2871 4827 defuerint
2892 4771 3151 4825 humana
3170 4768 3469 4834 solatia,de
3481 4764 3586 4827 Dei

1976 4863 2648 4938 prmsentiadifﬁdemus,
2664 4864 2723 4914 et
2745 4859 3126 4930 providentia,
3152 4874 3283 4912 cum
3294 4853 3586 4927 potenssit

1980 5007 2138 5075 olim,
2172 5006 2254 5061 uti
2282 5005 2438 5076 apud
2469 5001 2845 5076 Rosweydum
2875 5000 3093 5076 in_Vi_tis
3119 4999 3357 5076 Patrum
3388 4992 3584 5049 videre

1978 5069 2133 5144 licet,
2162 5069 2644 5132 anachoretarum
2666 5069 3320 5144 'multitu‘do‘incolebat.

2049 5134 2128 5214 (9i
2142 5153 2164 5219 )
2192 5150 2283 5215 Ut,
2316 5161 2494 5220 quam
2517 5141 2950 5220 horridafuerit
2972 5137 3284 5220 Carthasiae
3308 5134 3579 5220 solitudo,

1978 5210 2292 5290 antequam
2314 5210 2463 5290 lianc
2492 5213 2821 5290 cum-sociis
2851 5212 2965 5290 suis
2996 5212 3224 5290 sanctus
3271 5210 3467 5287 noster
3490 5210 3579 5290 in:

1977 5275 2336 5360 gredéretur,
2394 5287 2712 5360 distinctius
2757 5283 3125 5360 capianatum
3170 5278 3449 5339 invenias,
3489 5275 3584 5330 adi

1977 5355 2463 5415 commentarium
2491 5355 2767 5429 praevium
2800 5356 2827 5421 §
2860 5355 2950 5406 26.

2048 5436 2163 5504 (9'2)
2195 5420 2530 5486 Orationem
2564 5428 2741 5504 hanc,
2754 5420 2851 5477 seu
2883 5420 3365 5504 exhortationem,
3394 5432 3577 5504 quam

1977 5503 2035 5560 S.
2054 5488 2224 5574 \Hu'go
2238 5504 2662 5574 adBrunonem_
2694 5488 2928 5574 ejusque
2950 5491 3132 5574 socios
3172 5488 3455 5570 habuerit,
3486 5503 3583 5558 pe-

1977 5576 2129 5630 nitus
2152 5563 2278 5628 csse
2330 5589 2379 5643 a7
2405 5563 2738 5642 biographo’
2774 5563 3106 5643 conﬁctam,
3167 5563 3577 5643 unusquisque,

1977 5650 2260 5718 quantum
2291 5633 2535 5716 opinor:
2553 5633 2841 5712 propense
2861 5635 2923 5691 in
2954 5633 3219 5713 animum
3246 5633 3503 5689 inducet.
