4014 6052
463 364 566 420 507

1281 363 1339 420 S.
1409 360 1752 418 BRUNONIS
1805 354 2441 416 CARTHUSIANORUM
2482 354 2949 414 lNSTlTU'fORlS

3673 366 3778 419 508

456 487 528 545 de
556 486 841 559 lapidibus
872 487 1011 554 istis,
1061 504 1205 559 quos
1250 488 1517 555 vidimus,
1551 504 1729 559 panes
1758 487 1970 551 facere,
2002 487 2061 538 et
2079 511 2134 567 Α
2161 496 2348 547 vocas,
2379 479 2486 533 bos
2502 480 2783 549 justificas
2827 486 2886 536 et
2914 484 3273 555 magniﬁcas,
3318 483 3559 557 respice,
3617 506 3774 560 quae-

457 591 669 647 aquam
700 575 758 629 in
794 575 991 629 vinum
1024 579 1380 631 convertere.
1435 575 1541 640 Qui
1568 575 1764 639 etiam,
1799 590 1931 627 cum
1962 589 2058 627 vo-

457 662 861 734 luerit,potens
877 668 961 718 est
978 664 1116 718 dare
1148 665 1338 719 nivem
1375 666 1517 719 sicut
1541 666 1759 729 lanam,
1793 665 1850 716 et
1881 662 2058 717 nebu-

453 750 574 805 lam
605 751 750 807 sicut
779 752 1038 806 cinerem
1082 769 1373 823 spargere.
1402 754 1479 807 De
1512 755 1675 806 tanta
1702 751 1881 822 igitur
1938 751 2060 821 ejus

459 836 719 908 paientia
771 841 829 891 et
854 838 1112 892 bonitate
1142 838 1361 905 confisi,
1386 838 1597 892 iterum
1630 855 1695 892 ac
1722 838 1931 891 iterum
1960 838 2061 891 hu-

458 924 675 980 militer
737 926 1143 997 supplicamus,
1214 942 1286 980 ne
1364 926 1733 980 desiderium.
1797 930 2059 980 nostrum

457 1011 610 1067 ultra
665 1012 923 1079 differas,
969 1017 1069 1067 aut
1114 1029 1219 1067 nos
1265 1013 1322 1067 in
1368 1014 1473 1068 hac
1523 1018 1719 1068 nostra
1776 1012 2059 1084 petitione

448 1099 769 1154 confundas
800 1101 938 1171 (93).
976 1100 1132 1155 Tunc
1188 1100 1388 1156 beatus
1435 1102 1618 1173 Hugo,
1666 1117 1870 1164 eorum
1926 1118 2062 1155 con-

454 1188 753 1254 stantiam,
783 1188 930 1242 etin
979 1192 1165 1260 erepto
1224 1190 1517 1261 proposito
1572 1190 2059 1262 perseverantiam

454 1275 844 1343 considerans,
877 1293 950 1331 ne
981 1294 1185 1332 eorum
1216 1278 1520 1344 vocationi,
1546 1281 1603 1332 et
1632 1278 1837 1333 divinae
1861 1279 2058 1333 volun-

452 1364 557 1418 tati
576 1364 841 1419 resistere
863 1365 1283 1432 videretur,ait:
1311 1366 1667 1421 Desiderium
1689 1371 1963 1433 vestrum,
1979 1366 2060 1421 di-

451 1451 880 1524 lectissimi,ego
900 1454 1369 1525 pariterimplere
1392 1455 1675 1518 desidero,
1700 1472 1805 1509 nec
1835 1455 1965 1509 ideo
1979 1456 2060 1509 di-

454 1539 607 1606 stuli,
641 1544 703 1594 ut
726 1542 1039 1609 auferatur,
1056 1543 1153 1597 sed
1185 1547 1247 1598 ut
1264 1543 1539 1598 dilatione
1557 1543 1746 1615 potius
1758 1547 2054 1615 augeatur.

524 1629 612 1682 34.
644 1628 855 1683 Videns
887 1628 1082 1700 itaque
1114 1632 1469 1685 voluntatem
1494 1636 1764 1698 vestram,
1788 1633 1846 1686 in
1894 1632 2054 1686 Chri-

447 1715 521 1771 sti
575 1716 853 1771 charitate
891 1718 1208 1772 radicatam
1248 1722 1307 1773 et
1336 1719 1659 1786 fundatam,
1692 1720 1853 1774 vobis
1879 1724 1936 1774 et
1966 1720 2054 1786 iis,

2158 585 2377 635 sumus,
2407 569 2583 623 oculis
2611 570 2934 626 clementia:
2982 576 3093 628 tua
3142 588 3313 644 super
3354 574 3460 628 bos
3514 574 3764 633 famulos

2160 659 2309 723 tuos,
2345 673 2487 728 quos
2510 658 2582 712 ad
2601 660 2713 711 tua:
2734 660 3018 714 servitutis
3041 660 3382 733 obsequium
3408 662 3651 719 invitare
3695 666 3777 720 di-

2163 749 2369 815 gnatus
2399 761 2478 812 es,
2513 749 2571 799 et
2592 749 2799 816 prmsta
2831 748 3104 803 auxilium
3130 748 3330 820 gratiae
3362 753 3494 818 tum,
3531 756 3612 820 ut,
3648 770 3775 825 qua:

2160 832 2261 886 tibi
2294 834 2503 903 placita
2527 838 2680 901 sunt,
2716 836 2836 889 tota
2857 835 3064 890 virtute
3104 837 3425 908 perficiant.
3463 839 3638 910 Reple
3664 858 3764 897 eos

2159 921 2581 976 venerabilibus
2609 922 2910 978 virtutibus
2931 925 3062 991 tuis,
3087 926 3292 997 quibus
3306 926 3536 995 muniti,
3562 931 3771 999 carnis,

2160 1009 2365 1064 mundi
2397 1013 2455 1064 et
2487 1010 2824 1065 daemonum
2851 1012 3086 1068 insidias
3110 1031 3405 1086 superare,
3431 1019 3488 1069 ct
3516 1016 3651 1072 inde
3690 1019 3776 1073 vi-

2159 1097 2355 1151 ctoria:
2378 1113 2658 1152 coronam
2687 1098 3224 1157 immarcessibilem
3244 1103 3501 1174 recipere
3520 1107 3773 1174 valeant,

2158 1200 2528 1256 crescereque
2553 1201 2650 1239 eos
2680 1185 2854 1241 facias
2885 1187 2944 1241 in
2978 1188 3133 1244 mille
3179 1190 3384 1258 millia,
3407 1196 3466 1246 et
3490 1208 3610 1259 eos,
3639 1210 3774 1248 nec-

2158 1289 2276 1327 non
2300 1276 2359 1326 et
2386 1273 2511 1327 illos
2543 1273 2639 1344 qui
2671 1290 2875 1329 eorum
2909 1277 3148 1348 vestigia
3196 1282 3371 1332 secuti
3432 1280 3664 1347 fuerint,
3715 1285 3777 1336 et

2158 1359 2216 1413 in
2240 1359 2392 1414 dicta
2419 1362 2725 1415 solitudine
2753 1379 2929 1433 usque
2957 1364 3015 1418 in
3047 1364 3227 1420 finem
3258 1366 3387 1422 vitae
3410 1384 3525 1422 sua:
3552 1369 3611 1422 in
3639 1385 3775 1423 vera

2157 1449 2482 1505 humilitate
2506 1453 2564 1504 et
2592 1450 2871 1505 cbaritate
2902 1456 3416 1526 perseveraverint,
3466 1457 3539 1512 ab
3601 1458 3766 1512 omni

2158 1537 2325 1606 culpa
2350 1540 2407 1591 et
2432 1554 2602 1609 poena
2631 1538 2862 1607 liberos,
2892 1545 3225 1597 sanctorum
3254 1546 3487 1599 tuorum
3528 1545 3774 1616 collegio

2157 1625 2373 1679 sociare
2397 1626 2788 1697 digneris.Per
2819 1628 3107 1685 Christum
3141 1632 3452 1688 Dominum
3480 1638 3769 1689 nostrum.

2155 1714 2363 1767 Amen.

447 1820 594 1876 quos
618 1804 824 1858 eadem
870 1805 1117 1860 charitas
1162 1807 1457 1861 vobiscum
1512 1808 1767 1874 traxerit,
1815 1825 1968 1862 nunc
2000 1812 2057 1862 et
2080 1820 2131 1878 Β
2228 1803 2313 1854 36-
2349 1802 2616 1855 Ροδιὺαξο
2648 1808 2867 1873 autem,
2891 1805 3027 1875 Quia
3058 1805 3240 1862 dictus
3278 1810 3468 1864 Bruno
3520 1812 3578 1864 et
3644 1811 3774 1882 ejus

443 1890 505 1945 in
537 1895 855 1964 posterum,
890 1893 1115 1961 fratres,
1145 1896 1333 1949 locum
1388 1895 1747 1965 praedictum,
1789 1900 1846 1950 et
1895 1897 2055 1969 quid-

444 1979 582 2051 quid
605 1979 752 2050 juris
782 1982 871 2035 vel
893 1982 1134 2037 actionis
1160 1982 1219 2037 in
1242 1999 1310 2038 eo
1342 1984 1552 2050 habeo,
1586 1985 1757 2055 plena
1788 1984 2052 2039 libertate

438 2069 712 2123 concedo.
743 2070 810 2123 Et
834 2070 943 2124 hoc
970 2070 1126 2125 idem
1158 2088 1191 2125 a
1249 2072 1470 2126 caeteris
1502 2073 1794 2140 omnibus,
1831 2074 1928 2144 qui
1952 2074 2051 2144 jus

442 2153 677 2226 aliquod
702 2155 761 2210 in
793 2174 860 2211 eo
894 2157 1127 2224 habent,
1157 2158 1280 2212 fieri
1309 2160 1650 2230 procurabo,
1693 2161 1967 2232 vobisque
1995 2165 2054 2215 et

441 2242 642 2296 vestris
664 2244 932 2298 omnibus
959 2244 1199 2299 omnem
1229 2246 1557 2317 possibilem
1608 2248 1749 2301 mihi
1780 2248 2050 2303 humani-

439 2330 645 2396 tatem,
680 2332 936 2401 quandiu
965 2332 1431 2399 vixero,libenter
1450 2335 1827 2390 exhibebo.Et
1843 2336 2049 2391 nihilo-

443 2415 636 2471 minus
666 2433 771 2488 pro
801 2436 940 2491 pace
961 2422 1224 2491 etquiete
1244 2426 1431 2476 vestra
1449 2423 1521 2476 ad
1549 2424 1964 2477 removendum
1983 2442 2051 2478 ea

440 2518 571 2574 quas
600 2508 788 2560 vestra
817 2508 1111 2579 preposito
1139 2510 1430 2563 contraria
1444 2511 1844 2576 sunt,domum
1872 2530 2045 2566 unam

432 2605 605 2663 super
622 2597 884 2665 pontem,
917 2596 1016 2667 qui
1037 2596 1190 2650 inter
1212 2596 1352 2651 duas
1370 2614 1542 2668 rupes
1565 2598 1868 2669 przedictas
1905 2586 2044 2654 situs

442 2680 550 2745 est,
581 2679 639 2734 in
669 2681 909 2737 introitu
940 2683 1107 2738 dictae
1147 2684 1470 2740 solitudinis
1498 2686 1769 2741 aedificari
1810 2688 1960 2755 volo,
1991 2693 2049 2743 et

443 2768 785 2824 auctoritate
810 2770 1359 2843 divinaprobibebo,
1410 2777 1472 2827 ut
1498 2775 1730 2829 feminae
1785 2792 1889 2846 per
1938 2781 2048 2831 ter-

444 2854 633 2911 minos
677 2861 893 2913 vestros
957 2861 1284 2915 nullatenus
1342 2864 1662 2929 transeant,
1705 2880 1892 2935 neque
1941 2865 2045 2919 viri

442 2958 608 2998 arma
636 2949 953 3016 portantes.
984 2948 1311 3004 Prohibebo
1334 2950 1550 3020 pariter
1570 2951 1723 3005 intra
1743 2952 1923 3007 dictos
1936 2957 2047 3008 ter-

440 3030 634 3087 minos
665 3033 1065 3104 piscationem,
1098 3038 1488 3106 venationem,
1513 3043 1571 3095 et
1590 3041 1779 3095 avium
1829 3043 2044 3113 captio-
2073 3068 2119 3126 ρ

437 3136 596 3187 nem,
631 3122 859 3191 ovium,
894 3141 1181 3193 cararum,
1222 3130 1393 3199 atque
1447 3129 1711 3184 omnium
1768 3130 2045 3185 domesti-

431 3224 634 3264 corum
664 3212 1008 3268 animalium
1025 3231 1237 3285 pascua
1254 3220 1313 3269 et
1345 3218 1675 3284 transitum,
1730 3220 1913 3273 Deum
1957 3237 2047 3275 ro-

436 3312 601 3368 gans,
628 3302 691 3353 ut
722 3301 1057 3355 obedientes
1087 3303 1218 3356 huic
1243 3307 1452 3358 nostra:
1484 3305 1785 3362 donationi
1817 3312 1876 3361 et
1914 3324 2047 3378 pro-

436 3382 706 3439 hibitioni
733 3386 794 3440 in
841 3404 943 3442 sua
966 3388 1153 3458 gratia
1182 3390 1545 3461 multiplicet,
1596 3397 1655 3446 et
1686 3393 1742 3446 in
1775 3396 2046 3449 omnibus

434 3468 621 3538 bonis,
647 3489 774 3543 quae
798 3473 1015 3528 ibidem
1041 3492 1216 3546 usque
1250 3477 1308 3530 in
1340 3479 1529 3533 saeculi
1561 3480 1739 3534 finem
1791 3484 2047 3551 gerenda

437 3561 594 3625 sunt,
628 3563 855 3631 partem
906 3562 1124 3617 eisdem
1164 3564 1419 3634 tribuat;
1470 3566 1867 3623 inobedientes
1912 3587 2043 3626 vero

435 3643 628 3702 divino
639 3647 857 3718 judicio
883 3650 1207 3722 puniendos
1234 3654 1522 3726 relinquo,
1556 3673 1701 3727 quos
1723 3660 1781 3711 et
1806 3673 1909 3728 per
1947 3676 2047 3713 sae-

430 3733 691 3790 cularem
712 3740 1061 3807 potestatem
1087 3742 1279 3812 puniri
1309 3743 1523 3798 curabo
1559 3748 1689 3817 (94).

503 3825 589 3878 35.
623 3824 720 3878 His
750 3825 933 3895 dictis,
976 3845 1218 3900 surgens
1257 3833 1615 3902 amplexatus
1658 3838 1742 3888 est
1790 3852 1908 3901 eos,
1940 3836 2041 3890 fle-

431 3909 627 3983 vitque
654 3929 775 3983 prae
819 3916 1030 3986 gaudio
1060 3933 1233 3987 super
1260 3919 1516 3990 singulos
1546 3938 1773 3988 eorum,
1802 3923 2044 3978 laudans

430 4001 489 4052 et
513 3999 864 4055 benedicens
894 4003 1077 4057 Deum
1109 4004 1180 4058 de
1206 4005 2041 4076 adventuipsorum.Etdeinde

428 4084 723 4141 benedixit
735 4088 816 4142 eis
836 4089 1032 4145 dicens
1056 4107 1068 4144 :
1094 4092 1474 4164 Omnipotens
1489 4096 1839 4166 sempiterne
1870 4099 2038 4167 Deus,

428 4172 592 4243 cujus
623 4174 1036 4232 misericordia:
1050 4195 1155 4233 nec
1166 4196 1466 4236 mensuras
1483 4198 1700 4253 ponere
1714 4201 2038 4256 possumus,

430 4275 538 4316 nec
563 4264 834 4333 tempora
858 4262 1132 4333 definire;
1164 4267 1431 4339 qui,quos
1452 4270 1553 4337 vis,
1599 4286 1785 4339 vocas,
1810 4277 1868 4327 et
1896 4290 2041 4345 quos

646 4385 776 4467 Esse
790 4386 1007 4467 pariter
1032 4389 1285 4467 Brunoni
1312 4393 1459 4467 hanc
1477 4395 1915 4467 responsionem
1932 4412 2038 4467 pro

427 4452 665 4540 arbitrio
697 4452 1104 4540 hic:a‘fﬁc_tam,
1151 4462 1327 4540 u_ti_et
1362 4452 1605 4540 _Hugorfi
1650 4468 1845 4535 verba,
1908 4452 2036 4540 qua:

427 4524 693 4607 proxime
716 4527 1055 4607 subduntur.
1079 4524 1497 4607 indubitatum“
1508 4541 1767 4607 apparet.

502 4593 1005 4672 (94)_M_abillonius
1038 4602 1375 4672 praefatione
1424 4605 1481 4660 in
1543 4593 1732 4662 saeculi
1766 4609 1908 4663 sexti
1940 4610 2040 4664 Be-

430 4664 891 4746 nedictinipa‘rt.
924 4664 1173 4746 ii,_rf_um.
1210 4675 1275 4746 86
1300 4677 1568 4730 meminit
1587 4679 2036 4746 cbartm,mense

426 4734 573 4791 Julio
578 4734 901 4820 anni—1984-
933 4734 1007 4820 ad
1034 4741 1290 4820 dioecesis
1307 4815 1320 4820 _
1345 4734 1917 4820 GratianOpolitanaa,
1976 4751 2036 4804 in

430 4820 547 4885 qua
574 4806 874 4888 Cartbusia
904 4810 1013 4888 sita
1041 4816 1145 4881 est,
1173 4815 1534 4888 presbyteros
1567 4806 1637 4873 ac
1653 4820 1825 4875 laicos
1863 4806 2034 4888 datas,

430 4831 547 4877 qua
574 4831 874 4863 uartuusm
904 4831 1013 4865 sua
1041 4831 1145 4881 εει,
1213 4831 1534 4887 resnyteros
1567 4835 1632 4873 ac
1653 4831 1825 4875 laicos
1863 4831 2034 4888 datas,

428 4874 490 4962 in
517 4893 650 4949 qua,
685 4895 757 4932 ne
779 4880 1012 4962 feminae
1033 4900 1139 4953 per
1167 4831 1479 4962 Earthusiaz
1503 4889 1772 4962 fratrum,
1807 4892 2035 4962 quiDeo

424 4947 653 5031 placere
684 4950 998 5031 cupientes,
1028 4947 1314 5031 mundum
1347 4961 1404 5011 et
1456 4960 1655 5014 turbas
1697 4947 2025 5031 fugitabant,

429 5019 649 5097 terram
681 5019 999 5099 transeant,
1024 5028 1081 5099 et
1108 5042 1184 5099 ne
1210 5026 1513 5099 quisquam
1564 5030 1716 5085 intra
1752 5019 2036 5087 tuerminos

428 5086 687 5167 ipsorum
736 5086 1108 5167 possessionis
1130 5086 1508 5167 piscatidnem
1541 5104 1640 5155 aut
1668 5086 2034 5157 venationem

429 5162 712 5238 exerceat,
746 5165 804 5215 et
837 5180 937 5218 sua
967 5162 1243 5239 animalia
1270 5170 1555 5238 pascenda
1586 5171 1853 5239 deducat,
1874 5174 2034 5239 Hugo

429 5228 727 5307 episcopus
757 5236 1131 5307 praeceperit;
1165 5228 1365 5292 verum
1392 5255 1522 5307 ego,
1554 5241 1705 5295 facta
1733 5228 1864 5296 licet
1909 5228 2034 5297 dili-

430 5300 775 5381 gentissima
788 5300 1081 5375 indagine,
1108 5300 1368 5363 chartam
1393 5300 1551 5364 illam
1583 5312 1851 5383 nuspiam
1883 5313 2036 5368 inve-

435 5385 559 5425 mre
590 5387 765 5427 aum.

501 5387 559 5425 re
632 5387 765 5427 um.

501 5387 628 5534 (9Ξύἶ
640 5442 974 5534 Rectenhanc
993 5448 1276 5534 Brunonis
1292 5450 1350 5503 in
1361 5450 1731 5534 .garthusiam
1752 5453 2037 5534 ingressui

435 5511 720 5598 epgcharn
746 5531 780 5569 a
799 5515 1058 5598 guteano
1087 5518 1181 5572 hic
1206 5522 1502 5598 prasgstitui,
1524 5523 1706 5595 liquet
1725 5540 1793 5598 ex
1814 5511 1889 5598 iis
1908 5543 2037 5598 quae

433 5584 836 5643 commentarii
861 5587 1060 5671 previi
1080 5584 1244 5649 nuui.
1275 5592 1381 5669 410
1404 5598 1461 5648 et
1487 5584 1647 5667 seqq.
1683 5595 1914 5655 adduxi.

2152 1888 2378 1942 sodales
2408 1905 2614 1943 omnes
2659 1894 2827 1945 erant
2854 1896 3094 1963 propter
3129 1894 3349 1950 itineris
3392 1896 3617 1951 labores
3648 1914 3770 1953 non

2154 1976 2450 2030 modicum
2477 1994 2581 2030 nec
2604 1978 2900 2034 immerito
2931 1981 3180 2052 fatigati,
3216 1983 3453 2038 retinuit
3487 2001 3587 2039 eos
3607 1985 3770 2041 idem

2152 2062 2518 2118 beatissimus
2543 2065 2843 2136 episcopus
2875 2068 2933 2121 in
2966 2085 3068 2122 suo
3100 2071 3412 2143 episcOpali
3441 2072 3677 2142 palatio,
3709 2077 3771 2128 et

2153 2166 2250 2204 eos
2278 2168 2379 2204 sua
2400 2152 2566 2207 solita
2587 2154 2944 2225 benignitate
3001 2160 3329 2228 procuravit
3385 2163 3444 2214 et
3489 2162 3768 2216 recreavit

2151 2254 2254 2308 per
2286 2238 2406 2294 dies
2434 2240 2673 2312 aliquot.
2711 2242 2925 2305 Quibus
2955 2246 3194 2316 expletis
3241 2252 3300 2302 et
3328 2250 3667 2320 praeparatis
3699 2266 3766 2303 ac

2152 2326 2436 2398 dispositis
2475 2330 2747 2385 omnibus
2774 2350 2902 2403 quae
2941 2336 3268 2391 necessaria
3325 2341 3492 2391 erant
3531 2338 3589 2391 in
3652 2339 3762 2406 via,

2150 2416 2534 2471 ascenderunt
2576 2418 2631 2471 in
2690 2425 2955 2475 montem
3001 2427 3059 2476 et
3101 2424 3463 2479 intraverunt
3490 2442 3556 2480 ac
3587 2426 3758 2481 inha-

2150 2502 2334 2557 bitare
2383 2511 2683 2575 coeperunt
2714 2508 2928 2563 dictam
2957 2526 3222 2565 eremum
3268 2512 3581 2568 Carthusia:
3615 2514 3766 2569 circa

2148 2593 2580 2647 solemnitatem
2624 2596 2935 2651 nativitatis
2962 2601 3142 2653 sancti
3179 2601 3417 2655 Joannis
3468 2602 3760 2674 Baptistae,

2148 2695 2302 2735 anno
2325 2682 2521 2736 salutis
2548 2688 2760 2738 nostrae
2792 2702 2965 2756 supra
2994 2687 3366 2743 millesimum
3405 2690 3761 2762 octogesimo

2148 2772 2353 2838 quarto
2368 2772 2893 2841 (95),antecedente
2923 2777 2982 2827 et
3007 2774 3294 2847 dirigente
3325 2792 3444 2844 eos,
3475 2794 3538 2832 ac
3560 2778 3620 2832 in
3633 2794 3760 2834 om-

2148 2855 2315 2909 nibus
2337 2860 2394 2910 et
2423 2872 2528 2927 per
2558 2859 2758 2913 omnia
2770 2860 3099 2930 adjuvante,
3121 2867 3181 2917 et
3204 2864 3277 2918 de
3289 2866 3621 2921 necessariis
3633 2882 3763 2937 pro-

2147 2942 2376 3000 vidente
2403 2946 2647 3017 prasfato
2672 2948 2843 3002 beato
2895 2950 3135 3021 Hugonc
3192 2952 3461 3024 episcopo
3509 2956 3642 3025 (96).
3694 2956 3761 3009 Et

2146 3031 2361 3086 ibidem
2395 3034 2452 3087 in
2479 3038 2642 3104 parte
2676 3037 2973 3106 superiore
3005 3040 3242 3107 montis,
3275 3057 3404 3113 quae
3431 3057 3582 3096 nunc
3614 3042 3755 3097 dici-

2147 3123 2258 3174 tur.
2285 3122 2374 3175 Ad
2404 3122 2645 3177 Beatam
2695 3124 2933 3181 Mariam
2963 3126 3034 3181 de
3091 3128 3403 3196 Casalibus,
3464 3130 3757 3186 aediﬁcare

2148 3224 2328 3278 coepe:
2342 3214 2447 3264 unt
2476 3211 2797 3275 ecclesiam,
2828 3231 3056 3270 necnon
3088 3219 3144 3269 et
3161 3232 3365 3286 parvas
3380 3218 3761 3287 cellulas,non

2147 3297 2320 3368 longe
2351 3315 2385 3352 a
2416 3298 2568 3353 dicta
2612 3302 2852 3355 ecclesia
2901 3303 3198 3371 distantes,
3233 3306 3385 3361 circa
3435 3308 3754 3378 quemdam

2145 3383 2393 3451 fontem,
2427 3387 2524 3457 qui
2562 3404 2739 3459 usque
2798 3390 2859 3443 in
2918 3397 3267 3462 praesentem
3325 3394 3482 3449 diem
3522 3399 3760 3451 vocatur

2144 3472 2277 3525 fons
2305 3474 2608 3541 Bruuonis,
2642 3475 2713 3529 de
2735 3493 2795 3530 se
2826 3482 3023 3533 tamen
3070 3481 3315 3535 invicem
3363 3482 3659 3538 distinctas
3703 3488 3761 3539 et

2146 3560 2566 3631 aliquantulum
2610 3569 2923 3636 separatas,
2975 3584 3047 3621 ne
3076 3569 3220 3622 alter
3250 3570 3483 3623 alterius
3505 3571 3762 3626 solitudi-

2144 3664 2281 3702 nem
2308 3650 2620 3720 impediret
2655 3658 2789 3722 (97).
2823 3654 2886 3707 In
2914 3655 3121 3725 quibus
3144 3657 3352 3728 singuli
3370 3675 3474 3730 per
3502 3659 3759 3729 singulas

2144 3753 2307 3791 more
2339 3738 2570 3792 illorum
2597 3740 2969 3811 antiquorum
2999 3744 3403 3815 Egyptiorum
3435 3748 3756 3801 monacho-

2141 3840 2273 3878 rum
2288 3825 2629 3881 habitabant
2660 3830 2792 3899 (98).
2819 3829 2922 3883 Ubi
2949 3831 3196 3899 silentio,
3220 3834 3473 3900 lectioni,
3505 3834 3759 3889 orationi

2143 3916 2315 3984 atque
2346 3914 2506 3984 operi
2528 3932 2831 3985 manuum,
2859 3919 3112 3975 maxime
3141 3921 3203 3975 in
3225 3922 3658 3976 conscribendis
3685 3922 3755 3976 li-

2141 4000 2277 4067 bris,
2298 4002 2516 4073 jugiter
2545 4002 2891 4060 insistebant
2913 4011 3047 4079 (99).
3085 4008 3190 4072 Qui
3217 4010 3424 4065 exinde
3449 4010 3585 4065 dicti
3616 4014 3755 4065 sunt

2140 4090 2346 4145 fratres
2367 4092 2819 4161 Carthusienses,
2842 4112 2877 4150 a
2908 4097 3147 4152 nomine
3203 4099 3317 4153 loci
3363 4115 3581 4155 nomen
3640 4099 3750 4154 sibi

2140 4177 2529 4248 imponentes,
2557 4198 2590 4235 a
2619 4182 2824 4252 quibus
2866 4184 3044 4239 etiam
3071 4186 3214 4241 ordo
3240 4188 3345 4241 iste
3375 4187 3746 4242 Carthusien-

2140 4266 2216 4321 sis
2236 4267 2524 4338 originem
2560 4271 2802 4341 sumpsit
2820 4273 3038 4343 pariter
3067 4277 3125 4328 et
3151 4291 3389 4330 nomen.

2210 4410 2314 4490 (9Q)
2347 4409 2491 4490 Yera
2519 4412 2953 4490 bicpraadicari,
2974 4414 3156 4485 liquet
3186 4415 3372 4490 ex__iis,
3406 4435 3535 4490 quae
3585 4433 3745 4472 com-

2137 4480 2408 4533 mentarii
2439 4480 2649 4551 praevii'
2665 4499 2826 4536 num.
2854 4487 2958 4539 502
2989 4480 3054 4538 ef
3066 4502 3185 4558 seq.
3220 4480 3373 4543 dicta
3397 4480 3549 4544 sunt.

2212 4571 2316 4649 (97)
2346 4570 2621 4649 Defente,
2646 4572 2703 4649 S.
2735 4573 3018 4649 _Brunonis
3048 4576 3286 4649 nomine
3338 4577 3622 4649 hodieque
3655 4577 3747 4632 di-

2137 4638 2367 4714 stincto,
2396 4638 2655 4712 aliisque,
2689 4643 2781 4697 hic
2802 4646 3163 4714 memoratis,
3186 4651 3420 4703 consule
3441 4638 3749 4704 commen-

2137 4710 2348 4764 tarium
2376 4710 2654 4782 praevium
2687 4717 2825 4781 §27.

2205 4800 2319 4870 (98)
2344 4802 2874 4879 Puteanus,__quijn
2909 4804 3218 4879 pierisque,
3248 4824 3376 4879 quas
3407 4809 3479 4864 de
3519 4808 3577 4863 S.
3608 4808 3757 4864 Bru—

2136 4872 2541 4950 noneejusque
2557 4872 2753 4950 sociis,
2788 4872 3148 4931 Carthusiam
3169 4872 3424 4949 prii-num
3457 4880 3753 4950 ingressis,

2136 4942 2352 5023 scribit,
2377 4942 2530 5023 “cum
2556 4945 2983 5023 blomenvenna
3016 4942 3324 5023 consentit,
3347 4942 3655 5023 perperam
3678 4942 3753 5005 ab

2138 5012 2319 5091 eohic
2358 5012 2621 5091 dissentit
2655 5033 2668 5084 ;
2712 5017 2861 5091 _il_los_
2888 5018 3046 5091 enim
3078 5022 3237 5086 tunc,
3297 5012 3414 5076 non
3452 5012 3750 5091 'singulos,

2138 5082 2687 5162 sedbinqssingulas
2709 5087 3057 5162 inhabitasse
3101 5082 3291 5162 cellas,
3339 5092 3518 5162 Guigo
3561 5082 3619 5145 in
3643 5082 3756 5146 Ηιιῖ-

2137 5153 2323 5240 gonis,
2354 5153 2874 5240 Gratianopolitani
2891 5159 3166 5240 episcopi,
3197 5153 3415 5229 Vita,ut
3446 5153 3752 5240 commen-

2136 5222 2266 5303 tarii
2288 5226 2485 5303 praevii
2514 5222 2796 5303 nu_ni.475
2828 5222 3020 5284 vidére
3051 5222 3512 5299 licet,memoria3
3530 5233 3749 5303 prodit;

2135 5294 2244 5373 hoc
2275 5294 2468 5375 autem
2496 5298 2795 5375 scriptore,
2834 5304 3031 5372 utpote
3049 5294 3378 5375 synchrono
3402 5294 3753 5375 fidequedi;

2180 5365 2439 5440 nissime,
2471 5365 2744 5425 standum
2784 5365 2916 5440 est,
2957 5365 3347 5430 etsi'interim
3389 5365 3755 5429 Carthusiani

2180 5437 2293 5511 aud
2312 5437 2543 5511 (dudum
2572 5446 2700 5511 post
2725 5437 2907 5498 sancti
2946 5445 3171 5501 obitum
3201 5463 3321 5502 non
3338 5445 3483 5508 bini,
3515 5445 3618 5500 sed
3637 5445 3758 5501 sin-

2138 5507 2257 5577 guli
2281 5508 2532 5581 singulas
2558 5507 2729 5568 cellas
2753 5517 3105 5587 occuparint.

2217 5598 2324 5670 (99)
2358 5596 2603 5658 Consule
2635 5606 2954 5665 comment.
2981 5621 3160 5678 praav.
3192 5622 3355 5663 num.
3384 5606 3511 5662 487.
