4066 6032
321 374 428 430 509

1889 373 2068 434 ACTA

3532 398 3637 453 510

394 498 480 551 37.
533 492 642 566 [psi
686 490 842 549 enim
892 496 1114 565 septem
1159 496 1344 563 (beato
1376 498 1644 555 Brunone
1676 505 1936 565 cmteros,
1968 505 2020 562 Α
2043 500 2338 567 emebant,
2372 502 2469 555 sed
2501 503 2545 556 si
2597 504 2744 560 forte
2793 505 2971 577 gratis
3007 509 3087 563 eis
3116 510 3420 582 dabantur,
3454 532 3553 571 eos
3577 516 3640 571 in

326 585 421 657 qui
455 584 563 639 sibi
585 600 717 638 eum
751 584 810 637 in
840 585 1093 656 priorem
1128 589 1185 639 et
1207 586 1536 642 animarum
1569 607 1803 645 suarum
1832 608 1931 662 pa-

322 677 537 727 storem
556 674 940 744 elegerant,et
956 673 1116 743 cujus
1129 673 1492 743 obedientiaa,
1513 678 1681 733 beato
1697 680 1935 749 Hugone

323 760 595 833 episcopo
627 764 943 827 annuente,
967 779 1024 815 se
1038 762 1733 838 submiserant,dirigente
1766 768 1934 838 [100])

322 849 583 903 volentes
618 849 924 914 mundum,
961 865 1136 921 quem
1184 851 1560 922 reliquerant,
1613 859 1671 908 et
1714 871 1840 925 quae
1875 854 1932 907 in

322 937 544 991 mundo
578 940 729 1003 sunt,
765 936 980 1003 omnia,
1011 954 1137 1008 quas
1168 942 1302 991 sunt
1322 940 1784 1011 concupiscentia
1817 958 1936 996 car-

323 1023 432 1091 nis,
489 1025 953 1097 concupiscentia
1010 1026 1330 1094 oculorum,
1390 1032 1446 1081 et
1490 1030 1758 1100 superbia
1784 1030 1929 1096 vitae,

323 1112 429 1166 sibi
462 1113 763 1182 subjicere,
787 1113 1104 1184 quamdam
1136 1114 1359 1168 vivendi
1390 1132 1659 1170 normam
1694 1118 1827 1172 satis
1849 1133 1935 1170 ar-

324 1200 503 1255 duam
531 1200 923 1267 instituerunt,
959 1218 1133 1272 quam
1163 1207 1220 1257 et
1247 1203 1353 1274 ipsi
1384 1207 1718 1272 tenuerunt,
1756 1208 1935 1275 etpo-

321 1290 490 1344 steris
520 1290 635 1344 suis
666 1291 981 1345 tenendam
1009 1292 1450 1348 mandaverunt.
1468 1294 1611 1349 Nam
1634 1298 1835 1350 contra
1850 1313 1938 1349 su-

324 1377 612 1448 perbiam,
648 1395 776 1450 qua:
798 1378 1025 1433 initium
1058 1383 1142 1433 est
1170 1381 1361 1435 omnis
1389 1383 1629 1454 peccati,
1648 1388 1705 1437 et
1735 1387 1937 1438 contra

325 1466 448 1536 ejus
480 1467 793 1521 nefandam
820 1468 1103 1536 sobolem,
1155 1469 1430 1524 invidiam
1475 1472 1706 1537 scilicet,
1750 1471 1933 1525 ambi-

324 1553 548 1607 tionem
583 1560 641 1607 et
667 1571 875 1608 vanam
904 1554 1173 1626 gloriam,
1202 1560 1259 1610 et
1283 1557 1327 1610 si
1348 1574 1459 1628 qua
1474 1561 1605 1612 sunt
1632 1560 1762 1625 alia,
1792 1559 1938 1612 fece-

324 1644 463 1694 runt
491 1641 597 1695 sibi
624 1645 803 1696 vestes
833 1642 1032 1698 breves
1058 1647 1114 1697 et
1141 1649 1413 1714 angustas
1439 1646 1509 1699 de
1527 1663 1725 1716 grosso
1742 1663 1934 1718 panno

326 1730 482 1796 albo,
516 1729 609 1784 vili
632 1734 688 1785 et
713 1730 863 1797 rudi,
897 1748 1023 1803 quae
1042 1748 1139 1786 eos
1160 1734 1623 1804 contemptibiles
1669 1735 1937 1788 intuenti-

2038 588 2316 641 charitatc
2342 590 2718 660 recipiebant,
2760 598 2817 647 et
2842 596 3009 665 juxta
3038 597 3407 656 offerentium
3437 605 3639 659 volun-

2038 678 2217 729 tatem
2252 676 2473 744 (diebus
2501 682 2720 747 tamen,
2770 682 2974 753 quibus
2996 685 3078 739 eis
3101 687 3245 741 vesci
3274 687 3500 761 licebat)
3530 691 3641 747 dis-

2036 763 2388 819 tribuebant.

2109 854 2195 905 39.
2223 852 2488 908 Ofﬁcium
2525 855 2802 936 divinum,
2835 859 3109 916 diurnum
3160 863 3378 934 pariter
3423 868 3480 920 et
3506 884 3644 923 noc-

2034 941 2296 1007 turnum,
2330 945 2446 996 tam
2478 943 2534 997 in
2558 946 2813 1012 ecclesia,
2845 947 3045 1003 diebus
3065 950 3291 1005 ethoris
3322 952 3648 1025 illisquibus

2034 1026 2092 1080 in
2121 1044 2251 1082 eam
2265 1031 2703 1099 conveniebant,
2724 1052 2897 1105 quam
2914 1053 3018 1107 per
3030 1039 3220 1105 cellas,
3238 1056 3355 1094 non
3382 1042 3647 1112 perfunc-

2034 1115 2200 1179 torie,
2235 1119 2295 1169 ut
2316 1118 2575 1188 quidam,
2604 1122 2702 1174 sed
2733 1122 3326 1192 intentissime,oculis
3352 1128 3643 1184 interram

2037 1201 2315 1270 demissis,
2346 1206 2611 1283 cordibus
2628 1224 2757 1261 vero
2786 1209 2843 1263 in
2875 1212 3080 1265 coelum
3110 1212 3250 1279 fixis,
3281 1214 3642 1272 devotissime

2036 1292 2457 1360 persolvebant.
2500 1294 2709 1348 Totum
2740 1313 2967 1369 quoque
3015 1316 3205 1361 suum,
3242 1305 3363 1355 tam
3404 1303 3641 1358 interio-

2035 1394 2161 1432 rem
2206 1396 2378 1450 quam
2436 1382 2803 1449 exteriorem,
2864 1385 3165 1440 hominem
3214 1388 3434 1457 babitu,
3484 1407 3642 1458 voce,

2035 1468 2212 1533 vultu,
2250 1469 2418 1523 rebus
2450 1469 2691 1524 visibilia
2723 1472 3146 1541 excedentibus,
3193 1478 3396 1546 spretis
3428 1478 3646 1533 cunctis

2036 1556 2177 1621 aliis,
2212 1555 2521 1621 intentum,
2546 1559 2664 1612 imo
2692 1560 2925 1614 afﬁxum
2959 1563 3094 1629 Deo,
3125 1564 3489 1620 exhibebant.
3522 1567 3649 1621 Die-

2035 1644 2141 1697 bus
2170 1659 2302 1697 vero
2334 1646 2647 1700 Dominicis
2677 1650 2733 1700 et
2788 1650 2956 1701 certis
3005 1656 3337 1706 sanctorum
3371 1652 3642 1709 festivita-

2036 1731 2185 1786 tibus
2217 1735 2442 1787 tantum
2475 1736 2845 1806 antiquorum
2870 1740 3245 1794 eremitarum
3267 1758 3452 1809 more,
3486 1744 3642 1799 neab

324 1818 432 1872 bus
463 1818 778 1873 redderent
820 1822 877 1873 et
906 1820 1178 1890 abjectos,
1231 1824 1287 1874 et
1315 1821 1420 1875 illis
1473 1822 1701 1877 horrori
1747 1825 1937 1875 essent
1962 1824 2008 1881 Β
2036 1819 2158 1873 aliis
2194 1821 2367 1874 sacris
2420 1824 2706 1893 Operibus,
2768 1825 2901 1879 licet
2929 1827 3208 1897 dignitate
3254 1830 3639 1899 inferioribus,

320 1908 535 1979 potius,
559 1925 733 1979 quam
760 1907 893 1979 ipsis
921 1909 1150 1962 honori.
1188 1910 1255 1963 Et
1298 1910 1556 1980 quamvis
1612 1911 1668 1964 in
1700 1910 1933 1965 sordido

318 1995 522 2049 habitu
555 1995 848 2050 interdum
882 1998 1148 2068 superbia
1178 1999 1375 2066 lateat,
1431 1999 1691 2053 fecerunt
1738 2003 1934 2053 tamen

318 2083 429 2154 ipsi
461 2083 534 2137 ad
569 2100 696 2138 eam
726 2085 1175 2155 profugandam,
1199 2086 1478 2157 quidquid
1497 2087 1686 2141 facere
1732 2090 1932 2158 potuc-

318 2175 477 2226 runt.
515 2172 729 2227 Contra
751 2174 1125 2245 cupiditatem
1154 2192 1453 2247 vero,qum
1475 2176 1633 2230 radix
1669 2175 1932 2230 omnium

318 2261 609 2315 malorum
637 2261 862 2327 dicitur,
882 2265 939 2316 et
957 2262 1279 2331 avaritiam,
1303 2280 1431 2335 qua:
1459 2264 1748 2319 idolorum
1768 2263 1934 2317 servi-

318 2351 411 2402 tus
430 2353 816 2420 nuncupatur,
835 2352 1315 2406 certosterminos
1340 2353 1503 2424 juxta
1532 2353 1791 2407 locorum
1808 2367 1934 2405 suo-

321 2451 453 2489 rum
473 2435 831 2491 fertilitatem
845 2440 943 2491 aut
962 2438 1322 2493 sterilitatem
1342 2440 1591 2509 majores
1608 2439 1932 2493 minoresve

322 2523 712 2595 praeﬁxerant,
743 2526 823 2579 ita
854 2529 914 2579 ut
941 2531 1101 2581 extra
1122 2544 1239 2592 eos,
1274 2528 1498 2581 etiamsi
1516 2530 1669 2581 totus
1684 2528 1932 2581 mundus

320 2613 403 2666 eis
427 2612 752 2679 offerretur,
805 2631 907 2668 nec
937 2616 1162 2681 saltem,
1195 2620 1477 2687 quantum
1524 2631 1625 2686 pes
1644 2616 1932 2669 humanus

324 2718 607 2773 occupare
633 2706 841 2773 potest,
862 2703 1057 2757 liceret
1082 2704 1393 2773 possidere.

395 2792 483 2843 38.
518 2789 751 2844 Certum
798 2791 973 2845 etiam
1018 2808 1350 2857 numerum,
1399 2808 1574 2861 quem
1606 2790 1930 2861 transgredi

318 2876 477 2930 nullo
507 2876 683 2930 modo
717 2877 933 2938 liceret,
955 2876 1298 2931 animalibus
1329 2880 1387 2931 et
1414 2876 1717 2947 pecoribus
1747 2876 1932 2947 impo-

318 2969 578 3020 suerunt.
600 2966 667 3019 Et
681 2970 741 3019 ut
755 2983 868 3020 non
887 2969 1036 3020 esset
1054 2966 1135 3019 eis
1150 2966 1497 3038 quandoque
1520 2965 1928 3031 necessarium,

318 3053 409 3107 vel
428 3053 556 3125 plus
585 3057 755 3108 terra:
782 3070 958 3125 quam
1013 3053 1232 3107 dictum
1264 3057 1369 3120 est,
1429 3052 1770 3123 possessioni
1811 3069 1927 3106 suae

319 3141 559 3206 addere,
592 3144 691 3195 aut
726 3157 996 3211 pecorum
1020 3158 1329 3195 numerum
1361 3158 1595 3212 augere,
1623 3140 1928 3195 duodecim

314 3231 548 3283 tantum
600 3230 914 3284 monachos
945 3247 1076 3284 cum
1130 3230 1301 3284 tertio
1336 3228 1560 3283 decimo
1592 3228 1804 3299 priore,
1865 3244 1930 3282 ac

316 3317 607 3371 sexdecim
640 3318 946 3383 conversis,
978 3318 1287 3389 paucisque
1342 3316 1736 3383 mercenariis,
1770 3316 1928 3371 nullo

318 3420 553 3475 prorsus
579 3406 968 3476 superaddito,
1002 3406 1060 3459 in
1082 3405 1479 3460 suis'domibus
1509 3422 1628 3459 esse
1651 3408 1929 3476 perpetuo

321 3492 722 3547 decreverunt.
744 3495 829 3548 Ad
856 3494 1247 3549 edomandam
1267 3497 1461 3548 autem
1505 3494 1691 3547 carnis
1720 3510 1929 3547 concu-

313 3580 684 3651 piscentiam,
704 3586 761 3637 et
786 3583 975 3653 legem
1004 3582 1426 3649 membrorum,
1450 3598 1577 3653 quae
1602 3582 1932 3651 repugnant

318 3668 434 3740 legi
459 3670 854 3736 mentis,duris
870 3687 1099 3742 semper
1111 3670 1185 3724 ad
1209 3687 1445 3724 carnem
1478 3669 1670 3723 ciliciis
1698 3669 1933 3723 uteban-

316 3759 436 3810 tur.
470 3756 755 3824 Secunda,
803 3761 1007 3830 quarta
1052 3762 1110 3812 et
1134 3762 1291 3813 sexta
1316 3758 1489 3825 feriis,
1524 3774 1673 3830 pane
1706 3760 1763 3811 et
1783 3773 1932 3828 aqua

319 3846 378 3897 et
406 3845 544 3912 sale,
579 3845 723 3899 sicut
739 3845 1024 3915 placebat,
1056 3846 1313 3900 contenti
1345 3849 1529 3900 erant.
1551 3845 1741 3900 Tertia
1770 3861 1926 3909 vero,

325 3930 530 4001 quinta
551 3935 608 3986 et
637 3932 888 3988 Sabbato
917 3934 1214 4004 legumina
1243 3935 1329 3987 vel
1362 3934 1577 4005 aliquid
1597 3932 1930 4003 hujusmodi

316 4023 377 4074 et
408 4020 630 4088 vinum,
652 4022 778 4076 etin
807 4023 949 4077 feria
969 4022 1171 4094 quinta
1183 4023 1356 4077 etiam
1375 4039 1599 4077 caseum
1616 4023 1699 4075 vel
1715 4021 1930 4093 aliquid

327 4108 485 4162 aliud
513 4125 545 4162 a
571 4110 903 4181 coquinario
934 4110 1311 4181 recipiebant,
1337 4111 1408 4165 ab
1424 4110 1799 4165 omnitamen
1830 4126 1930 4163 esu

321 4196 586 4250 carnium
601 4201 720 4251 tam
748 4199 870 4252 sani
897 4214 1073 4269 quam
1106 4198 1323 4252 infirmi
1352 4205 1635 4270 perpetuo
1676 4198 1928 4252 abstine-

316 4283 482 4338 bant.
502 4286 686 4339 Panes
699 4286 856 4340 albos
879 4302 995 4339 non
1010 4286 1416 4357 comedebant,
1433 4287 1532 4341 sed
1545 4288 1731 4341 solum
1750 4289 1929 4341 tortas

2035 1902 2477 1977 impedirentur,
2522 1910 2709 1965 missae
2753 1913 3091 1967 sacrificium
3150 1916 3490 1984 offerebant,
3525 1936 3640 1990 quo

2035 2010 2239 2049 omnes
2267 1996 2484 2066 pariter
2513 1998 2952 2056 conveniebant.
2987 2001 3055 2054 Et
3080 2001 3215 2071 ipsis
3241 2002 3440 2059 diebus
3464 2005 3524 2060 in
3550 2022 3639 2060 re-

2033 2081 2272 2137 fectorio
2295 2083 2463 2138 simul
2483 2085 2554 2138 ad
2577 2086 2753 2140 ritum
2787 2089 3205 2143 monachorum
3236 2092 3639 2148 comedebant.

2032 2170 2169 2223 Aliis
2192 2187 2325 2225 vero
2358 2171 2559 2226 diebus
2583 2173 2642 2227 in
2688 2174 2845 2228 cellis
2894 2175 3006 2230 suis
3028 2177 3132 2230 sub
3176 2181 3333 2233 arcto
3392 2180 3641 2249 silentio,

2033 2258 2304 2325 orationi,
2358 2260 2744 2328 meditationi,
2799 2264 3297 2333 contemplationi,
3349 2270 3406 2320 et
3426 2269 3646 2324 caeteris

2032 2346 2139 2415 piis
2173 2350 2229 2400 et
2254 2347 2470 2402 devotis
2504 2350 2785 2404 exercitiis
2832 2350 2956 2405 siue
3006 2351 3432 2409 intermissione
3479 2372 3641 2411 vaca-

2031 2433 2193 2501 bant,
2227 2433 2305 2488 ita
2328 2438 2411 2500 ut,
2445 2436 2542 2490 ubi
2569 2438 2725 2506 prius
2752 2438 2983 2492 fuerant
3014 2455 3213 2509 specus
3238 2444 3295 2495 et
3325 2441 3533 2497 cubilia
3558 2443 3641 2497 fe-

2030 2539 2249 2597 rarum,
2285 2525 2419 2576 tunc
2444 2524 2666 2578 videres
2695 2527 2900 2580 choros
2915 2530 3484 2594 castrorum,cuneos
3515 2547 3645 2601 pro-

2031 2611 2362 2682 phetarum,
2391 2616 2705 2666 conventus
2736 2615 3181 2681 monachorum,
3217 2619 3274 2670 et
3331 2621 3506 2672 castus
3545 2634 3642 2673 an-

2031 2699 2295 2769 gelorum
2332 2700 2500 2769 (l02).

2103 2788 2191 2839 40.
2226 2786 2572 2841 Memoratus
2616 2792 2810 2842 autem
2865 2789 3164 2861 episcopus
3212 2796 3441 2846 sanctus
3478 2793 3641 2864 Hugo

2033 2889 2129 2927 eos
2152 2873 2490 2943 frequenter
2516 2874 2797 2943 visitabat,
2844 2879 2902 2930 et
2949 2880 3009 2930 ut
3039 2877 3184 2934 ﬁlios
3213 2880 3528 2935 tenerrime
3554 2881 3641 2936 di-

2033 2960 2249 3031 ligebat
2267 2977 2281 3028 ;
2301 2977 2442 3031 quos
2457 2978 2633 3032 usque
2652 2962 2724 3016 ad
2744 2967 2996 3017 mortem
3012 2981 3176 3019 suam
3189 2970 3246 3020 et
3267 2984 3383 3023 non
3411 2972 3639 3023 tantum

2032 3062 2148 3114 eos,
2184 3047 2284 3101 sed
2313 3052 2371 3101 et
2399 3048 2499 3119 qui
2528 3049 2609 3102 eis
2651 3048 2857 3103 exinde
2918 3057 3328 3121 successerunt,
3384 3056 3640 3112 conciliis

2030 3152 2263 3206 semper
2287 3134 2444 3200 fovit,
2479 3140 2537 3190 et
2564 3137 2876 3192 beneflciis.
2912 3139 3157 3211 Eratque
3197 3141 3351 3195 inter
3380 3159 3497 3208 eos,
3518 3160 3637 3198 non

2030 3228 2093 3278 ut
2124 3224 2392 3278 dominus
2418 3227 2517 3278 aut
2546 3224 2864 3297 episcopus,
2910 3227 3009 3281 sed
3042 3230 3104 3282 ut
3127 3229 3311 3284 socius
3365 3234 3424 3286 et
3459 3230 3642 3286 frater

2028 3312 2405 3379 humillimus,
2422 3316 2480 3365 et
2495 3313 2568 3367 ad
2583 3318 2922 3369 cunctorum
2953 3320 3251 3387 (quantum
3279 3318 3337 3372 in
3352 3318 3473 3391 ipso
3493 3320 3642 3391 erat)

2032 3400 2305 3471 obsequia
2340 3401 2754 3471 paratissimus.
2821 3405 2884 3457 In
2915 3407 3144 3458 tantum
3176 3408 3373 3459 autem
3402 3407 3640 3463 devotus

2031 3505 2292 3543 eremum
2328 3490 2633 3555 incolebat,
2662 3493 2724 3544 ut
2743 3508 2877 3545 eum
2906 3492 3200 3547 interdum
3216 3494 3417 3548 beatus
3447 3496 3639 3550 Bruno

2032 3574 2165 3629 inde
2199 3576 2349 3630 exire
2383 3580 2441 3630 et
2466 3577 2538 3631 ad
2564 3593 2694 3631 oves
2719 3596 2847 3633 suas
2872 3580 3060 3635 redire
3110 3582 3503 3652 compelleret.
3534 3584 3636 3651 Ite,

2033 3662 2241 3734 inquit,
2276 3665 2353 3719 ite
2376 3665 2448 3719 ad
2479 3681 2612 3720 oves
2654 3671 2888 3734 vestras,
2958 3671 3016 3721 et
3049 3668 3206 3739 quod
3259 3669 3341 3723 eis
3400 3670 3640 3737 debetis,

2033 3753 2300 3807 exsolvite
2327 3753 2493 3823 (103).
2524 3755 2649 3824 lpso
2679 3754 2856 3809 etiam
2890 3756 3219 3810 beatissimo
3252 3757 3519 3829 episc0pe
3549 3758 3638 3812 in-

2031 3844 2218 3895 stante
2242 3843 2300 3894 et
2328 3844 2697 3910 procurante,
2723 3842 3109 3896 circumvicini
3132 3859 3355 3910 omnes,
3390 3846 3509 3898 tam
3545 3861 3637 3900 ec-

2030 3928 2299 3983 clesiatici
2320 3946 2495 4000 quam
2517 3929 2740 3983 nobiles
2752 3933 2809 3983 et
2840 3930 3166 4001 populares,
3202 3930 3463 3986 videntes
3483 3933 3638 3987 beati

2031 4017 2314 4071 Brunonis
2332 4021 2389 4071 et
2420 4018 2540 4088 ejus
2571 4017 2855 4072 sodalium
2888 4021 3007 4072 tam
3035 4021 3294 4073 sanctam
3310 4035 3376 4074 ac
3399 4022 3520 4074 tam
3536 4021 3638 4077 ho-

2033 4109 2257 4161 nestam
2289 4122 2353 4160 ac
2381 4106 2648 4161 devotam
2679 4105 3200 4173 conversationem,
3230 4106 3515 4163 dederunt
3533 4109 3636 4164 eis-

2031 4194 2187 4261 dem,
2213 4194 2492 4266 quidquid
2512 4195 2663 4265 juris
2693 4194 2987 4249 habebant
3016 4194 3076 4251 in
3127 4195 3291 4250 dictis
3319 4197 3635 4265 montibus,

2031 4286 2089 4338 et
2120 4283 2272 4338 intra
2297 4284 2442 4337 ﬁnes
2468 4285 2525 4338 et
2552 4282 2762 4337 limites
2802 4283 2968 4338 dicta:
2997 4283 3324 4338 solitudinis
3353 4284 3519 4355 (104).
3544 4285 3641 4340 Isti

321 4372 727 4442 (lOl),licetde
748 4373 955 4427 tritico.
991 4374 1199 4429 Vinum
1223 4391 1432 4446 purum
1457 4392 1755 4446 nunquam
1777 4374 1931 4429 bibe-
1955 4402 2006 4459 Ι)
2033 4373 2224 4459 itaque
2251 4374 2402 4437 sunt,
2433 4387 2466 4425 ο
2516 4370 2649 4425 felix
2676 4370 3018 4459 iCairthusia,
3058 4370 3259 4459 primi
3288 4372 3485 4426 Patras
3533 4372 3636 4443 illi,

315 4459 587 4527 bant,sed
600 4461 749 4515 bene
763 4462 1031 4529 dilutum,
1065 4462 1219 4534 quod
1239 4465 1446 4517 vocant
1462 4462 1835 4533 limphatum,
1872 4465 1930 4517 et
1956 4457 1987 4459 “
2031 4457 2128 4530 qui
2159 4457 2308 4512 hanc
2336 4461 2556 4512 vastam
2582 4458 2952 4513 solitudinem
2982 4458 3157 4528 primi
3187 4458 3637 4517 inhabitarecm-

313 4546 426 4601 hoc
451 4547 731 4602 duntaxat
749 4548 807 4603 in
837 4549 1083 4621 prandio
1108 4553 1426 4618 etcoena,et
1451 4550 1651 4604 diebus
1670 4550 1928 4620 illis,qui-
2029 4549 2258 4616 perunt,
2277 4549 2334 4600 et
2350 4546 2407 4600 in
2420 4563 2489 4600 ea
2510 4546 2777 4600 ordinem
2800 4546 3084 4618 hunc,qui
3109 4564 3143 4601 a
3161 4549 3219 4600 te
3244 4564 3462 4604 nomen
3483 4550 3643 4605 velut

312 4634 421 4689 bus
439 4635 1849 4709 eoutietcmnarelicebatJejuniisferecontinuis
1873 4641 1931 4693 et
2030 4635 2221 4689 oleum
2269 4634 2480 4705 ubique
2536 4637 2827 4689 terrarum
2873 4634 3118 4690 effusum
3165 4636 3405 4707 accepit,
3461 4637 3637 4708 primi

313 4721 765 4796 prolixisvigiliis
780 4727 1609 4781 carnemmacerabant.Pisces
1626 4742 1928 4799 nunquam
2027 4721 2436 4777 fundaverunt.
2466 4720 2562 4776 lsti
2600 4726 2735 4776 sunt
2759 4724 2984 4793 septem
3023 4723 3330 4791 columnas,
3364 4740 3508 4795 quas
3533 4723 3636 4780 Sa-

390 4863 544 4946 (100).
573 4864 716 4946 Cum
747 4866 1010 4946 Sanctus,
1045 4870 1359 4946 antequam
1380 4868 1452 4946 in_
1475 4866 1837 4946 Carthusiam
1865 4884 1924 4946 se
2026 4866 2085 4946 in
2114 4881 2310 4946 opere,
2339 4864 2497 4946 quod
2531 4864 2782 4946 annales
2839 4864 3297 4946 Carthu‘sienses‘
3324 4863 3634 4946 inscripsit,

312 4933 573 5008 abderet,
635 4936 971 5008 aliquandiu
999 4933 1341 5006 eremi-tice,
1398 4941 1462 4992 ut
1515 4939 1925 4993 commentarii
2025 4937 2084 4991 in
2110 4933 2381 5008 Adnotatl
2429 4935 2502 5008 ad
2530 4935 2749 4989 dictum
2805 4938 3174 5006 cap.tortam
3220 4933 3636 5005 interpretatur

356 5005 511 5086 νωγίὶ
540 5005 844 5086 numiui:
872 5012 930 5063 et
969 5008 1188 5086 aliquot
1217 5026 1400 5086 seqq._
1423 5008 1610 5086 docui,
1641 5009 1699 5063 in
1729 5008 1925 5086 Sicca}
2016 5006 2600 5086 panemsu‘brufum.”
2874 5005 2891 5006 ί
3111 5074 3142 5086 ﬂ
3265 5076 3275 5086 _
3430 5074 3441 5085 .

309 5020 511 5129 praem
540 5023 702 5060 num.
736 5020 841 5062 414
872 5020 930 5063 et
969 5020 1188 5079 aliquot
1217 5026 1377 5081 seqq.
1423 5020 1610 5075 docui,
1641 5026 1699 5063 in
1729 5020 1925 5063 Siccm-
2016 5024 2214 5080 panem
2240 5020 2547 5085 suorzqum.
2589 5075 2600 5086 .
3430 5074 3441 5085 _

356 5076 926 5160 ontanzeusolitu'dine
982 5080 1203 5159 vixerit,
1246 5078 1920 5160 dubitandum_apparet,
2097 5078 2241 5158 (10:2)
2272 5078 2351 5160 9e
2377 5076 2859 5160 vivendi-norma,
2888 5090 3066 5160 quam
3110 5074 3353 5155 Sanctus
3391 5090 3630 5160 ejusque

312 5162 391 5200 an
421 5163 455 5201 a
485 5148 746 5226 sociis,in
770 5149 1131 5226 Carth‘usiam
1152 5166 1282 5226 eum
1297 5150 1522 5216 secutis,
1556 5150 1614 5226 i_n
1638 5145 1919 5226 Priorem,
2023 5145 2159 5203 soeii
2274 5147 2573 5226 Carthasia
2598 5145 2928 5226 tenuerint,
2959 5145 3163 5200 videsis
3222 5145 3633 5203 commentarii

312 5233 449 5297 cum
482 5218 742 5297 nondum
775 5236 907 5273 cum
936 5220 1089 5274 hisce
1108 5220 1181 5297 ad
1208 5216 1922 5297 llugonemﬁratianopoé
2022 5220 2401 5297 prteviinum.
2558 5220 2618 5271 et
2649 5216 2987 5297 binisjeqq.
3150 5285 3183 5297 Α
3263 5286 3298 5297 ι,
3501 5285 3535 5297 η

308 5288 558 5370 litanum
584 5290 941 5370 episcopum,
994 5285 1516 5370 venisset,_electus
1547 5307 1667 5370 non
1691 5285 1918 5370 __fuerit,
2022 5285 2040 5290 ’
2095 5290 2241 5361 (103)
2274 5288 2518 5369 Sanctus
2543 5302 2682 5370 vere.
2704 5287 2785 5340 ita
2802 5285 3126 5370 Hugonem,
3146 5285 3632 5370 gratiangpolita-

309 5362 593 5439 contraac
614 5355 703 5429 iis,
734 5355 860 5433 quae
885 5355 977 5415 hic
1006 5361 1219 5419 scribit.
1247 5355 1540 5417 Puteanus
1566 5355 1920 5417 existimasse
2021 5355 2164 5415 num
2210 5355 2568 5439 episcopum,
2613 5356 3048 5439 .pbsequennntgm
3096 5357 3321 5412 habuit.
3379 5355 3634 5413 Consule

308 5428 558 5485 videtur.
749 5428 771 5433 ⁷
2018 5428 2421 5507 commentarii
2454 5428 2646 5507 praevii
2675 5442 2840 5481 num.
2875 5428 3013 5507 502...

383 5501 527 5578 (ip!)
563 5501 1060 5578 Consuetudinum
1096 5502 1372 5578 Guigonis
1400 5518 1527 5578 cap.
1563 5503 1654 5568 34,
1688 5519 1849 5558 num.
1885 5506 1921 5559 3

2087 5502 2236 5578 (104)
2256 5496 2750 5578 instrumentum,
2813 5512 2936 5578 quo
2959 5496 3020 5551 id
3038 5496 3127 5578 illi
3154 5498 3437 5578 fecerunt,
3474 5510 3639 5550 com-

307 5569 395 5628 ita
422 5569 633 5645 habet;
665 5571 875 5645 Panis,
928 5575 1171 5645 quamvis
1207 5569 1299 5627 'de
1356 5569 1548 5640 tritico,
1611 5579 1751 5627 torta
1804 5581 1916 5640 est;
2020 5569 2294 5645 mentarii
2348 5570 2546 5641 praevii
2603 5580 2775 5623 num.
2839 5569 2942 5624 503
3002 5571 3060 5623 et
3118 5584 3281 5642 seqq.
3340 5569 3650 5639 integrum

299 5657 509 5719 panem
531 5644 673 5700 mim
714 5642 896 5700 album
924 5640 1031 5701 rion
1084 5645 1360 5720 facimus:
1406 5644 1697 5701 Massonus
1722 5649 1918 5704 autem
2021 5640 2176 5698 dedi.
