4014 6052
339 277 437 341 511

1187 273 1244 330 8.
1278 272 1621 329 BRUNONIS
1665 265 2295 327 CARTHUSIANORUM
2324 266 2796 324 INSTITUTORIS

3543 277 3648 333 512

335 394 553 467 pientia
583 393 810 461 excidit,
832 398 890 449 et
918 394 977 448 in
1006 394 1211 466 quibus
1236 394 1339 449 sibi
1365 395 1601 449 domum
1619 391 1940 449 aediﬁcavit.
1964 394 2018 451 Α
2046 408 2076 441 «
2098 390 2214 461 Ego
2246 407 2371 443 sum
2405 407 2586 460 genus
2617 394 2673 444 et
2716 391 2875 445 radix
2912 391 3107 458 David,
3159 393 3322 447 stella
3347 394 3650 464 splendida

332 484 426 539 Isti
450 487 583 538 sunt
609 487 831 555 septem
858 484 1032 537 boves
1083 484 1461 539 ascendentes
1511 484 1579 538 de
1643 483 1832 548 tluvio,
1882 482 1939 534 et

334 576 555 642 septem
586 570 835 643 spicaein
866 573 1055 626 culmo
1080 589 1217 627 uno.
1268 573 1335 625 Et
1384 575 1605 642 septem
1661 570 1935 634 buccina»,

335 675 580 731 quarum
606 676 736 712 usus
760 662 884 713 erat
908 659 965 712 in
989 660 1229 729 jubileo.

406 748 495 801 41.
555 748 649 801 Isti
704 748 835 800 sunt
889 751 1112 819 septem
1158 747 1530 813 candelabra,
1584 747 1644 801 in
1691 762 1939 818 quorum

337 834 530 890 medio
571 836 821 889 Joannes
867 836 1119 890 scribens
1184 840 1409 908 septem
1485 835 1766 901 Ecclesiis,
1814 851 1940 905 quae

338 926 503 977 erant
534 922 591 976 in
618 923 771 990 Asia,
796 923 1059 994 perhibet
1087 940 1145 978 se
1173 924 1374 979 vidisse
1403 924 1663 978 similem
1690 924 1807 977 ﬁlio
1836 923 1942 976 ho-

337 1009 510 1064 minis
533 1009 799 1065 vestitum
834 1010 1068 1081 podere,
1120 1015 1534 1082 tenentemque
1595 1011 1652 1064 in
1712 1012 1945 1065 dextera

334 1115 437 1154 sua
460 1102 680 1170 septem
707 1100 915 1167 stellas,
948 1116 1075 1171 quae
1125 1104 1349 1172 septem
1382 1100 1764 1153 Ecclesiarum
1813 1103 1946 1153 sunt

341 1187 567 1257 angeli;
603 1190 659 1241 et
696 1187 751 1240 in
798 1189 990 1242 medio
1044 1189 1237 1242 throni
1269 1190 1501 1260 Agnum
1530 1191 1803 1253 stantem,
1838 1188 1938 1241 ha-

340 1273 578 1329 bentem
608 1291 823 1329 cornua
847 1280 1089 1346 septem,
1120 1280 1176 1331 et
1207 1278 1399 1331 oculos
1423 1281 1665 1348 septem,
1701 1277 1795 1347 qui
1820 1279 1951 1329 sunt

341 1366 565 1433 septem
591 1362 833 1433 Spiritus
865 1363 985 1431 Dei,
1030 1364 1089 1417 in
1135 1380 1374 1418 omnem
1397 1367 1613 1419 terram
1648 1364 1822 1417 missi.
1854 1364 1948 1417 Isti

344 1454 478 1504 sunt
505 1454 728 1521 septem
755 1456 964 1522 sporta;
1008 1452 1351 1522 fragmentis
1400 1455 1605 1523 plenae,
1642 1455 1698 1507 et
1728 1455 1951 1522 septem

345 1537 639 1610 signacula
667 1538 801 1593 libri
829 1539 1023 1601 clausi,
1055 1543 1114 1593 et
1144 1543 1365 1612 septem
1395 1540 1495 1593 viri
1523 1540 1737 1610 Spiritu
1756 1544 1950 1593 sancto

343 1626 523 1699 pleni,
557 1627 772 1698 quosin
798 1627 1070 1681 diaconos
1089 1628 1162 1681 ad
1182 1628 1626 1682 ministrandum
1655 1629 1954 1698 elegerunt

2046 482 2102 532 et
2135 479 2420 532 matutina
2470 480 2631 549 1107).
2679 500 2706 529 ››
2752 481 2818 534 Et
2849 498 2920 535 ne
2970 481 3039 536 de
3080 482 3161 535 eis
3201 482 3443 547 dicatur,
3494 483 3652 555 quod

2044 569 2221 621 stellae
2242 585 2356 622 non
2392 570 2523 621 sunt
2545 569 2776 623 mundae
2809 569 2866 623 in
2891 573 3198 641 conspectu
3230 572 3370 642 ejus.
3407 571 3646 639 Quinto,

2043 655 2185 709 sicut
2236 656 2532 709 stellarum
2594 657 2867 727 quzelibet
2914 659 3105 728 major
3158 662 3244 713 est
3299 662 3420 714 tota
3473 664 3647 728 terra,

2044 744 2304 814 quamvis
2335 744 2520 798 brevis
2564 746 2621 797 et
2652 746 2811 816 quasi
2860 747 3161 819 punctalis,
3197 750 3255 801 et
3294 747 3541 815 modica,
3570 748 3652 802 vi-

2045 830 2249 885 deatur
2280 831 2335 885 in
2369 832 2634 887 exteriori
2671 834 3027 905 apparentia,
3057 835 3133 888 sic
3159 834 3409 905 religiosi
3443 836 3659 890 debent

2048 936 2277 990 semper
2322 936 2572 974 crescere
2624 937 2728 991 per
2772 922 3133 989 charitatem,
3169 924 3350 978 minui
3383 941 3515 979 vero
3552 941 3658 995 per

2046 1006 2454 1061 humilitatem.
2492 1008 2619 1059 Haec
2663 1007 2817 1061 enim
2853 1008 2987 1074 duo,
3031 1009 3322 1063 humilitas
3366 1009 3579 1063 scilicet
3603 1013 3659 1063 et

2048 1093 2314 1160 Charitas,
2344 1096 2476 1147 sunt
2507 1094 2618 1148 duo
2664 1094 2958 1166 religionis
3011 1100 3290 1164 extrema,
3325 1096 3551 1150 initium
3600 1100 3659 1151 et

2051 1181 2203 1247 finis,
2232 1183 2353 1235 sine
2371 1182 2578 1253 quibus
2600 1186 2827 1249 caetera,
2848 1201 2974 1254 quae
3005 1184 3285 1250 mediant,
3313 1185 3510 1239 omnia
3524 1187 3660 1238 sunt

2054 1270 2242 1339 potius
2274 1286 2465 1340 poena,
2491 1286 2665 1340 quam
2698 1272 2904 1324 merito
2938 1272 3134 1343 digna.
3168 1272 3211 1328 Ο
3243 1273 3418 1344 igitur
3450 1258 3658 1327 iterum

2055 1361 2226 1428 atque
2253 1358 2464 1411 iterum
2490 1359 2623 1412 felix
2653 1358 2969 1425 Carthusia,
2998 1360 3202 1414 tandiu
3248 1361 3471 1428 sterilis,
3506 1378 3660 1415 nunc

2053 1462 2188 1500 vero
2212 1445 2495 1500 fecunda!
2550 1447 2761 1501 Felices
2788 1451 3038 1515 montes,
3090 1449 3186 1519 qui
3236 1451 3378 1503 tales
3428 1466 3655 1503 merue-

2053 1538 2191 1588 runt
2223 1535 2437 1588 habere
2470 1534 2687 1588 incolas
2717 1538 2774 1588 et
2806 1537 3051 1590 cultores
3078 1535 3090 1589 Ξ
3126 1537 3273 1591 Felix
3297 1536 3543 1608 denique
3568 1554 3663 1590 re-

2056 1622 2193 1692 ligio
2227 1621 2333 1674 ista
2365 1622 2633 1676 divinitus
2657 1623 2933 1690 instituta,
2956 1640 3082 1694 quae
3111 1624 3665 1695 religionesceeteras

349 1713 616 1785 apostoli,
661 1717 719 1768 et
742 1718 960 1784 septem
991 1715 1224 1785 gradus,
1258 1731 1400 1785 quos
1430 1716 1570 1769 vidit
1601 1715 1850 1769 Ezechiel
1882 1714 1953 1768 ad
1981 1708 2031 1765 B
2058 1712 2186 1785 post
2222 1711 2602 1780 Augustinum
2649 1714 2707 1763 et
2738 1711 3107 1765 Benedictum
3146 1712 3486 1783 antiquitate
3515 1729 3663 1784 prse-

347 1816 647 1855 ascensum
704 1802 999 1856 exterioris
1053 1803 1204 1867 atrii,
1268 1804 1377 1855 Iste
1429 1806 1513 1856 est
1567 1801 1952 1872 septenarius,

349 1892 588 1961 propter
616 1893 841 1959 septem
865 1889 1108 1960 Spiritus
1138 1891 1322 1945 sancti
1351 1891 1505 1945 dona
1530 1894 1803 1945 sacratus.
1840 1891 1945 1943 iste

347 1976 987 2046 septenariusnumerus
1000 1977 1222 2050 primus
1240 1978 1297 2031 in
1312 1978 1659 2033 monadibus
1672 1978 1958 2048 perfectus

349 2065 437 2117 est
461 2063 721 2118 redditus
752 2081 818 2118 ex
835 2064 948 2117 suis
961 2065 1219 2134 partibus
1234 2069 1597 2136 aggregatus.
1618 2065 1761 2119 Nam
1779 2081 1959 2118 unum

350 2151 410 2205 et
432 2167 549 2216 sex,
574 2151 686 2206 duo
721 2155 779 2205 et
820 2152 1097 2223 quinque,
1152 2153 1263 2207 tria
1288 2157 1345 2206 et
1373 2157 1640 2225 quatuor,
1680 2169 1806 2224 quae
1831 2156 1962 2206 sunt

348 2241 541 2309 partes
565 2239 687 2309 ejus
738 2240 1026 2310 aliquotaa,
1097 2244 1318 2311 septem
1366 2240 1602 2294 faciunt.
1660 2240 1799 2293 Hinc
1855 2243 1958 2306 est,

352 2324 509 2397 quod
540 2326 817 2398 septimus
836 2326 976 2395 dies,
1000 2330 1058 2381 et
1083 2328 1328 2399 septima
1346 2328 1734 2394 hebdomade,
1755 2331 1811 2381 et
1840 2344 1962 2397 sep-

351 2412 528 2468 timus
546 2414 780 2481 mensis,
799 2417 857 2468 et
869 2416 1146 2486 septimus
1169 2432 1374 2481 annus,
1398 2419 1678 2487 tanquam
1697 2416 1959 2486 perfecti,

353 2504 520 2555 erant
548 2502 676 2573 lege
698 2501 907 2557 feriati.

424 2589 512 2643 4-2.
563 2588 798 2661 Septem
852 2590 1030 2644 etiam
1091 2591 1289 2645 diebus
1348 2591 1538 2662 agitur
1580 2592 1638 2645 et
1679 2590 1961 2661 repetitur

353 2690 530 2731 omne
561 2678 809 2748 tempus.
846 2701 867 2723 α
904 2679 971 2731 Et
1003 2678 1247 2749 septimo
1296 2679 1387 2732 die
1421 2679 1658 2732 cessavit
1712 2680 1859 2732 Deus
1886 2679 1958 2733 ab

358 2764 518 2818 omni
543 2779 737 2834 opere.
763 2787 790 2813 »
812 2766 879 2819 Et
898 2765 1145 2836 septimo
1184 2765 1274 2820 die
1311 2766 1562 2821 Christus
1593 2766 1651 2819 in
1698 2767 1957 2836 sepulcro

2058 1797 2229 1862 cedit,
2258 1802 2315 1851 et
2345 1799 2447 1851 has
2475 1798 2600 1852 illas
2627 1799 2803 1852 etiam
2836 1800 2960 1853 vita:
3001 1798 3359 1853 austeritate!
3396 1803 3473 1855 De
3501 1801 3663 1870 cujus

2061 1886 2283 1956 origine
2318 1886 2438 1939 haec
2467 1903 2666 1957 pauca,
2700 1890 2765 1941 ut
2797 1888 2870 1941 ad
2904 1892 3154 1959 emptum
3183 1889 3540 1960 propositum
3572 1905 3665 1942 re-

2063 1973 2323 2039 deamus,
2356 1974 2659 2028 sufficiant.

2133 2062 2221 2114 44.
2257 2062 2459 2115 Beatus
2502 2062 2693 2133 itaque
2731 2064 2944 2130 Bruno,
2995 2062 3065 2117 de
3098 2080 3210 2135 quo
3242 2064 3409 2119 nobis
3451 2080 3665 2131 sermo,

2063 2148 2124 2202 in
2150 2148 2256 2203 hac
2284 2149 2412 2202 vita:
2430 2150 2761 2204 austeritate
2783 2167 2914 2204 cum
2948 2151 3059 2204 suis
3090 2152 3149 2205 in
3182 2151 3334 2205 dicta
3359 2151 3667 2206 solitudine

2062 2237 2183 2290 fere
2210 2252 2303 2290 sex
2326 2253 2613 2291 annorum
2648 2239 2829 2309 spatio
2853 2240 3253 2311 perseveravit,
3288 2240 3379 2294 die
3397 2257 3460 2294 ac
3500 2243 3668 2294 nocte

2065 2325 2185 2378 sine
2246 2324 2672 2381 intermissione
2704 2327 2961 2397 jejuniis,
3024 2328 3378 2384 orationibus
3434 2331 3491 2382 et
3544 2327 3670 2382 aliis

2064 2414 2344 2468 exercitiis
2372 2414 2652 2485 religiosis
2683 2431 2888 2470 vacans
2939 2416 3106 2486 (108).
3171 2416 3424 2488 Contigit
3472 2420 3667 2470 autem

2064 2504 2145 2568 ut,
2180 2504 2409 2555 mortuo
2443 2501 2714 2572 Gregorio
2774 2503 3019 2574 septimo
3051 2503 3321 2573 pontifice
3381 2503 3664 2569 Romano,

2062 2589 2392 2643 succederet
2417 2589 2468 2643 ei
2521 2589 2578 2643 in
2624 2594 2840 2661 papatu
2885 2591 3077 2645 Victor
3122 2593 3353 2659 tertius;
3382 2607 3494 2663 quo
3527 2591 3670 2644 item

2056 2680 2189 2747 pest
2218 2693 2428 2747 paucos
2465 2694 2694 2731 menses
2750 2680 3001 2744 mortuo,
3034 2679 3302 2733 successit
3328 2679 3379 2732 ei
3407 2680 3671 2733 Urbanus

2062 2765 2364 2832 secundus,
2396 2766 2554 2836 prius
2603 2765 2786 2819 dictus
2829 2766 2997 2839 Othq,
3057 2767 3373 2821 monachus
3404 2770 3461 2821 et
3491 2767 3671 2821 abbas

353 2852 585 2923 quievit.
616 2854 676 2906 In
701 2853 906 2924 quibus
933 2853 1202 2907 omnibus
1254 2857 1489 2908 notatur
1535 2854 1706 2924 hujus
1753 2853 1959 2907 sacrati
2064 2852 2470 2921 Cluniacensis,
2505 2852 2600 2924 qui
2632 2853 2889 2924 ejusdem
2921 2854 3077 2929 beati
3103 2855 3405 2923 Brunonis,
3441 2855 3578 2909 dum
3607 2854 3666 2907 in

353 2940 659 3011 septenarii
686 2941 935 3006 numeri,
970 2945 1027 2995 et
1070 2942 1127 2995 in
1162 2957 1230 2996 eo
1261 2942 1430 3011 hujus
1459 2959 1633 2996 sacras
1662 2942 1960 3012 religionis
2064 2939 2615 3012 minoribusageret,
2639 2940 2828 2994 fuerat
2845 2940 3151 3013 discipulus
3172 2945 3341 3011 (109).
3372 2942 3476 3005 Qui
3496 2942 3668 3012 paulo

356 3024 506 3098 (quae
537 3029 609 3082 ab
640 3028 898 3098 ejusdem
932 3029 1157 3083 numeri
1196 3029 1330 3083 viris
1360 3031 1478 3084 istis
1503 3033 1723 3100 septem
1768 3031 1957 3101 primo
1994 3043 2040 3105 α
2063 3031 2191 3099 post
2220 3028 2303 3082 sui
2328 3028 2782 3097 assumptionem
2808 3028 2881 3082 ad
2904 3030 3254 3098 apostolatus
3283 3029 3529 3101 apicem,
3550 3045 3670 3084 non

349 3113 609 3170 instituta
638 3120 739 3183 est}
772 3117 1070 3187 perfectio.
1102 3117 1239 3181 Quae
1276 3122 1430 3172 recte
1460 3118 1699 3188 figurata
1753 3118 1960 3171 dicitur
2063 3115 2375 3171 immemor
2390 3115 2663 3170 doctrina:
2680 3120 2736 3170 et
2760 3116 3062 3187 probitatis
3082 3118 3339 3188 ejusdem
3355 3118 3506 3173 beati
3529 3119 3669 3173 Bru-

347 3216 453 3273 per
479 3204 669 3258 stellas
696 3204 819 3258 illas
880 3208 1123 3273 septem,
1180 3221 1320 3275 quas
1366 3204 1426 3257 in
1473 3220 1675 3258 eorum
1713 3204 1959 3258 adventu
2065 3206 2253 3273 nonis,
2295 3204 2378 3259 sui
2412 3205 2549 3258 olim
2596 3204 2984 3275 przeceptoris,
3018 3206 3327 3277 volensque
3385 3205 3443 3260 in
3498 3205 3605 3260 sibi
3638 3222 3673 3260 a

350 3306 631 3362 magnum
652 3291 820 3360 hujus
838 3290 1145 3363 septenarii
1163 3290 1566 3355 demonstrvtt,
1586 3292 1707 3343 tam
1724 3294 1960 3361 propter
2066 3295 2287 3350 Christo
2317 3292 2537 3347 credita
2580 3292 3081 3347 administratione
3114 3295 3235 3364 ejus
3285 3293 3368 3348 uti
3399 3293 3668 3359 consiliis,

352 3394 635 3449 magnum
694 3379 861 3448 hujus
909 3378 1218 3448 septenarii
1277 3380 1724 3442 sacramentum,
1780 3394 1957 3448 quam

353 3467 592 3538 propter
624 3466 915 3519 stellarum
931 3466 1367 3531 sublimitatem,
1389 3464 1779 3531 stabilitatem,
1799 3465 1959 3519 clari-

354 3555 557 3621 tatem,
590 3552 901 3622 puritatem
925 3554 983 3607 et
999 3553 1405 3624 quantitatem.
1428 3554 1552 3606 Istae
1585 3569 1837 3623 namque
1854 3552 1962 3606 vir-

353 3642 503 3695 tutes
532 3639 815 3712 religiosis
862 3641 1131 3695 omnibus
1185 3641 1399 3695 nedum
1454 3641 1826 3706 conveniunt,
1861 3639 1959 3694 sed

354 3728 528 3783 etiam
562 3728 893 3783 necessariae
910 3741 1039 3783 sunt
1063 3746 1075 3782 :
1096 3728 1191 3800 qui
1210 3729 1427 3783 debent
1442 3729 1629 3782 sicunt
1650 3730 1827 3782 stella
1840 3744 1961 3782 esse

305 3851 309 3855 -
359 3815 420 3870 in
458 3817 618 3882 caelo,
650 3832 756 3887 per
780 3816 1408 3888 contemplationemin
1439 3816 1648 3870 mentis
1667 3815 1961 3876 affectum,

356 3920 476 3959 non
496 3905 751 3962 interra.
776 3906 920 3958 Nam
933 3904 1151 3974 species
1164 3906 1292 3960 caeli
1317 3908 1403 3958 est
1428 3904 1614 3974 gloria
1635 3904 1959 3969 stellarum,

354 3991 435 4047 ait
463 3993 692 4061 sapiens
720 3995 888 4057 (l05),
921 3992 1172 4046 secundo
1194 3993 1408 4045 debent
1429 4007 1548 4044 esse
1581 3991 1638 4043 in
1673 3994 1856 4061 ccepto
1879 4007 1966 4042 re-

358 4078 575 4150 ligiosis
594 4078 887 4149 proposito
910 4078 1064 4132 firmi
1087 4081 1145 4132 et
1165 4078 1420 4133 stabiles.
1447 4079 1589 4131 Nam
1616 4078 1745 4132 ideo
1773 4077 1968 4146 posuit

358 4167 508 4222 Deus
537 4167 731 4221 stellas
761 4165 819 4219 in
850 4166 1223 4221 ﬁrmamento
1280 4170 1341 4219 ut
1395 4170 1583 4233 essent
1621 4165 1679 4219 in
1712 4165 1878 4235 signa
1911 4168 1969 4218 et

358 4256 647 4324 tempora,
682 4256 741 4309 et
761 4253 900 4320 dies,
952 4257 1011 4307 et
1040 4270 1267 4308 menses
1296 4257 1355 4308 et
1394 4270 1595 4308 annos.
1648 4254 1809 4308 Unde
1834 4253 1967 4306 scri-
1990 4255 2044 4315 D

365 4344 531 4414 ptum
563 4344 649 4397 est
679 4342 834 4412 quod
889 4342 1067 4396 stellae
1125 4346 1429 4397 manentes
1469 4342 1527 4395 in
1574 4359 1740 4396 cursu
1783 4357 1885 4395 suo
1912 4344 1971 4395 et

365 4429 588 4497 ordine,
618 4433 1025 4500 pugnaverunt
1062 4434 1263 4485 contra
1303 4430 1551 4485 Sisaram
1609 4432 1771 4496 (106),
1800 4429 1856 4483 id
1888 4430 1972 4483 est

364 4520 569 4572 contra
596 4517 928 4586 diabolum;
980 4518 1058 4572 sic
1100 4519 1261 4573 enim
1312 4517 1503 4573 Sisara
1557 4518 1973 4588 interpretatur

365 4604 641 4660 excludam:
668 4606 1008 4675 gaudentem.
1039 4607 1229 4661 Tertio
1286 4607 1501 4662 debent
1530 4623 1650 4661 esse
1698 4606 1759 4661 in
1800 4606 1975 4662 tribu-

365 4691 582 4748 latione
614 4694 921 4764 patientes,
983 4696 1047 4748 ut
1076 4694 1192 4750 sint
1227 4694 1370 4749 sicut
1400 4695 1563 4749 stella
1609 4695 1895 4751 matutina
1915 4694 1973 4747 in

368 4782 564 4853 medio
595 4784 840 4838 nebulae.

440 4872 531 4926 43.
566 4870 723 4928 Fecit
749 4871 905 4927 enim
935 4874 1081 4928 Deus
1133 4873 1330 4939 lunam
1366 4874 1424 4925 et
1445 4873 1654 4940 stellas,
1678 4874 1740 4926 ut
1767 4886 1975 4942 praees-

374 4962 503 5013 sent
533 4960 707 5015 nocti.
745 4959 959 5023 Quarto
1002 4961 1144 5015 sicut
1174 4960 1234 5014 in
1257 4961 1446 5014 stellas
1487 4977 1605 5015 non
1650 4959 1800 5014 cadit
1852 4975 1977 5012 cor-

371 5046 701 5117 ruptio,nec
721 5064 1016 5116 casus,nec
1034 5063 1198 5102 error
1218 5047 1531 5101 secundum
1552 5045 1978 5119 philos0phum;

374 5131 457 5188 ita
487 5137 544 5188 et
570 5133 678 5204 ipsi
709 5135 923 5191 debent
950 5151 1174 5189 servare
1197 5135 1384 5190 carnis
1421 5135 1813 5206 integritatem
1859 5132 1981 5187 sine

379 5221 771 5295 corruptione,
801 5226 865 5285 ut
910 5223 1097 5281 dicere
1132 5224 1354 5296 possint
1390 5222 1530 5279 illud
1566 5220 1931 5293 Apocalypsis
1964 5235 1976 5272 :

454 5382 598 5450 (i05)
630 5380 1006 5436 Ecclesiastici
1033 5399 1184 5450 XLIII,
1219 5384 1305 5437 10.

451 5452 596 5517 (106)
622 5451 803 5505 Judic.
831 5468 883 5518 v,
916 5454 1004 5506 20.

458 5522 601 5587 (107)
630 5523 1052 5594 Apocalypseos
1075 5538 1186 5579 xm
1247 5524 1330 5578 l6.

2061 3382 2281 3438 vocavit
2294 3397 2427 3434 eum
2444 3381 2516 3435 ad
2529 3381 3017 3435 sanctaeRomanae
3033 3381 3291 3436 Ecclesize
3306 3381 3642 3453 obsequium
3654 3422 3668 3448 ,

2063 3471 2260 3525 addito
2293 3469 2468 3524 etiam
2530 3468 2872 3523 obedientia!
2929 3472 3238 3541 praecepto.
3294 3470 3485 3525 Dictus
3531 3485 3668 3524 vero

2064 3561 2265 3614 beatus
2295 3560 2506 3626 Bruno,
2530 3561 2800 3629 percepto
2832 3557 3160 3627 hujusmodi
3212 3557 3508 3624 mandato,
3550 3574 3670 3612 non

2068 3648 2360 3702 modicum
2392 3646 2652 3700 turbatus
2681 3648 2785 3710 est,
2834 3646 3044 3717 quippe
3078 3646 3172 3716 qui
3197 3647 3322 3716 jam
3350 3645 3674 3700 solitudinis

2068 3735 2431 3789 dulcedinem
2456 3736 2801 3805 gustaverat.
2819 3733 3074 3787 Tenebat
3102 3733 3257 3787 enim
3301 3750 3434 3788 eum
3475 3733 3675 3799 Maria,

2067 3828 2130 3878 ut
2154 3825 2489 3895 quiesceret,
2520 3822 2786 3876 trahebat
2815 3822 3052 3887 Martha,
3084 3821 3469 3888 utlaboraret,
3501 3837 3674 3892 roga-

2069 3913 2210 3966 bant
2241 3912 2467 3977 fratres,
2502 3927 2573 3964 ne
2601 3927 2660 3964 se
2720 3910 3031 3975 desereret,
3061 3925 3229 3980 papa,
3278 3911 3341 3963 ut
3384 3909 3670 3963 obediret.

2070 4001 2344 4054 Terrebat
2399 3999 2576 4065 curia,
2624 3999 2668 4053 si
2736 3999 2867 4052 illuc
2926 3999 3268 4052 accederet:
3322 3997 3669 4074 couscientia

2071 4104 2205 4142 vero
2237 4088 2512 4141 timorata
2556 4086 2864 4157 ignorabat
2895 4086 3033 4157 quid
3076 4085 3135 4139 in
3166 4102 3229 4140 re
3258 4088 3377 4138 tam
3406 4085 3677 4155 perplexa

2074 4180 2294 4247 ageret.

2144 4267 2229 4319 45.
2261 4266 2515 4319 Tandem
2549 4262 2877 4319 obedientia
2906 4261 3056 4316 vicit.
3093 4260 3319 4315 Sciebat
3348 4260 3503 4315 enim
3522 4259 3680 4330 quod

2072 4370 2206 4407 vera
2231 4353 2558 4408 obedientia
2581 4369 2773 4407 moras
2817 4367 2931 4404 non
2979 4348 3201 4418 recipit,
3228 4364 3331 4403 nec
3363 4347 3677 4403 excusatio-

2074 4458 2211 4495 nem
2232 4446 2330 4495 aut
2379 4441 2712 4495 dilationem
2767 4438 3043 4492 admittit.
3080 4437 3218 4491 Hinc
3268 4436 3341 4490 ad
3364 4436 3568 4490 fratres
3608 4438 3667 4488 et

2076 4530 2379 4603 discipulos
2399 4548 2527 4586 suos
2559 4529 2638 4583 ait
2667 4528 2928 4583 :Manere
2964 4525 3277 4591 vobiscum,
3327 4524 3531 4577 fratres
3560 4523 3677 4577 mei

2077 4618 2446 4686 dilectissimi,
2506 4614 2896 4689 gratissimum
2930 4630 2944 4682 ;
2978 4631 3012 4668 a
3039 4612 3198 4668 vobis
3237 4610 3487 4682 separari
3537 4626 3671 4681 gra-

2076 4708 2372 4762 vissimum
2403 4725 2416 4774 ;
2450 4705 2738 4760 mandatis
2768 4719 2901 4758 vero
2929 4700 3200 4773 apostolis
3229 4699 3464 4755 obedire
3486 4713 3680 4752 neces-

2080 4796 2293 4851 sarium
2317 4793 2457 4849 mihi
2486 4797 2594 4847 est.
2632 4793 2777 4847 Nam
2825 4791 2881 4845 in
2929 4789 3249 4859 majoribus
3307 4790 3393 4842 est
3438 4785 3681 4859 regendi

2082 4902 2145 4940 ac
2167 4882 2410 4954 jubendi
2447 4880 2793 4934 auctoritas:
2851 4880 2910 4931 in
2972 4876 3292 4931 minoribus
3337 4890 3469 4929 vero
3514 4875 3682 4929 obse-

2083 4969 2295 5042 quendi
2327 4967 2647 5023 necessitas.
2668 4964 2832 5019 Unde
2862 4964 3022 5035 quasi
3044 4965 3353 5034 peccatum»
3375 4961 3679 5029 ariolandi,

2083 5061 2167 5112 est
2196 5071 2543 5128 repugnare,
2587 5056 2644 5107 et
2690 5051 2850 5123 quasi
2904 5052 3086 5105 scelus
3134 5049 3473 5105 idololatriae
3529 5049 3683 5102 nolle

2083 5145 2462 5217 acquiescere,
2522 5145 2829 5214 propterea
2886 5139 3042 5211 quod
3090 5140 3396 5213 Apostolus
3466 5135 3565 5203 ait,
3625 5138 3689 5189 ut

2083 5257 2112 5283 «
2140 5233 2330 5289 omnis
2356 5232 2551 5289 anima
2580 5228 3005 5285 sublimioribus
3051 5227 3428 5299 potestatibus
3457 5224 3688 5280 subdita

2150 5376 2296 5443 (l08l
2322 5373 2528 5427 Notata
2559 5371 2650 5425 adi
2683 5370 2743 5425 in
2773 5370 2961 5443 Vitam
2991 5368 3335 5443 pracedjad
3365 5370 3486 5423 not.
3527 5372 3610 5421 17.

2155 5434 2295 5515 (109)
2324 5442 2557 5515 Videsis,
2579 5458 2707 5515 qua:
2727 5442 2787 5497 in
2807 5434 3184 5499 Adnotatisin
3212 5440 3403 5495 Vitam
3432 5434 3685 5510 prmed.

2083 5517 2157 5573 ad
2186 5512 2308 5571 not.
2345 5515 2409 5569 16
2448 5512 2676 5573 adduxi.
