  <div class='ocr_page' id='page_1' title='image "/cluster/home/n/w/nwhite01/storage/ocr_20150623/152/hvd.32044054760103/262.png"; bbox 0 0 4066 6032; ppageno 0'>
   <div class='ocr_carea' id='block_1_1' title="bbox 325 242 429 297">
    <p class='ocr_par' dir='ltr' id='par_1_1' title="bbox 325 242 429 297">
     <span class='ocr_line' id='line_1_1' title="bbox 325 242 429 297; baseline 0.019 -2"><span class='ocrx_word' id='word_1_1' title='bbox 325 242 429 297; x_wconf 80' lang='grc'>513</span> 
     </span>
    </p>
   </div>
   <div class='ocr_carea' id='block_1_2' title="bbox 1895 241 2075 296">
    <p class='ocr_par' dir='ltr' id='par_1_2' title="bbox 1895 241 2075 296">
     <span class='ocr_line' id='line_1_2' title="bbox 1895 241 2075 296; baseline 0 0"><span class='ocrx_word' id='word_1_2' title='bbox 1895 241 2075 296; x_wconf 70' lang='lat' dir='ltr'>ACTA</span> 
     </span>
    </p>
   </div>
   <div class='ocr_carea' id='block_1_3' title="bbox 3539 260 3645 322">
    <p class='ocr_par' dir='ltr' id='par_1_3' title="bbox 3539 260 3645 322">
     <span class='ocr_line' id='line_1_3' title="bbox 3539 260 3645 322; baseline 0.019 -2"><span class='ocrx_word' id='word_1_3' title='bbox 3539 260 3645 322; x_wconf 74' lang='grc'><strong>514</strong></span> 
     </span>
    </p>
   </div>
   <div class='ocr_carea' id='block_1_4' title="bbox 323 366 3646 455">
    <p class='ocr_par' dir='ltr' id='par_1_4' title="bbox 323 366 3646 455">
     <span class='ocr_line' id='line_1_4' title="bbox 323 366 3646 455; baseline 0.004 -33"><span class='ocrx_word' id='word_1_4' title='bbox 323 366 416 435; x_wconf 84' lang='lat' dir='ltr'>sit,</span> <span class='ocrx_word' id='word_1_5' title='bbox 450 366 586 440; x_wconf 84' lang='lat' dir='ltr'>quia</span> <span class='ocrx_word' id='word_1_6' title='bbox 616 382 736 423; x_wconf 89' lang='lat' dir='ltr'>non</span> <span class='ocrx_word' id='word_1_7' title='bbox 768 368 853 421; x_wconf 92' lang='lat' dir='ltr'>est</span> <span class='ocrx_word' id='word_1_8' title='bbox 891 370 1145 439; x_wconf 80' lang='lat' dir='ltr'>potestas</span> <span class='ocrx_word' id='word_1_9' title='bbox 1172 369 1279 423; x_wconf 86' lang='lat' dir='ltr'>nisi</span> <span class='ocrx_word' id='word_1_10' title='bbox 1318 386 1352 424; x_wconf 86' lang='lat' dir='ltr'>a</span> <span class='ocrx_word' id='word_1_11' title='bbox 1395 371 1542 438; x_wconf 91' lang='lat' dir='ltr'>Deo;</span> <span class='ocrx_word' id='word_1_12' title='bbox 1578 386 1704 442; x_wconf 65' lang='lat' dir='ltr'>quin</span> <span class='ocrx_word' id='word_1_13' title='bbox 1736 372 1929 424; x_wconf 88' lang='lat' dir='ltr'>autem</span> <span class='ocrx_word' id='word_1_14' title='bbox 1960 373 2014 431; x_wconf 85' lang='grc' dir='ltr'><strong>Α</strong></span> <span class='ocrx_word' id='word_1_15' title='bbox 2039 367 2240 423; x_wconf 93' lang='lat' dir='ltr'>intime</span> <span class='ocrx_word' id='word_1_16' title='bbox 2273 369 2567 442; x_wconf 83' lang='lat' dir='ltr'>diligebat,</span> <span class='ocrx_word' id='word_1_17' title='bbox 2587 375 2836 431; x_wconf 86' lang='lat' dir='ltr'>adventu</span> <span class='ocrx_word' id='word_1_18' title='bbox 2864 379 3182 450; x_wconf 86' lang='lat' dir='ltr'>plurimum</span> <span class='ocrx_word' id='word_1_19' title='bbox 3204 385 3462 455; x_wconf 79' lang='lat' dir='ltr'>gaudens</span> <span class='ocrx_word' id='word_1_20' title='bbox 3483 386 3646 445; x_wconf 77' lang='lat' dir='ltr'>beni.</span> 
     </span>
    </p>
   </div>
   <div class='ocr_carea' id='block_1_5' title="bbox 326 456 1933 529">
    <p class='ocr_par' dir='ltr' id='par_1_5' title="bbox 326 456 1933 529">
     <span class='ocr_line' id='line_1_5' title="bbox 326 456 1933 529; baseline 0.001 -19"><span class='ocrx_word' id='word_1_21' title='bbox 326 473 359 510; x_wconf 90' lang='lat' dir='ltr'>a</span> <span class='ocrx_word' id='word_1_22' title='bbox 391 457 507 511; x_wconf 91' lang='lat' dir='ltr'>Deo</span> <span class='ocrx_word' id='word_1_23' title='bbox 537 460 691 522; x_wconf 86' lang='lat' dir='ltr'>sunt,</span> <span class='ocrx_word' id='word_1_24' title='bbox 725 456 991 511; x_wconf 89' lang='lat' dir='ltr'>ordinata</span> <span class='ocrx_word' id='word_1_25' title='bbox 1021 461 1172 525; x_wconf 92' lang='lat' dir='ltr'>sunt,</span> <span class='ocrx_word' id='word_1_26' title='bbox 1192 462 1248 511; x_wconf 90' lang='lat' dir='ltr'>et</span> <span class='ocrx_word' id='word_1_27' title='bbox 1279 459 1375 529; x_wconf 88' lang='lat' dir='ltr'>qui</span> <span class='ocrx_word' id='word_1_28' title='bbox 1405 459 1613 513; x_wconf 90' lang='lat' dir='ltr'>resistit</span> <span class='ocrx_word' id='word_1_29' title='bbox 1643 457 1933 528; x_wconf 82' lang='lat' dir='ltr'>potestati,</span> 
     </span>
    </p>
   </div>
   <div class='ocr_carea' id='block_1_6' title="bbox 327 545 1938 618">
    <p class='ocr_par' dir='ltr' id='par_1_6' title="bbox 327 545 1938 618">
     <span class='ocr_line' id='line_1_6' title="bbox 327 545 1938 618; baseline 0 -18"><span class='ocrx_word' id='word_1_30' title='bbox 327 545 427 600; x_wconf 86' lang='lat' dir='ltr'>Dei</span> <span class='ocrx_word' id='word_1_31' title='bbox 461 545 811 599; x_wconf 87' lang='lat' dir='ltr'>ordinationi</span> <span class='ocrx_word' id='word_1_32' title='bbox 857 546 1065 600; x_wconf 76' lang='lat' dir='ltr'>resistit</span> <span class='ocrx_word' id='word_1_33' title='bbox 1114 562 1125 599; x_wconf 92' lang='lat'><strong>:</strong></span> <span class='ocrx_word' id='word_1_34' title='bbox 1172 547 1269 618; x_wconf 88' lang='lat' dir='ltr'>qui</span> <span class='ocrx_word' id='word_1_35' title='bbox 1311 552 1505 600; x_wconf 88' lang='lat' dir='ltr'>autem</span> <span class='ocrx_word' id='word_1_36' title='bbox 1547 547 1773 613; x_wconf 82' lang='lat' dir='ltr'>resistit,</span> <span class='ocrx_word' id='word_1_37' title='bbox 1818 547 1938 616; x_wconf 90' lang='lat' dir='ltr'>ipse</span> 
     </span>
    </p>
   </div>
   <div class='ocr_carea' id='block_1_7' title="bbox 327 633 1940 706">
    <p class='ocr_par' dir='ltr' id='par_1_7' title="bbox 327 633 1940 706">
     <span class='ocr_line' id='line_1_7' title="bbox 327 633 1940 706; baseline 0 -20"><span class='ocrx_word' id='word_1_38' title='bbox 327 633 436 688; x_wconf 89' lang='lat' dir='ltr'>sibi</span> <span class='ocrx_word' id='word_1_39' title='bbox 490 633 928 687; x_wconf 81' lang='lat' dir='ltr'>damnationem</span> <span class='ocrx_word' id='word_1_40' title='bbox 989 634 1233 706; x_wconf 82' lang='lat' dir='ltr'>acquirit</span> <span class='ocrx_word' id='word_1_41' title='bbox 1275 637 1440 706; x_wconf 88' lang='lat' dir='ltr'>(HO).</span> <span class='ocrx_word' id='word_1_42' title='bbox 1491 656 1517 681; x_wconf 86' lang='grc'><strong>››</strong></span> <span class='ocrx_word' id='word_1_43' title='bbox 1566 634 1712 699; x_wconf 85' lang='lat' dir='ltr'>Quid</span> <span class='ocrx_word' id='word_1_44' title='bbox 1766 634 1940 704; x_wconf 84' lang='lat' dir='ltr'>igitur</span> 
     </span>
    </p>
   </div>
   <div class='ocr_carea' id='block_1_8' title="bbox 328 721 1940 793">
    <p class='ocr_par' dir='ltr' id='par_1_8' title="bbox 328 721 1940 793">
     <span class='ocr_line' id='line_1_8' title="bbox 328 721 1940 793; baseline -0.001 -17"><span class='ocrx_word' id='word_1_45' title='bbox 328 721 471 776; x_wconf 91' lang='lat' dir='ltr'>mihi</span> <span class='ocrx_word' id='word_1_46' title='bbox 506 721 801 791; x_wconf 86' lang='lat' dir='ltr'>prodesset</span> <span class='ocrx_word' id='word_1_47' title='bbox 845 723 1089 777; x_wconf 82' lang='lat' dir='ltr'>exterius</span> <span class='ocrx_word' id='word_1_48' title='bbox 1136 724 1226 776; x_wconf 89' lang='lat' dir='ltr'>hic</span> <span class='ocrx_word' id='word_1_49' title='bbox 1269 724 1561 777; x_wconf 79' lang='lat' dir='ltr'>vobiscum</span> <span class='ocrx_word' id='word_1_50' title='bbox 1606 723 1840 793; x_wconf 87' lang='lat' dir='ltr'>jejuniis</span> <span class='ocrx_word' id='word_1_51' title='bbox 1883 725 1940 775; x_wconf 89' lang='lat' dir='ltr'>et</span> 
     </span>
    </p>
   </div>
   <div class='ocr_carea' id='block_1_9' title="bbox 327 810 1936 883">
    <p class='ocr_par' dir='ltr' id='par_1_9' title="bbox 327 810 1936 883">
     <span class='ocr_line' id='line_1_9' title="bbox 327 810 1936 883; baseline -0.001 -18"><span class='ocrx_word' id='word_1_52' title='bbox 327 810 688 865; x_wconf 89' lang='lat' dir='ltr'>abstinentiis</span> <span class='ocrx_word' id='word_1_53' title='bbox 719 826 954 864; x_wconf 89' lang='lat' dir='ltr'>carnem</span> <span class='ocrx_word' id='word_1_54' title='bbox 989 810 1936 883; x_wconf 85' lang='lat' dir='ltr'>atterere,etperinobedicntiam,</span> 
     </span>
    </p>
   </div>
   <div class='ocr_carea' id='block_1_10' title="bbox 329 899 1936 972">
    <p class='ocr_par' dir='ltr' id='par_1_10' title="bbox 329 899 1936 972">
     <span class='ocr_line' id='line_1_10' title="bbox 329 899 1936 972; baseline -0.001 -19"><span class='ocrx_word' id='word_1_55' title='bbox 329 899 539 953; x_wconf 78' lang='lat' dir='ltr'>animae</span> <span class='ocrx_word' id='word_1_56' title='bbox 560 915 704 953; x_wconf 66' lang='lat' dir='ltr'>mea:</span> <span class='ocrx_word' id='word_1_57' title='bbox 717 899 1154 954; x_wconf 81' lang='lat' dir='ltr'>damnationem</span> <span class='ocrx_word' id='word_1_58' title='bbox 1175 901 1499 972; x_wconf 85' lang='lat' dir='ltr'>acquirere?</span> <span class='ocrx_word' id='word_1_59' title='bbox 1513 899 1700 956; x_wconf 78' lang='lat' dir='ltr'>Nolite</span> <span class='ocrx_word' id='word_1_60' title='bbox 1725 901 1936 969; x_wconf 86' lang='lat' dir='ltr'>itaque,</span> 
     </span>
    </p>
   </div>
   <div class='ocr_carea' id='block_1_11' title="bbox 327 988 1941 1061">
    <p class='ocr_par' dir='ltr' id='par_1_11' title="bbox 327 988 1941 1061">
     <span class='ocr_line' id='line_1_11' title="bbox 327 988 1941 1061; baseline 0.001 -21"><span class='ocrx_word' id='word_1_61' title='bbox 327 988 555 1054; x_wconf 83' lang='lat' dir='ltr'>fratres,</span> <span class='ocrx_word' id='word_1_62' title='bbox 580 1004 751 1060; x_wconf 89' lang='lat' dir='ltr'>super</span> <span class='ocrx_word' id='word_1_63' title='bbox 775 1005 999 1043; x_wconf 87' lang='lat' dir='ltr'>recessu</span> <span class='ocrx_word' id='word_1_64' title='bbox 1031 1007 1162 1045; x_wconf 91' lang='lat' dir='ltr'>meo</span> <span class='ocrx_word' id='word_1_65' title='bbox 1196 990 1631 1055; x_wconf 88' lang='lat' dir='ltr'>contristari,ne</span> <span class='ocrx_word' id='word_1_66' title='bbox 1664 988 1941 1061; x_wconf 89' lang='lat' dir='ltr'>superad-</span> 
     </span>
    </p>
   </div>
   <div class='ocr_carea' id='block_1_12' title="bbox 328 1077 1939 1151">
    <p class='ocr_par' dir='ltr' id='par_1_12' title="bbox 328 1077 1939 1151">
     <span class='ocr_line' id='line_1_12' title="bbox 328 1077 1939 1151; baseline 0 -20"><span class='ocrx_word' id='word_1_67' title='bbox 328 1077 478 1131; x_wconf 88' lang='lat' dir='ltr'>datis</span> <span class='ocrx_word' id='word_1_68' title='bbox 504 1078 765 1132; x_wconf 86' lang='lat' dir='ltr'>dolorem</span> <span class='ocrx_word' id='word_1_69' title='bbox 799 1079 1003 1145; x_wconf 91' lang='lat' dir='ltr'>dolori,</span> <span class='ocrx_word' id='word_1_70' title='bbox 1034 1080 1132 1134; x_wconf 91' lang='lat' dir='ltr'>sed</span> <span class='ocrx_word' id='word_1_71' title='bbox 1155 1081 1342 1151; x_wconf 90' lang='lat' dir='ltr'>potius</span> <span class='ocrx_word' id='word_1_72' title='bbox 1370 1081 1429 1134; x_wconf 94' lang='lat' dir='ltr'>in</span> <span class='ocrx_word' id='word_1_73' title='bbox 1462 1097 1529 1135; x_wconf 89' lang='lat' dir='ltr'>ea</span> <span class='ocrx_word' id='word_1_74' title='bbox 1545 1079 1939 1145; x_wconf 87' lang='lat' dir='ltr'>vocatione,in</span> 
     </span>
    </p>
   </div>
   <div class='ocr_carea' id='block_1_13' title="bbox 329 1166 1940 1239">
    <p class='ocr_par' dir='ltr' id='par_1_13' title="bbox 329 1166 1940 1239">
     <span class='ocr_line' id='line_1_13' title="bbox 329 1166 1940 1239; baseline 0.001 -20"><span class='ocrx_word' id='word_1_75' title='bbox 329 1182 446 1236; x_wconf 90' lang='lat' dir='ltr'>qua</span> <span class='ocrx_word' id='word_1_76' title='bbox 476 1166 657 1220; x_wconf 84' lang='lat' dir='ltr'>vocati</span> <span class='ocrx_word' id='word_1_77' title='bbox 689 1167 841 1233; x_wconf 88' lang='lat' dir='ltr'>estis,</span> <span class='ocrx_word' id='word_1_78' title='bbox 876 1172 1235 1238; x_wconf 85' lang='lat' dir='ltr'>perseverate</span> <span class='ocrx_word' id='word_1_79' title='bbox 1292 1170 1358 1222; x_wconf 88' lang='lat' dir='ltr'>Et</span> <span class='ocrx_word' id='word_1_80' title='bbox 1387 1185 1516 1238; x_wconf 86' lang='lat' dir='ltr'>ego,</span> <span class='ocrx_word' id='word_1_81' title='bbox 1551 1169 1775 1239; x_wconf 83' lang='lat' dir='ltr'>expleta</span> <span class='ocrx_word' id='word_1_82' title='bbox 1798 1166 1940 1220; x_wconf 91' lang='lat' dir='ltr'>mihi</span> 
     </span>
    </p>
   </div>
   <div class='ocr_carea' id='block_1_14' title="bbox 330 1253 1941 1324">
    <p class='ocr_par' dir='ltr' id='par_1_14' title="bbox 330 1253 1941 1324">
     <span class='ocr_line' id='line_1_14' title="bbox 330 1253 1941 1324; baseline 0.001 -18"><span class='ocrx_word' id='word_1_83' title='bbox 330 1253 591 1324; x_wconf 88' lang='lat' dir='ltr'>injuncta</span> <span class='ocrx_word' id='word_1_84' title='bbox 621 1254 972 1321; x_wconf 88' lang='lat' dir='ltr'>obedientia,</span> <span class='ocrx_word' id='word_1_85' title='bbox 1001 1255 1073 1309; x_wconf 89' lang='lat' dir='ltr'>ad</span> <span class='ocrx_word' id='word_1_86' title='bbox 1108 1272 1203 1311; x_wconf 89' lang='lat' dir='ltr'>vos</span> <span class='ocrx_word' id='word_1_87' title='bbox 1232 1261 1506 1323; x_wconf 87' lang='lat' dir='ltr'>revertar,</span> <span class='ocrx_word' id='word_1_88' title='bbox 1542 1255 1787 1311; x_wconf 91' lang='lat' dir='ltr'>Domino</span> <span class='ocrx_word' id='word_1_89' title='bbox 1809 1272 1941 1308; x_wconf 90' lang='lat' dir='ltr'>con-</span> 
     </span>
    </p>
   </div>
   <div class='ocr_carea' id='block_1_15' title="bbox 330 1340 592 1396">
    <p class='ocr_par' dir='ltr' id='par_1_15' title="bbox 330 1340 592 1396">
     <span class='ocr_line' id='line_1_15' title="bbox 330 1340 592 1396; baseline -0.004 0"><span class='ocrx_word' id='word_1_90' title='bbox 330 1340 592 1396; x_wconf 85' lang='lat' dir='ltr'>cedente.</span> 
     </span>
    </p>
   </div>
   <div class='ocr_carea' id='block_1_16' title="bbox 404 1431 1939 1505">
    <p class='ocr_par' dir='ltr' id='par_1_16' title="bbox 404 1431 1939 1505">
     <span class='ocr_line' id='line_1_16' title="bbox 404 1431 1939 1505; baseline 0.001 -21"><span class='ocrx_word' id='word_1_91' title='bbox 404 1432 493 1484; x_wconf 75' lang='grc'><strong>46.</strong></span> <span class='ocrx_word' id='word_1_92' title='bbox 525 1431 682 1485; x_wconf 86' lang='lat' dir='ltr'>Tunc</span> <span class='ocrx_word' id='word_1_93' title='bbox 713 1447 917 1486; x_wconf 89' lang='lat' dir='ltr'>omnes</span> <span class='ocrx_word' id='word_1_94' title='bbox 945 1449 1075 1487; x_wconf 91' lang='lat' dir='ltr'>cum</span> <span class='ocrx_word' id='word_1_95' title='bbox 1106 1434 1372 1505; x_wconf 79' lang='lat' dir='ltr'>lacrymis</span> <span class='ocrx_word' id='word_1_96' title='bbox 1401 1438 1459 1489; x_wconf 89' lang='lat' dir='ltr'>et</span> <span class='ocrx_word' id='word_1_97' title='bbox 1489 1434 1703 1504; x_wconf 90' lang='lat' dir='ltr'>ejulatu</span> <span class='ocrx_word' id='word_1_98' title='bbox 1725 1447 1939 1503; x_wconf 90' lang='lat' dir='ltr'>magno</span> 
     </span>
    </p>
   </div>
   <div class='ocr_carea' id='block_1_17' title="bbox 331 1520 1939 1592">
    <p class='ocr_par' dir='ltr' id='par_1_17' title="bbox 331 1520 1939 1592">
     <span class='ocr_line' id='line_1_17' title="bbox 331 1520 1939 1592; baseline 0.001 -20"><span class='ocrx_word' id='word_1_99' title='bbox 331 1520 587 1574; x_wconf 86' lang='lat' dir='ltr'>clamare</span> <span class='ocrx_word' id='word_1_100' title='bbox 616 1526 912 1592; x_wconf 72' lang='lat' dir='ltr'>coeperunt</span> <span class='ocrx_word' id='word_1_101' title='bbox 943 1522 1344 1578; x_wconf 79' lang='lat' dir='ltr'>dicenteszCur</span> <span class='ocrx_word' id='word_1_102' title='bbox 1373 1541 1494 1589; x_wconf 86' lang='lat' dir='ltr'>nos,</span> <span class='ocrx_word' id='word_1_103' title='bbox 1520 1525 1686 1578; x_wconf 87' lang='lat' dir='ltr'>Pater</span> <span class='ocrx_word' id='word_1_104' title='bbox 1707 1521 1939 1587; x_wconf 90' lang='lat' dir='ltr'>deseris,</span> 
     </span>
    </p>
   </div>
   <div class='ocr_carea' id='block_1_18' title="bbox 2036 461 3647 548">
    <p class='ocr_par' dir='ltr' id='par_1_18' title="bbox 2036 461 3647 548">
     <span class='ocr_line' id='line_1_18' title="bbox 2036 461 3647 548; baseline 0.014 -38"><span class='ocrx_word' id='word_1_105' title='bbox 2036 474 2150 548; x_wconf 86' lang='lat' dir='ltr'>gne</span> <span class='ocrx_word' id='word_1_106' title='bbox 2179 461 2444 531; x_wconf 89' lang='lat' dir='ltr'>suscepit,</span> <span class='ocrx_word' id='word_1_107' title='bbox 2479 464 2535 515; x_wconf 87' lang='lat' dir='ltr'>et</span> <span class='ocrx_word' id='word_1_108' title='bbox 2567 461 2719 518; x_wconf 90' lang='lat' dir='ltr'>inter</span> <span class='ocrx_word' id='word_1_109' title='bbox 2751 466 2972 537; x_wconf 88' lang='lat' dir='ltr'>primos</span> <span class='ocrx_word' id='word_1_110' title='bbox 3002 470 3059 521; x_wconf 92' lang='lat' dir='ltr'>et</span> <span class='ocrx_word' id='word_1_111' title='bbox 3089 470 3406 541; x_wconf 81' lang='lat' dir='ltr'>praecipuos</span> <span class='ocrx_word' id='word_1_112' title='bbox 3432 475 3535 531; x_wconf 91' lang='lat' dir='ltr'>sibi</span> <span class='ocrx_word' id='word_1_113' title='bbox 3549 494 3647 548; x_wconf 61' lang='lat' dir='ltr'>pen</span> 
     </span>
    </p>
   </div>
   <div class='ocr_carea' id='block_1_19' title="bbox 2038 547 3648 620">
    <p class='ocr_par' dir='ltr' id='par_1_19' title="bbox 2038 547 3648 620">
     <span class='ocr_line' id='line_1_19' title="bbox 2038 547 3648 620; baseline 0.012 -21"><span class='ocrx_word' id='word_1_114' title='bbox 2038 547 2277 601; x_wconf 88' lang='lat' dir='ltr'>culiares</span> <span class='ocrx_word' id='word_1_115' title='bbox 2303 566 2367 602; x_wconf 88' lang='lat' dir='ltr'>ac</span> <span class='ocrx_word' id='word_1_116' title='bbox 2400 549 2716 606; x_wconf 87' lang='lat' dir='ltr'>familiares</span> <span class='ocrx_word' id='word_1_117' title='bbox 2741 553 3095 609; x_wconf 88' lang='lat' dir='ltr'>consiliarios</span> <span class='ocrx_word' id='word_1_118' title='bbox 3126 561 3182 610; x_wconf 91' lang='lat' dir='ltr'>et</span> <span class='ocrx_word' id='word_1_119' title='bbox 3202 558 3400 615; x_wconf 87' lang='lat' dir='ltr'>ﬁdeles</span> <span class='ocrx_word' id='word_1_120' title='bbox 3431 547 3648 620; x_wconf 85' lang='lat' dir='ltr'>amicos</span> 
     </span>
    </p>
   </div>
   <div class='ocr_carea' id='block_1_20' title="bbox 2036 634 3648 710">
    <p class='ocr_par' dir='ltr' id='par_1_20' title="bbox 2036 634 3648 710">
     <span class='ocr_line' id='line_1_20' title="bbox 2036 634 3648 710; baseline 0.012 -24"><span class='ocrx_word' id='word_1_121' title='bbox 2036 634 2253 689; x_wconf 88' lang='lat' dir='ltr'>habuit.</span> <span class='ocrx_word' id='word_1_122' title='bbox 2291 636 2459 708; x_wconf 83' lang='lat' dir='ltr'>Cujus</span> <span class='ocrx_word' id='word_1_123' title='bbox 2485 641 2537 691; x_wconf 82' lang='lat' dir='ltr'>in</span> <span class='ocrx_word' id='word_1_124' title='bbox 2564 640 2879 710; x_wconf 85' lang='lat' dir='ltr'>majoribus</span> <span class='ocrx_word' id='word_1_125' title='bbox 2899 642 3081 697; x_wconf 88' lang='lat' dir='ltr'>causis</span> <span class='ocrx_word' id='word_1_126' title='bbox 3102 648 3159 697; x_wconf 90' lang='lat' dir='ltr'>et</span> <span class='ocrx_word' id='word_1_127' title='bbox 3172 646 3364 701; x_wconf 86' lang='lat' dir='ltr'>arduis</span> <span class='ocrx_word' id='word_1_128' title='bbox 3387 649 3648 708; x_wconf 70' lang='lat' dir='ltr'>Ecclesia:</span> 
     </span>
    </p>
   </div>
   <div class='ocr_carea' id='block_1_21' title="bbox 2038 724 3646 793">
    <p class='ocr_par' dir='ltr' id='par_1_21' title="bbox 2038 724 3646 793">
     <span class='ocr_line' id='line_1_21' title="bbox 2038 724 3646 793; baseline 0.011 -18"><span class='ocrx_word' id='word_1_129' title='bbox 2038 724 2285 793; x_wconf 88' lang='lat' dir='ltr'>negotiis</span> <span class='ocrx_word' id='word_1_130' title='bbox 2316 727 2583 780; x_wconf 85' lang='lat' dir='ltr'>utebatur</span> <span class='ocrx_word' id='word_1_131' title='bbox 2605 732 2662 781; x_wconf 93' lang='lat' dir='ltr'>et</span> <span class='ocrx_word' id='word_1_132' title='bbox 2689 728 3022 784; x_wconf 60' lang='lat' dir='ltr'>adhaerebat</span> <span class='ocrx_word' id='word_1_133' title='bbox 3053 733 3318 790; x_wconf 87' lang='lat' dir='ltr'>consiliis.</span> <span class='ocrx_word' id='word_1_134' title='bbox 3352 735 3646 793; x_wconf 88' lang='lat' dir='ltr'>Convene-</span> 
     </span>
    </p>
   </div>
   <div class='ocr_carea' id='block_1_22' title="bbox 2037 814 3646 895">
    <p class='ocr_par' dir='ltr' id='par_1_22' title="bbox 2037 814 3646 895">
     <span class='ocr_line' id='line_1_22' title="bbox 2037 814 3646 895; baseline 0.012 -33"><span class='ocrx_word' id='word_1_135' title='bbox 2037 814 2172 864; x_wconf 89' lang='lat' dir='ltr'>runt</span> <span class='ocrx_word' id='word_1_136' title='bbox 2202 816 2397 867; x_wconf 89' lang='lat' dir='ltr'>autem</span> <span class='ocrx_word' id='word_1_137' title='bbox 2422 814 2493 867; x_wconf 89' lang='lat' dir='ltr'>ad</span> <span class='ocrx_word' id='word_1_138' title='bbox 2525 831 2680 881; x_wconf 90' lang='lat' dir='ltr'>eum,</span> <span class='ocrx_word' id='word_1_139' title='bbox 2717 816 2931 887; x_wconf 86' lang='lat' dir='ltr'>Spiritu</span> <span class='ocrx_word' id='word_1_140' title='bbox 2960 822 3156 874; x_wconf 88' lang='lat' dir='ltr'>sancto</span> <span class='ocrx_word' id='word_1_141' title='bbox 3197 821 3306 876; x_wconf 90' lang='lat' dir='ltr'>hoc</span> <span class='ocrx_word' id='word_1_142' title='bbox 3348 830 3646 895; x_wconf 87' lang='lat' dir='ltr'>operante,</span> 
     </span>
    </p>
   </div>
   <div class='ocr_carea' id='block_1_23' title="bbox 2040 899 3653 977">
    <p class='ocr_par' dir='ltr' id='par_1_23' title="bbox 2040 899 3653 977">
     <span class='ocr_line' id='line_1_23' title="bbox 2040 899 3653 977; baseline 0.011 -26"><span class='ocrx_word' id='word_1_143' title='bbox 2040 899 2229 953; x_wconf 69' lang='lat' dir='ltr'>caeteri</span> <span class='ocrx_word' id='word_1_144' title='bbox 2256 900 2461 955; x_wconf 82' lang='lat' dir='ltr'>fratres</span> <span class='ocrx_word' id='word_1_145' title='bbox 2483 918 2685 957; x_wconf 91' lang='lat' dir='ltr'>omnes</span> <span class='ocrx_word' id='word_1_146' title='bbox 2717 904 2887 975; x_wconf 85' lang='grc'><strong>(113),</strong></span> <span class='ocrx_word' id='word_1_147' title='bbox 2905 905 2999 977; x_wconf 90' lang='lat' dir='ltr'>qui</span> <span class='ocrx_word' id='word_1_148' title='bbox 3023 908 3180 977; x_wconf 90' lang='lat' dir='ltr'>prius</span> <span class='ocrx_word' id='word_1_149' title='bbox 3203 925 3332 964; x_wconf 90' lang='lat' dir='ltr'>cum</span> <span class='ocrx_word' id='word_1_150' title='bbox 3352 928 3420 966; x_wconf 93' lang='lat' dir='ltr'>eo</span> <span class='ocrx_word' id='word_1_151' title='bbox 3438 911 3496 965; x_wconf 93' lang='lat' dir='ltr'>in</span> <span class='ocrx_word' id='word_1_152' title='bbox 3522 913 3653 969; x_wconf 89' lang='lat' dir='ltr'>Car-</span> 
     </span>
    </p>
   </div>
   <div class='ocr_carea' id='block_1_24' title="bbox 2040 988 3648 1074">
    <p class='ocr_par' dir='ltr' id='par_1_24' title="bbox 2040 988 3648 1074">
     <span class='ocr_line' id='line_1_24' title="bbox 2040 988 3648 1074; baseline 0.011 -34"><span class='ocrx_word' id='word_1_153' title='bbox 2040 988 2227 1042; x_wconf 90' lang='lat' dir='ltr'>thusia</span> <span class='ocrx_word' id='word_1_154' title='bbox 2242 988 2493 1057; x_wconf 80' lang='lat' dir='ltr'>fuerant,</span> <span class='ocrx_word' id='word_1_155' title='bbox 2520 991 2780 1046; x_wconf 86' lang='lat' dir='ltr'>dolentes</span> <span class='ocrx_word' id='word_1_156' title='bbox 2797 993 3134 1063; x_wconf 91' lang='lat' dir='ltr'>plurimum,</span> <span class='ocrx_word' id='word_1_157' title='bbox 3154 996 3273 1070; x_wconf 91' lang='lat' dir='ltr'>ipse</span> <span class='ocrx_word' id='word_1_158' title='bbox 3291 1015 3423 1055; x_wconf 88' lang='lat' dir='ltr'>vero</span> <span class='ocrx_word' id='word_1_159' title='bbox 3442 1003 3648 1074; x_wconf 88' lang='lat' dir='ltr'>magis,</span> 
     </span>
    </p>
   </div>
   <div class='ocr_carea' id='block_1_25' title="bbox 2040 1077 3653 1157">
    <p class='ocr_par' dir='ltr' id='par_1_25' title="bbox 2040 1077 3653 1157">
     <span class='ocr_line' id='line_1_25' title="bbox 2040 1077 3653 1157; baseline 0.011 -28"><span class='ocrx_word' id='word_1_160' title='bbox 2040 1077 2403 1147; x_wconf 89' lang='lat' dir='ltr'>quodlocum</span> <span class='ocrx_word' id='word_1_161' title='bbox 2431 1080 2773 1150; x_wconf 72' lang='lat' dir='ltr'>praedictum</span> <span class='ocrx_word' id='word_1_162' title='bbox 2817 1082 3148 1152; x_wconf 63' lang='lat' dir='ltr'>Carthasim,</span> <span class='ocrx_word' id='word_1_163' title='bbox 3184 1103 3357 1157; x_wconf 90' lang='lat' dir='ltr'>quem</span> <span class='ocrx_word' id='word_1_164' title='bbox 3383 1090 3653 1148; x_wconf 88' lang='lat' dir='ltr'>dominus</span> 
     </span>
    </p>
   </div>
   <div class='ocr_carea' id='block_1_26' title="bbox 2038 1165 3656 1242">
    <p class='ocr_par' dir='ltr' id='par_1_26' title="bbox 2038 1165 3656 1242">
     <span class='ocr_line' id='line_1_26' title="bbox 2038 1165 3656 1242; baseline 0.011 -24"><span class='ocrx_word' id='word_1_165' title='bbox 2038 1165 2142 1219; x_wconf 90' lang='lat' dir='ltr'>sibi</span> <span class='ocrx_word' id='word_1_166' title='bbox 2166 1167 2584 1237; x_wconf 89' lang='lat' dir='ltr'>elegerat,etin</span> <span class='ocrx_word' id='word_1_167' title='bbox 2607 1187 2718 1242; x_wconf 89' lang='lat' dir='ltr'>quo</span> <span class='ocrx_word' id='word_1_168' title='bbox 2742 1170 2982 1241; x_wconf 89' lang='lat' dir='ltr'>dignum</span> <span class='ocrx_word' id='word_1_169' title='bbox 3006 1172 3085 1225; x_wconf 90' lang='lat' dir='ltr'>illi</span> <span class='ocrx_word' id='word_1_170' title='bbox 3107 1174 3497 1232; x_wconf 88' lang='lat' dir='ltr'>habitaculum</span> <span class='ocrx_word' id='word_1_171' title='bbox 3521 1196 3656 1235; x_wconf 88' lang='lat' dir='ltr'>con-</span> 
     </span>
    </p>
   </div>
   <div class='ocr_carea' id='block_1_27' title="bbox 2040 1256 3651 1330">
    <p class='ocr_par' dir='ltr' id='par_1_27' title="bbox 2040 1256 3651 1330">
     <span class='ocr_line' id='line_1_27' title="bbox 2040 1256 3651 1330; baseline 0.01 -23"><span class='ocrx_word' id='word_1_172' title='bbox 2040 1257 2324 1309; x_wconf 82' lang='lat' dir='ltr'>struxerat</span> <span class='ocrx_word' id='word_1_173' title='bbox 2383 1256 2551 1329; x_wconf 79' lang='grc'><strong>(114),</strong></span> <span class='ocrx_word' id='word_1_174' title='bbox 2609 1260 2990 1330; x_wconf 88' lang='lat' dir='ltr'>reliquissent.</span> <span class='ocrx_word' id='word_1_175' title='bbox 3042 1262 3188 1315; x_wconf 90' lang='lat' dir='ltr'>Dum</span> <span class='ocrx_word' id='word_1_176' title='bbox 3240 1258 3397 1319; x_wconf 88' lang='lat' dir='ltr'>enim</span> <span class='ocrx_word' id='word_1_177' title='bbox 3457 1267 3538 1321; x_wconf 87' lang='lat' dir='ltr'>eis</span> <span class='ocrx_word' id='word_1_178' title='bbox 3591 1268 3651 1324; x_wconf 88' lang='lat' dir='ltr'>in</span> 
     </span>
    </p>
   </div>
   <div class='ocr_carea' id='block_1_28' title="bbox 2042 1345 3649 1413">
    <p class='ocr_par' dir='ltr' id='par_1_28' title="bbox 2042 1345 3649 1413">
     <span class='ocr_line' id='line_1_28' title="bbox 2042 1345 3649 1413; baseline 0.009 -18"><span class='ocrx_word' id='word_1_179' title='bbox 2042 1345 2300 1397; x_wconf 86' lang='lat' dir='ltr'>mentem</span> <span class='ocrx_word' id='word_1_180' title='bbox 2326 1345 2608 1413; x_wconf 80' lang='lat' dir='ltr'>venirent,</span> <span class='ocrx_word' id='word_1_181' title='bbox 2640 1364 2756 1401; x_wconf 92' lang='lat' dir='ltr'>non</span> <span class='ocrx_word' id='word_1_182' title='bbox 2787 1347 2930 1401; x_wconf 89' lang='lat' dir='ltr'>sicut</span> <span class='ocrx_word' id='word_1_183' title='bbox 2975 1352 3500 1408; x_wconf 86' lang='lat' dir='ltr'>murmuratoribus</span> <span class='ocrx_word' id='word_1_184' title='bbox 3538 1355 3649 1411; x_wconf 89' lang='lat' dir='ltr'>illis</span> 
     </span>
    </p>
   </div>
   <div class='ocr_carea' id='block_1_29' title="bbox 2042 1432 3653 1511">
    <p class='ocr_par' dir='ltr' id='par_1_29' title="bbox 2042 1432 3653 1511">
     <span class='ocr_line' id='line_1_29' title="bbox 2042 1432 3653 1511; baseline 0.009 -27"><span class='ocrx_word' id='word_1_185' title='bbox 2042 1432 2099 1485; x_wconf 90' lang='lat' dir='ltr'>in</span> <span class='ocrx_word' id='word_1_186' title='bbox 2133 1433 2378 1495; x_wconf 88' lang='lat' dir='ltr'>deserto,</span> <span class='ocrx_word' id='word_1_187' title='bbox 2413 1450 2632 1501; x_wconf 87' lang='lat' dir='ltr'>carnes,</span> <span class='ocrx_word' id='word_1_188' title='bbox 2682 1451 3034 1503; x_wconf 90' lang='lat' dir='ltr'>cucumeres,</span> <span class='ocrx_word' id='word_1_189' title='bbox 3080 1441 3178 1491; x_wconf 91' lang='lat' dir='ltr'>aut</span> <span class='ocrx_word' id='word_1_190' title='bbox 3224 1456 3501 1511; x_wconf 90' lang='lat' dir='ltr'>pepones,</span> <span class='ocrx_word' id='word_1_191' title='bbox 3552 1444 3653 1500; x_wconf 89' lang='lat' dir='ltr'>sed</span> 
     </span>
    </p>
   </div>
   <div class='ocr_carea' id='block_1_30' title="bbox 2044 1519 3655 1599">
    <p class='ocr_par' dir='ltr' id='par_1_30' title="bbox 2044 1519 3655 1599">
     <span class='ocr_line' id='line_1_30' title="bbox 2044 1519 3655 1599; baseline 0.009 -27"><span class='ocrx_word' id='word_1_192' title='bbox 2044 1519 2262 1574; x_wconf 71' lang='lat' dir='ltr'>devota:</span> <span class='ocrx_word' id='word_1_193' title='bbox 2294 1521 2405 1575; x_wconf 69' lang='lat' dir='ltr'>illae</span> <span class='ocrx_word' id='word_1_194' title='bbox 2450 1523 2873 1590; x_wconf 90' lang='lat' dir='ltr'>meditationes,</span> <span class='ocrx_word' id='word_1_195' title='bbox 2911 1525 3220 1593; x_wconf 89' lang='lat' dir='ltr'>orationes,</span> <span class='ocrx_word' id='word_1_196' title='bbox 3268 1528 3563 1599; x_wconf 88' lang='lat' dir='ltr'>lectiones,</span> <span class='ocrx_word' id='word_1_197' title='bbox 3596 1533 3655 1587; x_wconf 89' lang='lat' dir='ltr'>et</span> 
     </span>
    </p>
   </div>
   <div class='ocr_carea' id='block_1_31' title="bbox 334 1608 3655 1684">
    <p class='ocr_par' dir='ltr' id='par_1_31' title="bbox 334 1608 3655 1684">
     <span class='ocr_line' id='line_1_31' title="bbox 334 1608 3655 1684; baseline 0.004 -21"><span class='ocrx_word' id='word_1_198' title='bbox 334 1612 434 1663; x_wconf 87' lang='lat' dir='ltr'>aut</span> <span class='ocrx_word' id='word_1_199' title='bbox 457 1609 547 1662; x_wconf 91' lang='lat' dir='ltr'>cui</span> <span class='ocrx_word' id='word_1_200' title='bbox 574 1625 680 1663; x_wconf 85' lang='lat' dir='ltr'>nos</span> <span class='ocrx_word' id='word_1_201' title='bbox 708 1611 993 1665; x_wconf 91' lang='lat' dir='ltr'>desolatos</span> <span class='ocrx_word' id='word_1_202' title='bbox 1044 1611 1362 1684; x_wconf 86' lang='lat' dir='ltr'>relinquis?</span> <span class='ocrx_word' id='word_1_203' title='bbox 1396 1612 1477 1665; x_wconf 92' lang='lat' dir='ltr'>Tu</span> <span class='ocrx_word' id='word_1_204' title='bbox 1517 1629 1575 1666; x_wconf 91' lang='lat' dir='ltr'>es</span> <span class='ocrx_word' id='word_1_205' title='bbox 1609 1611 1766 1665; x_wconf 89' lang='lat' dir='ltr'>enim</span> <span class='ocrx_word' id='word_1_206' title='bbox 1818 1612 1945 1680; x_wconf 89' lang='lat' dir='ltr'>post</span> <span class='ocrx_word' id='word_1_207' title='bbox 1969 1678 2013 1684; x_wconf 89' lang='lat'><em>_</em></span> <span class='ocrx_word' id='word_1_208' title='bbox 2045 1608 2326 1679; x_wconf 89' lang='lat' dir='ltr'>spiritales</span> <span class='ocrx_word' id='word_1_209' title='bbox 2372 1611 2813 1677; x_wconf 87' lang='lat' dir='ltr'>consolationes,</span> <span class='ocrx_word' id='word_1_210' title='bbox 2857 1629 2996 1683; x_wconf 90' lang='lat' dir='ltr'>quas</span> <span class='ocrx_word' id='word_1_211' title='bbox 3034 1614 3191 1683; x_wconf 90' lang='lat' dir='ltr'>prius</span> <span class='ocrx_word' id='word_1_212' title='bbox 3238 1614 3295 1669; x_wconf 91' lang='lat' dir='ltr'>in</span> <span class='ocrx_word' id='word_1_213' title='bbox 3346 1618 3655 1676; x_wconf 86' lang='lat' dir='ltr'>solitudine</span> 
     </span>
    </p>
   </div>
   <div class='ocr_carea' id='block_1_32' title="bbox 334 1678 3657 1771">
    <p class='ocr_par' dir='ltr' id='par_1_32' title="bbox 334 1678 3657 1771">
     <span class='ocr_line' id='line_1_32' title="bbox 334 1678 3657 1771; baseline 0.004 -20"><span class='ocrx_word' id='word_1_214' title='bbox 334 1697 518 1751; x_wconf 89' lang='lat' dir='ltr'>Deum</span> <span class='ocrx_word' id='word_1_215' title='bbox 552 1698 741 1752; x_wconf 89' lang='lat' dir='ltr'>omnis</span> <span class='ocrx_word' id='word_1_216' title='bbox 770 1715 897 1769; x_wconf 87' lang='lat' dir='ltr'>spes</span> <span class='ocrx_word' id='word_1_217' title='bbox 928 1704 1145 1766; x_wconf 90' lang='lat' dir='ltr'>nostra,</span> <span class='ocrx_word' id='word_1_218' title='bbox 1191 1678 1491 1771; x_wconf 76' lang='lat' dir='ltr'>totumque</span> <span class='ocrx_word' id='word_1_219' title='bbox 1522 1678 1835 1770; x_wconf 58' lang='lat' dir='ltr'>refugium:</span> <span class='ocrx_word' id='word_1_220' title='bbox 1863 1699 1945 1751; x_wconf 90' lang='lat' dir='ltr'>Tu</span> <span class='ocrx_word' id='word_1_221' title='bbox 1969 1678 2022 1738; x_wconf 85' lang='grc' dir='ltr'>Β</span> <span class='ocrx_word' id='word_1_222' title='bbox 2044 1678 2318 1768; x_wconf 19' lang='lat' dir='ltr'>pirtedicta</span> <span class='ocrx_word' id='word_1_223' title='bbox 2350 1698 2657 1752; x_wconf 69' lang='lat' dir='ltr'>Carthusiae</span> <span class='ocrx_word' id='word_1_224' title='bbox 2687 1678 3052 1768; x_wconf 53' lang='lat' dir='ltr'>habuerant;</span> <span class='ocrx_word' id='word_1_225' title='bbox 3081 1704 3139 1754; x_wconf 91' lang='lat' dir='ltr'>et</span> <span class='ocrx_word' id='word_1_226' title='bbox 3167 1703 3428 1759; x_wconf 83' lang='lat' dir='ltr'>viderent</span> <span class='ocrx_word' id='word_1_227' title='bbox 3444 1709 3657 1762; x_wconf 87' lang='lat' dir='ltr'>tumul-</span> 
     </span>
    </p>
   </div>
   <div class='ocr_carea' id='block_1_33' title="bbox 332 1784 1940 1859">
    <p class='ocr_par' dir='ltr' id='par_1_33' title="bbox 332 1784 1940 1859">
     <span class='ocr_line' id='line_1_33' title="bbox 332 1784 1940 1859; baseline 0.001 -21"><span class='ocrx_word' id='word_1_228' title='bbox 332 1786 501 1839; x_wconf 89' lang='lat' dir='ltr'>nobis</span> <span class='ocrx_word' id='word_1_229' title='bbox 530 1784 590 1839; x_wconf 92' lang='lat' dir='ltr'>in</span> <span class='ocrx_word' id='word_1_230' title='bbox 617 1786 865 1840; x_wconf 88' lang='lat' dir='ltr'>adversis</span> <span class='ocrx_word' id='word_1_231' title='bbox 890 1787 1242 1857; x_wconf 71' lang='lat' dir='ltr'>przesidium,</span> <span class='ocrx_word' id='word_1_232' title='bbox 1268 1788 1326 1842; x_wconf 89' lang='lat' dir='ltr'>in</span> <span class='ocrx_word' id='word_1_233' title='bbox 1349 1788 1635 1859; x_wconf 89' lang='lat' dir='ltr'>prosperis</span> <span class='ocrx_word' id='word_1_234' title='bbox 1652 1788 1940 1853; x_wconf 85' lang='lat' dir='ltr'>solatium,</span> 
     </span>
    </p>
   </div>
   <div class='ocr_carea' id='block_1_34' title="bbox 332 1873 1939 1941">
    <p class='ocr_par' dir='ltr' id='par_1_34' title="bbox 332 1873 1939 1941">
     <span class='ocr_line' id='line_1_34' title="bbox 332 1873 1939 1941; baseline 0 -14"><span class='ocrx_word' id='word_1_235' title='bbox 332 1873 395 1927; x_wconf 89' lang='lat' dir='ltr'>in</span> <span class='ocrx_word' id='word_1_236' title='bbox 426 1874 745 1927; x_wconf 88' lang='lat' dir='ltr'>tentatione</span> <span class='ocrx_word' id='word_1_237' title='bbox 775 1875 1098 1941; x_wconf 90' lang='lat' dir='ltr'>consilium,</span> <span class='ocrx_word' id='word_1_238' title='bbox 1133 1876 1191 1929; x_wconf 91' lang='lat' dir='ltr'>in</span> <span class='ocrx_word' id='word_1_239' title='bbox 1225 1876 1559 1931; x_wconf 83' lang='lat' dir='ltr'>inﬁrmitate</span> <span class='ocrx_word' id='word_1_240' title='bbox 1603 1876 1939 1930; x_wconf 88' lang='lat' dir='ltr'>subsidium.</span> 
     </span>
    </p>
   </div>
   <div class='ocr_carea' id='block_1_35' title="bbox 335 1961 1945 2034">
    <p class='ocr_par' dir='ltr' id='par_1_35' title="bbox 335 1961 1945 2034">
     <span class='ocr_line' id='line_1_35' title="bbox 335 1961 1945 2034; baseline 0.001 -20"><span class='ocrx_word' id='word_1_241' title='bbox 335 1961 483 2025; x_wconf 86' lang='lat' dir='ltr'>Quid</span> <span class='ocrx_word' id='word_1_242' title='bbox 512 1962 707 2032; x_wconf 80' lang='lat' dir='ltr'>igitur,</span> <span class='ocrx_word' id='word_1_243' title='bbox 726 1965 783 2016; x_wconf 89' lang='lat' dir='ltr'>te</span> <span class='ocrx_word' id='word_1_244' title='bbox 804 1963 1130 2029; x_wconf 89' lang='lat' dir='ltr'>recedente,</span> <span class='ocrx_word' id='word_1_245' title='bbox 1149 1964 1443 2030; x_wconf 87' lang='lat' dir='ltr'>faciemus,</span> <span class='ocrx_word' id='word_1_246' title='bbox 1464 1968 1560 2017; x_wconf 89' lang='lat' dir='ltr'>aut</span> <span class='ocrx_word' id='word_1_247' title='bbox 1584 1964 1659 2019; x_wconf 89' lang='lat' dir='ltr'>ad</span> <span class='ocrx_word' id='word_1_248' title='bbox 1679 1980 1873 2034; x_wconf 89' lang='lat' dir='ltr'>quem,</span> <span class='ocrx_word' id='word_1_249' title='bbox 1890 1964 1945 2016; x_wconf 89' lang='lat' dir='ltr'>te</span> 
     </span>
    </p>
   </div>
   <div class='ocr_carea' id='block_1_36' title="bbox 335 2049 1945 2123">
    <p class='ocr_par' dir='ltr' id='par_1_36' title="bbox 335 2049 1945 2123">
     <span class='ocr_line' id='line_1_36' title="bbox 335 2049 1945 2123; baseline -0.001 -19"><span class='ocrx_word' id='word_1_250' title='bbox 335 2049 595 2114; x_wconf 83' lang='lat' dir='ltr'>absente,</span> <span class='ocrx_word' id='word_1_251' title='bbox 630 2066 992 2105; x_wconf 88' lang='lat' dir='ltr'>recurremus</span> <span class='ocrx_word' id='word_1_252' title='bbox 1006 2051 1033 2105; x_wconf 82' lang='lat'>‘?</span> <span class='ocrx_word' id='word_1_253' title='bbox 1066 2050 1286 2105; x_wconf 78' lang='lat' dir='ltr'>Erimus</span> <span class='ocrx_word' id='word_1_254' title='bbox 1328 2052 1586 2123; x_wconf 75' lang='lat' dir='ltr'>profecto</span> <span class='ocrx_word' id='word_1_255' title='bbox 1635 2052 1786 2119; x_wconf 22' lang='lat' dir='ltr'>sicut,</span> <span class='ocrx_word' id='word_1_256' title='bbox 1814 2067 1945 2104; x_wconf 86' lang='lat' dir='ltr'>oves</span> 
     </span>
    </p>
   </div>
   <div class='ocr_carea' id='block_1_37' title="bbox 336 2128 1948 2210">
    <p class='ocr_par' dir='ltr' id='par_1_37' title="bbox 336 2128 1948 2210">
     <span class='ocr_line' id='line_1_37' title="bbox 336 2128 1948 2210; baseline 0.001 -20"><span class='ocrx_word' id='word_1_257' title='bbox 336 2128 619 2204; x_wconf 83' lang='lat' dir='ltr'>errantes,</span> <span class='ocrx_word' id='word_1_258' title='bbox 644 2154 757 2192; x_wconf 90' lang='lat' dir='ltr'>non</span> <span class='ocrx_word' id='word_1_259' title='bbox 781 2139 1059 2192; x_wconf 88' lang='lat' dir='ltr'>habentes</span> <span class='ocrx_word' id='word_1_260' title='bbox 1078 2143 1390 2210; x_wconf 77' lang='lat' dir='ltr'>pastorem.</span> <span class='ocrx_word' id='word_1_261' title='bbox 1418 2139 1474 2193; x_wconf 92' lang='lat' dir='ltr'>Si</span> <span class='ocrx_word' id='word_1_262' title='bbox 1494 2139 1665 2209; x_wconf 79' lang='lat' dir='ltr'>igitur</span> <span class='ocrx_word' id='word_1_263' title='bbox 1684 2142 1736 2191; x_wconf 89' lang='lat' dir='ltr'>te</span> <span class='ocrx_word' id='word_1_264' title='bbox 1755 2138 1826 2191; x_wconf 89' lang='lat' dir='ltr'>ad</span> <span class='ocrx_word' id='word_1_265' title='bbox 1842 2138 1948 2191; x_wconf 81' lang='lat' dir='ltr'>Ro-</span> 
     </span>
    </p>
   </div>
   <div class='ocr_carea' id='block_1_38' title="bbox 336 2226 1949 2297">
    <p class='ocr_par' dir='ltr' id='par_1_38' title="bbox 336 2226 1949 2297">
     <span class='ocr_line' id='line_1_38' title="bbox 336 2226 1949 2297; baseline -0.001 -18"><span class='ocrx_word' id='word_1_266' title='bbox 336 2242 582 2279; x_wconf 91' lang='lat' dir='ltr'>manum</span> <span class='ocrx_word' id='word_1_267' title='bbox 623 2227 957 2297; x_wconf 87' lang='lat' dir='ltr'>pontiﬁcem</span> <span class='ocrx_word' id='word_1_268' title='bbox 1007 2228 1334 2282; x_wconf 86' lang='lat' dir='ltr'>obedientia</span> <span class='ocrx_word' id='word_1_269' title='bbox 1378 2229 1589 2293; x_wconf 85' lang='lat' dir='ltr'>trahat,</span> <span class='ocrx_word' id='word_1_270' title='bbox 1623 2226 1813 2280; x_wconf 85' lang='lat' dir='ltr'>trahet</span> <span class='ocrx_word' id='word_1_271' title='bbox 1846 2241 1949 2278; x_wconf 92' lang='lat' dir='ltr'>nos</span> 
     </span>
    </p>
   </div>
   <div class='ocr_carea' id='block_1_39' title="bbox 338 2312 1947 2387">
    <p class='ocr_par' dir='ltr' id='par_1_39' title="bbox 338 2312 1947 2387">
     <span class='ocr_line' id='line_1_39' title="bbox 338 2312 1947 2387; baseline -0.001 -21"><span class='ocrx_word' id='word_1_272' title='bbox 338 2315 534 2367; x_wconf 88' lang='lat' dir='ltr'>tecum</span> <span class='ocrx_word' id='word_1_273' title='bbox 567 2315 1004 2386; x_wconf 89' lang='lat' dir='ltr'>supereminens</span> <span class='ocrx_word' id='word_1_274' title='bbox 1027 2314 1293 2381; x_wconf 89' lang='lat' dir='ltr'>charitas,</span> <span class='ocrx_word' id='word_1_275' title='bbox 1326 2332 1452 2387; x_wconf 82' lang='lat' dir='ltr'>quae</span> <span class='ocrx_word' id='word_1_276' title='bbox 1493 2317 1578 2367; x_wconf 88' lang='lat' dir='ltr'>est</span> <span class='ocrx_word' id='word_1_277' title='bbox 1625 2315 1684 2368; x_wconf 94' lang='lat' dir='ltr'>in</span> <span class='ocrx_word' id='word_1_278' title='bbox 1727 2312 1947 2367; x_wconf 88' lang='lat' dir='ltr'>Christo</span> 
     </span>
    </p>
   </div>
   <div class='ocr_carea' id='block_1_40' title="bbox 335 2402 1949 2474">
    <p class='ocr_par' dir='ltr' id='par_1_40' title="bbox 335 2402 1949 2474">
     <span class='ocr_line' id='line_1_40' title="bbox 335 2402 1949 2474; baseline -0.002 -18"><span class='ocrx_word' id='word_1_279' title='bbox 335 2402 489 2468; x_wconf 81' lang='lat' dir='ltr'>Jesu,</span> <span class='ocrx_word' id='word_1_280' title='bbox 523 2418 697 2472; x_wconf 89' lang='lat' dir='ltr'>quam</span> <span class='ocrx_word' id='word_1_281' title='bbox 729 2419 995 2474; x_wconf 88' lang='lat' dir='ltr'>separare</span> <span class='ocrx_word' id='word_1_282' title='bbox 1016 2419 1131 2456; x_wconf 92' lang='lat' dir='ltr'>non</span> <span class='ocrx_word' id='word_1_283' title='bbox 1155 2403 1386 2473; x_wconf 89' lang='lat' dir='ltr'>poterit,</span> <span class='ocrx_word' id='word_1_284' title='bbox 1423 2420 1607 2473; x_wconf 89' lang='lat' dir='ltr'>neque</span> <span class='ocrx_word' id='word_1_285' title='bbox 1640 2418 1817 2467; x_wconf 88' lang='lat' dir='ltr'>mors,</span> <span class='ocrx_word' id='word_1_286' title='bbox 1850 2416 1949 2453; x_wconf 91' lang='lat' dir='ltr'>nc-</span> 
     </span>
    </p>
   </div>
   <div class='ocr_carea' id='block_1_41' title="bbox 338 2488 1949 2562">
    <p class='ocr_par' dir='ltr' id='par_1_41' title="bbox 338 2488 1949 2562">
     <span class='ocr_line' id='line_1_41' title="bbox 338 2488 1949 2562; baseline 0 -20"><span class='ocrx_word' id='word_1_287' title='bbox 338 2505 454 2560; x_wconf 90' lang='lat' dir='ltr'>que</span> <span class='ocrx_word' id='word_1_288' title='bbox 510 2488 641 2555; x_wconf 83' lang='lat' dir='ltr'>vita,</span> <span class='ocrx_word' id='word_1_289' title='bbox 690 2505 876 2561; x_wconf 90' lang='lat' dir='ltr'>neque</span> <span class='ocrx_word' id='word_1_290' title='bbox 931 2494 1191 2544; x_wconf 87' lang='lat' dir='ltr'>creatura</span> <span class='ocrx_word' id='word_1_291' title='bbox 1247 2491 1456 2562; x_wconf 87' lang='lat' dir='ltr'>aliqua.</span> <span class='ocrx_word' id='word_1_292' title='bbox 1505 2492 1706 2545; x_wconf 87' lang='lat' dir='ltr'>Beatus</span> <span class='ocrx_word' id='word_1_293' title='bbox 1758 2489 1949 2560; x_wconf 87' lang='lat' dir='ltr'>itaque</span> 
     </span>
    </p>
   </div>
   <div class='ocr_carea' id='block_1_42' title="bbox 340 2578 1953 2650">
    <p class='ocr_par' dir='ltr' id='par_1_42' title="bbox 340 2578 1953 2650">
     <span class='ocr_line' id='line_1_42' title="bbox 340 2578 1953 2650; baseline 0.001 -20"><span class='ocrx_word' id='word_1_294' title='bbox 340 2578 536 2631; x_wconf 91' lang='lat' dir='ltr'>Bruno</span> <span class='ocrx_word' id='word_1_295' title='bbox 570 2578 689 2631; x_wconf 79' lang='lat' dir='ltr'>haec</span> <span class='ocrx_word' id='word_1_296' title='bbox 716 2578 974 2644; x_wconf 88' lang='lat' dir='ltr'>audiens,</span> <span class='ocrx_word' id='word_1_297' title='bbox 992 2578 1201 2632; x_wconf 90' lang='lat' dir='ltr'>timens</span> <span class='ocrx_word' id='word_1_298' title='bbox 1227 2596 1299 2632; x_wconf 91' lang='lat' dir='ltr'>ne</span> <span class='ocrx_word' id='word_1_299' title='bbox 1326 2582 1562 2650; x_wconf 87' lang='lat' dir='ltr'>propter</span> <span class='ocrx_word' id='word_1_300' title='bbox 1575 2594 1740 2632; x_wconf 91' lang='lat' dir='ltr'>suum</span> <span class='ocrx_word' id='word_1_301' title='bbox 1758 2580 1953 2631; x_wconf 88' lang='lat' dir='ltr'>etsuo-</span> 
     </span>
    </p>
   </div>
   <div class='ocr_carea' id='block_1_43' title="bbox 341 2664 1950 2738">
    <p class='ocr_par' dir='ltr' id='par_1_43' title="bbox 341 2664 1950 2738">
     <span class='ocr_line' id='line_1_43' title="bbox 341 2664 1950 2738; baseline 0 -20"><span class='ocrx_word' id='word_1_302' title='bbox 341 2681 475 2718; x_wconf 88' lang='lat' dir='ltr'>rum</span> <span class='ocrx_word' id='word_1_303' title='bbox 509 2664 646 2719; x_wconf 90' lang='lat' dir='ltr'>inde</span> <span class='ocrx_word' id='word_1_304' title='bbox 678 2665 987 2720; x_wconf 88' lang='lat' dir='ltr'>discessum</span> <span class='ocrx_word' id='word_1_305' title='bbox 1017 2668 1171 2721; x_wconf 88' lang='lat' dir='ltr'>locus</span> <span class='ocrx_word' id='word_1_306' title='bbox 1206 2668 1529 2738; x_wconf 71' lang='lat' dir='ltr'>praedictus,</span> <span class='ocrx_word' id='word_1_307' title='bbox 1553 2667 1680 2737; x_wconf 87' lang='lat' dir='ltr'>jam</span> <span class='ocrx_word' id='word_1_308' title='bbox 1712 2668 1827 2721; x_wconf 90' lang='lat' dir='ltr'>Deo</span> <span class='ocrx_word' id='word_1_309' title='bbox 1865 2665 1950 2719; x_wconf 90' lang='lat' dir='ltr'>di-</span> 
     </span>
    </p>
   </div>
   <div class='ocr_carea' id='block_1_44' title="bbox 341 2753 1952 2825">
    <p class='ocr_par' dir='ltr' id='par_1_44' title="bbox 341 2753 1952 2825">
     <span class='ocr_line' id='line_1_44' title="bbox 341 2753 1952 2825; baseline 0 -19"><span class='ocrx_word' id='word_1_310' title='bbox 341 2758 522 2817; x_wconf 89' lang='lat' dir='ltr'>catus,</span> <span class='ocrx_word' id='word_1_311' title='bbox 556 2753 629 2806; x_wconf 90' lang='lat' dir='ltr'>ad</span> <span class='ocrx_word' id='word_1_312' title='bbox 655 2770 861 2807; x_wconf 90' lang='lat' dir='ltr'>manus</span> <span class='ocrx_word' id='word_1_313' title='bbox 891 2754 1061 2808; x_wconf 87' lang='lat' dir='ltr'>laicas</span> <span class='ocrx_word' id='word_1_314' title='bbox 1093 2758 1151 2809; x_wconf 92' lang='lat' dir='ltr'>et</span> <span class='ocrx_word' id='word_1_315' title='bbox 1180 2756 1452 2825; x_wconf 84' lang='lat' dir='ltr'>profanas</span> <span class='ocrx_word' id='word_1_316' title='bbox 1479 2754 1688 2808; x_wconf 89' lang='lat' dir='ltr'>iterum</span> <span class='ocrx_word' id='word_1_317' title='bbox 1721 2753 1952 2808; x_wconf 81' lang='lat' dir='ltr'>deveni-</span> 
     </span>
    </p>
   </div>
   <div class='ocr_carea' id='block_1_45' title="bbox 341 2842 1955 2913">
    <p class='ocr_par' dir='ltr' id='par_1_45' title="bbox 341 2842 1955 2913">
     <span class='ocr_line' id='line_1_45' title="bbox 341 2842 1955 2913; baseline 0 -19"><span class='ocrx_word' id='word_1_318' title='bbox 341 2843 456 2907; x_wconf 90' lang='lat' dir='ltr'>ret,</span> <span class='ocrx_word' id='word_1_319' title='bbox 490 2842 807 2913; x_wconf 88' lang='lat' dir='ltr'>nolensque</span> <span class='ocrx_word' id='word_1_320' title='bbox 865 2842 1027 2896; x_wconf 91' lang='lat' dir='ltr'>illum</span> <span class='ocrx_word' id='word_1_321' title='bbox 1070 2843 1309 2897; x_wconf 89' lang='lat' dir='ltr'>omnino</span> <span class='ocrx_word' id='word_1_322' title='bbox 1350 2842 1632 2910; x_wconf 87' lang='lat' dir='ltr'>deserere,</span> <span class='ocrx_word' id='word_1_323' title='bbox 1682 2843 1781 2896; x_wconf 91' lang='lat' dir='ltr'>sed</span> <span class='ocrx_word' id='word_1_324' title='bbox 1827 2843 1955 2913; x_wconf 91' lang='lat' dir='ltr'>post</span> 
     </span>
    </p>
   </div>
   <div class='ocr_carea' id='block_1_46' title="bbox 2046 1784 3654 1860">
    <p class='ocr_par' dir='ltr' id='par_1_46' title="bbox 2046 1784 3654 1860">
     <span class='ocr_line' id='line_1_46' title="bbox 2046 1784 3654 1860; baseline 0.009 -23"><span class='ocrx_word' id='word_1_325' title='bbox 2046 1784 2156 1851; x_wconf 67' lang='lat' dir='ltr'>tus,</span> <span class='ocrx_word' id='word_1_326' title='bbox 2184 1785 2472 1856; x_wconf 88' lang='lat' dir='ltr'>strepitus,</span> <span class='ocrx_word' id='word_1_327' title='bbox 2504 1789 2559 1838; x_wconf 91' lang='lat' dir='ltr'>et</span> <span class='ocrx_word' id='word_1_328' title='bbox 2588 1787 2841 1856; x_wconf 90' lang='lat' dir='ltr'>pericula</span> <span class='ocrx_word' id='word_1_329' title='bbox 2871 1788 3062 1854; x_wconf 62' lang='lat' dir='ltr'>curiae,</span> <span class='ocrx_word' id='word_1_330' title='bbox 3094 1806 3210 1843; x_wconf 90' lang='lat' dir='ltr'>non</span> <span class='ocrx_word' id='word_1_331' title='bbox 3239 1794 3509 1860; x_wconf 88' lang='lat' dir='ltr'>poterant</span> <span class='ocrx_word' id='word_1_332' title='bbox 3530 1812 3587 1850; x_wconf 88' lang='lat' dir='ltr'>se</span> <span class='ocrx_word' id='word_1_333' title='bbox 3619 1813 3654 1852; x_wconf 89' lang='lat' dir='ltr'>a</span> 
     </span>
    </p>
   </div>
   <div class='ocr_carea' id='block_1_47' title="bbox 2047 1873 2636 1945">
    <p class='ocr_par' dir='ltr' id='par_1_47' title="bbox 2047 1873 2636 1945">
     <span class='ocr_line' id='line_1_47' title="bbox 2047 1873 2636 1945; baseline 0.002 -18"><span class='ocrx_word' id='word_1_334' title='bbox 2047 1873 2290 1945; x_wconf 77' lang='lat' dir='ltr'>lacrynis</span> <span class='ocrx_word' id='word_1_335' title='bbox 2320 1874 2636 1928; x_wconf 90' lang='lat' dir='ltr'>continere.</span> 
     </span>
    </p>
   </div>
   <div class='ocr_carea' id='block_1_48' title="bbox 2117 1961 3656 2041">
    <p class='ocr_par' dir='ltr' id='par_1_48' title="bbox 2117 1961 3656 2041">
     <span class='ocr_line' id='line_1_48' title="bbox 2117 1961 3656 2041; baseline 0.008 -26"><span class='ocrx_word' id='word_1_336' title='bbox 2117 1963 2206 2015; x_wconf 78' lang='grc'>48.</span> <span class='ocrx_word' id='word_1_337' title='bbox 2238 1961 2496 2015; x_wconf 88' lang='lat' dir='ltr'>Tandem</span> <span class='ocrx_word' id='word_1_338' title='bbox 2529 1978 2661 2016; x_wconf 89' lang='lat' dir='ltr'>vero</span> <span class='ocrx_word' id='word_1_339' title='bbox 2710 1978 2878 2016; x_wconf 89' lang='lat' dir='ltr'>suasu</span> <span class='ocrx_word' id='word_1_340' title='bbox 2925 1967 2982 2017; x_wconf 89' lang='lat' dir='ltr'>et</span> <span class='ocrx_word' id='word_1_341' title='bbox 3022 1963 3354 2022; x_wconf 88' lang='lat' dir='ltr'>inductione</span> <span class='ocrx_word' id='word_1_342' title='bbox 3397 1970 3656 2041; x_wconf 87' lang='lat' dir='ltr'>ejusdem</span> 
     </span>
    </p>
   </div>
   <div class='ocr_carea' id='block_1_49' title="bbox 2048 2050 3657 2128">
    <p class='ocr_par' dir='ltr' id='par_1_49' title="bbox 2048 2050 3657 2128">
     <span class='ocr_line' id='line_1_49' title="bbox 2048 2050 3657 2128; baseline 0.006 -24"><span class='ocrx_word' id='word_1_343' title='bbox 2048 2050 2199 2104; x_wconf 90' lang='lat' dir='ltr'>beati</span> <span class='ocrx_word' id='word_1_344' title='bbox 2236 2050 2537 2115; x_wconf 89' lang='lat' dir='ltr'>Brunonis,</span> <span class='ocrx_word' id='word_1_345' title='bbox 2583 2066 2713 2103; x_wconf 89' lang='lat' dir='ltr'>cum</span> <span class='ocrx_word' id='word_1_346' title='bbox 2763 2051 3025 2105; x_wconf 90' lang='lat' dir='ltr'>nondum</span> <span class='ocrx_word' id='word_1_347' title='bbox 3065 2056 3257 2123; x_wconf 90' lang='lat' dir='ltr'>posset</span> <span class='ocrx_word' id='word_1_348' title='bbox 3298 2072 3414 2126; x_wconf 83' lang='lat' dir='ltr'>Ipse</span> <span class='ocrx_word' id='word_1_349' title='bbox 3448 2073 3552 2128; x_wconf 93' lang='lat' dir='ltr'>pro</span> <span class='ocrx_word' id='word_1_350' title='bbox 3597 2077 3657 2115; x_wconf 88' lang='lat' dir='ltr'>se</span> 
     </span>
    </p>
   </div>
   <div class='ocr_carea' id='block_1_50' title="bbox 2047 2137 3661 2212">
    <p class='ocr_par' dir='ltr' id='par_1_50' title="bbox 2047 2137 3661 2212">
     <span class='ocr_line' id='line_1_50' title="bbox 2047 2137 3661 2212; baseline 0.006 -22"><span class='ocrx_word' id='word_1_351' title='bbox 2047 2137 2339 2191; x_wconf 87' lang='lat' dir='ltr'>licentiam</span> <span class='ocrx_word' id='word_1_352' title='bbox 2372 2154 2469 2191; x_wconf 89' lang='lat' dir='ltr'>seu</span> <span class='ocrx_word' id='word_1_353' title='bbox 2502 2142 2893 2191; x_wconf 89' lang='lat' dir='ltr'>commeatum</span> <span class='ocrx_word' id='word_1_354' title='bbox 2918 2139 3198 2193; x_wconf 90' lang='lat' dir='ltr'>redeundi</span> <span class='ocrx_word' id='word_1_355' title='bbox 3226 2157 3259 2194; x_wconf 91' lang='lat' dir='ltr'>a</span> <span class='ocrx_word' id='word_1_356' title='bbox 3274 2144 3543 2212; x_wconf 85' lang='lat' dir='ltr'>pontiﬁce</span> <span class='ocrx_word' id='word_1_357' title='bbox 3561 2147 3661 2201; x_wconf 92' lang='lat' dir='ltr'>ob-</span> 
     </span>
    </p>
   </div>
   <div class='ocr_carea' id='block_1_51' title="bbox 2050 2224 3660 2302">
    <p class='ocr_par' dir='ltr' id='par_1_51' title="bbox 2050 2224 3660 2302">
     <span class='ocr_line' id='line_1_51' title="bbox 2050 2224 3660 2302; baseline 0.007 -25"><span class='ocrx_word' id='word_1_358' title='bbox 2050 2224 2253 2290; x_wconf 90' lang='lat' dir='ltr'>tinere,</span> <span class='ocrx_word' id='word_1_359' title='bbox 2286 2229 2559 2296; x_wconf 90' lang='lat' dir='ltr'>tanquam</span> <span class='ocrx_word' id='word_1_360' title='bbox 2592 2225 2671 2279; x_wconf 90' lang='lat' dir='ltr'>illi</span> <span class='ocrx_word' id='word_1_361' title='bbox 2701 2225 2758 2279; x_wconf 91' lang='lat' dir='ltr'>in</span> <span class='ocrx_word' id='word_1_362' title='bbox 2786 2229 2923 2279; x_wconf 91' lang='lat' dir='ltr'>tunc</span> <span class='ocrx_word' id='word_1_363' title='bbox 2951 2228 3382 2283; x_wconf 90' lang='lat' dir='ltr'>occurrentibus</span> <span class='ocrx_word' id='word_1_364' title='bbox 3412 2233 3660 2302; x_wconf 88' lang='lat' dir='ltr'>negotiis</span> 
     </span>
    </p>
   </div>
   <div class='ocr_carea' id='block_1_52' title="bbox 2052 2313 3659 2379">
    <p class='ocr_par' dir='ltr' id='par_1_52' title="bbox 2052 2313 3659 2379">
     <span class='ocr_line' id='line_1_52' title="bbox 2052 2313 3659 2379; baseline 0.007 -14"><span class='ocrx_word' id='word_1_365' title='bbox 2052 2313 2420 2379; x_wconf 84' lang='lat' dir='ltr'>necessarius,</span> <span class='ocrx_word' id='word_1_366' title='bbox 2471 2328 2672 2367; x_wconf 90' lang='lat' dir='ltr'>omnes</span> <span class='ocrx_word' id='word_1_367' title='bbox 2722 2313 3078 2367; x_wconf 86' lang='lat' dir='ltr'>unanimiter</span> <span class='ocrx_word' id='word_1_368' title='bbox 3126 2322 3543 2373; x_wconf 89' lang='lat' dir='ltr'>consenserunt</span> <span class='ocrx_word' id='word_1_369' title='bbox 3587 2320 3659 2377; x_wconf 86' lang='lat' dir='ltr'>ad</span> 
     </span>
    </p>
   </div>
   <div class='ocr_carea' id='block_1_53' title="bbox 2051 2400 3659 2473">
    <p class='ocr_par' dir='ltr' id='par_1_53' title="bbox 2051 2400 3659 2473">
     <span class='ocr_line' id='line_1_53' title="bbox 2051 2400 3659 2473; baseline 0.006 -18"><span class='ocrx_word' id='word_1_370' title='bbox 2051 2400 2409 2455; x_wconf 87' lang='lat' dir='ltr'>Carthusiam</span> <span class='ocrx_word' id='word_1_371' title='bbox 2435 2401 2663 2468; x_wconf 83' lang='lat' dir='ltr'>reverti,</span> <span class='ocrx_word' id='word_1_372' title='bbox 2681 2402 2931 2456; x_wconf 87' lang='lat' dir='ltr'>obtentis</span> <span class='ocrx_word' id='word_1_373' title='bbox 2948 2402 3103 2473; x_wconf 90' lang='lat' dir='ltr'>prius</span> <span class='ocrx_word' id='word_1_374' title='bbox 3115 2404 3186 2456; x_wconf 90' lang='lat' dir='ltr'>ab</span> <span class='ocrx_word' id='word_1_375' title='bbox 3210 2404 3418 2459; x_wconf 90' lang='lat' dir='ltr'>eodem</span> <span class='ocrx_word' id='word_1_376' title='bbox 3432 2423 3659 2465; x_wconf 89' lang='lat' dir='ltr'>summo</span> 
     </span>
    </p>
   </div>
   <div class='ocr_carea' id='block_1_54' title="bbox 2049 2488 3662 2565">
    <p class='ocr_par' dir='ltr' id='par_1_54' title="bbox 2049 2488 3662 2565">
     <span class='ocr_line' id='line_1_54' title="bbox 2049 2488 3662 2565; baseline 0.006 -23"><span class='ocrx_word' id='word_1_377' title='bbox 2049 2489 2321 2560; x_wconf 82' lang='lat' dir='ltr'>pontiﬁce</span> <span class='ocrx_word' id='word_1_378' title='bbox 2348 2488 2551 2542; x_wconf 88' lang='lat' dir='ltr'>litteris</span> <span class='ocrx_word' id='word_1_379' title='bbox 2577 2488 2649 2542; x_wconf 91' lang='lat' dir='ltr'>ad</span> <span class='ocrx_word' id='word_1_380' title='bbox 2670 2489 3006 2559; x_wconf 67' lang='lat' dir='ltr'>praedictum</span> <span class='ocrx_word' id='word_1_381' title='bbox 3037 2490 3305 2544; x_wconf 87' lang='lat' dir='ltr'>abbatem</span> <span class='ocrx_word' id='word_1_382' title='bbox 3354 2491 3662 2565; x_wconf 86' lang='lat' dir='ltr'>Signinum</span> 
     </span>
    </p>
   </div>
   <div class='ocr_carea' id='block_1_55' title="bbox 2053 2576 3663 2650">
    <p class='ocr_par' dir='ltr' id='par_1_55' title="bbox 2053 2576 3663 2650">
     <span class='ocr_line' id='line_1_55' title="bbox 2053 2576 3663 2650; baseline 0.005 -20"><span class='ocrx_word' id='word_1_383' title='bbox 2053 2584 2156 2650; x_wconf 87' lang='lat' dir='ltr'>pro</span> <span class='ocrx_word' id='word_1_384' title='bbox 2188 2577 2546 2631; x_wconf 88' lang='lat' dir='ltr'>restitutione</span> <span class='ocrx_word' id='word_1_385' title='bbox 2592 2577 2724 2631; x_wconf 91' lang='lat' dir='ltr'>dicti</span> <span class='ocrx_word' id='word_1_386' title='bbox 2771 2576 2879 2631; x_wconf 89' lang='lat' dir='ltr'>loci</span> <span class='ocrx_word' id='word_1_387' title='bbox 2907 2579 3084 2645; x_wconf 78' lang='lat' dir='ltr'>(H5);</span> <span class='ocrx_word' id='word_1_388' title='bbox 3120 2595 3292 2648; x_wconf 90' lang='lat' dir='ltr'>quem</span> <span class='ocrx_word' id='word_1_389' title='bbox 3340 2579 3418 2634; x_wconf 91' lang='lat' dir='ltr'>illi</span> <span class='ocrx_word' id='word_1_390' title='bbox 3461 2582 3663 2638; x_wconf 88' lang='lat' dir='ltr'>beatus</span> 
     </span>
    </p>
   </div>
   <div class='ocr_carea' id='block_1_56' title="bbox 2053 2664 3659 2737">
    <p class='ocr_par' dir='ltr' id='par_1_56' title="bbox 2053 2664 3659 2737">
     <span class='ocr_line' id='line_1_56' title="bbox 2053 2664 3659 2737; baseline 0.004 -18"><span class='ocrx_word' id='word_1_391' title='bbox 2053 2667 2244 2719; x_wconf 88' lang='lat' dir='ltr'>Bruno</span> <span class='ocrx_word' id='word_1_392' title='bbox 2278 2665 2413 2719; x_wconf 90' lang='lat' dir='ltr'>inde</span> <span class='ocrx_word' id='word_1_393' title='bbox 2434 2664 2827 2728; x_wconf 89' lang='lat' dir='ltr'>discedens(ut</span> <span class='ocrx_word' id='word_1_394' title='bbox 2835 2664 2959 2734; x_wconf 88' lang='lat' dir='ltr'>jam</span> <span class='ocrx_word' id='word_1_395' title='bbox 2978 2664 3195 2718; x_wconf 91' lang='lat' dir='ltr'>dictum</span> <span class='ocrx_word' id='word_1_396' title='bbox 3218 2669 3317 2737; x_wconf 88' lang='lat' dir='ltr'>est)</span> <span class='ocrx_word' id='word_1_397' title='bbox 3335 2669 3659 2727; x_wconf 86' lang='lat' dir='ltr'>remiserat.</span> 
     </span>
    </p>
   </div>
   <div class='ocr_carea' id='block_1_57' title="bbox 2052 2751 3665 2825">
    <p class='ocr_par' dir='ltr' id='par_1_57' title="bbox 2052 2751 3665 2825">
     <span class='ocr_line' id='line_1_57' title="bbox 2052 2751 3665 2825; baseline 0.004 -17"><span class='ocrx_word' id='word_1_398' title='bbox 2052 2753 2316 2825; x_wconf 84' lang='lat' dir='ltr'>Magistro</span> <span class='ocrx_word' id='word_1_399' title='bbox 2345 2753 2536 2824; x_wconf 87' lang='lat' dir='ltr'>itaque</span> <span class='ocrx_word' id='word_1_400' title='bbox 2571 2751 2889 2818; x_wconf 86' lang='lat' dir='ltr'>Landuino,</span> <span class='ocrx_word' id='word_1_401' title='bbox 2923 2769 3097 2823; x_wconf 88' lang='lat' dir='ltr'>quem</span> <span class='ocrx_word' id='word_1_402' title='bbox 3132 2754 3349 2808; x_wconf 80' lang='lat' dir='ltr'>caeteris</span> <span class='ocrx_word' id='word_1_403' title='bbox 3393 2757 3665 2815; x_wconf 80' lang='lat' dir='ltr'>fratribus</span> 
     </span>
    </p>
   </div>
   <div class='ocr_carea' id='block_1_58' title="bbox 2053 2838 3665 2915">
    <p class='ocr_par' dir='ltr' id='par_1_58' title="bbox 2053 2838 3665 2915">
     <span class='ocr_line' id='line_1_58' title="bbox 2053 2838 3665 2915; baseline 0.004 -21"><span class='ocrx_word' id='word_1_404' title='bbox 2053 2841 2252 2894; x_wconf 86' lang='lat' dir='ltr'>beatus</span> <span class='ocrx_word' id='word_1_405' title='bbox 2288 2840 2456 2893; x_wconf 89' lang='lat' dir='ltr'>Pater</span> <span class='ocrx_word' id='word_1_406' title='bbox 2482 2840 2671 2892; x_wconf 90' lang='lat' dir='ltr'>Bruno</span> <span class='ocrx_word' id='word_1_407' title='bbox 2704 2838 2761 2892; x_wconf 87' lang='lat' dir='ltr'>in</span> <span class='ocrx_word' id='word_1_408' title='bbox 2796 2838 3051 2909; x_wconf 86' lang='lat' dir='ltr'>priorem</span> <span class='ocrx_word' id='word_1_409' title='bbox 3078 2840 3202 2894; x_wconf 93' lang='lat' dir='ltr'>loco</span> <span class='ocrx_word' id='word_1_410' title='bbox 3232 2840 3315 2895; x_wconf 90' lang='lat' dir='ltr'>sui</span> <span class='ocrx_word' id='word_1_411' title='bbox 3340 2859 3665 2915; x_wconf 68' lang='lat' dir='ltr'>praeposue-</span> 
     </span>
    </p>
   </div>
   <div class='ocr_carea' id='block_1_59' title="bbox 342 2927 3659 3011">
    <p class='ocr_par' dir='ltr' id='par_1_59' title="bbox 342 2927 3659 3011">
     <span class='ocr_line' id='line_1_59' title="bbox 342 2927 3659 3011; baseline 0.002 -30"><span class='ocrx_word' id='word_1_412' title='bbox 342 2932 635 3000; x_wconf 82' lang='lat' dir='ltr'>expletam</span> <span class='ocrx_word' id='word_1_413' title='bbox 666 2930 772 2983; x_wconf 90' lang='lat' dir='ltr'>sibi</span> <span class='ocrx_word' id='word_1_414' title='bbox 796 2929 1128 3000; x_wconf 89' lang='lat' dir='ltr'>impositam</span> <span class='ocrx_word' id='word_1_415' title='bbox 1153 2931 1571 3000; x_wconf 75' lang='lat' dir='ltr'>poenitientiam</span> <span class='ocrx_word' id='word_1_416' title='bbox 1606 2947 1738 2984; x_wconf 92' lang='lat' dir='ltr'>eum</span> <span class='ocrx_word' id='word_1_417' title='bbox 1764 2930 1949 2983; x_wconf 86' lang='lat' dir='ltr'>inten-</span> <span class='ocrx_word' id='word_1_418' title='bbox 1976 2948 2026 3011; x_wconf 74' lang='grc' dir='ltr'>ο</span> <span class='ocrx_word' id='word_1_419' title='bbox 2056 2932 2145 2982; x_wconf 91' lang='lat' dir='ltr'>rat</span> <span class='ocrx_word' id='word_1_420' title='bbox 2164 2930 2333 2998; x_wconf 69' lang='grc'><strong>(116),</strong></span> <span class='ocrx_word' id='word_1_421' title='bbox 2356 2927 2614 2989; x_wconf 86' lang='lat' dir='ltr'>ductore,</span> <span class='ocrx_word' id='word_1_422' title='bbox 2643 2943 2846 2981; x_wconf 90' lang='lat' dir='ltr'>omnes</span> <span class='ocrx_word' id='word_1_423' title='bbox 2869 2928 3228 2982; x_wconf 88' lang='lat' dir='ltr'>Carthusiam</span> <span class='ocrx_word' id='word_1_424' title='bbox 3250 2931 3659 3001; x_wconf 89' lang='lat' dir='ltr'>repetiverunt.</span> 
     </span>
    </p>
   </div>
   <div class='ocr_carea' id='block_1_60' title="bbox 344 3016 1952 3089">
    <p class='ocr_par' dir='ltr' id='par_1_60' title="bbox 344 3016 1952 3089">
     <span class='ocr_line' id='line_1_60' title="bbox 344 3016 1952 3089; baseline 0.001 -20"><span class='ocrx_word' id='word_1_425' title='bbox 344 3016 490 3070; x_wconf 88' lang='lat' dir='ltr'>dens</span> <span class='ocrx_word' id='word_1_426' title='bbox 510 3033 641 3070; x_wconf 90' lang='lat' dir='ltr'>cum</span> <span class='ocrx_word' id='word_1_427' title='bbox 666 3018 780 3071; x_wconf 90' lang='lat' dir='ltr'>suis</span> <span class='ocrx_word' id='word_1_428' title='bbox 802 3023 1083 3089; x_wconf 89' lang='lat' dir='ltr'>repetere,</span> <span class='ocrx_word' id='word_1_429' title='bbox 1100 3019 1527 3073; x_wconf 87' lang='lat' dir='ltr'>commendavit</span> <span class='ocrx_word' id='word_1_430' title='bbox 1544 3022 1601 3072; x_wconf 89' lang='lat' dir='ltr'>et</span> <span class='ocrx_word' id='word_1_431' title='bbox 1620 3018 1777 3073; x_wconf 90' lang='lat' dir='ltr'>dedit</span> <span class='ocrx_word' id='word_1_432' title='bbox 1794 3018 1952 3071; x_wconf 89' lang='lat' dir='ltr'>illum</span> 
     </span>
    </p>
   </div>
   <div class='ocr_carea' id='block_1_61' title="bbox 343 3104 1953 3177">
    <p class='ocr_par' dir='ltr' id='par_1_61' title="bbox 343 3104 1953 3177">
     <span class='ocr_line' id='line_1_61' title="bbox 343 3104 1953 3177; baseline 0.001 -21"><span class='ocrx_word' id='word_1_433' title='bbox 343 3105 659 3159; x_wconf 80' lang='lat' dir='ltr'>venerabili</span> <span class='ocrx_word' id='word_1_434' title='bbox 690 3106 810 3159; x_wconf 88' lang='lat' dir='ltr'>viro</span> <span class='ocrx_word' id='word_1_435' title='bbox 839 3106 1077 3161; x_wconf 91' lang='lat' dir='ltr'>domino</span> <span class='ocrx_word' id='word_1_436' title='bbox 1111 3105 1368 3177; x_wconf 87' lang='lat' dir='ltr'>S.guino,</span> <span class='ocrx_word' id='word_1_437' title='bbox 1389 3107 1580 3160; x_wconf 87' lang='lat' dir='ltr'>abbati</span> <span class='ocrx_word' id='word_1_438' title='bbox 1618 3104 1953 3161; x_wconf 88' lang='lat' dir='ltr'>monasterii</span> 
     </span>
    </p>
   </div>
   <div class='ocr_carea' id='block_1_62' title="bbox 347 3193 1956 3266">
    <p class='ocr_par' dir='ltr' id='par_1_62' title="bbox 347 3193 1956 3266">
     <span class='ocr_line' id='line_1_62' title="bbox 347 3193 1956 3266; baseline 0.001 -20"><span class='ocrx_word' id='word_1_439' title='bbox 347 3193 503 3247; x_wconf 67' lang='lat' dir='ltr'>Casa:</span> <span class='ocrx_word' id='word_1_440' title='bbox 538 3194 658 3260; x_wconf 92' lang='lat' dir='ltr'>Dei,</span> <span class='ocrx_word' id='word_1_441' title='bbox 688 3195 784 3265; x_wconf 90' lang='lat' dir='ltr'>qui</span> <span class='ocrx_word' id='word_1_442' title='bbox 812 3195 998 3249; x_wconf 87' lang='lat' dir='ltr'>fuerat</span> <span class='ocrx_word' id='word_1_443' title='bbox 1030 3213 1176 3249; x_wconf 89' lang='lat' dir='ltr'>unus</span> <span class='ocrx_word' id='word_1_444' title='bbox 1227 3213 1291 3249; x_wconf 84' lang='lat' dir='ltr'>ex</span> <span class='ocrx_word' id='word_1_445' title='bbox 1343 3197 1542 3266; x_wconf 89' lang='lat' dir='ltr'>primis</span> <span class='ocrx_word' id='word_1_446' title='bbox 1580 3195 1956 3249; x_wconf 88' lang='lat' dir='ltr'>donatoribus</span> 
     </span>
    </p>
   </div>
   <div class='ocr_carea' id='block_1_63' title="bbox 344 3281 1957 3355">
    <p class='ocr_par' dir='ltr' id='par_1_63' title="bbox 344 3281 1957 3355">
     <span class='ocr_line' id='line_1_63' title="bbox 344 3281 1957 3355; baseline 0.002 -21"><span class='ocrx_word' id='word_1_447' title='bbox 344 3281 652 3352; x_wconf 67' lang='lat' dir='ltr'>praedictis,</span> <span class='ocrx_word' id='word_1_448' title='bbox 695 3286 752 3336; x_wconf 91' lang='lat' dir='ltr'>et</span> <span class='ocrx_word' id='word_1_449' title='bbox 792 3283 1040 3337; x_wconf 86' lang='lat' dir='ltr'>habebat</span> <span class='ocrx_word' id='word_1_450' title='bbox 1089 3285 1380 3355; x_wconf 88' lang='lat' dir='ltr'>quandam</span> <span class='ocrx_word' id='word_1_451' title='bbox 1439 3285 1643 3337; x_wconf 84' lang='lat' dir='ltr'>cellam</span> <span class='ocrx_word' id='word_1_452' title='bbox 1684 3283 1788 3337; x_wconf 89' lang='lat' dir='ltr'>sibi</span> <span class='ocrx_word' id='word_1_453' title='bbox 1830 3283 1957 3337; x_wconf 90' lang='lat' dir='ltr'>vici-</span> 
     </span>
    </p>
   </div>
   <div class='ocr_carea' id='block_1_64' title="bbox 345 3370 1959 3442">
    <p class='ocr_par' dir='ltr' id='par_1_64' title="bbox 345 3370 1959 3442">
     <span class='ocr_line' id='line_1_64' title="bbox 345 3370 1959 3442; baseline 0.002 -21"><span class='ocrx_word' id='word_1_454' title='bbox 345 3385 484 3422; x_wconf 90' lang='lat' dir='ltr'>nam</span> <span class='ocrx_word' id='word_1_455' title='bbox 534 3386 713 3442; x_wconf 91' lang='lat' dir='ltr'>pr0pe</span> <span class='ocrx_word' id='word_1_456' title='bbox 768 3370 1223 3442; x_wconf 84' lang='lat' dir='ltr'>GratianOpolim</span> <span class='ocrx_word' id='word_1_457' title='bbox 1279 3373 1475 3427; x_wconf 90' lang='lat' dir='ltr'>subter</span> <span class='ocrx_word' id='word_1_458' title='bbox 1516 3376 1765 3426; x_wconf 91' lang='lat' dir='ltr'>castrum</span> <span class='ocrx_word' id='word_1_459' title='bbox 1826 3371 1959 3425; x_wconf 90' lang='lat' dir='ltr'>Cur-</span> 
     </span>
    </p>
   </div>
   <div class='ocr_carea' id='block_1_65' title="bbox 348 3457 816 3530">
    <p class='ocr_par' dir='ltr' id='par_1_65' title="bbox 348 3457 816 3530">
     <span class='ocr_line' id='line_1_65' title="bbox 348 3457 816 3530; baseline 0.006 -20"><span class='ocrx_word' id='word_1_460' title='bbox 348 3457 620 3512; x_wconf 86' lang='lat' dir='ltr'>nilhionis</span> <span class='ocrx_word' id='word_1_461' title='bbox 651 3459 816 3530; x_wconf 89' lang='grc'><strong>(111).</strong></span> 
     </span>
    </p>
   </div>
   <div class='ocr_carea' id='block_1_66' title="bbox 975 3601 1325 3656">
    <p class='ocr_par' dir='ltr' id='par_1_66' title="bbox 975 3601 1325 3656">
     <span class='ocr_line' id='line_1_66' title="bbox 975 3601 1325 3656; baseline -0.003 -1"><span class='ocrx_word' id='word_1_462' title='bbox 975 3601 1198 3656; x_wconf 79' lang='lat' dir='ltr'>CAPUT</span> <span class='ocrx_word' id='word_1_463' title='bbox 1238 3604 1325 3655; x_wconf 88' lang='lat' dir='ltr'>IlI.</span> 
     </span>
    </p>
   </div>
   <div class='ocr_carea' id='block_1_67' title="bbox 346 3704 1959 3775">
    <p class='ocr_par' dir='ltr' id='par_1_67' title="bbox 346 3704 1959 3775">
     <span class='ocr_line' id='line_1_67' title="bbox 346 3704 1959 3775; baseline -0.002 -11"><span class='ocrx_word' id='word_1_464' title='bbox 346 3706 630 3764; x_wconf 83' lang='lat' dir='ltr'>Sanctuse</span> <span class='ocrx_word' id='word_1_465' title='bbox 660 3704 950 3762; x_wconf 75' lang='lat' dir='ltr'>Carthasia</span> <span class='ocrx_word' id='word_1_466' title='bbox 997 3706 1225 3760; x_wconf 85' lang='lat' dir='ltr'>Romam</span> <span class='ocrx_word' id='word_1_467' title='bbox 1262 3724 1314 3760; x_wconf 83' lang='lat' dir='ltr'>se</span> <span class='ocrx_word' id='word_1_468' title='bbox 1358 3707 1583 3775; x_wconf 81' lang='lat' dir='ltr'>confert,</span> <span class='ocrx_word' id='word_1_469' title='bbox 1625 3708 1814 3761; x_wconf 76' lang='lat' dir='ltr'>secutis</span> <span class='ocrx_word' id='word_1_470' title='bbox 1858 3707 1959 3760; x_wconf 80' lang='lat' dir='ltr'>huc</span> 
     </span>
    </p>
   </div>
   <div class='ocr_carea' id='block_1_68' title="bbox 422 3776 1961 3847">
    <p class='ocr_par' dir='ltr' id='par_1_68' title="bbox 422 3776 1961 3847">
     <span class='ocr_line' id='line_1_68' title="bbox 422 3776 1961 3847; baseline 0 -16"><span class='ocrx_word' id='word_1_471' title='bbox 422 3778 709 3847; x_wconf 74' lang='lat' dir='ltr'>disczpulis,</span> <span class='ocrx_word' id='word_1_472' title='bbox 741 3785 797 3830; x_wconf 87' lang='lat' dir='ltr'>ut</span> <span class='ocrx_word' id='word_1_473' title='bbox 830 3776 1176 3831; x_wconf 75' lang='lat' dir='ltr'>Cart/tusiam</span> <span class='ocrx_word' id='word_1_474' title='bbox 1209 3784 1465 3847; x_wconf 75' lang='lat' dir='ltr'>repetant,</span> <span class='ocrx_word' id='word_1_475' title='bbox 1506 3777 1709 3839; x_wconf 73' lang='lat' dir='ltr'>suadet,</span> <span class='ocrx_word' id='word_1_476' title='bbox 1747 3779 1961 3847; x_wconf 74' lang='lat' dir='ltr'>ipseque</span> 
     </span>
    </p>
   </div>
   <div class='ocr_carea' id='block_1_69' title="bbox 426 3796 1957 3918">
    <p class='ocr_par' dir='ltr' id='par_1_69' title="bbox 426 3796 1957 3918">
     <span class='ocr_line' id='line_1_69' title="bbox 426 3796 1957 3847; baseline 0 -16"><span class='ocrx_word' id='word_1_477' title='bbox 426 3796 551 3831; x_wconf 76' lang='grc' dir='ltr'>αιςει</span> <span class='ocrx_word' id='word_1_478' title='bbox 594 3796 709 3842; x_wconf 78' lang='lat' dir='ltr'>uas,</span> <span class='ocrx_word' id='word_1_479' title='bbox 741 3796 796 3830; x_wconf 81' lang='lat' dir='ltr'>ut</span> <span class='ocrx_word' id='word_1_480' title='bbox 830 3796 1176 3831; x_wconf 67' lang='lat' dir='ltr'>earmuszam</span> <span class='ocrx_word' id='word_1_481' title='bbox 1209 3796 1465 3847; x_wconf 72' lang='lat' dir='ltr'>repetam,</span> <span class='ocrx_word' id='word_1_482' title='bbox 1506 3796 1709 3839; x_wconf 74' lang='lat' dir='ltr'>suaaet,</span> <span class='ocrx_word' id='word_1_483' title='bbox 1747 3796 1957 3847; x_wconf 72' lang='lat' dir='ltr'>ipseque</span> 
     </span>
     <span class='ocr_line' id='line_1_70' title="bbox 426 3796 1957 3918; baseline -0.001 -16"><span class='ocrx_word' id='word_1_484' title='bbox 426 3852 481 3902; x_wconf 84' lang='lat' dir='ltr'>in</span> <span class='ocrx_word' id='word_1_485' title='bbox 513 3796 801 3913; x_wconf 42' lang='lat' dir='ltr'>Calabriae,</span> <span class='ocrx_word' id='word_1_486' title='bbox 834 3849 1044 3901; x_wconf 77' lang='lat' dir='ltr'>obtenta</span> <span class='ocrx_word' id='word_1_487' title='bbox 1066 3867 1097 3901; x_wconf 88' lang='lat' dir='ltr'>a</span> <span class='ocrx_word' id='word_1_488' title='bbox 1123 3849 1375 3918; x_wconf 76' lang='lat' dir='ltr'>pontiﬁce</span> <span class='ocrx_word' id='word_1_489' title='bbox 1402 3847 1657 3902; x_wconf 73' lang='lat' dir='ltr'>secedenti</span> <span class='ocrx_word' id='word_1_490' title='bbox 1676 3848 1957 3917; x_wconf 74' lang='lat' dir='ltr'>facultate,</span> 
     </span>
    </p>
   </div>
   <div class='ocr_carea' id='block_1_70' title="bbox 424 3918 1962 3990">
    <p class='ocr_par' dir='ltr' id='par_1_70' title="bbox 424 3918 1962 3990">
     <span class='ocr_line' id='line_1_71' title="bbox 424 3918 1962 3990; baseline 0.001 -19"><span class='ocrx_word' id='word_1_491' title='bbox 424 3926 763 3990; x_wconf 76' lang='lat' dir='ltr'>recusatoquc</span> <span class='ocrx_word' id='word_1_492' title='bbox 791 3918 1074 3988; x_wconf 77' lang='lat' dir='ltr'>Rhegiensi</span> <span class='ocrx_word' id='word_1_493' title='bbox 1117 3921 1597 3990; x_wconf 67' lang='lat' dir='ltr'>arclu&#39;episcopatu,</span> <span class='ocrx_word' id='word_1_494' title='bbox 1627 3919 1829 3973; x_wconf 79' lang='lat' dir='ltr'>deserta</span> <span class='ocrx_word' id='word_1_495' title='bbox 1858 3935 1962 3972; x_wconf 83' lang='lat' dir='ltr'>sese</span> 
     </span>
    </p>
   </div>
   <div class='ocr_carea' id='block_1_71' title="bbox 430 3989 1962 4058">
    <p class='ocr_par' dir='ltr' id='par_1_71' title="bbox 430 3989 1962 4058">
     <span class='ocr_line' id='line_1_72' title="bbox 430 3989 1962 4058; baseline -0.002 -14"><span class='ocrx_word' id='word_1_496' title='bbox 430 3990 600 4052; x_wconf 86' lang='lat' dir='ltr'>abdit,</span> <span class='ocrx_word' id='word_1_497' title='bbox 638 3989 939 4043; x_wconf 78' lang='lat' dir='ltr'>benevolum</span> <span class='ocrx_word' id='word_1_498' title='bbox 957 3990 1033 4042; x_wconf 89' lang='lat' dir='ltr'>ibi</span> <span class='ocrx_word' id='word_1_499' title='bbox 1054 4006 1179 4057; x_wconf 84' lang='lat' dir='ltr'>erga</span> <span class='ocrx_word' id='word_1_500' title='bbox 1204 4008 1256 4043; x_wconf 87' lang='lat' dir='ltr'>se</span> <span class='ocrx_word' id='word_1_501' title='bbox 1279 3991 1519 4042; x_wconf 84' lang='lat' dir='ltr'>comitem</span> <span class='ocrx_word' id='word_1_502' title='bbox 1544 3989 1830 4058; x_wconf 79' lang='lat' dir='ltr'>Rogerium</span> <span class='ocrx_word' id='word_1_503' title='bbox 1865 3990 1962 4042; x_wconf 82' lang='lat' dir='ltr'>ha-</span> 
     </span>
    </p>
   </div>
   <div class='ocr_carea' id='block_1_72' title="bbox 431 4059 1963 4132">
    <p class='ocr_par' dir='ltr' id='par_1_72' title="bbox 431 4059 1963 4132">
     <span class='ocr_line' id='line_1_73' title="bbox 431 4059 1963 4132; baseline 0 -19"><span class='ocrx_word' id='word_1_504' title='bbox 431 4061 532 4123; x_wconf 87' lang='lat' dir='ltr'>bet,</span> <span class='ocrx_word' id='word_1_505' title='bbox 565 4077 726 4114; x_wconf 82' lang='lat' dir='ltr'>novas</span> <span class='ocrx_word' id='word_1_506' title='bbox 762 4059 1027 4114; x_wconf 81' lang='lat' dir='ltr'>Ecclesias</span> <span class='ocrx_word' id='word_1_507' title='bbox 1052 4060 1250 4127; x_wconf 79' lang='lat' dir='ltr'>condit,</span> <span class='ocrx_word' id='word_1_508' title='bbox 1282 4063 1707 4132; x_wconf 76' lang='lat' dir='ltr'>sanctissimeque</span> <span class='ocrx_word' id='word_1_509' title='bbox 1736 4062 1865 4113; x_wconf 83' lang='lat' dir='ltr'>vivit</span> <span class='ocrx_word' id='word_1_510' title='bbox 1901 4078 1963 4114; x_wconf 89' lang='lat' dir='ltr'>ac</span> 
     </span>
    </p>
   </div>
   <div class='ocr_carea' id='block_1_73' title="bbox 427 4134 672 4186">
    <p class='ocr_par' dir='ltr' id='par_1_73' title="bbox 427 4134 672 4186">
     <span class='ocr_line' id='line_1_74' title="bbox 427 4134 672 4186; baseline -0.008 -1"><span class='ocrx_word' id='word_1_511' title='bbox 427 4134 672 4186; x_wconf 82' lang='lat' dir='ltr'>moritur.</span> 
     </span>
    </p>
   </div>
   <div class='ocr_carea' id='block_1_74' title="bbox 428 4253 1966 4325">
    <p class='ocr_par' dir='ltr' id='par_1_74' title="bbox 428 4253 1966 4325">
     <span class='ocr_line' id='line_1_75' title="bbox 428 4253 1966 4325; baseline 0 -17"><span class='ocrx_word' id='word_1_512' title='bbox 428 4256 517 4311; x_wconf 79' lang='grc'>47.</span> <span class='ocrx_word' id='word_1_513' title='bbox 547 4254 612 4307; x_wconf 89' lang='lat' dir='ltr'>Et</span> <span class='ocrx_word' id='word_1_514' title='bbox 624 4253 830 4308; x_wconf 90' lang='lat' dir='ltr'>deinde</span> <span class='ocrx_word' id='word_1_515' title='bbox 843 4253 1057 4308; x_wconf 90' lang='lat' dir='ltr'>abeato</span> <span class='ocrx_word' id='word_1_516' title='bbox 1080 4254 1319 4324; x_wconf 85' lang='lat' dir='ltr'>Hugone</span> <span class='ocrx_word' id='word_1_517' title='bbox 1334 4253 1599 4325; x_wconf 91' lang='lat' dir='ltr'>episcopo</span> <span class='ocrx_word' id='word_1_518' title='bbox 1614 4253 1966 4308; x_wconf 84' lang='lat' dir='ltr'>benedictio-</span> 
     </span>
    </p>
   </div>
   <div class='ocr_carea' id='block_1_75' title="bbox 359 4341 1967 4415">
    <p class='ocr_par' dir='ltr' id='par_1_75' title="bbox 359 4341 1967 4415">
     <span class='ocr_line' id='line_1_76' title="bbox 359 4341 1967 4415; baseline -0.001 -19"><span class='ocrx_word' id='word_1_519' title='bbox 359 4359 434 4396; x_wconf 92' lang='lat' dir='ltr'>ne</span> <span class='ocrx_word' id='word_1_520' title='bbox 464 4346 745 4415; x_wconf 87' lang='lat' dir='ltr'>suscepta,</span> <span class='ocrx_word' id='word_1_521' title='bbox 764 4342 1010 4397; x_wconf 85' lang='lat' dir='ltr'>Romam</span> <span class='ocrx_word' id='word_1_522' title='bbox 1031 4341 1263 4396; x_wconf 80' lang='lat' dir='ltr'>accessit</span> <span class='ocrx_word' id='word_1_523' title='bbox 1281 4345 1321 4405; x_wconf 62' lang='grc'>(1</span> <span class='ocrx_word' id='word_1_524' title='bbox 1342 4345 1444 4413; x_wconf 76' lang='grc'><strong>12).</strong></span> <span class='ocrx_word' id='word_1_525' title='bbox 1462 4342 1715 4413; x_wconf 89' lang='lat' dir='ltr'>Urgebat</span> <span class='ocrx_word' id='word_1_526' title='bbox 1731 4341 1887 4395; x_wconf 91' lang='lat' dir='ltr'>enim</span> <span class='ocrx_word' id='word_1_527' title='bbox 1907 4358 1967 4394; x_wconf 89' lang='lat' dir='ltr'>a-</span> 
     </span>
    </p>
   </div>
   <div class='ocr_carea' id='block_1_76' title="bbox 357 4429 1969 4502">
    <p class='ocr_par' dir='ltr' id='par_1_76' title="bbox 357 4429 1969 4502">
     <span class='ocr_line' id='line_1_77' title="bbox 357 4429 1969 4502; baseline -0.002 -17"><span class='ocrx_word' id='word_1_528' title='bbox 357 4430 705 4502; x_wconf 90' lang='lat' dir='ltr'>postolicum</span> <span class='ocrx_word' id='word_1_529' title='bbox 727 4429 1250 4501; x_wconf 87' lang='lat' dir='ltr'>imperium.Quem</span> <span class='ocrx_word' id='word_1_530' title='bbox 1264 4431 1540 4500; x_wconf 82' lang='lat' dir='ltr'>pontifex,</span> <span class='ocrx_word' id='word_1_531' title='bbox 1558 4431 1628 4484; x_wconf 88' lang='lat' dir='ltr'>de</span> <span class='ocrx_word' id='word_1_532' title='bbox 1645 4430 1694 4499; x_wconf 88' lang='lat' dir='ltr'>ej</span> <span class='ocrx_word' id='word_1_533' title='bbox 1704 4444 1969 4500; x_wconf 89' lang='lat' dir='ltr'>us,quem</span> 
     </span>
    </p>
   </div>
   <div class='ocr_carea' id='block_1_77' title="bbox 436 4589 1970 4661">
    <p class='ocr_par' dir='ltr' id='par_1_77' title="bbox 436 4589 1970 4661">
     <span class='ocr_line' id='line_1_78' title="bbox 436 4589 1970 4661; baseline 0.001 -17"><span class='ocrx_word' id='word_1_534' title='bbox 436 4590 577 4661; x_wconf 86' lang='lat' dir='ltr'>(HO)</span> <span class='ocrx_word' id='word_1_535' title='bbox 618 4591 706 4645; x_wconf 83' lang='lat' dir='ltr'>Ad</span> <span class='ocrx_word' id='word_1_536' title='bbox 756 4591 998 4646; x_wconf 78' lang='lat' dir='ltr'>Roman.</span> <span class='ocrx_word' id='word_1_537' title='bbox 1048 4606 1165 4657; x_wconf 85' lang='lat' dir='ltr'>xm,</span> <span class='ocrx_word' id='word_1_538' title='bbox 1205 4594 1223 4644; x_wconf 86' lang='lat' dir='ltr'>l</span> <span class='ocrx_word' id='word_1_539' title='bbox 1275 4593 1333 4644; x_wconf 91' lang='lat' dir='ltr'>et</span> <span class='ocrx_word' id='word_1_540' title='bbox 1374 4593 1438 4657; x_wconf 78' lang='lat'><strong>2;</strong></span> <span class='ocrx_word' id='word_1_541' title='bbox 1490 4589 1567 4643; x_wconf 90' lang='lat' dir='ltr'>ibi</span> <span class='ocrx_word' id='word_1_542' title='bbox 1616 4592 1814 4643; x_wconf 90' lang='lat' dir='ltr'>tamen</span> <span class='ocrx_word' id='word_1_543' title='bbox 1866 4606 1970 4661; x_wconf 90' lang='lat' dir='ltr'>pro</span> 
     </span>
    </p>
   </div>
   <div class='ocr_carea' id='block_1_78' title="bbox 361 4660 1970 4729">
    <p class='ocr_par' dir='ltr' id='par_1_78' title="bbox 361 4660 1970 4729">
     <span class='ocr_line' id='line_1_79' title="bbox 361 4660 1970 4729; baseline -0.001 -13"><span class='ocrx_word' id='word_1_544' title='bbox 361 4661 517 4717; x_wconf 86' lang='lat' dir='ltr'>hisce</span> <span class='ocrx_word' id='word_1_545' title='bbox 546 4660 798 4729; x_wconf 74' lang='lat' dir='ltr'>Vocibus,</span> <span class='ocrx_word' id='word_1_546' title='bbox 832 4662 960 4729; x_wconf 74' lang='lat' dir='ltr'>Qum</span> <span class='ocrx_word' id='word_1_547' title='bbox 985 4668 1159 4715; x_wconf 77' lang='lat' dir='ltr'>autem</span> <span class='ocrx_word' id='word_1_548' title='bbox 1187 4680 1219 4715; x_wconf 90' lang='lat' dir='ltr'>a</span> <span class='ocrx_word' id='word_1_549' title='bbox 1240 4661 1354 4714; x_wconf 86' lang='lat' dir='ltr'>Deo</span> <span class='ocrx_word' id='word_1_550' title='bbox 1383 4667 1524 4726; x_wconf 77' lang='lat' dir='ltr'>sunt,</span> <span class='ocrx_word' id='word_1_551' title='bbox 1558 4660 1805 4713; x_wconf 83' lang='lat' dir='ltr'>ordinata</span> <span class='ocrx_word' id='word_1_552' title='bbox 1826 4660 1970 4729; x_wconf 75' lang='lat' dir='ltr'>sant,</span> 
     </span>
    </p>
   </div>
   <div class='ocr_carea' id='block_1_79' title="bbox 362 4730 1973 4804">
    <p class='ocr_par' dir='ltr' id='par_1_79' title="bbox 362 4730 1973 4804">
     <span class='ocr_line' id='line_1_80' title="bbox 362 4730 1973 4804; baseline -0.001 -17"><span class='ocrx_word' id='word_1_553' title='bbox 362 4732 487 4787; x_wconf 65' lang='lat' dir='ltr'>ista:</span> <span class='ocrx_word' id='word_1_554' title='bbox 530 4732 657 4804; x_wconf 58' lang='lat' dir='ltr'>aliae</span> <span class='ocrx_word' id='word_1_555' title='bbox 709 4733 779 4786; x_wconf 92' lang='lat' dir='ltr'>de</span> <span class='ocrx_word' id='word_1_556' title='bbox 814 4733 1209 4804; x_wconf 86' lang='lat' dir='ltr'>potestatibus</span> <span class='ocrx_word' id='word_1_557' title='bbox 1253 4734 1523 4803; x_wconf 88' lang='lat' dir='ltr'>leguntur</span> <span class='ocrx_word' id='word_1_558' title='bbox 1574 4748 1585 4785; x_wconf 93' lang='lat'>:</span> <span class='ocrx_word' id='word_1_559' title='bbox 1628 4730 1756 4797; x_wconf 69' lang='lat' dir='ltr'>Qum</span> <span class='ocrx_word' id='word_1_560' title='bbox 1794 4739 1973 4787; x_wconf 85' lang='lat' dir='ltr'>autem</span> 
     </span>
    </p>
   </div>
   <div class='ocr_carea' id='block_1_80' title="bbox 360 4802 1155 4869">
    <p class='ocr_par' dir='ltr' id='par_1_80' title="bbox 360 4802 1155 4869">
     <span class='ocr_line' id='line_1_81' title="bbox 360 4802 1155 4869; baseline -0.004 -12"><span class='ocrx_word' id='word_1_561' title='bbox 360 4809 506 4869; x_wconf 76' lang='lat' dir='ltr'>sunt,</span> <span class='ocrx_word' id='word_1_562' title='bbox 535 4820 568 4857; x_wconf 90' lang='lat' dir='ltr'>a</span> <span class='ocrx_word' id='word_1_563' title='bbox 595 4802 705 4857; x_wconf 87' lang='lat' dir='ltr'>Deo</span> <span class='ocrx_word' id='word_1_564' title='bbox 727 4802 987 4857; x_wconf 71' lang='lat' dir='ltr'>ordinatae</span> <span class='ocrx_word' id='word_1_565' title='bbox 1013 4808 1155 4857; x_wconf 81' lang='lat' dir='ltr'>sunt.</span> 
     </span>
    </p>
   </div>
   <div class='ocr_carea' id='block_1_81' title="bbox 436 4872 1974 4946">
    <p class='ocr_par' dir='ltr' id='par_1_81' title="bbox 436 4872 1974 4946">
     <span class='ocr_line' id='line_1_82' title="bbox 436 4872 1974 4946; baseline 0.001 -18"><span class='ocrx_word' id='word_1_566' title='bbox 436 4874 518 4946; x_wconf 77' lang='grc'>(11</span> <span class='ocrx_word' id='word_1_567' title='bbox 536 4876 582 4946; x_wconf 75' lang='grc'>1)</span> <span class='ocrx_word' id='word_1_568' title='bbox 616 4874 846 4946; x_wconf 83' lang='lat' dir='ltr'>Charta,</span> <span class='ocrx_word' id='word_1_569' title='bbox 876 4890 989 4946; x_wconf 88' lang='lat' dir='ltr'>qua</span> <span class='ocrx_word' id='word_1_570' title='bbox 1015 4874 1072 4928; x_wconf 92' lang='lat' dir='ltr'>id</span> <span class='ocrx_word' id='word_1_571' title='bbox 1095 4876 1323 4927; x_wconf 89' lang='lat' dir='ltr'>sanctus</span> <span class='ocrx_word' id='word_1_572' title='bbox 1347 4872 1501 4946; x_wconf 57' lang='lat' dir='ltr'>fecit,</span> <span class='ocrx_word' id='word_1_573' title='bbox 1524 4875 1753 4944; x_wconf 89' lang='lat' dir='ltr'>reperta</span> <span class='ocrx_word' id='word_1_574' title='bbox 1774 4876 1974 4945; x_wconf 87' lang='lat' dir='ltr'>postea</span> 
     </span>
    </p>
   </div>
   <div class='ocr_carea' id='block_1_82' title="bbox 360 4944 1728 5014">
    <p class='ocr_par' dir='ltr' id='par_1_82' title="bbox 360 4944 1728 5014">
     <span class='ocr_line' id='line_1_83' title="bbox 360 4944 1728 5014; baseline -0.002 -15"><span class='ocrx_word' id='word_1_575' title='bbox 360 4944 516 4999; x_wconf 85' lang='lat' dir='ltr'>haud</span> <span class='ocrx_word' id='word_1_576' title='bbox 546 4944 672 4999; x_wconf 86' lang='lat' dir='ltr'>fuit.</span> <span class='ocrx_word' id='word_1_577' title='bbox 697 4945 803 4999; x_wconf 77' lang='lat' dir='ltr'>Adi</span> <span class='ocrx_word' id='word_1_578' title='bbox 829 4944 1147 4999; x_wconf 79' lang='lat' dir='ltr'>comment.</span> <span class='ocrx_word' id='word_1_579' title='bbox 1188 4944 1378 5014; x_wconf 81' lang='lat' dir='ltr'>praevii</span> <span class='ocrx_word' id='word_1_580' title='bbox 1409 4960 1568 4996; x_wconf 92' lang='lat' dir='ltr'>num.</span> <span class='ocrx_word' id='word_1_581' title='bbox 1605 4946 1728 4998; x_wconf 74' lang='lat'>5&#39;29.</span> 
     </span>
    </p>
   </div>
   <div class='ocr_carea' id='block_1_83' title="bbox 440 5014 1974 5084">
    <p class='ocr_par' dir='ltr' id='par_1_83' title="bbox 440 5014 1974 5084">
     <span class='ocr_line' id='line_1_84' title="bbox 440 5014 1974 5084; baseline -0.001 -15"><span class='ocrx_word' id='word_1_582' title='bbox 440 5018 590 5084; x_wconf 81' lang='grc'><strong>(112)</strong></span> <span class='ocrx_word' id='word_1_583' title='bbox 632 5018 800 5070; x_wconf 79' lang='lat' dir='ltr'>Anno</span> <span class='ocrx_word' id='word_1_584' title='bbox 853 5015 1067 5070; x_wconf 89' lang='lat' dir='ltr'>scilicet</span> <span class='ocrx_word' id='word_1_585' title='bbox 1116 5017 1270 5079; x_wconf 88' lang='grc'>1090,</span> <span class='ocrx_word' id='word_1_586' title='bbox 1318 5014 1391 5069; x_wconf 89' lang='lat' dir='ltr'>ad</span> <span class='ocrx_word' id='word_1_587' title='bbox 1435 5014 1694 5068; x_wconf 81' lang='lat' dir='ltr'>Martium</span> <span class='ocrx_word' id='word_1_588' title='bbox 1750 5014 1974 5069; x_wconf 87' lang='lat' dir='ltr'>circiter</span> 
     </span>
    </p>
   </div>
   <div class='ocr_carea' id='block_1_84' title="bbox 364 5084 1972 5209">
    <p class='ocr_par' dir='ltr' id='par_1_84' title="bbox 364 5084 1972 5209">
     <span class='ocr_line' id='line_1_85' title="bbox 364 5084 1972 5209; baseline 0.002 -71"><span class='ocrx_word' id='word_1_589' title='bbox 364 5090 656 5209; x_wconf 53' lang='lat' dir='ltr'>provecto,</span> <span class='ocrx_word' id='word_1_590' title='bbox 706 5087 788 5140; x_wconf 88' lang='lat' dir='ltr'>uti</span> <span class='ocrx_word' id='word_1_591' title='bbox 832 5087 889 5140; x_wconf 91' lang='lat' dir='ltr'>in</span> <span class='ocrx_word' id='word_1_592' title='bbox 940 5086 1361 5141; x_wconf 89' lang='lat' dir='ltr'>commentario</span> <span class='ocrx_word' id='word_1_593' title='bbox 1408 5084 1617 5156; x_wconf 75' lang='lat' dir='ltr'>praevio</span> <span class='ocrx_word' id='word_1_594' title='bbox 1660 5102 1821 5139; x_wconf 90' lang='lat' dir='ltr'>num.</span> <span class='ocrx_word' id='word_1_595' title='bbox 1870 5089 1972 5141; x_wconf 80' lang='lat'>523</span> 
     </span>
     <span class='ocr_line' id='line_1_86' title="bbox 408 5172 554 5209; baseline 0 0"><span class='ocrx_word' id='word_1_596' title='bbox 408 5172 554 5209; x_wconf 84' lang='lat' dir='ltr'>OCIll.</span> 
     </span>
    </p>
   </div>
   <div class='ocr_carea' id='block_1_85' title="bbox 408 5172 554 5211">
    <p class='ocr_par' dir='ltr' id='par_1_85' title="bbox 408 5172 554 5211">
     <span class='ocr_line' id='line_1_87' title="bbox 408 5172 554 5211; baseline -0.014 0"><span class='ocrx_word' id='word_1_597' title='bbox 408 5172 554 5211; x_wconf 83' lang='lat' dir='ltr'>OClll.</span> 
     </span>
    </p>
   </div>
   <div class='ocr_carea' id='block_1_86' title="bbox 442 5225 1966 5298">
    <p class='ocr_par' dir='ltr' id='par_1_86' title="bbox 442 5225 1966 5298">
     <span class='ocr_line' id='line_1_88' title="bbox 442 5225 1966 5298; baseline 0.001 -18"><span class='ocrx_word' id='word_1_598' title='bbox 442 5227 585 5298; x_wconf 84' lang='lat' dir='ltr'>(H3)</span> <span class='ocrx_word' id='word_1_599' title='bbox 618 5227 882 5282; x_wconf 82' lang='lat' dir='ltr'>Miraculo</span> <span class='ocrx_word' id='word_1_600' title='bbox 914 5225 1352 5298; x_wconf 87' lang='lat' dir='ltr'>interveniente,</span> <span class='ocrx_word' id='word_1_601' title='bbox 1382 5225 1439 5278; x_wconf 90' lang='lat' dir='ltr'>id</span> <span class='ocrx_word' id='word_1_602' title='bbox 1470 5226 1682 5279; x_wconf 80' lang='lat' dir='ltr'>factum</span> <span class='ocrx_word' id='word_1_603' title='bbox 1718 5242 1831 5279; x_wconf 91' lang='lat' dir='ltr'>non</span> <span class='ocrx_word' id='word_1_604' title='bbox 1865 5231 1966 5281; x_wconf 83' lang='lat' dir='ltr'>est.</span> 
     </span>
    </p>
   </div>
   <div class='ocr_carea' id='block_1_87' title="bbox 367 5296 1612 5370">
    <p class='ocr_par' dir='ltr' id='par_1_87' title="bbox 367 5296 1612 5370">
     <span class='ocr_line' id='line_1_89' title="bbox 367 5296 1612 5370; baseline 0 -19"><span class='ocrx_word' id='word_1_605' title='bbox 367 5296 953 5370; x_wconf 68' lang='lat' dir='ltr'>Con9ulecomment.</span> <span class='ocrx_word' id='word_1_606' title='bbox 983 5297 1257 5370; x_wconf 73' lang='lat' dir='ltr'>praevium</span> <span class='ocrx_word' id='word_1_607' title='bbox 1293 5313 1453 5370; x_wconf 84' lang='lat' dir='ltr'>num.</span> <span class='ocrx_word' id='word_1_608' title='bbox 1490 5300 1612 5351; x_wconf 81' lang='lat'>527.</span> 
     </span>
    </p>
   </div>
   <div class='ocr_carea' id='block_1_88' title="bbox 443 5366 1968 5438">
    <p class='ocr_par' dir='ltr' id='par_1_88' title="bbox 443 5366 1968 5438">
     <span class='ocr_line' id='line_1_90' title="bbox 443 5366 1968 5438; baseline 0.001 -16"><span class='ocrx_word' id='word_1_609' title='bbox 443 5370 591 5436; x_wconf 75' lang='grc'><strong>(114)</strong></span> <span class='ocrx_word' id='word_1_610' title='bbox 620 5368 905 5423; x_wconf 84' lang='lat' dir='ltr'>Nimirum</span> <span class='ocrx_word' id='word_1_611' title='bbox 932 5366 1248 5423; x_wconf 76' lang='lat' dir='ltr'>secundum</span> <span class='ocrx_word' id='word_1_612' title='bbox 1297 5367 1596 5433; x_wconf 82' lang='lat' dir='ltr'>visionem,</span> <span class='ocrx_word' id='word_1_613' title='bbox 1630 5366 1687 5438; x_wconf 90' lang='lat' dir='ltr'>S.</span> <span class='ocrx_word' id='word_1_614' title='bbox 1724 5366 1968 5438; x_wconf 83' lang='lat' dir='ltr'>Hugoni,</span> 
     </span>
    </p>
   </div>
   <div class='ocr_carea' id='block_1_89' title="bbox 366 5437 1969 5512">
    <p class='ocr_par' dir='ltr' id='par_1_89' title="bbox 366 5437 1969 5512">
     <span class='ocr_line' id='line_1_91' title="bbox 366 5437 1969 5512; baseline -0.001 -18"><span class='ocrx_word' id='word_1_615' title='bbox 366 5438 901 5512; x_wconf 83' lang='lat' dir='ltr'>Gratianopolitano</span> <span class='ocrx_word' id='word_1_616' title='bbox 940 5440 1232 5512; x_wconf 79' lang='lat' dir='ltr'>episcopo,</span> <span class='ocrx_word' id='word_1_617' title='bbox 1266 5439 1433 5509; x_wconf 89' lang='lat' dir='ltr'>paulo</span> <span class='ocrx_word' id='word_1_618' title='bbox 1474 5441 1606 5492; x_wconf 86' lang='lat' dir='ltr'>ante</span> <span class='ocrx_word' id='word_1_619' title='bbox 1647 5437 1704 5491; x_wconf 90' lang='lat' dir='ltr'>S.</span> <span class='ocrx_word' id='word_1_620' title='bbox 1754 5438 1969 5512; x_wconf 66' lang='lat' dir='ltr'>Bruno-</span> 
     </span>
    </p>
   </div>
   <div class='ocr_carea' id='block_1_90' title="bbox 370 5508 1967 5583">
    <p class='ocr_par' dir='ltr' id='par_1_90' title="bbox 370 5508 1967 5583">
     <span class='ocr_line' id='line_1_92' title="bbox 370 5508 1967 5583; baseline -0.001 -16"><span class='ocrx_word' id='word_1_621' title='bbox 370 5511 463 5567; x_wconf 83' lang='lat' dir='ltr'>nis</span> <span class='ocrx_word' id='word_1_622' title='bbox 490 5508 726 5583; x_wconf 78' lang='lat' dir='ltr'>ejusque</span> <span class='ocrx_word' id='word_1_623' title='bbox 767 5508 1051 5566; x_wconf 82' lang='lat' dir='ltr'>sociorum</span> <span class='ocrx_word' id='word_1_624' title='bbox 1098 5508 1171 5565; x_wconf 83' lang='lat' dir='ltr'>ad</span> <span class='ocrx_word' id='word_1_625' title='bbox 1220 5508 1369 5563; x_wconf 86' lang='lat' dir='ltr'>hunc</span> <span class='ocrx_word' id='word_1_626' title='bbox 1410 5524 1719 5573; x_wconf 88' lang='lat' dir='ltr'>accessum,</span> <span class='ocrx_word' id='word_1_627' title='bbox 1767 5508 1967 5566; x_wconf 82' lang='lat' dir='ltr'>divini-</span> 
     </span>
    </p>
   </div>
   <div class='ocr_carea' id='block_1_91' title="bbox 2058 3015 3663 3088">
    <p class='ocr_par' dir='ltr' id='par_1_91' title="bbox 2058 3015 3663 3088">
     <span class='ocr_line' id='line_1_93' title="bbox 2058 3015 3663 3088; baseline 0.006 -19"><span class='ocrx_word' id='word_1_628' title='bbox 2058 3017 2271 3081; x_wconf 86' lang='lat' dir='ltr'>Quibus</span> <span class='ocrx_word' id='word_1_629' title='bbox 2303 3015 2572 3087; x_wconf 84' lang='lat' dir='ltr'>Siguinus</span> <span class='ocrx_word' id='word_1_630' title='bbox 2602 3016 2778 3069; x_wconf 86' lang='lat' dir='ltr'>abbas</span> <span class='ocrx_word' id='word_1_631' title='bbox 2806 3019 3012 3087; x_wconf 88' lang='lat' dir='ltr'>rogatu</span> <span class='ocrx_word' id='word_1_632' title='bbox 3046 3017 3259 3071; x_wconf 90' lang='lat' dir='ltr'>summi</span> <span class='ocrx_word' id='word_1_633' title='bbox 3300 3020 3586 3088; x_wconf 84' lang='lat' dir='ltr'>pontificis</span> <span class='ocrx_word' id='word_1_634' title='bbox 3605 3025 3663 3079; x_wconf 90' lang='lat' dir='ltr'>et</span> 
     </span>
    </p>
   </div>
   <div class='ocr_carea' id='block_1_92' title="bbox 2056 3103 3661 3175">
    <p class='ocr_par' dir='ltr' id='par_1_92' title="bbox 2056 3103 3661 3175">
     <span class='ocr_line' id='line_1_94' title="bbox 2056 3103 3661 3175; baseline 0.003 -16"><span class='ocrx_word' id='word_1_635' title='bbox 2056 3105 2315 3175; x_wconf 89' lang='lat' dir='ltr'>ejusdem</span> <span class='ocrx_word' id='word_1_636' title='bbox 2346 3104 2498 3158; x_wconf 89' lang='lat' dir='ltr'>beati</span> <span class='ocrx_word' id='word_1_637' title='bbox 2549 3103 2851 3171; x_wconf 85' lang='lat' dir='ltr'>Brunonis,</span> <span class='ocrx_word' id='word_1_638' title='bbox 2896 3120 3028 3158; x_wconf 89' lang='lat' dir='ltr'>cum</span> <span class='ocrx_word' id='word_1_639' title='bbox 3064 3121 3348 3160; x_wconf 90' lang='lat' dir='ltr'>consensu</span> <span class='ocrx_word' id='word_1_640' title='bbox 3396 3108 3661 3175; x_wconf 52' lang='lat' dir='ltr'>subcon-</span> 
     </span>
    </p>
   </div>
   <div class='ocr_carea' id='block_1_93' title="bbox 2056 3191 3668 3265">
    <p class='ocr_par' dir='ltr' id='par_1_93' title="bbox 2056 3191 3668 3265">
     <span class='ocr_line' id='line_1_95' title="bbox 2056 3191 3668 3265; baseline 0.004 -19"><span class='ocrx_word' id='word_1_641' title='bbox 2056 3197 2260 3247; x_wconf 87' lang='lat' dir='ltr'>ventus</span> <span class='ocrx_word' id='word_1_642' title='bbox 2290 3196 2346 3246; x_wconf 89' lang='lat' dir='ltr'>et</span> <span class='ocrx_word' id='word_1_643' title='bbox 2383 3193 2440 3246; x_wconf 90' lang='lat' dir='ltr'>in</span> <span class='ocrx_word' id='word_1_644' title='bbox 2472 3192 2779 3264; x_wconf 63' lang='lat' dir='ltr'>praascntia</span> <span class='ocrx_word' id='word_1_645' title='bbox 2820 3191 3044 3263; x_wconf 69' lang='lat' dir='ltr'>praafati</span> <span class='ocrx_word' id='word_1_646' title='bbox 3076 3192 3228 3246; x_wconf 90' lang='lat' dir='ltr'>beati</span> <span class='ocrx_word' id='word_1_647' title='bbox 3260 3194 3510 3265; x_wconf 84' lang='lat' dir='ltr'>Hugonis</span> <span class='ocrx_word' id='word_1_648' title='bbox 3533 3198 3668 3254; x_wconf 89' lang='lat' dir='ltr'>Gra-</span> 
     </span>
    </p>
   </div>
   <div class='ocr_carea' id='block_1_94' title="bbox 2058 3280 3666 3356">
    <p class='ocr_par' dir='ltr' id='par_1_94' title="bbox 2058 3280 3666 3356">
     <span class='ocr_line' id='line_1_96' title="bbox 2058 3280 3666 3356; baseline 0.004 -22"><span class='ocrx_word' id='word_1_649' title='bbox 2058 3281 2459 3352; x_wconf 87' lang='lat' dir='ltr'>tianopolitani</span> <span class='ocrx_word' id='word_1_650' title='bbox 2492 3280 2761 3351; x_wconf 91' lang='lat' dir='ltr'>episcopi,</span> <span class='ocrx_word' id='word_1_651' title='bbox 2803 3284 2860 3334; x_wconf 91' lang='lat' dir='ltr'>et</span> <span class='ocrx_word' id='word_1_652' title='bbox 2899 3280 3131 3334; x_wconf 89' lang='lat' dir='ltr'>alterius</span> <span class='ocrx_word' id='word_1_653' title='bbox 3161 3281 3414 3352; x_wconf 88' lang='lat' dir='ltr'>Hugonis</span> <span class='ocrx_word' id='word_1_654' title='bbox 3438 3284 3666 3356; x_wconf 83' lang='lat' dir='ltr'>Lugdu-</span> 
     </span>
    </p>
   </div>
   <div class='ocr_carea' id='block_1_95' title="bbox 2060 3369 3667 3440">
    <p class='ocr_par' dir='ltr' id='par_1_95' title="bbox 2060 3369 3667 3440">
     <span class='ocr_line' id='line_1_97' title="bbox 2060 3369 3667 3440; baseline 0.003 -16"><span class='ocrx_word' id='word_1_655' title='bbox 2060 3387 2252 3425; x_wconf 66' lang='lat' dir='ltr'>nensns</span> <span class='ocrx_word' id='word_1_656' title='bbox 2280 3369 2712 3440; x_wconf 91' lang='lat' dir='ltr'>archiepiscopi,</span> <span class='ocrx_word' id='word_1_657' title='bbox 2740 3370 2932 3423; x_wconf 90' lang='lat' dir='ltr'>locum</span> <span class='ocrx_word' id='word_1_658' title='bbox 2976 3369 3315 3439; x_wconf 63' lang='lat' dir='ltr'>praedictum</span> <span class='ocrx_word' id='word_1_659' title='bbox 3355 3370 3667 3430; x_wconf 74' lang='lat' dir='ltr'>Carthusiaa</span> 
     </span>
    </p>
   </div>
   <div class='ocr_carea' id='block_1_96' title="bbox 2058 3456 3669 3527">
    <p class='ocr_par' dir='ltr' id='par_1_96' title="bbox 2058 3456 3669 3527">
     <span class='ocr_line' id='line_1_98' title="bbox 2058 3456 3669 3527; baseline 0.004 -15"><span class='ocrx_word' id='word_1_660' title='bbox 2058 3458 2235 3513; x_wconf 91' lang='lat' dir='ltr'>libere</span> <span class='ocrx_word' id='word_1_661' title='bbox 2275 3457 2496 3511; x_wconf 88' lang='lat' dir='ltr'>remisit</span> <span class='ocrx_word' id='word_1_662' title='bbox 2521 3460 2684 3527; x_wconf 80' lang='grc'><strong>(117),</strong></span> <span class='ocrx_word' id='word_1_663' title='bbox 2718 3472 2781 3511; x_wconf 89' lang='lat' dir='ltr'>ac</span> <span class='ocrx_word' id='word_1_664' title='bbox 2807 3456 2923 3527; x_wconf 90' lang='lat' dir='ltr'>juri</span> <span class='ocrx_word' id='word_1_665' title='bbox 2963 3472 3164 3510; x_wconf 91' lang='lat' dir='ltr'>eorum</span> <span class='ocrx_word' id='word_1_666' title='bbox 3193 3460 3251 3511; x_wconf 90' lang='lat' dir='ltr'>et</span> <span class='ocrx_word' id='word_1_667' title='bbox 3276 3475 3669 3519; x_wconf 91' lang='lat' dir='ltr'>successorum</span> 
     </span>
    </p>
   </div>
   <div class='ocr_carea' id='block_1_97' title="bbox 2060 3544 3669 3616">
    <p class='ocr_par' dir='ltr' id='par_1_97' title="bbox 2060 3544 3669 3616">
     <span class='ocr_line' id='line_1_99' title="bbox 2060 3544 3669 3616; baseline 0.003 -16"><span class='ocrx_word' id='word_1_668' title='bbox 2060 3546 2402 3600; x_wconf 90' lang='lat' dir='ltr'>eorumdem</span> <span class='ocrx_word' id='word_1_669' title='bbox 2434 3544 2669 3598; x_wconf 90' lang='lat' dir='ltr'>tradidit</span> <span class='ocrx_word' id='word_1_670' title='bbox 2698 3548 2977 3616; x_wconf 88' lang='lat' dir='ltr'>perpetuo</span> <span class='ocrx_word' id='word_1_671' title='bbox 3011 3545 3443 3615; x_wconf 91' lang='lat' dir='ltr'>possidendum.</span> <span class='ocrx_word' id='word_1_672' title='bbox 3478 3549 3546 3603; x_wconf 89' lang='lat' dir='ltr'>Et</span> <span class='ocrx_word' id='word_1_673' title='bbox 3574 3567 3669 3605; x_wconf 85' lang='lat' dir='ltr'>ex-</span> 
     </span>
    </p>
   </div>
   <div class='ocr_carea' id='block_1_98' title="bbox 2058 3631 3670 3703">
    <p class='ocr_par' dir='ltr' id='par_1_98' title="bbox 2058 3631 3670 3703">
     <span class='ocr_line' id='line_1_100' title="bbox 2058 3631 3670 3703; baseline 0.004 -16"><span class='ocrx_word' id='word_1_674' title='bbox 2058 3637 2194 3687; x_wconf 86' lang='lat' dir='ltr'>tunc</span> <span class='ocrx_word' id='word_1_675' title='bbox 2226 3633 2409 3686; x_wconf 89' lang='lat' dir='ltr'>dictus</span> <span class='ocrx_word' id='word_1_676' title='bbox 2440 3632 2767 3686; x_wconf 88' lang='lat' dir='ltr'>Landuinus</span> <span class='ocrx_word' id='word_1_677' title='bbox 2806 3631 2984 3703; x_wconf 89' lang='lat' dir='ltr'>prior,</span> <span class='ocrx_word' id='word_1_678' title='bbox 3025 3635 3083 3686; x_wconf 89' lang='lat' dir='ltr'>et</span> <span class='ocrx_word' id='word_1_679' title='bbox 3126 3633 3316 3686; x_wconf 66' lang='lat' dir='ltr'>cmteri</span> <span class='ocrx_word' id='word_1_680' title='bbox 3350 3635 3558 3690; x_wconf 88' lang='lat' dir='ltr'>fratres</span> <span class='ocrx_word' id='word_1_681' title='bbox 3602 3654 3670 3694; x_wconf 89' lang='lat' dir='ltr'>ac</span> 
     </span>
    </p>
   </div>
   <div class='ocr_carea' id='block_1_99' title="bbox 2060 3720 3669 3789">
    <p class='ocr_par' dir='ltr' id='par_1_99' title="bbox 2060 3720 3669 3789">
     <span class='ocr_line' id='line_1_101' title="bbox 2060 3720 3669 3789; baseline 0.004 -13"><span class='ocrx_word' id='word_1_682' title='bbox 2060 3737 2261 3776; x_wconf 90' lang='lat' dir='ltr'>eorum</span> <span class='ocrx_word' id='word_1_683' title='bbox 2284 3736 2633 3774; x_wconf 90' lang='lat' dir='ltr'>successores</span> <span class='ocrx_word' id='word_1_684' title='bbox 2656 3736 2831 3789; x_wconf 90' lang='lat' dir='ltr'>usque</span> <span class='ocrx_word' id='word_1_685' title='bbox 2855 3720 2912 3772; x_wconf 90' lang='lat' dir='ltr'>in</span> <span class='ocrx_word' id='word_1_686' title='bbox 2926 3723 3271 3789; x_wconf 70' lang='lat' dir='ltr'>prtesentem</span> <span class='ocrx_word' id='word_1_687' title='bbox 3285 3720 3440 3775; x_wconf 90' lang='lat' dir='ltr'>diem</span> <span class='ocrx_word' id='word_1_688' title='bbox 3454 3722 3669 3782; x_wconf 85' lang='lat' dir='ltr'>dictam</span> 
     </span>
    </p>
   </div>
   <div class='ocr_carea' id='block_1_100' title="bbox 2061 3808 3667 3878">
    <p class='ocr_par' dir='ltr' id='par_1_100' title="bbox 2061 3808 3667 3878">
     <span class='ocr_line' id='line_1_102' title="bbox 2061 3808 3667 3878; baseline 0 -12"><span class='ocrx_word' id='word_1_689' title='bbox 2061 3828 2323 3865; x_wconf 90' lang='lat' dir='ltr'>eremum</span> <span class='ocrx_word' id='word_1_690' title='bbox 2353 3809 2668 3864; x_wconf 65' lang='lat' dir='ltr'>Carthusim</span> <span class='ocrx_word' id='word_1_691' title='bbox 2696 3825 2828 3862; x_wconf 90' lang='lat' dir='ltr'>cum</span> <span class='ocrx_word' id='word_1_692' title='bbox 2856 3809 2969 3862; x_wconf 90' lang='lat' dir='ltr'>suis</span> <span class='ocrx_word' id='word_1_693' title='bbox 2996 3808 3204 3861; x_wconf 81' lang='lat' dir='ltr'>finibus</span> <span class='ocrx_word' id='word_1_694' title='bbox 3235 3811 3293 3861; x_wconf 92' lang='lat' dir='ltr'>et</span> <span class='ocrx_word' id='word_1_695' title='bbox 3327 3808 3552 3878; x_wconf 88' lang='lat' dir='ltr'>juribus</span> <span class='ocrx_word' id='word_1_696' title='bbox 3583 3816 3667 3867; x_wconf 84' lang='lat' dir='ltr'>te-</span> 
     </span>
    </p>
   </div>
   <div class='ocr_carea' id='block_1_101' title="bbox 2062 3895 3669 3975">
    <p class='ocr_par' dir='ltr' id='par_1_101' title="bbox 2062 3895 3669 3975">
     <span class='ocr_line' id='line_1_103' title="bbox 2062 3895 3669 3975; baseline 0.001 -22"><span class='ocrx_word' id='word_1_697' title='bbox 2062 3903 2314 3954; x_wconf 90' lang='lat' dir='ltr'>nuerunt</span> <span class='ocrx_word' id='word_1_698' title='bbox 2344 3902 2401 3953; x_wconf 91' lang='lat' dir='ltr'>et</span> <span class='ocrx_word' id='word_1_699' title='bbox 2430 3896 2831 3970; x_wconf 90' lang='lat' dir='ltr'>possederunt,</span> <span class='ocrx_word' id='word_1_700' title='bbox 2886 3898 3316 3975; x_wconf 81' lang='lat' dir='ltr'>perseverantes</span> <span class='ocrx_word' id='word_1_701' title='bbox 3350 3895 3409 3950; x_wconf 90' lang='lat' dir='ltr'>in</span> <span class='ocrx_word' id='word_1_702' title='bbox 3458 3914 3527 3952; x_wconf 93' lang='lat' dir='ltr'>ea</span> <span class='ocrx_word' id='word_1_703' title='bbox 3564 3899 3669 3956; x_wconf 89' lang='lat' dir='ltr'>sub</span> 
     </span>
    </p>
   </div>
   <div class='ocr_carea' id='block_1_102' title="bbox 2063 3983 3675 4055">
    <p class='ocr_par' dir='ltr' id='par_1_102' title="bbox 2063 3983 3675 4055">
     <span class='ocr_line' id='line_1_104' title="bbox 2063 3983 3675 4055; baseline -0.001 -13"><span class='ocrx_word' id='word_1_704' title='bbox 2063 3988 2359 4043; x_wconf 90' lang='lat' dir='ltr'>communi</span> <span class='ocrx_word' id='word_1_705' title='bbox 2392 3986 2721 4042; x_wconf 88' lang='lat' dir='ltr'>obcdientia</span> <span class='ocrx_word' id='word_1_706' title='bbox 2750 3984 2981 4055; x_wconf 90' lang='lat' dir='ltr'>capituli</span> <span class='ocrx_word' id='word_1_707' title='bbox 3012 3983 3299 4054; x_wconf 86' lang='lat' dir='ltr'>generalis</span> <span class='ocrx_word' id='word_1_708' title='bbox 3330 3983 3517 4054; x_wconf 90' lang='lat' dir='ltr'>potius</span> <span class='ocrx_word' id='word_1_709' title='bbox 3544 3987 3675 4041; x_wconf 87' lang='lat' dir='ltr'>Car-</span> 
     </span>
    </p>
   </div>
   <div class='ocr_carea' id='block_1_103' title="bbox 2066 4070 3673 4145">
    <p class='ocr_par' dir='ltr' id='par_1_103' title="bbox 2066 4070 3673 4145">
     <span class='ocr_line' id='line_1_105' title="bbox 2066 4070 3673 4145; baseline -0.001 -14"><span class='ocrx_word' id='word_1_710' title='bbox 2066 4077 2367 4132; x_wconf 89' lang='lat' dir='ltr'>thusiensis</span> <span class='ocrx_word' id='word_1_711' title='bbox 2397 4074 2634 4140; x_wconf 90' lang='lat' dir='ltr'>ordinis,</span> <span class='ocrx_word' id='word_1_712' title='bbox 2667 4074 2821 4145; x_wconf 90' lang='lat' dir='ltr'>quod</span> <span class='ocrx_word' id='word_1_713' title='bbox 2848 4072 3060 4127; x_wconf 88' lang='lat' dir='ltr'>ibidem</span> <span class='ocrx_word' id='word_1_714' title='bbox 3085 4070 3252 4125; x_wconf 89' lang='lat' dir='ltr'>annis</span> <span class='ocrx_word' id='word_1_715' title='bbox 3267 4070 3506 4141; x_wconf 86' lang='lat' dir='ltr'>singulis</span> <span class='ocrx_word' id='word_1_716' title='bbox 3526 4076 3673 4130; x_wconf 84' lang='lat' dir='ltr'>cele-</span> 
     </span>
    </p>
   </div>
   <div class='ocr_carea' id='block_1_104' title="bbox 2066 4159 3677 4235">
    <p class='ocr_par' dir='ltr' id='par_1_104' title="bbox 2066 4159 3677 4235">
     <span class='ocr_line' id='line_1_106' title="bbox 2066 4159 3677 4235; baseline -0.001 -15"><span class='ocrx_word' id='word_1_717' title='bbox 2066 4166 2268 4220; x_wconf 86' lang='lat' dir='ltr'>bratur</span> <span class='ocrx_word' id='word_1_718' title='bbox 2286 4165 2450 4235; x_wconf 83' lang='lat' dir='ltr'>juxta</span> <span class='ocrx_word' id='word_1_719' title='bbox 2480 4162 2703 4216; x_wconf 88' lang='lat' dir='ltr'>vivendi</span> <span class='ocrx_word' id='word_1_720' title='bbox 2733 4177 3000 4215; x_wconf 90' lang='lat' dir='ltr'>normam</span> <span class='ocrx_word' id='word_1_721' title='bbox 3018 4160 3089 4214; x_wconf 89' lang='lat' dir='ltr'>ab</span> <span class='ocrx_word' id='word_1_722' title='bbox 3107 4159 3315 4213; x_wconf 89' lang='lat' dir='ltr'>eodem</span> <span class='ocrx_word' id='word_1_723' title='bbox 3343 4159 3513 4214; x_wconf 88' lang='lat' dir='ltr'>beato</span> <span class='ocrx_word' id='word_1_724' title='bbox 3536 4162 3677 4218; x_wconf 83' lang='lat' dir='ltr'>Bru-</span> 
     </span>
    </p>
   </div>
   <div class='ocr_carea' id='block_1_105' title="bbox 2072 4245 3678 4323">
    <p class='ocr_par' dir='ltr' id='par_1_105' title="bbox 2072 4245 3678 4323">
     <span class='ocr_line' id='line_1_107' title="bbox 2072 4245 3678 4323; baseline -0.002 -15"><span class='ocrx_word' id='word_1_725' title='bbox 2072 4270 2224 4308; x_wconf 90' lang='lat' dir='ltr'>none</span> <span class='ocrx_word' id='word_1_726' title='bbox 2256 4253 2466 4323; x_wconf 91' lang='lat' dir='ltr'>primo,</span> <span class='ocrx_word' id='word_1_727' title='bbox 2495 4253 2550 4305; x_wconf 87' lang='lat' dir='ltr'>et</span> <span class='ocrx_word' id='word_1_728' title='bbox 2578 4249 2786 4304; x_wconf 90' lang='lat' dir='ltr'>deinde</span> <span class='ocrx_word' id='word_1_729' title='bbox 2820 4266 2853 4303; x_wconf 90' lang='lat' dir='ltr'>a</span> <span class='ocrx_word' id='word_1_730' title='bbox 2878 4246 3096 4303; x_wconf 67' lang='lat' dir='ltr'>caeteris</span> <span class='ocrx_word' id='word_1_731' title='bbox 3129 4245 3441 4301; x_wconf 67' lang='lat' dir='ltr'>Carthusiaa</span> <span class='ocrx_word' id='word_1_732' title='bbox 3468 4248 3678 4319; x_wconf 74' lang='lat' dir='ltr'>priori-</span> 
     </span>
    </p>
   </div>
   <div class='ocr_carea' id='block_1_106' title="bbox 2071 4334 3678 4411">
    <p class='ocr_par' dir='ltr' id='par_1_106' title="bbox 2071 4334 3678 4411">
     <span class='ocr_line' id='line_1_108' title="bbox 2071 4334 3678 4411; baseline -0.001 -15"><span class='ocrx_word' id='word_1_733' title='bbox 2071 4342 2195 4409; x_wconf 90' lang='lat' dir='ltr'>bus,</span> <span class='ocrx_word' id='word_1_734' title='bbox 2225 4344 2282 4395; x_wconf 90' lang='lat' dir='ltr'>et</span> <span class='ocrx_word' id='word_1_735' title='bbox 2308 4357 2341 4394; x_wconf 88' lang='lat' dir='ltr'>a</span> <span class='ocrx_word' id='word_1_736' title='bbox 2371 4340 2522 4394; x_wconf 89' lang='lat' dir='ltr'>dicto</span> <span class='ocrx_word' id='word_1_737' title='bbox 2572 4336 2830 4409; x_wconf 90' lang='lat' dir='ltr'>generali</span> <span class='ocrx_word' id='word_1_738' title='bbox 2878 4337 3126 4407; x_wconf 87' lang='lat' dir='ltr'>capitulo</span> <span class='ocrx_word' id='word_1_739' title='bbox 3171 4335 3255 4389; x_wconf 91' lang='lat' dir='ltr'>eis</span> <span class='ocrx_word' id='word_1_740' title='bbox 3284 4334 3481 4389; x_wconf 86' lang='lat' dir='ltr'>datam</span> <span class='ocrx_word' id='word_1_741' title='bbox 3512 4339 3678 4411; x_wconf 74' lang='grc'><strong>(118).</strong></span> 
     </span>
    </p>
   </div>
   <div class='ocr_carea' id='block_1_107' title="bbox 2142 4422 3680 4483">
    <p class='ocr_par' dir='ltr' id='par_1_107' title="bbox 2142 4422 3680 4483">
     <span class='ocr_line' id='line_1_109' title="bbox 2142 4422 3680 4483; baseline -0.001 0"><span class='ocrx_word' id='word_1_742' title='bbox 2142 4431 2229 4483; x_wconf 80' lang='grc'><strong>49.</strong></span> <span class='ocrx_word' id='word_1_743' title='bbox 2277 4428 2467 4482; x_wconf 91' lang='lat' dir='ltr'>Dictus</span> <span class='ocrx_word' id='word_1_744' title='bbox 2510 4442 2645 4480; x_wconf 88' lang='lat' dir='ltr'>vero</span> <span class='ocrx_word' id='word_1_745' title='bbox 2704 4426 2903 4479; x_wconf 88' lang='lat' dir='ltr'>beatus</span> <span class='ocrx_word' id='word_1_746' title='bbox 2958 4426 3149 4478; x_wconf 88' lang='lat' dir='ltr'>Bruno</span> <span class='ocrx_word' id='word_1_747' title='bbox 3199 4423 3390 4478; x_wconf 90' lang='lat' dir='ltr'>eidem</span> <span class='ocrx_word' id='word_1_748' title='bbox 3449 4422 3680 4482; x_wconf 87' lang='lat' dir='ltr'>Urbano</span> 
     </span>
    </p>
   </div>
   <div class='ocr_carea' id='block_1_108' title="bbox 2074 4580 3681 4657">
    <p class='ocr_par' dir='ltr' id='par_1_108' title="bbox 2074 4580 3681 4657">
     <span class='ocr_line' id='line_1_110' title="bbox 2074 4580 3681 4657; baseline -0.001 -16"><span class='ocrx_word' id='word_1_749' title='bbox 2074 4591 2164 4641; x_wconf 90' lang='lat' dir='ltr'>tus</span> <span class='ocrx_word' id='word_1_750' title='bbox 2202 4587 2477 4650; x_wconf 88' lang='lat' dir='ltr'>oblatam,</span> <span class='ocrx_word' id='word_1_751' title='bbox 2513 4584 2582 4639; x_wconf 90' lang='lat' dir='ltr'>de</span> <span class='ocrx_word' id='word_1_752' title='bbox 2627 4600 2740 4655; x_wconf 88' lang='lat' dir='ltr'>qua</span> <span class='ocrx_word' id='word_1_753' title='bbox 2788 4580 2993 4636; x_wconf 91' lang='lat' dir='ltr'>videsis</span> <span class='ocrx_word' id='word_1_754' title='bbox 3036 4583 3442 4637; x_wconf 86' lang='lat' dir='ltr'>commentarii</span> <span class='ocrx_word' id='word_1_755' title='bbox 3485 4583 3681 4657; x_wconf 67' lang='lat' dir='ltr'>praevii</span> 
     </span>
    </p>
   </div>
   <div class='ocr_carea' id='block_1_109' title="bbox 2077 4663 3681 4801">
    <p class='ocr_par' dir='ltr' id='par_1_109' title="bbox 2077 4663 3681 4801">
     <span class='ocr_line' id='line_1_111' title="bbox 2077 4663 3681 4801; baseline 0 -19"><span class='ocrx_word' id='word_1_756' title='bbox 2077 4663 2105 4728; x_wconf 60' lang='grc' dir='ltr'><strong>ἓ</strong></span> <span class='ocrx_word' id='word_1_757' title='bbox 2138 4663 2289 4801; x_wconf 46' lang='lat' dir='ltr'>filii)</span> <span class='ocrx_word' id='word_1_758' title='bbox 2316 4728 2554 4801; x_wconf 79' lang='lat' dir='ltr'>Litteras</span> <span class='ocrx_word' id='word_1_759' title='bbox 2591 4725 2713 4801; x_wconf 84' lang='lat' dir='ltr'>illas</span> <span class='ocrx_word' id='word_1_760' title='bbox 2752 4725 3006 4797; x_wconf 87' lang='lat' dir='ltr'>integras</span> <span class='ocrx_word' id='word_1_761' title='bbox 3050 4721 3456 4778; x_wconf 90' lang='lat' dir='ltr'>commentarii</span> <span class='ocrx_word' id='word_1_762' title='bbox 3481 4723 3681 4796; x_wconf 63' lang='lat' dir='ltr'>prmvii</span> 
     </span>
    </p>
   </div>
   <div class='ocr_carea' id='block_1_110' title="bbox 2075 4797 2649 4855">
    <p class='ocr_par' dir='ltr' id='par_1_110' title="bbox 2075 4797 2649 4855">
     <span class='ocr_line' id='line_1_112' title="bbox 2075 4797 2649 4855; baseline -0.009 0"><span class='ocrx_word' id='word_1_763' title='bbox 2075 4797 2237 4855; x_wconf 85' lang='lat' dir='ltr'>num.</span> <span class='ocrx_word' id='word_1_764' title='bbox 2268 4801 2370 4853; x_wconf 81' lang='lat'>528</span> <span class='ocrx_word' id='word_1_765' title='bbox 2403 4797 2649 4852; x_wconf 82' lang='lat' dir='ltr'>exhibui.</span> 
     </span>
    </p>
   </div>
   <div class='ocr_carea' id='block_1_111' title="bbox 2145 4862 3680 4939">
    <p class='ocr_par' dir='ltr' id='par_1_111' title="bbox 2145 4862 3680 4939">
     <span class='ocr_line' id='line_1_113' title="bbox 2145 4862 3680 4939; baseline -0.004 -16"><span class='ocrx_word' id='word_1_766' title='bbox 2145 4872 2292 4939; x_wconf 75' lang='grc'><strong>(116)</strong></span> <span class='ocrx_word' id='word_1_767' title='bbox 2336 4869 2475 4923; x_wconf 92' lang='lat' dir='ltr'>Cum</span> <span class='ocrx_word' id='word_1_768' title='bbox 2511 4869 2787 4922; x_wconf 90' lang='lat' dir='ltr'>nimirum</span> <span class='ocrx_word' id='word_1_769' title='bbox 2831 4883 2861 4921; x_wconf 93' lang='lat' dir='ltr'>e</span> <span class='ocrx_word' id='word_1_770' title='bbox 2907 4862 3203 4939; x_wconf 75' lang='lat' dir='ltr'>Carthasia</span> <span class='ocrx_word' id='word_1_771' title='bbox 3241 4862 3584 4939; x_wconf 63' lang='lat' dir='ltr'>ab_[erano</span> <span class='ocrx_word' id='word_1_772' title='bbox 3633 4865 3680 4939; x_wconf 74' lang='grc' dir='ltr'><strong>Π</strong></span> 
     </span>
    </p>
   </div>
   <div class='ocr_carea' id='block_1_112' title="bbox 2074 4933 3677 5014">
    <p class='ocr_par' dir='ltr' id='par_1_112' title="bbox 2074 4933 3677 5014">
     <span class='ocr_line' id='line_1_114' title="bbox 2074 4933 3677 5014; baseline -0.004 -18"><span class='ocrx_word' id='word_1_773' title='bbox 2074 4933 2556 5014; x_wconf 81' lang='lat' dir='ltr'>papaarcessitus</span> <span class='ocrx_word' id='word_1_774' title='bbox 2582 4940 2829 5014; x_wconf 68' lang='lat' dir='ltr'>Romam</span> <span class='ocrx_word' id='word_1_775' title='bbox 2850 4954 2909 4991; x_wconf 90' lang='lat' dir='ltr'>se</span> <span class='ocrx_word' id='word_1_776' title='bbox 2935 4934 3194 4990; x_wconf 90' lang='lat' dir='ltr'>contulit.</span> <span class='ocrx_word' id='word_1_777' title='bbox 3226 4933 3331 4987; x_wconf 83' lang='lat' dir='ltr'>Adi</span> <span class='ocrx_word' id='word_1_778' title='bbox 3348 4933 3677 4990; x_wconf 91' lang='lat' dir='ltr'>Comment.</span> 
     </span>
    </p>
   </div>
   <div class='ocr_carea' id='block_1_113' title="bbox 2072 5011 3541 5085">
    <p class='ocr_par' dir='ltr' id='par_1_113' title="bbox 2072 5011 3541 5085">
     <span class='ocr_line' id='line_1_115' title="bbox 2072 5011 3541 5085; baseline -0.003 -19"><span class='ocrx_word' id='word_1_779' title='bbox 2072 5011 2279 5085; x_wconf 56' lang='lat' dir='ltr'>praevii</span> <span class='ocrx_word' id='word_1_780' title='bbox 2304 5028 2465 5085; x_wconf 78' lang='lat' dir='ltr'>num.</span> <span class='ocrx_word' id='word_1_781' title='bbox 2634 5014 2833 5085; x_wconf 73' lang='lat' dir='ltr'>et_5‘29_.</span> <span class='ocrx_word' id='word_1_782' title='bbox 3122 5073 3155 5085; x_wconf 40' lang='grc' dir='ltr'><strong><em>η</em></strong></span> <span class='ocrx_word' id='word_1_783' title='bbox 3487 5072 3541 5085; x_wconf 60' lang='lat' dir='ltr'><strong>m</strong></span> 
     </span>
    </p>
   </div>
   <div class='ocr_carea' id='block_1_114' title="bbox 2145 5072 3677 5153">
    <p class='ocr_par' dir='ltr' id='par_1_114' title="bbox 2145 5072 3677 5153">
     <span class='ocr_line' id='line_1_116' title="bbox 2145 5072 3677 5153; baseline -0.013 -15"><span class='ocrx_word' id='word_1_784' title='bbox 2145 5084 2291 5147; x_wconf 64' lang='grc'><strong>(117)</strong></span> <span class='ocrx_word' id='word_1_785' title='bbox 2325 5084 2402 5137; x_wconf 92' lang='lat' dir='ltr'>De</span> <span class='ocrx_word' id='word_1_786' title='bbox 2434 5083 2539 5153; x_wconf 88' lang='lat' dir='ltr'>hac</span> <span class='ocrx_word' id='word_1_787' title='bbox 2567 5073 3297 5153; x_wconf 31' lang='lat' dir='ltr'>CarthusiaeArestitutione,</span> <span class='ocrx_word' id='word_1_788' title='bbox 3344 5087 3461 5153; x_wconf 40' lang='lat' dir='ltr'>per.</span> <span class='ocrx_word' id='word_1_789' title='bbox 3487 5072 3677 5153; x_wconf 56' lang='lat' dir='ltr'>Signi.</span> 
     </span>
    </p>
   </div>
   <div class='ocr_carea' id='block_1_115' title="bbox 2076 5143 3680 5222">
    <p class='ocr_par' dir='ltr' id='par_1_115' title="bbox 2076 5143 3680 5222">
     <span class='ocr_line' id='line_1_117' title="bbox 2076 5143 3680 5222; baseline -0.004 -14"><span class='ocrx_word' id='word_1_790' title='bbox 2076 5143 2215 5208; x_wconf 84' lang='lat' dir='ltr'>num</span> <span class='ocrx_word' id='word_1_791' title='bbox 2247 5143 2526 5207; x_wconf 69' lang='lat' dir='ltr'>Casta-Dei</span> <span class='ocrx_word' id='word_1_792' title='bbox 2551 5152 2841 5222; x_wconf 83' lang='lat' dir='ltr'>abbatem,</span> <span class='ocrx_word' id='word_1_793' title='bbox 2858 5148 3043 5222; x_wconf 58' lang='lat' dir='ltr'>facta,</span> <span class='ocrx_word' id='word_1_794' title='bbox 3070 5143 3333 5222; x_wconf 84' lang='lat' dir='ltr'>illiusque</span> <span class='ocrx_word' id='word_1_795' title='bbox 3373 5143 3680 5222; x_wconf 79' lang='lat' dir='ltr'>adjunctis,</span> 
     </span>
    </p>
   </div>
   <div class='ocr_carea' id='block_1_116' title="bbox 2075 5217 3676 5294">
    <p class='ocr_par' dir='ltr' id='par_1_116' title="bbox 2075 5217 3676 5294">
     <span class='ocr_line' id='line_1_118' title="bbox 2075 5217 3676 5294; baseline -0.011 -17"><span class='ocrx_word' id='word_1_796' title='bbox 2075 5242 2200 5294; x_wconf 71' lang='lat' dir='ltr'>quae</span> <span class='ocrx_word' id='word_1_797' title='bbox 2229 5225 2320 5277; x_wconf 90' lang='lat' dir='ltr'>hic</span> <span class='ocrx_word' id='word_1_798' title='bbox 2351 5217 2986 5294; x_wconf 77' lang='lat' dir='ltr'>memorantur,videsis</span> <span class='ocrx_word' id='word_1_799' title='bbox 3011 5217 3497 5269; x_wconf 89' lang='lat' dir='ltr'>commentarium</span> <span class='ocrx_word' id='word_1_800' title='bbox 3526 5231 3676 5285; x_wconf 66' lang='lat' dir='ltr'>praa-</span> 
     </span>
    </p>
   </div>
   <div class='ocr_carea' id='block_1_117' title="bbox 2072 5290 2994 5358">
    <p class='ocr_par' dir='ltr' id='par_1_117' title="bbox 2072 5290 2994 5358">
     <span class='ocr_line' id='line_1_119' title="bbox 2072 5290 2994 5358; baseline -0.01 -10"><span class='ocrx_word' id='word_1_801' title='bbox 2072 5290 2228 5348; x_wconf 74' lang='lat' dir='ltr'>vium</span> <span class='ocrx_word' id='word_1_802' title='bbox 2258 5309 2416 5347; x_wconf 89' lang='lat' dir='ltr'>num.</span> <span class='ocrx_word' id='word_1_803' title='bbox 2447 5294 2548 5347; x_wconf 74' lang='lat'>5‘28</span> <span class='ocrx_word' id='word_1_804' title='bbox 2577 5294 2632 5345; x_wconf 89' lang='lat' dir='ltr'>et</span> <span class='ocrx_word' id='word_1_805' title='bbox 2658 5290 2807 5343; x_wconf 88' lang='lat' dir='ltr'>binis</span> <span class='ocrx_word' id='word_1_806' title='bbox 2837 5303 2994 5358; x_wconf 86' lang='lat' dir='ltr'>seqq.</span> 
     </span>
    </p>
   </div>
   <div class='ocr_carea' id='block_1_118' title="bbox 2147 5354 3675 5434">
    <p class='ocr_par' dir='ltr' id='par_1_118' title="bbox 2147 5354 3675 5434">
     <span class='ocr_line' id='line_1_120' title="bbox 2147 5354 3675 5434; baseline -0.004 -15"><span class='ocrx_word' id='word_1_807' title='bbox 2147 5367 2289 5434; x_wconf 72' lang='grc'><strong>(118)</strong></span> <span class='ocrx_word' id='word_1_808' title='bbox 2318 5362 2433 5417; x_wconf 90' lang='lat' dir='ltr'>Sub</span> <span class='ocrx_word' id='word_1_809' title='bbox 2479 5363 2534 5417; x_wconf 89' lang='lat' dir='ltr'>S.</span> <span class='ocrx_word' id='word_1_810' title='bbox 2562 5354 3193 5434; x_wconf 19' lang='lat' dir='ltr'>AAnthelmofseptirno</span> <span class='ocrx_word' id='word_1_811' title='bbox 3232 5372 3300 5409; x_wconf 85' lang='lat' dir='ltr'>ex</span> <span class='ocrx_word' id='word_1_812' title='bbox 3338 5354 3675 5434; x_wconf 73' lang='lat' dir='ltr'>recensione</span> 
     </span>
    </p>
   </div>
   <div class='ocr_carea' id='block_1_119' title="bbox 2070 5425 3685 5500">
    <p class='ocr_par' dir='ltr' id='par_1_119' title="bbox 2070 5425 3685 5500">
     <span class='ocr_line' id='line_1_121' title="bbox 2070 5425 3685 5500; baseline -0.006 -10"><span class='ocrx_word' id='word_1_813' title='bbox 2070 5425 2293 5490; x_wconf 51' lang='lat' dir='ltr'>Mo&#39;rotii</span> <span class='ocrx_word' id='word_1_814' title='bbox 2316 5429 2868 5499; x_wconf 70' lang='lat' dir='ltr'>CarthusizeMajoris</span> <span class='ocrx_word' id='word_1_815' title='bbox 2884 5425 3094 5500; x_wconf 74' lang='lat' dir='ltr'>priore,</span> <span class='ocrx_word' id='word_1_816' title='bbox 3114 5425 3185 5500; x_wconf 80' lang='lat' dir='ltr'>de</span> <span class='ocrx_word' id='word_1_817' title='bbox 3208 5440 3396 5480; x_wconf 88' lang='lat' dir='ltr'>annuo</span> <span class='ocrx_word' id='word_1_818' title='bbox 3417 5425 3685 5500; x_wconf 62' lang='lat' dir='ltr'>cogendo</span> 
     </span>
    </p>
   </div>
   <div class='ocr_carea' id='block_1_120' title="bbox 2072 5493 3685 5573">
    <p class='ocr_par' dir='ltr' id='par_1_120' title="bbox 2072 5493 3685 5573">
     <span class='ocr_line' id='line_1_122' title="bbox 2072 5493 3685 5573; baseline -0.006 -12"><span class='ocrx_word' id='word_1_819' title='bbox 2072 5508 2245 5565; x_wconf 87' lang='lat' dir='ltr'>totius</span> <span class='ocrx_word' id='word_1_820' title='bbox 2276 5504 2492 5561; x_wconf 85' lang='lat' dir='ltr'>ordinis</span> <span class='ocrx_word' id='word_1_821' title='bbox 2519 5493 2776 5573; x_wconf 85' lang='lat' dir='ltr'>capitqu</span> <span class='ocrx_word' id='word_1_822' title='bbox 2803 5493 3041 5571; x_wconf 72' lang='lat' dir='ltr'>cogitari</span> <span class='ocrx_word' id='word_1_823' title='bbox 3068 5495 3322 5567; x_wconf 87' lang='lat' dir='ltr'>primum</span> <span class='ocrx_word' id='word_1_824' title='bbox 3355 5493 3506 5565; x_wconf 89' lang='lat' dir='ltr'>apud</span> <span class='ocrx_word' id='word_1_825' title='bbox 3535 5493 3646 5551; x_wconf 84' lang='lat' dir='ltr'>Car</span> <span class='ocrx_word' id='word_1_826' title='bbox 3678 5528 3685 5537; x_wconf 91' lang='lat'><strong>-</strong></span> 
     </span>
    </p>
   </div>
  </div>
