4014 6052
259 215 366 277 517

1853 217 2037 276 ACTA

3466 227 3571 288 518

257 343 388 400 nuit
416 339 643 399 veniam
676 344 732 398 et
754 347 1170 413 commeatum,
1204 348 1264 400 ut
1304 345 1505 401 relicta
1538 345 1716 414 curia,
1751 362 1876 400 ere-
1899 350 1953 408 Α
1976 360 2219 410 quaram
2248 342 2421 397 verba
2449 347 2582 398 sunt
2614 344 2736 400 haec
2764 362 2775 400 :
2830 347 2910 401 De
2943 364 3059 417 me,
3087 347 3314 418 fratres,
3354 351 3581 424 scitote,

259 448 446 498 mum,
481 448 656 503 quam
712 432 1041 504 reliquerat,
1074 437 1383 505 repeteret,
1417 439 1516 489 aut
1546 436 1717 491 aliam
1770 436 1873 490 sibi

258 524 569 593 quaereret,
604 537 779 591 quam
811 521 1088 575 Dominus
1106 522 1209 594 ipsi
1241 523 1581 593 dignaretur
1614 526 1875 580 ostende—

254 624 318 662 re
344 608 586 677 {128).Et
609 625 741 662 cum
765 608 920 663 idem
944 610 1201 680 pontifex
1231 598 1497 666 voluisset
1513 629 1645 667 eum
1664 615 1872 668 conﬁr-

253 712 415 750 mare
442 695 496 749 in
528 695 1018 768 archiepiscopatu
1057 699 1314 753 Ecclesiaa
1360 700 1714 771 Rhegiensis,
1744 719 1871 773 quas

250 788 337 839 est
369 785 558 857 prima
606 786 942 856 metropolis
998 786 1171 840 totius
1205 786 1501 855 Calabriae,
1548 789 1622 843 ad
1674 806 1870 860 quam,

248 873 458 928 eodem
485 875 776 927 annuente
803 874 1096 944 pontifice,
1128 876 1340 929 electus
1373 876 1581 942 fuerat,
1605 877 1725 949 ipse
1758 880 1871 931 ele-

250 960 430 1015 ctioni
458 976 491 1014 a
524 977 583 1014 se
609 960 798 1027 factm,
831 961 1015 1015 sciens
1035 978 1101 1015 ex
1130 962 1353 1035 iis,quaa
1386 963 1443 1016 in
1468 963 1761 1036 Scriptura
1790 982 1876 1019 sa-

248 1064 347 1102 cra
386 1049 626 1120 legerat,
661 1052 718 1102 et
773 1065 839 1103 ex
878 1049 967 1117 iis,
1003 1067 1129 1121 quae
1177 1050 1237 1105 in
1283 1051 1441 1105 curia
1471 1055 1527 1106 et
1566 1052 1787 1107 viderat
1816 1057 1875 1109 et

248 1136 535 1204 audierat,
569 1136 761 1209 qualia
775 1139 831 1190 et
845 1140 1061 1208 quanta
1081 1138 1194 1192 sint
1216 1139 1274 1192 in
1298 1139 1636 1209 prazlatione
1650 1141 1873 1212 pericu-

244 1227 323 1293 la,
356 1226 683 1281 consentire
723 1226 1001 1280 recusavit
1025 1227 1191 1298 (129),
1217 1244 1335 1283 non
1357 1228 1591 1301 quidem
1614 1229 1867 1301 pertina-

245 1313 410 1380 citer,
433 1313 532 1368 sed
565 1314 686 1368 solo
714 1314 921 1386 quietis
952 1330 1154 1394 amore
1196 1318 1255 1369 et
1315 1315 1618 1382 desiderio,
1649 1318 1871 1371 servata

242 1417 479 1473 semper
505 1401 589 1472 (ut
622 1402 830 1457 decens
864 1403 966 1463 est)
989 1403 1061 1456 ad
1089 1403 1445 1473 superiorem
1465 1403 1796 1458 obedientia
1812 1406 1869 1458 et

242 1489 592 1556 humilitate,
624 1493 682 1543 et
702 1490 775 1544 ad
804 1490 1099 1561 proximos
1137 1491 1439 1545 charitate.

318 1578 569 1632 52.Tunc
591 1578 772 1646 enim,
808 1581 872 1632 ut
909 1579 1138 1633 dicebat
1163 1580 1362 1634 beatus
1376 1580 1699 1652 Gregorius,
1732 1585 1867 1636 ante

1976 432 2253 504 quoniam
2284 431 2423 485 mihi
2453 432 2687 486 unicum
2722 439 2849 505 post
2881 437 3063 490 Deum
3114 441 3198 492 est
3229 438 3578 497 desiderium

1974 521 2241 575 veniendi
2271 520 2342 574 ad
2359 537 2475 586 vos,
2496 523 2553 574 et
2584 521 2907 589 videndi,et
2930 525 3161 594 quando
3182 529 3588 600 potero,opere

1978 608 2330 680 adimplebo,
2360 610 2476 662 Deo
2505 609 2812 679 adjuvante
2855 611 3026 683 (132).

2048 698 2137 749 53.
2168 696 2539 767 Venititaque
2572 714 2703 750 cum
2730 698 2841 753 suis
2859 699 3146 770 praedictis
3176 700 3248 756 ad
3270 705 3586 775 quamdam

1974 799 2240 837 eremum
2273 783 2329 836 in
2371 783 2580 837 finibus
2612 784 2909 853 Calabriae,
2930 804 3057 858 quae
3090 788 3299 844 dicitur
3317 792 3584 848 Turrisin

1974 868 2201 924 dimcesi
2235 869 2609 941 Squillacensi
2643 874 2816 938 (133),
2840 873 3034 945 ibique
3087 891 3205 930 non
3235 878 3424 947 cellas,
3459 881 3594 952 quia

1970 960 2234 1029 sumptus
2255 958 2327 1011 ad
2350 974 2445 1011 eas
2468 974 2587 1012 non
2618 962 3025 1031 suppetebant,
3049 963 3454 1035 sedspeluncas
3471 970 3595 1039 plu-

1975 1060 2063 1099 res
2119 1045 2233 1099 sive
2278 1061 2549 1099 cavernas
2598 1046 2855 1102 eremitis
2922 1055 3307 1122 congruentes
3364 1055 3434 1110 de
3490 1056 3587 1111 vili

1970 1132 2208 1204 quidem
2237 1133 2621 1199 materia,sed
2656 1134 2715 1189 in
2735 1135 2958 1191 Christo
2987 1138 3236 1209 pretiosa
3266 1142 3585 1213 aadiﬂcavit,

1968 1219 2028 1274 in
2052 1220 2260 1292 quibus
2292 1221 2587 1275 nocturnis
2619 1222 2868 1277 excubiis
2918 1224 3133 1295 pariter
3163 1230 3334 1300 atque
3365 1230 3587 1287 diurnis

1968 1307 2089 1380 ipse
2112 1312 2170 1361 et
2192 1308 2289 1381 qui
2317 1325 2449 1363 cum
2473 1326 2541 1364 eo
2565 1314 2960 1365 convenerant
2975 1312 3200 1381 fratres,
3232 1315 3436 1372 divinis
3463 1319 3585 1374 lau-

1967 1395 2134 1450 dibus
2161 1398 2218 1450 et
2248 1397 2607 1452 orationibus
2639 1398 3005 1466 insistebant,
3054 1400 3112 1454 in
3141 1417 3209 1455 ea
3254 1406 3585 1462 austeritate

1965 1482 2115 1551 vitae,
2155 1500 2336 1556 quam
2371 1485 2490 1556 ipse
2517 1485 2675 1555 prius
2725 1485 2783 1538 in
2837 1485 3138 1542 Carthusia
3190 1492 3478 1560 tenuerat,
3527 1496 3588 1549 et

1967 1570 2079 1624 suis
2110 1571 2426 1626 tenendam
2440 1572 2815 1642 prmoederat.
2841 1573 3098 1646 Contigit
3110 1580 3582 1644 autem,Domino

243 1667 345 1722 Dei
376 1668 570 1722 oculos
594 1684 728 1721 vera
758 1671 1015 1722 servatur
1044 1668 1357 1735 humilitas,
1390 1685 1520 1723 cum
1553 1670 1682 1736 hoc,
1712 1669 1868 1741 quod
1894 1658 2072 1733 B110c
2096 1663 2393 1730 operante,
2424 1659 2563 1713 dum
2595 1660 2845 1731 quadam
2874 1662 2966 1716 die
2994 1663 3262 1736 Princeps
3304 1666 3580 1726 Calabrim

244 1755 372 1828 quis
390 1755 605 1810 utiliter
623 1755 812 1810 subire
843 1755 1196 1828 praecipitur,
1236 1757 1607 1828 pertinaciter
1638 1773 1754 1811 non
1782 1774 1867 1812 re-

242 1848 422 1899 cusat.
457 1844 619 1898 Unde
652 1848 840 1917 potest
865 1845 990 1916 quis
1017 1846 1191 1899 etiam
1238 1844 1479 1899 idoneus
1504 1845 1867 1900 laudabiliter

244 1948 310 1986 ex
340 1931 664 1986 humilitate
681 1933 1031 2004 praelationis
1060 1932 1315 1986 officium
1342 1950 1629 2000 recusare,
1655 1934 1863 1988 eodem

241 2019 516 2090 Gregorio
550 2020 798 2086 dicente,
827 2020 982 2091 quod
1012 2021 1270 2092 prmlatio
1298 2024 1536 2092 propter
1560 2022 1860 2077 meliorem

242 2106 632 2163 intentionem
669 2108 945 2179 fugienda
975 2111 1080 2174 est,
1112 2109 1367 2162 maxime
1386 2126 1513 2162 cum
1532 2110 1603 2163 ad
1636 2110 1742 2163 hoc
1769 2127 1861 2163 su-

242 2213 425 2268 perna
451 2198 711 2251 voluntas
758 2198 1112 2268 agnoscitur.
1168 2198 1309 2253 Cum
1337 2199 1630 2252 voluntate
1663 2198 1858 2270 igitur,

241 2286 408 2339 venia
438 2288 495 2339 et
517 2285 918 2340 benedictione
938 2286 1223 2358 pontificis
1250 2286 1406 2340 idem
1431 2287 1630 2341 beatus
1650 2288 1858 2354 Bruno,

244 2374 443 2428 relicta
462 2374 638 2428 curia.
665 2374 939 2429 Calabriae
972 2374 1197 2429 deserta
1227 2374 1571 2444 penetravit,
1607 2392 1723 2429 non
1742 2374 1863 2446 qui-

242 2462 380 2517 dem
412 2463 584 2527 solus,
618 2462 1413 2534 sedjunctissibiquibusdam
1446 2462 1569 2516 aliis
1600 2464 1859 2533 ejusdem

243 2549 524 2619 propositi
556 2549 857 2621 viris,quos
886 2550 1073 2604 bonus
1113 2551 1258 2605 odor
1300 2551 1428 2604 vita:
1462 2550 1635 2621 ipsius
1672 2551 1743 2605 ad
1776 2568 1863 2606 so-

238 2636 549 2719 litudinem
600 2637 977 2709 quaarendam
1021 2641 1273 2693 traxerat
1323 2638 1492 2709 (130).
1552 2638 1863 2693 Audiverat

243 2726 426 2790 enim,
464 2724 573 2779 illic
601 2725 826 2779 deserta
854 2743 976 2779 esse
1004 2727 1128 2780 loca
1182 2730 1240 2780 et
1268 2726 1522 2780 solitaria
1559 2727 1862 2797 quamplu-

240 2813 414 2878 rima,
444 2812 517 2866 ad
561 2813 957 2883 peragendum
994 2813 1395 2885 pcenitentiam
1449 2814 1763 2885 aptissima.
1796 2815 1862 2869 Et

243 2900 514 2972 quamvis
545 2900 873 2955 intenderet
903 2908 963 2956 et
993 2905 1240 2972 optaret,
1277 2905 1450 2973 prout
1498 2902 1623 2973 jam
1655 2903 1861 2974 saepius

548 2953 557 2954 κ
646 2953 649 2954 ν
911 2953 959 2956 ν-
1001 2953 1047 2972 τι
1277 2953 1444 2973 τ-τη
1656 2953 1854 2974 ~—-.~-—m

241 2989 594 3056 decreverat,
628 2989 990 3043 Carthusiam
1022 2994 1491 3062 repotere,quam
1521 2990 1855 3062 reliquerat,
1882 2953 1929 3012 Ο

241 3080 303 3131 et
334 3076 466 3131 illuc
504 3077 708 3131 fratres
735 3095 864 3132 suos
898 3079 1078 3151 sequi,
1117 3096 1260 3150 quos
1314 3081 1447 3132 ante
1480 3079 1858 3149 praemiserat,

242 3165 380 3237 quia
407 3168 605 3220 tamen
638 3169 718 3236 (ut
748 3166 1085 3237 przedictum
1120 3169 1224 3225 est)
1251 3166 1509 3237 pontifex
1540 3183 1671 3221 cum
1706 3168 1862 3222 curia

235 3271 339 3307 sua
371 3254 653 3308 transibat
673 3255 746 3308 ad
775 3255 1038 3321 Galliam,
1074 3256 1130 3309 in
1180 3256 1339 3326 cujus
1372 3256 1581 3309 finibus
1640 3255 1747 3310 sita
1779 3259 1863 3310 est

238 3341 560 3408 Carthusia,
594 3359 665 3395 ne
696 3343 938 3410 curiam,
965 3360 1141 3415 quam
1158 3343 1439 3415 fugiebat,
1465 3343 1621 3415 sequi
1648 3344 1863 3398 videre-

238 3434 354 3496 tur,
390 3431 487 3486 sed
517 3433 578 3484 ut
602 3432 975 3503 elongaretur
988 3432 1060 3486 ab
1073 3448 1161 3499 ea,
1192 3431 1521 3486 Calabriam
1553 3431 1864 3503 potiusele-

241 3518 348 3591 git,
382 3535 558 3589 quam
582 3518 942 3574 Carthusiam
958 3520 1130 3592 (131),
1151 3536 1281 3573 cum
1315 3537 1384 3573 ea
1411 3525 1607 3574 tamen
1631 3536 1864 3591 semper

237 3608 567 3662 intentione
598 3611 656 3662 et
693 3610 1005 3675 voluntate,
1039 3612 1121 3675 ut,
1174 3608 1384 3665 sedatis
1414 3609 1604 3675 rebus,
1651 3612 1714 3661 ut
1743 3609 1858 3679 pri-

242 3712 411 3751 mum
425 3696 735 3750 commode
758 3700 969 3767 posset,
995 3696 1356 3751 Carthusiam
1374 3700 1861 3767 repeteret,prout

236 3786 299 3841 in
330 3784 675 3857 quibusdam
707 3785 829 3855 ejus
852 3785 1226 3857 litteris,quas
1250 3803 1314 3839 ex
1346 3785 1608 3839 Calabria
1638 3785 1861 3857 scripsit

239 3908 523 3980 fratribus
540 3907 700 3980 suis,
753 3908 850 3980 qui
897 3912 1064 3963 erant
1118 3908 1176 3962 in
1228 3906 1544 3980 Carthusia,
1596 3910 1858 3980 apparet,

170 3976 187 3989 ⁵
302 3978 463 4102 (128)
493 3978 671 4033 Citius
700 3976 939 4060 Br'unoh
969 3995 1333 4060 quam,.cum
1366 3976 1649 4057 Urbanus'
1676 3976 1721 4058 il
1757 3994 1859 4049 pa-

242 4066 339 4102 na.
373 4065 436 4102 ce
461 4049 662 4102 ebrato
692 4051 993 4102 Placentia;
1025 4053 1288 4102 concuio.
1346 4048 1551 4102 Gallias
1580 4052 1739 4102 netit.
1768 4066 1859 4102 so-

283 4047 339 4115 a,
373 4047 662 4103 celebrato
692 4047 1005 4105 Placentiai
1025 4050 1288 4115 concilio,
1346 4047 1551 4102 Gallias
1578 4047 1859 4119 petitfso-

283 4066 339 4115 a,
373 4066 662 4103 celebrato
692 4066 993 4105 Placentia;
1025 4066 1288 4115 concuio,
1346 4066 1551 4102 ualuas
1578 4066 1739 4119 peut,
1768 4066 1858 4103 so-

242 4066 862 4191 ritudinisrepetenda':
893 4121 1226 4191 facultatem
1257 4120 1420 4191 abeo
1464 4119 1628 4188 petit,
1662 4136 1727 4173 ac
1757 4120 1858 4174 ob-

241 4191 438 4271 tinuit.
470 4189 685 4245 Videsis
714 4190 1122 4247 commentarii
1153 4190 1349 4263 praevii
1382 4206 1544 4244 num.
1569 4192 1672 4243 536
1705 4194 1761 4243 et
1780 4190 1862 4245 bi-

245 4278 336 4314 nlS
359 4277 520 4314 $800.

316 4277 865 4404 iliftgqupmserius,
917 4349 1089 4404 quam
1108 4402 1120 4404 _
1142 4347 1308 4404 anno
1338 4332 1492 4404 1090,
1550 4331 1773 4404 contra
1797 4346 1862 4384 ac

244 4400 592 4473 existimavit
629 4400 1001 4473 biographiis,
1053 4402 1125 4457 ad
1158 4400 1860 4473 archiepiscppatumRheg

242 4472 532 4543 giensem,
557 4470 1063 4543 quem'recusavit,
1091 4470 1432 4543 electusfuit
1462 4470 1722 4524 Sanctus.
1752 4472 1859 4525 Adi

244 4542 763 4612 Comment.’praev.
787 4544 949 4598 hum.
984 4547 1088 4598 532
1118 4548 1177 4599 et
1205 4542 1356 4598 binis
1385 4558 1547 4612 seqq,

318 4612 464 4682 (130)
496 4613 573 4666 Ex
597 4612 683 4667 his
732 4632 877 4668 unus
925 4614 1034 4668 fuit
1064 4614 1347 4670 Lanvinus
1384 4612 1794 4682 Northmanus,
1828 4628 1862 4665 a

244 4681 548 4743 Landuino
600 4684 779 4739 Tusco
822 4685 1092 4751 diversus,
1143 4686 1384 4740 Sanctus
1432 4684 1625 4735 autem
1684 4681 1857 4747 hunc,

243 4754 525 4835 aliosque,
581 4755 940 4835 quibuscum.
977 4755 1333 4835 e_pontificia
1393 4752 1860 4835 curiauCalabria

243 4823 487 4895 deserta
504 4823 691 4894 petiit,
723 4825 793 4879 ad
821 4823 1088 4880 solitariae
1144 4826 1269 4879 vitae
1326 4823 1687 4895 propositum
1732 4838 1857 4895 non

241 4897 382 4965 tunc
403 4892 683 4965 primum,
730 4912 862 4949 cum
917 4897 1114 4951 Romae
1168 4892 1495 4950 versaretur
1539 4892 1855 4965 attraxisse,

242 4964 345 5019 sed
356 4963 484 5037 jam
509 4963 644 5020 inde
659 4967 731 5021 ab
752 4983 821 5021 eo
836 4970 1119 5037 tempore,
1143 4983 1257 5037 quo
1272 4965 1329 5019 in
1344 4963 1658 5037 Carthusiae
1675 4963 1859 5037 adhuc

242 5033 603 5106 morabatur,
631 5037 734 5091 sibi
762 5033 1023 5091 habuisse
1057 5033 1359 5106 adjunctus
1381 5035 1625 5100 videtur,
1662 5035 1742 5086 uti
1773 5033 1857 5106 fa-

242 5105 621 5230 gileupolligtes
642 5124 707 5161 ex
733 5107 816 5173 iis,
838 5105 1567 5179 quaacommentariiprzev.
1586 5105 1859 5157 num.5iO

283 5192 332 5230 1c
428 5193 533 5229 sun
567 5217 580 5229 .

283 5175 396 5230 icta
428 5181 580 5229 sunt.

311 5247 728 5319 (l3l_)Urbrnus
757 5249 801 5301 ll
832 5265 1003 5319 papa,
1026 5265 1155 5319 cum
1182 5247 1421 5302 Sanctus
1447 5245 1505 5319 in
1531 5244 1858 5319 Calabriam

242 5314 496 5382 secessit,
553 5318 795 5389 Galliam
832 5314 967 5373 'ndn
992 5314 996 5315 ⁷
1024 5318 1186 5383 adiit,
1241 5336 1323 5389 ac,
1356 5317 1525 5389 proin
1569 5317 1755 5389 ratio,
1786 5314 1858 5368 ob

244 5403 422 5459 quam
438 5390 576 5459 tunc
590 5387 947 5444 Carthusiam
967 5406 1083 5444 non
1127 5384 1419 5459 repetiisse
1445 5387 1536 5440 hic
1564 5384 1856 5459 asseritur,

246 5456 363 5531 non
378 5458 655 5531 subsistit.
670 5460 884 5515 Videsis
900 5456 1381 5517 commentarium
1404 5456 1679 5531 praevium
1693 5471 1831 5510 num
1843 5494 1856 5509 .

243 5527 347 5586 549
365 5530 441 5585 et
458 5528 609 5586 binis
631 5547 791 5604 seqq.

1881 4238 1934 4296 D

1966 1746 2221 1817 Rogerus
2242 1749 2529 1808 (l34)cum
2557 1764 2658 1801 suo
2689 1764 2804 1802 non
2830 1763 3006 1819 parvo
3038 1751 3335 1822 comitatu,
3363 1758 3421 1810 et
3451 1773 3583 1813 cum

1964 1851 2176 1889 canum
2207 1835 2581 1889 multitudine
2618 1836 2850 1908 copiosa
2877 1836 2937 1891 in
2968 1838 3121 1893 dicta
3150 1856 3347 1897 eremo
3394 1843 3587 1901 Turris

1963 1927 2270 2003 venaretur
2299 1923 2470 1988 feras,
2495 1940 2665 1977 canes
2699 1923 2911 1978 olfactu
2933 1941 3033 1979 suo
3076 1926 3298 1983 diversa
3322 1929 3578 1988 ferarum

1962 2010 2217 2082 lpsarum
2246 2011 2484 2082 vestigia
2516 2011 2908 2083 insequentes,
2934 2012 3007 2067 ad
3046 2013 3224 2069 dictas
3255 2019 3577 2090 speluncas,

1963 2099 2021 2152 in
2052 2099 2257 2169 quibus
2285 2100 2486 2153 beatus
2529 2099 2741 2166 Bruno,
2767 2102 2824 2154 et
2878 2099 2976 2171 qui
3006 2117 3138 2155 cum
3171 2119 3238 2157 eo
3276 2111 3575 2176 venerant,

1962 2186 2167 2241 fratres
2194 2187 2410 2258 pariter
2430 2187 3174 2255 habitabant,dcvenirent.
3202 2191 3457 2259 Ubi,fixis
3485 2211 3584 2267 pe-

1964 2272 2150 2340 dibus,
2172 2275 2473 2329 latratibus
2493 2276 2690 2329 multis
2730 2275 2976 2330 domino
3009 2293 3110 2331 suo
3142 2276 3495 2350 indicabant,
3524 2299 3584 2338 se

1961 2362 2221 2433 praedam
2247 2378 2520 2434 magnam
2540 2363 2795 2433 aliquam
2822 2362 3124 2419 invenisse.
3139 2365 3225 2419 Ad
3238 2383 3381 2438 quos
3400 2368 3583 2425 dictus

1962 2450 2231 2521 princeps
2273 2467 2406 2503 cum
2452 2450 2567 2504 suis
2598 2452 2829 2505 concito
2883 2467 3049 2505 cursu
3092 2454 3326 2509 veniens
3370 2455 3589 2529 reperit

1960 2542 2153 2609 patres
2182 2539 2490 2610 praidictos
2520 2538 2579 2592 in
2601 2538 2769 2593 dictis
2799 2539 3103 2609 speluncis,
3138 2540 3297 2596 ﬂexis
3343 2543 3586 2614 genibus

1961 2630 2018 2679 et
2034 2626 2236 2680 erectis
2262 2626 2319 2679 in
2341 2627 2546 2680 coelum
2565 2626 2808 2680 vultibus
2835 2629 2892 2679 et
2919 2627 3187 2682 manibus
3202 2628 3373 2684 simul
3406 2646 3581 2687 oran-

1960 2714 2044 2767 tes
2074 2717 2132 2767 et
2158 2715 2339 2768 Deum
2373 2714 2673 2768 laudantes
2705 2716 2865 2778 (135).

2031 2803 2117 2855 54.
2154 2802 2317 2865 Quod
2349 2802 2442 2855 ille
2470 2802 2720 2867 intuens,
2739 2817 2954 2872 magna
2984 2802 3371 2859 admiratione
3394 2806 3580 2877 reple-

1960 2892 2069 2954 tus,
2099 2889 2168 2942 de
2189 2906 2360 2960 equo,
2399 2889 2487 2943 cui
2525 2888 2830 2955 insidebat,
2873 2889 3137 2944 desiliens
3169 2891 3373 2947 devote
3387 2895 3446 2947 et
3472 2894 3578 2947 hu-

1962 2977 2174 3031 militer
2198 2976 2485 3043 salutavit,
2513 2980 2569 3029 et
2586 2976 2656 3030 de
2689 2993 2901 3030 eorum
2934 2977 3065 3031 illuc
3088 2978 3357 3048 adventu,
3388 2983 3446 3033 et
3460 2981 3577 3035 sin-

1961 3067 2229 3136 gulorum
2254 3068 2402 3119 statu
2421 3064 3367 3137 diligenterinterrogavit.Quibus
3380 3068 3577 3140 cogni-

1962 3153 2053 3220 tis,
2082 3152 2306 3224 gavisus
2336 3155 2421 3206 est
2443 3153 2626 3219 valde,
2659 3154 2841 3206 Deum
2866 3153 3105 3207 laudans
3132 3156 3188 3207 et
3225 3155 3575 3226 glorificans,

1962 3241 2117 3312 quod
2150 3241 2246 3295 tali
2277 3258 2335 3294 se
2369 3241 2468 3313 dig
2481 3244 2650 3295 natus
2677 3243 2824 3294 esset
2844 3240 3040 3311 praeda
3072 3240 3313 3312 dignum
3367 3244 3578 3314 facere,

1960 3346 2199 3401 sperans
2225 3332 2283 3383 et
2306 3346 2364 3383 se
2382 3333 2675 3383 etterram
2710 3344 2873 3382 suam
2901 3345 3102 3383 eorum
3126 3329 3345 3384 meritis
3374 3335 3432 3385 et
3455 3347 3582 3402 pre-

1962 3418 2118 3473 cibus
2162 3417 2441 3487 adjuvari,
2500 3421 2557 3471 et
2594 3416 2652 3470 in
2684 3433 2824 3487 pace
2857 3417 3022 3471 tueri.
3052 3418 3121 3472 Et
3161 3423 3470 3491 propterea
3517 3423 3579 3475 ut

1961 3510 2198 3578 possent
2228 3506 2443 3559 ibidem
2473 3506 2719 3576 quietius
2743 3506 2931 3559 vivere
2953 3508 3011 3560 et
3027 3505 3236 3560 diutius
3253 3524 3575 3579 persevera-

1961 3609 2045 3659 re,
2081 3593 2239 3646 dedit
2258 3593 2338 3646 eis
2362 3593 2660 3647 ecclesiam
2690 3594 2876 3647 Beata;
2907 3593 3093 3648 Mariae
3121 3597 3178 3647 et
3231 3594 3422 3649 Sancti
3453 3596 3581 3651 Ste-

1959 3680 2137 3751 phani
2169 3680 2240 3734 de
2271 3696 2467 3734 eremo
2486 3682 2655 3749 (136);
2685 3680 2778 3733 ubi
2808 3695 2907 3734 eos
2928 3680 3263 3751 frequenter
3288 3682 3573 3752 visitabat,

1960 3772 2018 3822 et
2046 3768 2115 3821 de
2146 3768 2272 3821 vita:
2305 3768 2634 3821 necessariis
2690 3766 3065 3837 providebat,
3114 3768 3576 3843 documentaque

1960 3855 2155 3911 salutis
2182 3856 2254 3909 ab
2292 3857 2372 3910 eis
2402 3856 2650 3909 libenter
2674 3854 2970 3909 audiebat.
3003 3855 3069 3908 Et
3098 3856 3332 3909 beatum
3364 3858 3579 3913 Bruno-

2034 3982 2177 4048 (132)
2201 3980 2347 4051 Cum
2376 3979 2548 4033 verba
2566 3979 2688 4051 haec
2719 3978 3007 4049 integram
3031 3979 3132 4051 §§l
3171 3977 3573 4051 datam,quam

1962 4049 2201 4104 Sanctus
2230 4051 2303 4104 ad
2326 4050 2636 4104 Carthusiae
2667 4048 2894 4115 fratres,
2948 4063 3053 4118 per
3084 4048 3468 4118 Landuinum,
3501 4053 3575 4108 ad

1961 4122 2132 4175 hosce
2155 4124 2565 4185 revertentem,
2595 4119 2771 4186 misit,
2796 4119 3098 4190 epistolam
3120 4120 3413 4189 claudant,
3446 4123 3568 4178 haec

1961 4192 2117 4246 haud
2148 4192 2317 4246 dubie
2349 4208 2417 4245 ea
2447 4191 2567 4262 ipsa
2589 4195 2694 4257 est,
2726 4190 2885 4259 cujus
2914 4190 3004 4243 hic
3039 4191 3309 4245 meminit
3364 4192 3566 4248 Sancti

1964 4262 2142 4317 nostri
2161 4262 2528 4333 biographus.

2034 4335 2175 4398 (133)
2204 4330 2284 4387 De
2341 4330 2448 4386 liae
2477 4347 2677 4385 eremo
2707 4330 2912 4384 videsis
2942 4330 3343 4386 commentarii
3378 4334 3575 4406 praevii

1962 4419 2127 4458 num.
2160 4406 2264 4457 552
2283 4407 2347 4482 et
2369 4419 2534 4526 seqqi

2039 4476 2181 4526 1134)
2203 4474 2473 4526 Princeps

2039 4476 2181 4543 (134)
2203 4470 2473 4543 Princeps
2485 4470 2587 4526 hic
2609 4487 2708 4524 seu
2737 4472 2937 4543 potius
2958 4470 3234 4543 Calabriae
3256 4475 3314 4527 et
3370 4472 3573 4531 Siciliae

1960 4541 2505 4622 comes'quisfuerit,
2537 4541 2943 4622 commentarii
2972 4542 3167 4613 praevii
3198 4559 3361 4596 num.
3397 4548 3499 4601 556
3516 4550 3577 4601 et

1960 4631 2118 4687 seqq.
2152 4616 2519 4687 explanatum
2545 4616 2819 4666 invenies.

1962 4754 2014 4764 ω
2035 4689 2185 4764 (135)
2204 4687 2492 4764 Sanctum.
2511 4687 2960 4764 nostrum,“cum
2987 4682 3186 4764 comiti
3217 4682 3494 4764 Calabriae
3507 4689 3566 4764 e_t

1960 4753 2172 4835 Sicilire
2203 4755 2447 4835 Rogerio
2480 4753 2928 4835 ignotus_adhuc
2958 4758 3130 4833 esset,
3160 4770 3279 4835 non
3304 4755 3480 4834 fuisse
3501 4756 3573 4810 ab

1959 4826 2090 4892 hoc,
2123 4824 2411 4880 venationi
2435 4824 2672 4896 operam
2705 4824 2899 4890 dante,
2962 4824 3021 4878 in
3061 4824 3347 4896 speluncis
3384 4841 3577 4895 reper-

1960 4900 2107 4963 tum,
2126 4896 2392 4962 dilucide,
2408 4899 2692 4967 quantum
2716 4899 2981 4967 apparet,
3000 4896 3251 4967 probant
3270 4912 3398 4966 quas
3411 4912 3567 4967 com-

1960 4968 2230 5092 ncilelntarii
2258 4965 2453 5040 praevii
2471 4982 2632 5019 num.
2654 4968 2750 5020 541
2782 4967 2841 5018 et
2866 4965 3015 5018 binis
3042 4981 3203 5035 seqq.
3234 4965 3292 5018 in
3309 4965 3569 5021 medium

1960 5055 1993 5092 a
2077 5055 2188 5091 un.

1958 5055 2188 5092 ᾶααιιχι.

2032 5111 2178 5179 (136)
2210 5111 2359 5163 Duas
2398 5108 2567 5179 hasce
2614 5106 2898 5179 ecclesias,
2947 5104 3028 5157 uti
3062 5103 3170 5179 hic
3219 5105 3573 5179 biographus

1960 5174 2430 5233 noster'indicare
2451 5178 2695 5242 videtur,
2729 5176 2786 5230 S.
2822 5175 3075 5229 Brunoni
3124 5174 3361 5245 ejusque
3405 5174 3572 5233 sociis

1960 5266 1994 5303 a
2023 5251 2235 5303 comite
2257 5249 2522 5320 Rogerio,
2546 5248 2740 5320 statim
2767 5250 2938 5320 atque
2969 5246 3094 5320 hos,
3120 5245 3177 5298 in
3207 5262 3380 5320 specu
3395 5261 3565 5301 oran-

1958 5325 2063 5387 tes,
2098 5322 2248 5375 inter
2280 5315 2609 5374 venandum
2651 5315 2968 5381 invenerat,
3016 5315 3260 5387 donatas
3304 5316 3504 5383 fuisse,
3529 5336 3564 5372 a

1957 5385 2091 5446 vero
2123 5391 2375 5446 alienum
2403 5387 2774 5462 apparet.Adi
2793 5385 3277 5441 commentarium
3292 5387 3568 5459 praevium

1959 5480 2120 5520 num.
2145 5466 2267 5519 570.
