4014 6052
254 322 356 384 321

1840 322 2021 384 ACTA

3472 334 3587 412 522

249 450 435 507 Patris
461 450 683 507 Christo
706 448 954 507 Domino
987 448 1315 507 militabant
1345 450 1512 524 (144).
1558 450 1702 507 Cum
1733 450 1858 525 qui-
1881 455 1938 515 Α
1963 450 2136 508 Iudas
2158 450 2356 520 etiam,
2376 450 2524 508 ﬁlius
2539 449 2897 524 perditionis,
2915 451 3107 512 vivens
3127 454 3573 532 miraculafecit,

248 541 356 596 bus
377 541 498 613 ipse
531 558 709 613 usque
741 540 813 594 ad
846 540 1001 595 diem
1026 541 1230 596 mortis
1258 558 1372 595 sua:
1402 541 1785 613 perseveravit
1803 541 1862 595 in

238 646 321 683 ea
351 629 770 695 observatione,
792 646 965 700 quam
993 630 1150 700 prius
1180 633 1431 700 cmperal
1485 633 1541 684 et
1590 630 1866 685 docuerat

249 718 308 772 in
343 717 661 786 Carthusia,
690 735 796 773 nec
822 719 1128 773 declinant
1152 736 1219 773 ex
1250 736 1337 774 ea.
1373 718 1619 773 Veniens
1667 723 1863 774 autem

248 807 326 862 ad
354 811 629 875 mortem,
651 808 836 863 sciens
863 808 1019 880 quod
1038 808 1193 863 venit
1223 809 1369 863 hora
1401 808 1545 879 ejus,
1581 812 1644 864 ut
1672 812 1862 863 trans-

248 900 345 952 eat
374 914 440 951 ex
470 896 581 951 hoc
606 897 826 952 mundo
857 898 932 952 ad
962 899 1216 965 Patrem,
1242 898 1570 953 convocatis
1590 898 1864 953 fratribus

247 986 385 1053 suis,
418 986 491 1041 ab
522 984 771 1040 infantia
796 986 1052 1058 singulas
1078 989 1277 1041 aatates
1305 1003 1432 1041 suas
1467 987 1775 1053 recensuit,
1808 989 1866 1041 et

245 1075 427 1129 totius
449 1075 729 1145 temporis
763 1075 849 1129 sui
897 1075 1140 1130 scientia
1196 1079 1254 1130 et
1283 1075 1571 1131 sententia
1620 1076 1861 1146 dignum

246 1163 397 1235 (145)
429 1163 825 1234 proclamavit,
854 1167 1163 1235 exportans
1211 1182 1309 1220 eos
1335 1169 1392 1219 et
1417 1166 1743 1219 admonens
1789 1164 1864 1218 ad

248 1251 591 1307 charitatem
622 1255 680 1306 et
734 1253 1120 1309 humilitatem
1159 1258 1217 1308 et
1247 1254 1321 1309 ad
1350 1252 1858 1325 perseverantiam.

319 1344 408 1396 59.
443 1343 648 1396 Postea
676 1358 811 1397 vero
832 1343 1008 1397 ﬁdem
1042 1360 1204 1396 suam
1238 1342 1309 1397 de
1323 1342 1600 1397 Trinitate
1628 1344 1861 1413 protra-

246 1435 340 1486 cto
371 1435 431 1486 et
459 1430 746 1503 profundo
773 1447 1042 1485 sermone
1069 1432 1330 1504 exposuit
1354 1435 1411 1486 et
1439 1431 1716 1487 conclusit
1739 1431 1815 1485 sic
1846 1447 1859 1485 :

247 1520 433 1576 Credo
464 1521 639 1575 etiam
670 1523 1053 1586 sacramenta,
1087 1538 1214 1592 quae
1238 1524 1435 1575 sancta
1465 1520 1647 1575 credit
1686 1524 1743 1574 et
1764 1536 1861 1573 ve-

245 1614 486 1665 neratur
511 1610 777 1677 Ecclesia,
830 1613 888 1664 et
918 1610 1268 1665 nominatim
1299 1626 1515 1681 panem
1547 1613 1605 1664 et
1636 1609 1858 1676 vinum,

247 1716 375 1772 quae
407 1702 822 1754 consecrantur
869 1698 927 1753 in
984 1698 1171 1765 altari,
1208 1703 1336 1771 post
1366 1698 1861 1753 consecrationem

1965 542 2064 614 qui
2096 545 2153 597 et
2178 559 2310 596 cum
2348 541 2567 597 caeteris
2594 543 2863 614 apostolis
2881 544 3149 614 ejiciendi
3166 549 3455 606 daemonia
3472 567 3577 622 po-

1965 633 2232 685 testatem
2265 631 2502 703 accepit.
2551 631 2709 687 Multi
2732 631 2912 687 etiam
2956 634 3053 688 alii
3073 635 3240 707 signa
3290 638 3576 707 fecerunt,

1964 735 2072 773 nec
2118 723 2315 774 tamen
2347 720 2420 774 ob
2450 721 2559 774 hoc
2591 719 2925 789 sanctiores,
2959 721 3076 778 imo
3108 724 3297 795 potius
3325 726 3578 783 deterio-

1964 823 2056 861 res
2086 812 2144 862 et
2169 808 2620 863 damnabiliores
2650 808 2839 863 effecti
2866 814 3018 864 sunt.
3064 811 3320 876 Quicum
3343 815 3403 869 in
3423 815 3579 887 judi-

1965 896 2052 951 cio
2085 896 2279 950 dicent
2311 914 2324 951 :
2356 919 2383 946 «
2412 896 2679 963 Domine,
2712 898 2981 965 Domine,
3010 916 3208 956 nonne
3236 902 3295 956 in
3334 920 3577 959 nomme

1965 989 2064 1039 tuo
2096 984 2588 1055 prophetavimus,
2614 988 2671 1039 et
2696 984 2755 1038 in
2777 986 3016 1041 nomine
3030 991 3128 1043 tuo
3148 989 3439 1057 daemonio
3462 991 3581 1063 eje-

1966 1074 2166 1140 cimus,
2196 1076 2254 1127 et
2278 1074 2337 1127 in
2373 1073 2611 1128 nomine
2638 1076 2736 1127 tuo
2774 1073 3010 1129 virtutes
3047 1077 3259 1131 multas
3285 1078 3528 1133 fecimus
3548 1078 3577 1134 ‘I

1967 1162 2356 1233 Respondebit
2387 1162 2496 1216 illis
2521 1162 2801 1216 Dominus
2825 1162 2999 1226 :Quia
3019 1180 3135 1219 non
3154 1166 3285 1221 novi
3308 1183 3423 1222 vos.
3458 1166 3579 1223 Dis-

1965 1252 2149 1305 cedite
2178 1268 2352 1318 ame,
2401 1267 2605 1305 omnes
2671 1251 2921 1323 operarii
2976 1251 3293 1323 iniquitatis
3344 1254 3509 1325 (148).
3549 1275 3578 1303 ››

1967 1340 2104 1394 Hinc
2138 1339 2564 1413 est,quod,cum
2581 1338 2769 1393 eidem
2785 1339 3031 1395 Domino
3046 1340 3307 1412 discipuli
3328 1343 3575 1399 redeun-

1964 1431 2048 1482 tes
2072 1428 2333 1483 dicerent
2361 1445 2374 1482 :
2413 1450 2440 1477 «
2460 1426 2728 1493 Domine,
2753 1427 2931 1482 etiam
2962 1428 3252 1483 daemonia
3274 1430 3584 1501 subjiciun-

1964 1518 2058 1570 tur
2090 1516 2340 1571 nobisin
2383 1516 2622 1570 nomine
2675 1519 2795 1581 tuo,
2838 1515 2918 1569 ait
2947 1516 3296 1573 illis:Nolite
3327 1518 3581 1589 gaudere

1965 1605 2100 1676 quia
2164 1605 2396 1676 spiritus
2445 1603 2826 1674 subjiciuntur
2878 1603 3114 1659 vobis.»
3177 1606 3246 1660 Et
3298 1608 3582 1679 tanquam

1965 1696 2294 1763 quaererent
2328 1709 2340 1747 :
2380 1714 2407 1742 «
2436 1694 2499 1746 In
2527 1708 2642 1763 quo
2682 1707 2842 1762 ergo,
2876 1692 3339 1763 magisterbone,
3360 1695 3579 1766 gaude-

248 1805 452 1843 verum
480 1805 688 1860 corpus
714 1804 834 1842 esse
866 1787 1100 1842 Domini
1134 1787 1315 1842 nostri
1344 1788 1475 1842 Jesu
1502 1787 1732 1855 Christi,
1767 1804 1857 1842 ve-
1886 1775 1937 1833 Β
1965 1780 2195 1834 bimus“?
2227 1782 2289 1834 Ill
2322 1781 2451 1846 11°C,
2489 1779 2696 1851 inquit,
2729 1779 2999 1850 Eandem,
3032 1780 3166 1852 (μύει
3215 1780 3455 1838 nomina
3485 1797 3580 1839 V8-

247 1895 375 1933 ram
407 1894 646 1933 carnem
676 1881 735 1931 et
763 1893 964 1931 verum
997 1876 1365 1949 sanguinem,
1398 1894 1526 1949 quae
1557 1880 1616 1931 et
1642 1893 1745 1932 nos
1776 1892 1865 1931 ac-

245 1966 491 2038 cipimus
517 1966 576 2021 in
608 1966 1009 2021 remissionem
1053 1969 1443 2037 peccatorum,
1474 1968 1532 2020 et
1556 1965 1615 2020 in
1646 1981 1746 2038 spe
1781 1981 1866 2020 sa-

245 2055 380 2109 lutis
412 2058 647 2109 aeternae
681 2054 848 2126 (146).
892 2053 1163 2108 Proxima
1210 2057 1403 2108 autem
1437 2054 1528 2108 die
1563 2053 1866 2108 Dominica

244 2145 445 2198 sancta
460 2143 557 2197 illa
572 2142 767 2197 anima
787 2158 959 2196 carne
984 2143 1171 2197 soluta
1192 2145 1277 2196 est
1291 2142 1476 2213 pridie
1490 2143 1678 2196 Nonas
1692 2142 1861 2197 Octo-

245 2231 547 2297 bris,anno
568 2230 795 2286 Domini
823 2231 1134 2285 millesimo
1166 2230 1483 2285 centesimo
1508 2230 1862 2303 primo.Cor-
1896 2286 1899 2289 γ

248 2336 354 2392 pus
377 2336 511 2375 vero
530 2320 653 2390 ejus
676 2320 884 2374 fratres
899 2319 1117 2374 ibidem
1145 2319 1462 2374 honoriﬁce
1480 2319 1864 2375 condiderunt

240 2409 329 2462 Ad
350 2409 510 2480 cujus
522 2409 845 2481 sepulcrum
863 2409 978 2462 tale
1015 2408 1123 2462 fuit
1160 2407 1488 2478 appositum
1505 2407 1862 2479 epitaphium

242 2498 467 2556 Primus
497 2499 553 2550 in
583 2498 682 2551 hac
708 2514 882 2550 eremo
909 2494 1113 2551 Christi
1142 2496 1405 2566 fundator
1426 2496 1576 2549 erilis

314 2585 603 2640 Promerui
625 2586 763 2655 ﬁeri,
796 2587 891 2656 qui
920 2591 1067 2654 tegor
1087 2585 1183 2638 hoc
1215 2584 1437 2637 tumulo.

244 2674 437 2729 Bruno
466 2675 601 2729 mihi
628 2691 838 2735 nomen,
861 2674 1095 2743 genitrix
1114 2672 1427 2734 Alemania,
1456 2690 1640 2744 meque

318 2763 620 2817 Transtulit
643 2763 714 2816 ad
746 2762 1003 2817 Calabros
1027 2767 1186 2831 grata
1216 2765 1362 2832 quies
1392 2763 1572 2815 eremi.

243 2852 447 2907 Doctor
480 2869 648 2918 eram,
662 2866 841 2922 preco
865 2848 1087 2913 Christi,
1106 2853 1190 2903 vir
1218 2857 1372 2903 notus
1385 2851 1439 2902 in
1461 2850 1608 2918 orbe,

315 2940 554 3011 Desuper
585 2940 718 2993 illud
737 2945 871 3006 erat,
899 2940 1101 3008 gratia;
1136 2955 1244 2991 non
1274 2940 1543 2992 meritum.

243 3028 441 3085 Carnis
468 3029 641 3082 vincla
670 3028 778 3081 dies
812 3027 1054 3082 Octobris
1077 3032 1223 3081 sexta
1250 3027 1481 3089 resolvit,

314 3117 550 3188 Spiritui
566 3119 816 3189 requiem,
853 3117 948 3187 qui
978 3116 1103 3185 legis
1131 3117 1252 3181 ista,
1280 3122 1403 3186 pete
1424 3115 1592 3187 (147).

317 3209 403 3261 60.
440 3206 596 3260 Hanc
634 3209 825 3259 autem
855 3204 977 3275 ejus
1002 3207 1262 3259 sanctam
1288 3204 1464 3258 vitam
1494 3207 1861 3276 mortemque

241 3295 556 3368 pretiosam
579 3298 773 3348 secuta
784 3297 918 3348 sunt
937 3293 1564 3363 miraculamulta,qum
1584 3293 1860 3348 Dominus

240 3383 479 3457 gloriosi
512 3383 596 3438 sui
645 3382 988 3438 confessoris
1018 3381 1522 3436 intercessionibus
1550 3384 1608 3435 et
1639 3381 1861 3437 meritis

241 3473 471 3546 operari
523 3473 793 3545 dignatus
823 3477 927 3541 est,
961 3472 1225 3544 quamvis
1278 3470 1558 3526 miracula
1596 3476 1858 3527 sanctum

242 3576 362 3615 non
391 3561 628 3626 faciant,
656 3578 788 3615 cum
820 3577 937 3615 non
956 3563 1133 3632 neget
1152 3562 1457 3632 Apostolus
1482 3562 1712 3638 montes
1736 3562 1858 3616 sine

240 3650 521 3704 charitate
550 3665 713 3720 posse
728 3649 1050 3716 transferri,
1070 3650 1137 3703 Et
1146 3650 1457 3721 propterea
1488 3665 1606 3702 non
1639 3651 1772 3703 sunt
1800 3649 1859 3705 in

238 3739 448 3794 talibus
480 3739 801 3809 expetenda
830 3724 931 3793 seu
949 3738 1715 3810 quaerendaﬁmiraculaguaa
1728 3755 1860 3792 cum

240 3828 411 3883 malis
439 3830 679 3899 possunt
707 3826 1278 3883 habericommunia.
1304 3826 1448 3880 Nam
1469 3826 1693 3897 etmagi
1710 3826 1856 3881 Pha-

237 3917 433 3972 raonis
464 3902 950 3972 incantationibus
980 3917 1095 3971 suis
1141 3917 1325 3972 multa
1368 3914 1536 3986 signa
1572 3914 1853 3969 fecerunt.

316 4060 456 4127 (144)
490 4060 552 4113 In
585 4059 938 4114 monasterio
961 4058 1066 4113 isto
1094 4057 1419 4123 Monachos,
1440 4056 1567 4111 vita:
1599 4059 1855 4114 eremiti-

237 4148 322 4185 (ξω
355 4131 548 4183 minus
579 4134 763 4200 aptos,
804 4134 1033 4184 sanctus
1071 4127 1432 4183 constituisse
1486 4132 1744 4199 putatur,
1776 4129 1855 4184 ei-

236 4218 402 4273 sque,
430 4216 696 4273 suprema
731 4201 831 4255 sibi
865 4204 1086 4273 servata
1132 4200 1493 4270 praefectura,
1540 4200 1856 4255 Lanvinum

237 4272 503 4343 praefecit
530 4272 805 4341 priorem.
834 4272 941 4325 Adi
968 4272 1295 4327 Comment.
1323 4286 1497 4340 praw.
1532 4286 1695 4323 num.
1726 4273 1852 4339 6‘23,

238 4345 365 4410 626,
390 4345 494 4397 645
517 4346 575 4396 et
595 4346 719 4397 716.

316 4414 459 4483 (145)
493 4412 641 4476 Quid
686 4412 1063 4468 verosimilius
1114 4410 1306 4481 phrasi
1337 4412 1443 4465 hac
1475 4409 1852 4482 signiﬁcetur,

237 4485 446 4539 videsis
472 4485 802 4538 Comment.
827 4500 1001 4554 praev.
1031 4499 1190 4535 num.
1224 4484 1347 4536 7'26.

312 4556 785 4626 (146)1ntegram
827 4550 965 4606 iidei
1018 4554 1484 4626 profcssionemt
1514 4568 1548 4626 a
1595 4550 1855 4626 Brunone

242 4620 418 4680 morti
448 4620 710 4695 proximo
761 4620 1052 4689 emissam,
1100 4640 1203 4677 nec
1235 4627 1427 4676 tamen
1472 4621 1624 4675 hisce
1666 4620 1853 4695 verbis

235 4691 634 4761 terminatam,
686 4695 746 4749 in
807 4696 1135 4749 Comment.
1189 4710 1360 4765 praev.
1397 4708 1558 4746 num.
1616 4696 1717 4746 727
1770 4691 1854 4744 in-

236 4766 364 4820 tuli.
772 4783 783 4791 ο

313 4837 463 4905 (147)
488 4837 606 4903 Hic,
650 4836 731 4890 uti
769 4836 944 4891 etiam
974 4835 1096 4889 aliis
1125 4834 1259 4889 locis
1309 4833 1622 4899 nonnullis,
1649 4849 1682 4886 a
1707 4830 1852 4886 Basi-

238 4907 429 4963 leensi‘
468 4908 601 4983 Vitae
652 4907 1131 4983 hujusheditione
1174 4905 1644 4983 (adi‘comment:
1674 4919 1845 4983 praav.

238 4995 403 5032 num.
432 4980 562 5046 734)
593 4974 854 5031 nonnihil
887 4978 1141 5031 dissonat
1184 4974 1478 5045 posterior
1520 4974 1851 5028 Parisiensis

238 5050 378 5104 anni
414 5051 585 5115 £524;
614 5050 763 5103 hanc
795 5053 1013 5113 autem,
1061 5047 1165 5101 etsi
1197 5063 1315 5100 non
1347 5046 1456 5110 hic,
1485 5046 1619 5099 alibi
1652 5048 1848 5115 tamen

238 5120 505 5185 subinde,
538 5114 670 5173 cum
701 5120 973 5175 lectiones
1003 5118 1273 5172 meliores
1298 5116 1548 5185 magisve
1588 5114 1848 5171 arriden-

237 5194 327 5245 tes
364 5184 619 5256 oﬂ'erret,
642 5206 771 5244 sum
802 5193 1044 5254 secutus,
1078 5188 1232 5259 quod
1280 5186 1601 5241 lucubratio
1655 5184 1850 5259 isthmc

239 5262 387 5340 tanti
409 5278 540 5340 _non
571 5262 663 5326 sit,
698 5264 758 5340 ut
786 5256 1127 5340 primast-rum
1148 5258 1279 5340 .ej‘us
1304 5261 1525 5340 textum
1555 5256 1848 5326 scrupulo—

241 5349 300 5387 se
329 5332 540 5404 ubique
570 5328 851 5404 exprimi,
876 5331 1124 5404 multum
1144 5328 1385 5404 intersit.

312 5400 466 5467 (148)
480 5400 756 5456 Nonnihil
782 5401 948 5455 aliter
975 5400 1223 5455 Matthaei
1252 5417 1346 5467 vn,
1381 5403 1449 5455 22
1478 5402 1536 5453 et
1561 5413 1680 5469 seq.

311 5472 751 5577 51:22am,

311 5538 843 5621 (150)Αδᾳηρῐριίιῐη
872 5541 1475 5621 ριιιηθνοβξζιιοιῃῖεῃι
1503 5538 1849 5621 Aquinatem

245 5609 401 5670 anno
438 5609 596 5682 {323,
633 5614 711 5668 uti
739 5613 893 5684 apud
928 5630 1030 5666 nos
1063 5613 1135 5667 ad
1163 5613 1317 5684 diem
1344 5617 1375 5667 7
1400 5609 1603 5684 Martii,
1636 5626 1750 5682 qua
1779 5609 1851 5684 de

248 5689 442 5743 sancto
471 5681 864 5743 illo'Ecclesias
915 5684 1150 5740 doctore
1193 5682 1435 5757 egimus,
1490 5681 1682 5739 videre
1741 5682 1846 5748 est,

676 5784 914 5845 Pauor“
947 5779 1101 5839 CLII.

1964 1873 2082 1923 stra
2100 1869 2310 1940 scripta
2335 1872 2469 1923 sunt
2499 1868 2559 1922 in
2586 1867 2740 1923 caelis
2771 1867 2935 1939 (149).
2970 1888 2998 1918 ››

2038 1960 2125 2012 61.
2153 1956 2307 2012 Multi
2344 1972 2478 2011 vero
2511 1973 2541 2010 e
2571 1955 2860 2033 contrario
2892 1955 3073 2011 sancti
3105 1961 3257 2026 sunt,
3289 1975 3323 2014 a
3368 1959 3577 2032 quibus

1965 2047 2123 2100 nulla
2154 2047 2238 2100 vel
2264 2061 2446 2116 pauca
2466 2045 2617 2099 facta
2640 2045 2913 2116 leguntur
2942 2044 3242 2114 miracula,
3266 2047 3579 2104 sicutcom-

1964 2136 2157 2206 plures
2172 2138 2475 2205 martyres,
2510 2133 2580 2187 de
2615 2148 2863 2205 quorum
2880 2132 3181 2189 sanctitate
3204 2137 3391 2190 nullus
3420 2136 3580 2192 dubi-

1965 2227 2068 2278 tat.
2091 2223 2426 2294 Complures
2449 2221 2624 2275 etiam
2663 2220 3038 2295 confessores,
3072 2222 3170 2292 qui
3192 2223 3266 2277 ad
3293 2223 3428 2278 ﬁdei
3456 2224 3586 2280 illu-

1965 2310 2350 2365 minationem
2368 2310 2553 2364 multa
2568 2308 3003 2381 scripserunt,in
3020 2309 3339 2366 eminentia
3366 2311 3579 2367 doctri-
3670 2376 3675 2383 l

1966 2416 2077 2467 nae,
2104 2398 2419 2453 sanctitatis
2449 2398 2857 2469 probationem
2886 2397 3186 2465 habentes,
3221 2401 3286 2452 ut
3318 2399 3583 2471 Augusti-

1964 2487 2409 2559 nus,Gregorius
2430 2489 2487 2540 et
2509 2484 2743 2539 similes.
2761 2485 2922 2540 Unde
2949 2500 3083 2539 cum
3113 2485 3173 2540 in
3200 2488 3585 2544 canonizatio-

1963 2594 2036 2632 ne
2069 2576 2247 2631 sancti
2269 2576 2506 2630 Thomm
2534 2573 2833 2646 Aquinatis
2888 2573 2958 2627 de
3004 2572 3295 2630 miraculis
3350 2593 3572 2648 quiera-

1962 2669 2113 2732 rent,
2146 2663 2445 2736 respondit
2468 2678 2618 2733 papa
2648 2678 2767 2717 non
2800 2678 2921 2716 esse
2952 2661 3024 2716 de
3055 2662 3136 2716 eis
3166 2662 3578 2735 inquirendum

1962 2754 2105 2807 Nam
2138 2755 2226 2807 tot
2257 2752 2537 2805 miracula
2565 2749 2724 2816 fecit,
2757 2752 2900 2821 quot
2928 2749 3275 2821 quaestiones
3298 2752 3576 2808 termina-

1961 2842 2039 2896 vit
2071 2841 2239 2913 (150).
2269 2841 2467 2893 Plures
2494 2837 2670 2909 igitur
2706 2838 2963 2904 fuerunt,
3003 2838 3101 2909 qui
3130 2838 3190 2892 in
3207 2855 3404 2894 eremo
3428 2840 3580 2895 vixe-

1963 2933 2101 2984 runt
2127 2929 2187 2982 in
2221 2927 2528 2998 asperitate
2558 2926 2687 2980 vita:
2719 2942 2753 2979 a
2782 2926 3217 2981 conversatione
3264 2927 3575 2985 hominum

1880 3029 1929 3090 ς,
1963 3017 2240 3088 elongati,
2273 3016 2332 3070 in
2347 3015 2621 3070 continua
2649 3029 2845 3085 pugna
2886 3017 3089 3068 contra
3128 3016 3478 3070 tentationes
3519 3021 3582 3072 et

1966 3106 2104 3161 vitia
2136 3106 2595 3176 perseverantes,
2637 3102 2849 3173 scipsos
2896 3102 3271 3173 abnegantes,
3324 3107 3577 3175 patrem,

1962 3198 2214 3250 matrem
2247 3196 2305 3248 et
2326 3190 2545 3259 omnia,
2574 3206 2702 3262 quas
2723 3189 3116 3259 possederant,
3144 3190 3559 3263 relinquentes,

1960 3299 2189 3338 crucem
2214 3298 2379 3336 suam
2433 3281 2749 3352 portantes,
2792 3281 2851 3333 et
2898 3276 3187 3333 Christum
3244 3282 3575 3352 sequentes,

1961 3372 2105 3427 sicut
2134 3371 2340 3426 Paulus
2372 3369 2593 3440 primus
2621 3366 2887 3433 eremita,
2916 3366 3074 3437 cujus
3105 3370 3369 3439 respectu
3388 3369 3569 3427 Anto-

1961 3462 2089 3516 nius
2115 3460 2195 3514 ait
2220 3476 2279 3514 se
2320 3459 2507 3513 solum
2551 3455 2823 3512 monachi
2879 3472 3079 3528 gerere
3124 3472 3362 3512 nomen.
3415 3456 3575 3515 Sicut

1962 3552 2019 3605 et
2047 3548 2337 3613 Arsenius,
2365 3546 2641 3613 Hilarion,
2674 3544 3009 3611 Macharius,
3032 3545 3279 3600 Eulalius
3311 3549 3369 3601 et
3397 3552 3568 3604 caste-

1960 3639 2010 3694 ri
2039 3639 2249 3710 plures.
2286 3636 2442 3690 Sicut
2472 3638 2528 3689 et
2558 3634 2650 3689 hic
2701 3635 2867 3703 pater
2893 3636 3090 3688 noster
3119 3634 3320 3689 beatus
3352 3636 3567 3706 Bruno,

1959 3727 2059 3799 qui
2112 3742 2231 3780 non
2285 3724 2477 3778 minus
2529 3722 2751 3776 caeteris
2807 3721 3004 3776 fecisse
3063 3722 3303 3780 videtur.
3352 3725 3570 3789 Quibus

1961 3814 2121 3871 omni
2172 3813 2379 3867 sufﬁcit
2430 3826 2534 3881 pro
2583 3810 2900 3864 sanctitatis
2955 3810 3289 3868 testimonio
3328 3813 3569 3869 verbum

1958 3901 2192 3959 Domini
2220 3898 2461 3956 dicentis
2490 3898 2550 3953 in
2579 3914 2828 3970 persona
2856 3897 3165 3967 Sapientiae
3199 3916 3214 3955 :

1956 4047 2206 4101 Joannes
2235 4043 2364 4097 XXII
2412 4055 2563 4112 papa
2587 4040 2877 4112 ascripsit;
2909 4039 3001 4093 hic
3054 4042 3248 4094 autem
3270 4040 3360 4112 ide
3392 4042 3566 4099 mira-

1958 4117 2117 4183 culis,
2151 4113 2366 4186 quaarS.
2380 4111 2647 4186 Thomas
2677 4111 3245 4186 patrassetmonesse
3264 4111 3563 4186 inquiren-

1959 4189 2119 4253 dum,
2153 4182 2307 4239 haud
2336 4182 2495 4248 dixit,
2529 4182 2622 4235 sed
2657 4186 2860 4236 contra
2885 4182 3319 4253 diligentissime
3346 4182 3433 4236 ~in
3494 4200 3565 4239 ea

1957 4259 2092 4312 fecit
2108 4252 2343 4327 inquiri.
2365 4252 2807 4327 Liquetqidutum
2835 4252 3247 4327 e_dictiASa‘ncti
3264 4254 3561 4327 canouiza-

1878 4313 1930 4372 D
1956 4329 2128 4384 tionis
2154 4313 2328 4392 bium,
2355 4313 2534 4379 toni.l
2557 4323 2786 4377 Bullarii
2807 4340 2840 4376 a
2860 4323 3085 4377 Laertio
3110 4323 3436 4379 Cherubin
3468 4326 3556 4379 in-

1954 4404 2126 4463 serta,
2152 4401 2271 4451 tum
2298 4413 2361 4449 ex
2390 4411 2637 4465 processu
2674 4394 3027 4465 inquisitionis
3050 4394 3212 4462 factae
3241 4412 3396 4465 super
3424 4397 3554 4462 vita,

1954 4469 2349 4524 conversatione
2377 4464 2427 4519 et
2464 4465 2735 4518 miraculis
2763 4464 2915 4516 recol.
2960 4481 3115 4517 mem.
3146 4466 3223 4534 fr.
3256 4464 3474 4520 Thomze
3494 4467 3561 4522 de

1954 4543 2204 4621 Aquino;
2241 4538 2312 4591 ad
2340 4539 2643 4621 primatum
2668 4534 3063 4621 'I-Martiidiem
3086 4535 3365 4621 ixinqperis
3378 4538 3557 4592 nostri

1953 4606 2463 4693 primum‘mehsis
2492 4606 2909 4693 hujus'tomum
2942 4621 3089 4693 pag‘.
3291 4611 3347 4686 et
3392 4625 3554 4679 seqq.

1952 4675 2130 4737 illato.
2160 4680 2246 4733 Ad
2276 4680 2395 4732 hinc
2410 4677 2513 4730 etsi
2539 4675 3306 4747 quidem,quemadmodum
3330 4677 3384 4730 in
3419 4675 3557 4733 εόῐῖ-
3590 4696 3597 4701 ’

1951 4754 2161 4823 scripta
2186 4768 2219 4803 a
2247 4767 2305 4823 se
2329 4750 2383 4802 S.
2406 4746 2641 4823 Thomas
2667 4746 2965 4817 Aquinatis
2983 4746 3132 4823 Vita“,
3160 4747 3347 4823 eidem
3374 4749 3554 4823 Martii

1952 4817 2113 4879 tonio
2140 4821 2293 4891 apud
2320 4837 2423 4872 nos
2454 4819 2690 4891 intexta,
2754 4833 2915 4870 num.
2976 4820 3034 4891 8_l
3092 4817 3422 4891 Guilielmus
3484 4820 3555 4874 de

1948 4888 2363 4959 Thoco,auctor
2384 4888 3067 4959 synchrouus,memoriaa
3086 4888 3556 4959 prodit,Joannes

1952 4983 2101 5045 papa
2126 4957 2633 5045 Domi’qica—norum
2664 4958 2968 5045 deputatis,
3001 4958 3112 5045 qui.
3128 4957 3202 5011 ad
3231 4960 3552 5045 eum,utin-

1951 5027 2102 5108 quiri
2133 5036 2188 5088 in
2211 5032 2521 5108 S.’l‘homze
2548 5027 2834 5108 miracula
2875 5027 3551 5108 apostolicaaucto‘ritate

1941 5097 2554 5178 juberct,postulatum
2568 5102 2864 5178 veneriam,
2884 5097 3063 5178 divino
3094 5098 3317 5178 tif/latus
3336 5097 3552 5169 Spiritu

1951 5168 2329 5243 dixerit,sese
2346 5172 2579 5243 credere
2618 5170 2688 5243 S._
2715 5170 2949 5243 Thomas
2979 5168 3433 5243 doctrinamnon
3449 5187 3554 5243 po-

1949 5249 2121 5304 tuisse
2153 5237 2273 5301 esse
2303 5244 2426 5297 sine
2456 5239 2990 5309 miraculo,aliaque
3013 5237 3222 5293 deinde
3253 5237 3553 5308 nonnulla,

1951 5336 2078 5392 qua:
2117 5319 2265 5372 hanc
2297 5314 2617 5392 plurimum
2657 5308 3094 5392 commendant,
3126 5309 3187 5392 in
3216 5311 3555 5368 consistorio

1951 5379 2147 5446 coram
2179 5379 2573 5453 cardinalibus
2613 5380 2934 5453 protulerit,
2980 5379 3143 5432 illum
3175 5383 3392 5453 tamen,
3426 5399 3554 5453 qua:

1950 5463 2042 5518 hic
2073 5462 2357 5515 Puteanus
2414 5449 2630 5517 scribit;
2661 5451 2730 5504 de
2761 5449 2819 5504 S.
2848 5450 3071 5504 Thoma
3099 5450 3420 5518 asseruisse,
3444 5449 3557 5507 hu-

1958 5526 2453 5607 spiam‘illVClliOi‘
2494 5539 2678 5604 neque
2727 5537 2861 5603 vero
2894 5537 2946 5607 Ia
2990 5520 3259 5607 pontifice
3301 5521 3420 5607 illo,
3469 5527 3557 5579 tot

1951 5592 2105 5661 bimo
2131 5602 2405 5657 Sanctum
2424 5592 2625 5651 fecisse
2669 5592 2967 5657 miracula,
3020 5595 3162 5663 quot
3212 5595 3558 5663 quaestiones

1951 5673 2336 5739 terminasset,
2371 5668 2588 5724 dictum
2610 5664 2803 5736 fuisse,
2832 5666 2920 5720 sat
2948 5663 3274 5721 verosimiie
3295 5667 3554 5724 autumo.

3136 5764 3209 5837 ῃ
