4014 6030
493 269 594 330 523

1311 267 1368 328 S.
1422 269 1767 328 BRUNONIS
1814 266 2447 325 CARTHUSIANORUM
2485 265 2952 326 lNSTITUTORlS

3707 265 3821 326 524

493 422 522 452 ι(
572 397 680 465 Qui
742 396 1034 454 elucidant
1087 413 1182 452 me
1228 396 1408 452 vitam
1457 400 1738 451 aeternam
1802 395 2099 450 habebunt
2118 393 2542 462 Aconveniens
2573 393 2840 450 Ofﬁcium
2883 393 2945 450 in
2984 394 3268 450 honorem
3321 392 3495 467 ipsius
3525 391 3722 466 agitur
3757 396 3821 448 et

561 493 654 543 ill.
691 511 719 537 ››

561 493 572 506 ,
642 530 654 543 ,
691 511 719 537 υ

490 493 654 634 “big.
713 579 780 632 Et
839 577 1050 630 iterum
1121 576 1190 630 de
1241 575 1447 630 eadem
1496 572 1778 644 sapientia
1830 575 2094 644 loquens,

491 690 519 719 ‹‹
547 683 720 738 supra
750 665 1014 730 salutem,
1047 663 1254 735 inquit,
1285 667 1341 717 et
1367 663 1614 734 speciem
1655 661 1825 715 dilexi
1859 661 2036 716 illam:
2063 682 2092 710 »

490 761 548 813 et
579 754 849 829 proposui
876 770 980 824 pro
1027 753 1151 806 luce
1209 753 1425 806 habere
1456 753 1638 816 illam,
1672 767 1846 822 quam
1878 751 2002 804 sine
2034 751 2097 804 ﬁ-

493 846 683 900 ctione
713 841 905 907 didici,
940 846 995 894 et
1025 841 1145 895 sine
1173 840 1384 894 invidia
1410 839 1798 907 communico,
1833 843 1890 893 ct
1910 839 2092 894 hone-

490 937 698 988 statem
729 931 878 986 illius
903 947 1018 984 non
1050 928 1341 983 abscondi.
1375 929 1637 1005 Inlinitus
1671 928 1826 982 enim
1858 931 1942 981 est
1968 928 2091 982 the-

489 1037 690 1076 saurus
715 1020 856 1090 ejus,
885 1034 998 1090 quo
1029 1017 1125 1089 qui
1149 1017 1232 1070 usi
1262 1020 1415 1082 sunt,
1464 1016 1769 1088 participes
1801 1015 1932 1069 facti
1961 1017 2095 1069 sunt

489 1109 756 1166 amicitiae
814 1106 936 1172 Dei,
972 1109 1209 1176 propter
1257 1105 1570 1176 disciplinae
1604 1105 1757 1159 dona
1796 1121 2092 1157 commen-

487 1198 606 1252 dati
636 1199 806 1259 (152).
862 1197 928 1249 Et
968 1195 1028 1248 in
1073 1195 1402 1264 Evangelio,
1462 1211 1595 1248 cum
1628 1194 1859 1248 dixisset
1889 1192 2090 1248 Simon

487 1289 687 1342 Petrus
714 1284 787 1339 ad
819 1283 1136 1338 Christum:
1157 1283 1336 1336 «Ecce
1375 1299 1480 1336 nos
1500 1281 1837 1352 reliquimus
1870 1281 2086 1334 omnia.

485 1379 543 1430 et
572 1373 747 1429 secuti
779 1389 976 1427 sumus
996 1373 1074 1438 te,
1104 1371 1240 1442 quid
1264 1388 1402 1442 ergo
1429 1371 1537 1425 erit
1561 1369 1768 1424 nobis?
1792 1370 2088 1440 nRespon-

485 1465 569 1519 dit
602 1481 615 1518 :
650 1485 678 1512 «
723 1461 944 1526 Omnis,
978 1461 1074 1531 qui
1123 1460 1420 1532 reliquerit
1446 1460 1710 1525 domum,
1743 1460 1830 1512 vel
1861 1460 2086 1524 fratres,

480 1555 569 1607 vel
598 1554 946 1617 sorores,aut
959 1552 1205 1622 patrem,
1223 1553 1320 1602 aut
1333 1553 1706 1615 matrem,aut
1726 1551 2089 1614 uxorem,aut

483 1642 650 1708 filios,
681 1645 780 1695 aut
799 1656 968 1712 agros
984 1643 1222 1710 propter
1242 1655 1458 1694 nomen
1495 1656 1714 1704 meum,
1753 1639 2086 1708 centuplum

2197 483 2553 549 decantetur,
2583 486 2640 538 et
2662 487 2723 539 ut
2753 485 2823 539 de
2851 501 2918 540 eo
2951 484 3151 539 diebus
3181 483 3419 556 singulis
3443 499 3815 539 commemo-

2197 573 2486 627 rationem
2516 573 2708 628 facere
2731 573 3041 628 valeamus.
3096 573 3256 628 Idem
3317 573 3493 628 etiam
3544 571 3816 644 pontifex

2197 661 2440 716 domum
2464 661 2802 732 praedictam
2829 661 3008 716 sancti
3040 660 3534 732 Stephani,quam
3562 661 3656 730 (ut
3675 660 3814 731 jam

2194 766 2346 821 saepe
2371 750 2590 805 dictum
2611 751 3125 816 est)beatusBruno
3155 754 3320 823 pater
3351 754 3546 805 noster
3575 749 3636 805 in
3665 749 3810 808 ﬁni-

2195 839 2301 894 bus
2331 840 2606 895 Calabrize
2651 843 2780 912 post
2809 845 3060 896 erectam
3083 841 3240 912 prius
3265 857 3368 913 per
3397 857 3532 896 eum
3565 839 3814 896 Cartha-

2193 925 2336 980 siam
2363 928 2723 996 fundaverat,
2752 933 2810 984 et
2839 929 2897 984 in
2928 946 3042 1001 qua
3070 945 3276 1000 corpus
3331 929 3455 1000 ejus
3501 927 3812 983 conditum

2187 1014 2343 1085 jacet
2369 1019 2532 1083 (158),
2561 1033 2664 1088 per
2694 1019 3011 1073 monachos
3039 1019 3272 1073 alterius
3328 1017 3549 1073 ordinis
3603 1016 3811 1072 multis

2194 1103 2360 1157 annis
2391 1109 2750 1174 occupatam,
2801 1106 2988 1160 ordini
3031 1111 3224 1161 nostro
3258 1105 3525 1171 restituit,
3585 1109 3646 1160 et
3693 1105 3806 1159 sub

2192 1209 2329 1245 cura
2348 1193 2512 1262 juxta
2543 1195 2742 1262 ritum,
2777 1212 2968 1249 mores
2984 1213 3047 1250 ac
3064 1195 3352 1266 regularia
3375 1194 3801 1264 institutaejus-

2194 1279 2327 1333 dem
2359 1281 2541 1335 nostri
2581 1282 2797 1336 ordinis
2856 1283 3175 1354 regendam
3233 1287 3288 1338 et
3350 1281 3804 1354 gubernandum

2191 1369 2500 1435 commisit,
2559 1374 2732 1440 prout
2759 1371 2818 1425 in
2849 1371 3094 1442 desuper
3122 1370 3396 1426 confectis
3427 1371 3636 1426 litteris
3663 1387 3807 1441 apo-

2189 1456 2399 1510 stolicis
2424 1457 2754 1512 continetur
2777 1460 2950 1527 (159).

2260 1545 2349 1598 64.
2381 1546 2744 1602 Gaudeamus
2771 1548 2962 1619 itaque
2996 1564 3220 1615 omnes,
3251 1548 3364 1604 mei
3415 1545 3801 1614 dilectissimi,

2189 1632 2544 1702 gaudeamus
2568 1651 2770 1690 omnes
2801 1635 2860 1690 in
2893 1635 3162 1704 Domino,
3196 1636 3350 1692 diem
3399 1636 3612 1692 festum
3644 1637 3804 1691 cele-

481 1729 722 1800 accipiet
750 1731 808 1782 et
856 1727 1031 1781 vitam
1083 1729 1363 1781 aeternam
1394 1726 1706 1797 possidebit
1743 1727 1908 1797 (153).
1939 1745 1970 1777 ››
2021 1726 2161 1791 EtB
2190 1720 2424 1776 brantes
2461 1723 2565 1778 sub
2605 1723 2828 1779 honore
2877 1725 3028 1782 beati
3075 1726 3256 1780 Patris
3294 1725 3475 1780 nostri
3510 1723 3802 1780 Brunonis

479 1817 688 1873 iterum
718 1816 792 1870 ad
822 1815 1127 1886 discipulos
1157 1831 1287 1868 suos
1311 1815 1568 1868 :«Amen
1603 1814 1728 1868 dico
1764 1813 1922 1868 vobis
1953 1813 2088 1884 quia

477 1925 595 1973 vos,
630 1903 920 1978 quisecuti
950 1903 1081 1958 estis
1112 1921 1226 1968 me,
1262 1903 1319 1956 in
1365 1903 1808 1974 regeneratione
1839 1921 1971 1958 cum
2003 1921 2086 1957 se-

475 1997 625 2052 derit
655 1994 826 2050 Filius
855 1991 1108 2046 hominis
1131 1992 1188 2046 in
1225 1991 1359 2046 sede
1389 1992 1706 2063 majestatis
1745 2009 1880 2057 sum,
1929 1993 2088 2047 sede-

473 2085 608 2140 bitis
629 2087 685 2138 et
715 2099 814 2137 vos
837 2097 1008 2152 super
1033 2080 1196 2134 sedes
1223 2080 1552 2146 duodecim,
1589 2080 1916 2148 judicantes
1949 2080 2086 2134 duo-

473 2171 660 2228 decim
693 2171 874 2225 tribus
899 2170 1069 2223 Israel
1101 2169 1310 2239 (15-1).››
1355 2169 1421 2222 Et
1452 2168 1524 2222 ad
1554 2169 1980 2222 adolescentem
2011 2169 2083 2223 de

471 2261 585 2316 vita
617 2263 832 2314 arterna
891 2258 1347 2328 interrogantem
1406 2257 1485 2310 ait
1517 2273 1530 2310 :
1562 2279 1590 2305 ‹‹
1615 2257 1672 2310 Si
1699 2257 1776 2310 vis
1797 2258 2082 2327 perfectus

473 2366 615 2418 esse,
642 2348 786 2403 vade
817 2350 875 2402 et
903 2346 1088 2400 vende
1121 2344 1338 2411 omnia,
1375 2362 1503 2416 quas
1534 2345 1732 2412 habes,
1767 2348 1821 2398 et
1841 2345 1914 2399 da
1946 2362 2082 2416 pau-

469 2439 721 2512 peribus,
744 2441 801 2492 et
821 2436 970 2503 veni,
996 2451 1234 2507 sequere
1268 2451 1384 2501 me,
1415 2434 1723 2488 ethabebis
1741 2434 2079 2490 thesaurum

470 2527 531 2582 in
558 2528 698 2583 coelo
731 2526 898 2596 (155).
934 2545 961 2572 ››

539 2618 627 2671 63.
664 2614 757 2669 His
788 2614 980 2684 itaque
1004 2611 1136 2667 solis
1163 2611 1480 2667 sanctitatis
1511 2611 1691 2683 patris
1719 2611 1900 2666 nostri
1936 2613 2076 2667 Bru-

469 2705 637 2761 nonis
671 2701 1013 2758 testimoniis
1041 2700 1434 2757 sanctissimus
1463 2716 1614 2772 papa
1638 2706 1854 2767 noster,
1897 2700 2080 2756 domi-

463 2811 570 2848 nus
623 2793 735 2848 Leo
781 2791 1037 2845 decimus
1102 2790 1210 2844 hoc
1267 2792 1529 2860 tempore
1595 2789 1851 2860 pontifex
1913 2789 2078 2844 Maxi-

463 2899 592 2939 mus
622 2880 784 2951 (156),
844 2881 966 2934 sine
1013 2879 1205 2950 aliqua
1260 2878 1673 2934 miraculorum
1707 2878 2077 2950 inquisitione

462 2971 789 3036 contentus,
822 2967 1063 3038 dignum
1096 2966 1406 3020 arbitratus
1441 2969 1526 3020 est
1548 2969 1606 3021 et
1631 2965 1840 3020 rationi
1872 2982 2067 3022 conso-

461 3073 626 3124 num,
660 3073 794 3111 eum
823 3072 995 3127 quem
1023 3056 1171 3108 Deus
1209 3054 1384 3108 tantis
1412 3054 1469 3108 in
1501 3055 1610 3110 hoc
1658 3055 1865 3110 saeculo
1909 3054 2075 3110 donis

459 3146 755 3218 insignivit
775 3149 833 3200 et
852 3144 1069 3216 gratiis,
1103 3159 1256 3198 nunc
1285 3147 1643 3215 assumptum
1662 3143 1721 3198 in
1749 3145 1919 3199 caelos
1949 3161 2073 3198 ma-

456 3235 628 3289 ximis
659 3232 1021 3290 efferendum
1053 3230 1377 3302 praaconiis,
1398 3233 1461 3284 ut
1482 3230 1570 3284 cui
1599 3231 1808 3286 viventi
1835 3232 2076 3287 dederat

462 3323 850 3394 Omnipotens
879 3336 979 3375 cor
1011 3319 1084 3374 ad
1117 3320 1746 3391 praeceptumetlegem
1770 3320 1897 3374 vita:
1913 3323 1970 3375 et
1987 3320 2073 3376 di-

461 3410 738 3482 sciplinae,
763 3408 952 3462 eidem
981 3423 1155 3474 nunc,
1180 3407 1332 3478 apud
1355 3408 1631 3463 thronum
1663 3408 1869 3463 divina:
1891 3409 2076 3480 gloria

461 3497 797 3570 quiescenti,
839 3495 1047 3550 debitas
1069 3494 1387 3550 devotionis
1416 3496 1754 3567 obsequium
1774 3497 2074 3570 impenda-

460 3591 556 3642 tur
585 3586 643 3640 in
676 3583 860 3639 terris.
890 3585 956 3638 Et
987 3586 1296 3654 propterea
1325 3583 1503 3638 voluit
1534 3585 1689 3639 idem
1707 3587 1983 3657 pontifex,
2017 3590 2075 3642 et

460 3675 630 3732 nobis
670 3677 727 3728 et
748 3672 938 3728 ordini
971 3676 1166 3727 nostro
1212 3672 1524 3744 apostolica
1564 3673 1902 3729 auctoritate
1933 3693 2070 3730 con-

459 3765 648 3831 cessit,
674 3763 821 3817 utin
851 3761 1086 3832 singulis
1120 3760 1386 3815 domibus
1430 3761 1603 3816 totius
1645 3763 1823 3817 nostri
1857 3765 2073 3820 ardinis

463 3857 521 3908 et
551 3869 753 3908 earum
781 3849 1030 3905 ecclesiis
1049 3866 1148 3903 seu
1179 3849 1409 3920 capellis
1437 3849 1645 3904 festum
1679 3853 1937 3921 ejusdem
1970 3869 2070 3923 pa-

461 3942 565 3997 tris
596 3939 777 3994 nostri
822 3938 1106 3993 Brunonis
1154 3938 1492 3992 confessoris
1517 3939 1684 3992 annis
1711 3939 1947 4010 singulis
1978 3940 2070 3994 die

462 4031 620 4082 sexta
647 4026 858 4080 mensis
891 4024 1168 4090 Octobris,
1206 4041 1320 4094 qua
1355 4024 1446 4078 die
1475 4024 1571 4078 illa
1597 4025 1718 4094 ejus
1749 4026 1917 4080 beata
1947 4027 2069 4081 ani-

469 4131 582 4180 ma,
607 4112 795 4167 carnis
823 4111 1058 4165 vinculis
1097 4115 1288 4176 exuta,
1341 4111 1413 4164 ad
1463 4113 1714 4166 cmlestia
1745 4119 1927 4183 regna
1959 4116 2068 4170 mi-

464 4201 670 4273 gravit,
712 4199 1047 4255 solemniter
1097 4199 1316 4252 colatur
1364 4199 1536 4268 (157),
1601 4204 1658 4254 et
1693 4217 1948 4272 congrua
2005 4219 2071 4257 ac

2189 1807 2258 1862 de
2291 1811 2450 1881 cujus
2481 1812 2844 1868 solemnitate
2882 1813 3140 1884 gaudent
3160 1814 3348 1885 angeli
3379 1817 3437 1868 et
3465 1813 3802 1868 Collaudant

2188 1896 2390 1953 Filium
2420 1901 2540 1956 Dei.
2573 1901 2701 1957 Haec
2745 1919 2999 1973 namque
3038 1905 3122 1956 est
3153 1902 3272 1956 dies
3302 1903 3418 1969 illa,
3453 1919 3630 1974 quam
3661 1900 3802 1955 fecit

2187 1987 2485 2044 Dominus.
2516 1988 2662 2057 Dies,
2727 1991 2989 2062 inquam,
3026 1991 3142 2058 illa,
3184 2009 3311 2064 quae
3363 1994 3436 2046 ab
3469 1991 3692 2061 angelis
3735 1989 3798 2045 in

2188 2077 2342 2131 ccelis
2376 2079 2675 2146 continua,
2702 2096 2736 2133 a
2767 2080 2932 2134 nobis
2965 2097 3095 2134 vero
3147 2081 3207 2134 in
3239 2080 3404 2136 terris
3433 2081 3506 2134 ad
3541 2080 3638 2134 Dei
3667 2081 3795 2134 lau-

2186 2164 2319 2220 dem
2338 2170 2396 2220 et
2425 2169 2570 2222 tanti
2611 2168 2790 2224 Patris
2807 2168 3154 2223 memoriam
3171 2185 3366 2224 annua
3382 2169 3688 2224 devotione
3709 2185 3794 2224 re-

2183 2255 2408 2310 colitur.
2473 2257 2832 2312 Exsultemus
2863 2257 3038 2327 igitur
3084 2262 3142 2312 et
3171 2259 3437 2314 lmtemur
3483 2258 3544 2314 in
3586 2275 3672 2324 ea,
3735 2260 3799 2314 et

2184 2344 2572 2414 omnipotenti
2631 2347 2771 2412 Deo,
2827 2346 2924 2420 qui
2981 2361 3086 2416 per
3125 2363 3288 2402 suam
3333 2345 3793 2405 misericordiam

2181 2433 2354 2504 hujus
2374 2438 2585 2489 nostra:
2618 2435 2836 2490 militiae
2870 2435 3076 2490 ducem
3132 2439 3191 2490 et
3247 2435 3567 2507 principem
3616 2435 3796 2491 tantis

2183 2539 2247 2577 ac
2274 2523 2482 2578 talibus
2514 2523 2680 2579 donis
2710 2528 2768 2579 et
2796 2524 2994 2596 gratiis
3022 2525 3302 2595 praevenit
3347 2523 3406 2579 in
3433 2525 3542 2591 via,
3570 2528 3629 2580 et
3658 2528 3794 2584 tan-

2181 2611 2254 2666 tis
2279 2611 2510 2667 dotibus
2535 2629 2600 2668 ac
2629 2616 2792 2668 tanta
2823 2613 3008 2683 gloria
3052 2613 3263 2670 deinde
3307 2614 3700 2670 remuneravit
3729 2614 3793 2670 in

2180 2700 2386 2774 patria,
2409 2701 2634 2773 dignas,
2668 2718 2810 2774 quas
2857 2719 3180 2773 possumus,
3217 2702 3418 2758 laudus
3461 2706 3520 2757 et
3573 2703 3792 2774 gratias

2177 2789 2478 2844 humiliter
2509 2790 2848 2857 referamus,
2875 2794 2934 2844 et
2961 2791 3220 2861 ejusdem
3252 2790 3434 2846 sancti
3465 2791 3674 2846 merita
3700 2791 3792 2846 di-

2179 2878 2306 2949 gnis
2336 2878 2645 2933 efferamus
2672 2879 2908 2933 laudum
2925 2879 3610 2950 praeconiisPrmceptum
3627 2879 3789 2936 enim

2176 2965 2458 3021 habemus
2490 2967 2559 3022 de
2590 2967 2947 3022 honoraudis
2967 2968 3320 3038 parentibus,
3349 2968 3564 3024 nedum
3587 2983 3792 3023 carna-

2176 3054 2344 3122 libus,
2373 3056 2473 3110 sed
2505 3058 2562 3110 et
2591 3058 2755 3110 tanto
2787 3055 2974 3128 magis
3001 3057 3110 3123 his,
3142 3057 3238 3128 qui
3302 3073 3408 3112 nos
3459 3056 3517 3111 in
3557 3056 3787 3112 Christo

2176 3147 2526 3214 genuerunt,
2559 3143 2966 3214 spiritualibus.
3011 3146 3172 3200 Unde
3215 3145 3492 3216 scriptum
3521 3148 3607 3202 est
3650 3145 3790 3218 quia

2175 3231 2363 3302 gloria
2390 3230 2643 3286 hominis
2663 3248 2732 3286 ex
2760 3232 2982 3287 honore
3017 3231 3194 3304 patris
3214 3232 3300 3288 sui
3324 3237 3431 3301 est,
3453 3236 3511 3287 et
3539 3233 3788 3289 dedecus

2174 3319 2275 3374 ﬁlii
2305 3323 2470 3390 pater
2495 3319 2617 3374 sine
2640 3320 2894 3388 honore;
2956 3325 3015 3376 et
3065 3321 3220 3394 quia,
3259 3322 3357 3393 qui
3403 3321 3654 3378 honorat
3689 3338 3791 3394 pa-

2174 3409 2324 3462 trem
2353 3425 2542 3475 suum,
2570 3409 2685 3464 vita
2713 3409 2862 3463 vivet
2886 3409 3158 3481 longiori,
3190 3413 3248 3466 et
3264 3409 3676 3482 jucundabitur
3725 3411 3787 3466 in

2173 3495 2325 3563 ﬁliis,
2359 3500 2417 3552 et
2446 3496 2507 3551 in
2539 3497 2630 3552 die
2653 3497 2928 3552 orationis
2960 3515 3075 3554 suae
3107 3497 3464 3565 exaudietur,
3507 3500 3564 3552 et
3583 3515 3787 3571 super-

2172 3585 2363 3640 veniet
2389 3585 2440 3640 ei
2469 3585 2794 3642 benedictio
2822 3604 2856 3640 a
2903 3587 3041 3654 Deo,
3073 3590 3131 3642 et
3156 3586 3480 3642 benedictio
3523 3586 3671 3642 illius
3725 3587 3786 3643 in

2174 3674 2484 3730 novissimo
2511 3678 2710 3730 manet
2743 3679 2914 3741 (160).

2245 3766 2333 3816 65.
2367 3766 2621 3834 Agamus
2665 3765 2899 3835 insuper
2929 3767 3045 3820 Deo
3067 3765 3264 3820 laudes
3295 3768 3351 3820 et
3382 3765 3619 3836 gratias,
3665 3766 3790 3838 qui,

2173 3850 2316 3906 sicut
2347 3856 2475 3924 post
2498 3853 2952 3924 quadringentos
2985 3858 3042 3908 et
3066 3853 3306 3925 triginta
3326 3871 3510 3909 annos
3535 3871 3570 3908 a
3592 3870 3792 3925 repro-

2171 3940 2444 3995 missione
2471 3941 2622 3996 facta
2666 3943 2932 4010 Abrahae,
2986 3943 3132 3997 filios
3163 3944 3332 3998 Israel
3391 3958 3494 4013 per
3543 3960 3788 3999 manum

2170 4029 2341 4100 Moysi
2389 4030 2459 4084 de
2513 4031 2782 4084 servitute
2812 4031 3210 4102 .rEgyptiarum
3275 4031 3556 4098 liberavit,
3613 4031 3693 4086 ita
3733 4038 3792 4088 et

2172 4135 2324 4172 nunc
2355 4121 2483 4190 post
2537 4119 2781 4174 totidem
2835 4137 3036 4186 annos,
3107 4119 3520 4192 quadragintos
3573 4119 3792 4176 scilicet

2172 4209 2230 4260 et
2261 4205 2519 4276 triginta,
2560 4207 2712 4262 hunc
2742 4208 2974 4262 Patrem
2990 4212 3274 4274 nostrum,
3301 4211 3360 4262 et
3377 4223 3481 4278 per
3509 4225 3642 4262 eum
3660 4209 3792 4264 fun-

465 4289 661 4346 debita
690 4287 991 4342 devotione
1013 4287 1353 4353 celebretur,
1377 4287 1611 4359 ejusque
1633 4305 1838 4361 corpus
1869 4294 1924 4344 et
1949 4308 2070 4345 me-
2092 4275 2146 4334 D
2173 4275 2369 4348 datam
2385 4294 2962 4366 domumprmdictam
2976 4275 3444 4367 sanctiStephani
3458 4313 3562 4368 per
3579 4314 3792 4352 manus

466 4377 654 4433 moria
691 4376 880 4448 dignis
927 4375 986 4429 in
1013 4375 1260 4430 Domino
1322 4375 1586 4431 laudibus
1637 4383 1962 4448 veneretur,
2015 4384 2074 4435 et

540 4519 686 4582 (151)
715 4516 1084 4571 Ecclesiastici
1117 4533 1263 4581 xxxv,
1298 4520 1383 4571 31.

544 4591 691 4660 (152)
721 4587 1027 4660 Sapientiae.
1055 4603 1148 4652 vn,
1184 4591 1266 4655 10,
1306 4589 1488 4642 13-14.

542 4659 684 4723 (153)
715 4659 959 4713 Μειιὶὴωὶ
985 4675 1092 4724 xix,
1128 4661 1214 4712 29.

541 4732 687 4798 1154)
717 4729 882 4793 lbid.,
905 4733 971 4782 ‘27
1001 4732 1057 4783 et
1089 4745 1206 4799 seq.

541 4805 683 4871 (155)
710 4802 793 4854 Ita
823 4801 942 4853 fere
982 4800 1155 4853 etiam
1191 4799 1351 4871 ibid.,
1385 4803 1471 4854 21.

537 4869 686 4938 (156)
720 4871 955 4941 Scripsit
1005 4871 1151 4923 hanc
1201 4869 1394 4924 Sancti
1435 4871 1611 4925 nostri
1659 4871 1845 4928 Vitam
1874 4877 2072 4932 Putea-

464 4961 568 4997 nus
592 4960 746 4997 auno
779 4941 1005 4996 circiter
1035 4943 1167 4995 1515
1203 4959 1217 5008 ;
1270 4941 1380 4994 Leo
1432 4946 1626 4996 autem
1666 4944 1726 5010 Χ,
1781 4946 1852 4998 ab
1913 4964 2068 5003 anno

464 5017 600 5068 1513
631 5013 704 5066 ad
737 5029 955 5066 annum
989 5028 1165 5083 usque
1222 5015 1348 5066 1521
1410 5011 1467 5067 8.
1517 5014 1667 5068 Petri
1729 5017 2068 5074 cathedram

458 5084 773 5140 occupavit.

529 5102 594 5139 cu
641 5102 773 5137 avu.

529 5102 672 5224 (16%)
701 5154 841 5208 Cum
871 5153 981 5208 Leo
1013 5154 1055 5225 Χ
1082 5169 1232 5225 papa
1261 5156 1521 5225 sanctum
1547 5159 1806 5211 nostrum
1830 5159 2066 5214 canoni-

453 5223 682 5301 zatione
701 5241 805 5278 nec
829 5223 1097 5301 formati,
1117 5224 1652 5301 necarquipollenti,
1679 5245 1806 5301 quae
1825 5232 2064 5301 utraque

451 5297 640 5349 cultus
657 5299 1006 5364 praeceptum
1030 5295 1104 5347 im
1115 5297 1325 5368 portat,
1361 5296 1569 5368 sanctis
1596 5295 1939 5368 ascripserit,
1963 5295 2063 5356 sed

453 5369 707 5438 tantum,
743 5368 802 5438 ut
845 5365 1482 5438 commentariipraevii
1511 5371 1538 5433 ἓ
1564 5365 1766 5422 ultimo
1801 5371 2058 5438 probavi,

2171 4382 2385 4436 summi
2435 4383 2800 4454 legislatoris,
2835 4383 3085 4439 Romani
3134 4385 3440 4457 pontiﬁcis,
3487 4385 3697 4440 Christi
3727 4386 3788 4441 in

2171 4543 2300 4616 §_46
2333 4541 2500 4610 datis,
2535 4543 3345 4614 exprimitur,permissionem
3358 4544 3528 4612 facta,
3561 4544 3791 4616 biogra-

2171 4613 2319 4682 phus
2358 4619 2572 4686 noster,
2607 4613 2734 4686 quas
2775 4613 3006 4686 veritati
3031 4619 3294 4670 accurate
3327 4613 3788 4682 consonent,'hic

2171 4685 2538 4757 nonscribit,
2560 4685 2605 4739 si
2629 4685 2741 4756 iper
2784 4685 3060 4756 praeteriti
3104 4686 3382 4757 temporis
3411 4686 3655 4741 verbum
3697 4705 3791 4741 vo-

2172 4754 2270 4838 luit
2300 4754 2454 4836 idem
2481 4757 2586 4838 hic_
2605 4754 2909 4838 intelligat,
2943 4757 3100 4838 quod
3125 4754 3537 4828 per‘prarteriti
3578 4757 3786 4812 itidem

2171 4827 2450 4896 temporis
2472 4827 2712 4882 verbum
2737 4827 2993 4897 infans-ii.

2241 4914 2573 4987 (l58)ltiodo
2606 4916 2844 4987 quidem
2876 4933 3101 4970 sacrum
3133 4917 3310 4971 sancti
3334 4932 3539 4987 corpus
3561 4916 3618 4970 in
3648 4917 3792 4972 Tur-

2169 4983 2359 5040 ritana
2391 4984 2447 5058 S.
2476 4983 3017 5058 Stephaniecclesia
3048 4987 3365 5058 honorifice
3405 4983 3731 5042 asservatur
3769 5008 3784 5058 ;

2167 5071 2366 5110 verum
2399 5056 2458 5110 in
2491 5056 2731 5112 ecClesia
2756 5057 2813 5113 S.
2843 5059 3028 5113 Mariae
3058 5057 3438 5113 verosimilius
3461 5061 3632 5112 terra:
3667 5056 3788 5115 fuit

2167 5126 2530 5206 mandatum.
2562 5129 2669 5182 Adi
2696 5129 3022 5184 Comment.
3051 5145 3226 5200 praev.
3244 5145 3406 5184 num.
3429 5131 3524 5184 731
3563 5132 3622 5184 et
3651 5130 3783 5185 bin-

2167 5213 2256 5250 ms
2276 5214 2434 5270 seqq.

2239 5289 2390 5369 (1.3.59)
2421 5287 3015 5369 Bulla‘mseuditteras
3040 5288 3400 5369 apostolicas,
3428 5287 3634 5359 quibus
3669 5289 3782 5369 hoc

2160 5357 2418 5432 pontifex
2451 5358 2544 5412 ille
2567 5359 2721 5432 fecit,
2756 5357 3173 5432 Commentarii
3206 5359 3402 5432 prmvii
3443 5357 3609 5412 ilum.
3673 5363 3781 5416 754

447 5428 1306 5513 beatificailio‘ueaequi'pqllenti,
1329 5452 1432 5513 per
1453 5428 1636 5490 sol-am
1652 5428 2058 5513 cult_1fs,quzeiri
2161 5429 2219 5481 εί
2241 5428 2422 5482 tribus
2453 5446 2615 5500 seqq-
2649 5430 2906 5501 integras
2939 5431 3092 5485 dedi-

445 5504 753 5562 cardiualis
783 5504 1073 5579 Papicusis
1103 5504 1346 5576 litteris;
1388 5509 1803 5564 Commentarii
1863 5504 2060 5582 praevii

2227 5515 2368 5592 (160)
2405 5517 2578 5573 Paulo
2609 5518 2775 5574 aliter
2804 5519 3173 5575 Ecclesiastici
3207 5536 3286 5588 In,
3312 5521 3366 5587 6,
3396 5524 3452 5588 7,
3491 5522 3574 5576 13.
