  <div class='ocr_page' id='page_1' title='image "/cluster/home/n/w/nwhite01/storage/ocr_20150623/152/hvd.32044054760103/268.png"; bbox 0 0 4014 6030; ppageno 0'>
   <div class='ocr_carea' id='block_1_1' title="bbox 254 298 363 356">
    <p class='ocr_par' dir='ltr' id='par_1_1' title="bbox 254 298 363 356">
     <span class='ocr_line' id='line_1_1' title="bbox 254 298 363 356; baseline -0.009 0"><span class='ocrx_word' id='word_1_1' title='bbox 254 298 363 356; x_wconf 75' lang='lat'><strong>525</strong></span> 
     </span>
    </p>
   </div>
   <div class='ocr_carea' id='block_1_2' title="bbox 1797 303 1997 361">
    <p class='ocr_par' dir='ltr' id='par_1_2' title="bbox 1797 303 1997 361">
     <span class='ocr_line' id='line_1_2' title="bbox 1797 303 1997 361; baseline 0.005 -1"><span class='ocrx_word' id='word_1_2' title='bbox 1797 303 1997 361; x_wconf 78' lang='lat' dir='ltr'>ACTA.</span> 
     </span>
    </p>
   </div>
   <div class='ocr_carea' id='block_1_3' title="bbox 3482 328 3587 387">
    <p class='ocr_par' dir='ltr' id='par_1_3' title="bbox 3482 328 3587 387">
     <span class='ocr_line' id='line_1_3' title="bbox 3482 328 3587 387; baseline 0.019 -2"><span class='ocrx_word' id='word_1_3' title='bbox 3482 328 3587 387; x_wconf 73' lang='lat'><strong>526</strong></span> 
     </span>
    </p>
   </div>
   <div class='ocr_carea' id='block_1_4' title="bbox 251 421 3586 519">
    <p class='ocr_par' dir='ltr' id='par_1_4' title="bbox 251 421 3586 519">
     <span class='ocr_line' id='line_1_4' title="bbox 251 421 3586 519; baseline 0.009 -39"><span class='ocrx_word' id='word_1_4' title='bbox 251 424 427 480; x_wconf 84' lang='lat' dir='ltr'>terris</span> <span class='ocrx_word' id='word_1_5' title='bbox 448 421 665 490; x_wconf 81' lang='lat' dir='ltr'>vicarii,</span> <span class='ocrx_word' id='word_1_6' title='bbox 694 422 796 519; x_wconf 63' lang='lat' dir='ltr'>_de_</span> <span class='ocrx_word' id='word_1_7' title='bbox 838 440 1018 480; x_wconf 89' lang='lat' dir='ltr'>manu</span> <span class='ocrx_word' id='word_1_8' title='bbox 1071 424 1397 519; x_wconf 81' lang='lat' dir='ltr'>alienorum</span> <span class='ocrx_word' id='word_1_9' title='bbox 1449 426 1760 499; x_wconf 85' lang='lat' dir='ltr'>redimere,</span> <span class='ocrx_word' id='word_1_10' title='bbox 1819 432 1877 486; x_wconf 89' lang='lat' dir='ltr'>et</span> <span class='ocrx_word' id='word_1_11' title='bbox 1896 441 1951 502; x_wconf 80' lang='grc' dir='ltr'><strong>Α</strong></span> <span class='ocrx_word' id='word_1_12' title='bbox 1978 436 2056 504; x_wconf 90' lang='lat' dir='ltr'>te,</span> <span class='ocrx_word' id='word_1_13' title='bbox 2089 438 2426 510; x_wconf 81' lang='lat' dir='ltr'>poterimus,</span> <span class='ocrx_word' id='word_1_14' title='bbox 2465 440 2763 500; x_wconf 85' lang='lat' dir='ltr'>imitemur</span> <span class='ocrx_word' id='word_1_15' title='bbox 2805 444 2974 519; x_wconf 84' lang='lat' dir='ltr'>hujus</span> <span class='ocrx_word' id='word_1_16' title='bbox 3006 446 3187 504; x_wconf 82' lang='lat' dir='ltr'>Patris</span> <span class='ocrx_word' id='word_1_17' title='bbox 3219 451 3403 509; x_wconf 91' lang='lat' dir='ltr'>nostri</span> <span class='ocrx_word' id='word_1_18' title='bbox 3430 452 3586 512; x_wconf 86' lang='lat' dir='ltr'>beati</span> 
     </span>
    </p>
   </div>
   <div class='ocr_carea' id='block_1_5' title="bbox 263 512 1875 585">
    <p class='ocr_par' dir='ltr' id='par_1_5' title="bbox 263 512 1875 585">
     <span class='ocr_line' id='line_1_5' title="bbox 263 512 1875 585; baseline 0.004 -18"><span class='ocrx_word' id='word_1_19' title='bbox 263 515 370 568; x_wconf 83' lang='lat' dir='ltr'>sub</span> <span class='ocrx_word' id='word_1_20' title='bbox 396 514 575 567; x_wconf 81' lang='lat' dir='ltr'>uestri</span> <span class='ocrx_word' id='word_1_21' title='bbox 610 512 827 568; x_wconf 92' lang='lat' dir='ltr'>ordinis</span> <span class='ocrx_word' id='word_1_22' title='bbox 845 513 1264 585; x_wconf 76' lang='lat' dir='ltr'>possessionem</span> <span class='ocrx_word' id='word_1_23' title='bbox 1288 520 1344 570; x_wconf 81' lang='lat' dir='ltr'>ct</span> <span class='ocrx_word' id='word_1_24' title='bbox 1377 518 1767 574; x_wconf 81' lang='lat' dir='ltr'>obedientiam</span> <span class='ocrx_word' id='word_1_25' title='bbox 1786 537 1875 574; x_wconf 92' lang='lat' dir='ltr'>re-</span> 
     </span>
    </p>
   </div>
   <div class='ocr_carea' id='block_1_6' title="bbox 262 602 1873 680">
    <p class='ocr_par' dir='ltr' id='par_1_6' title="bbox 262 602 1873 680">
     <span class='ocr_line' id='line_1_6' title="bbox 262 602 1873 680; baseline 0.005 -24"><span class='ocrx_word' id='word_1_26' title='bbox 262 603 501 657; x_wconf 80' lang='lat' dir='ltr'>stituere</span> <span class='ocrx_word' id='word_1_27' title='bbox 534 602 807 673; x_wconf 85' lang='lat' dir='ltr'>dignatus</span> <span class='ocrx_word' id='word_1_28' title='bbox 837 606 939 654; x_wconf 84' lang='lat' dir='ltr'>est.</span> <span class='ocrx_word' id='word_1_29' title='bbox 984 603 1090 656; x_wconf 87' lang='lat' dir='ltr'>Tot</span> <span class='ocrx_word' id='word_1_30' title='bbox 1118 605 1275 657; x_wconf 87' lang='lat' dir='ltr'>enim</span> <span class='ocrx_word' id='word_1_31' title='bbox 1303 606 1461 673; x_wconf 89' lang='lat' dir='ltr'>anni,</span> <span class='ocrx_word' id='word_1_32' title='bbox 1492 608 1873 680; x_wconf 88' lang='lat' dir='ltr'>quadrageati</span> 
     </span>
    </p>
   </div>
   <div class='ocr_carea' id='block_1_7' title="bbox 254 690 1875 764">
    <p class='ocr_par' dir='ltr' id='par_1_7' title="bbox 254 690 1875 764">
     <span class='ocr_line' id='line_1_7' title="bbox 254 690 1875 764; baseline 0.005 -20"><span class='ocrx_word' id='word_1_33' title='bbox 254 691 472 745; x_wconf 76' lang='lat' dir='ltr'>scilicet</span> <span class='ocrx_word' id='word_1_34' title='bbox 505 694 563 744; x_wconf 91' lang='lat' dir='ltr'>et</span> <span class='ocrx_word' id='word_1_35' title='bbox 582 690 843 761; x_wconf 81' lang='lat' dir='ltr'>triginta,</span> <span class='ocrx_word' id='word_1_36' title='bbox 867 695 1251 745; x_wconf 86' lang='lat' dir='ltr'>numerantur</span> <span class='ocrx_word' id='word_1_37' title='bbox 1266 694 1341 747; x_wconf 89' lang='lat' dir='ltr'>ab</span> <span class='ocrx_word' id='word_1_38' title='bbox 1368 694 1627 764; x_wconf 90' lang='lat' dir='ltr'>ejusdem</span> <span class='ocrx_word' id='word_1_39' title='bbox 1658 696 1875 752; x_wconf 84' lang='lat' dir='ltr'>ordinis</span> 
     </span>
    </p>
   </div>
   <div class='ocr_carea' id='block_1_8' title="bbox 254 778 1875 857">
    <p class='ocr_par' dir='ltr' id='par_1_8' title="bbox 254 778 1875 857">
     <span class='ocr_line' id='line_1_8' title="bbox 254 778 1875 857; baseline 0.005 -24"><span class='ocrx_word' id='word_1_40' title='bbox 254 778 445 846; x_wconf 88' lang='lat' dir='ltr'>initio,</span> <span class='ocrx_word' id='word_1_41' title='bbox 473 779 635 852; x_wconf 90' lang='lat' dir='ltr'>quasi</span> <span class='ocrx_word' id='word_1_42' title='bbox 679 779 933 851; x_wconf 90' lang='lat' dir='ltr'>quodam</span> <span class='ocrx_word' id='word_1_43' title='bbox 967 779 1158 834; x_wconf 89' lang='lat' dir='ltr'>divino</span> <span class='ocrx_word' id='word_1_44' title='bbox 1204 783 1509 854; x_wconf 67' lang='lat' dir='ltr'>praesagio,</span> <span class='ocrx_word' id='word_1_45' title='bbox 1562 802 1739 857; x_wconf 91' lang='lat' dir='ltr'>usque</span> <span class='ocrx_word' id='word_1_46' title='bbox 1800 786 1875 841; x_wconf 90' lang='lat' dir='ltr'>ad</span> 
     </span>
    </p>
   </div>
   <div class='ocr_carea' id='block_1_9' title="bbox 254 868 1870 944">
    <p class='ocr_par' dir='ltr' id='par_1_9' title="bbox 254 868 1870 944">
     <span class='ocr_line' id='line_1_9' title="bbox 254 868 1870 944; baseline 0.004 -22"><span class='ocrx_word' id='word_1_47' title='bbox 254 885 480 923; x_wconf 88' lang='lat' dir='ltr'>annum</span> <span class='ocrx_word' id='word_1_48' title='bbox 509 868 881 922; x_wconf 88' lang='lat' dir='ltr'>millesimum</span> <span class='ocrx_word' id='word_1_49' title='bbox 919 868 1447 940; x_wconf 79' lang='lat' dir='ltr'>quingentesimum</span> <span class='ocrx_word' id='word_1_50' title='bbox 1477 878 1749 944; x_wconf 86' lang='lat' dir='ltr'>quartum</span> <span class='ocrx_word' id='word_1_51' title='bbox 1773 874 1870 928; x_wconf 91' lang='lat' dir='ltr'>de-</span> 
     </span>
    </p>
   </div>
   <div class='ocr_carea' id='block_1_10' title="bbox 250 957 1871 1033">
    <p class='ocr_par' dir='ltr' id='par_1_10' title="bbox 250 957 1871 1033">
     <span class='ocr_line' id='line_1_10' title="bbox 250 957 1871 1033; baseline 0.005 -22"><span class='ocrx_word' id='word_1_52' title='bbox 250 957 472 1012; x_wconf 89' lang='lat' dir='ltr'>cimum</span> <span class='ocrx_word' id='word_1_53' title='bbox 506 958 668 1029; x_wconf 71' lang='lat'>(161),</span> <span class='ocrx_word' id='word_1_54' title='bbox 691 975 805 1030; x_wconf 90' lang='lat' dir='ltr'>quo</span> <span class='ocrx_word' id='word_1_55' title='bbox 829 975 984 1013; x_wconf 90' lang='lat' dir='ltr'>anno</span> <span class='ocrx_word' id='word_1_56' title='bbox 1011 958 1167 1013; x_wconf 90' lang='lat' dir='ltr'>idem</span> <span class='ocrx_word' id='word_1_57' title='bbox 1195 961 1741 1033; x_wconf 82' lang='lat' dir='ltr'>pontifexeumdem</span> <span class='ocrx_word' id='word_1_58' title='bbox 1764 967 1871 1019; x_wconf 80' lang='lat' dir='ltr'>Pa-</span> 
     </span>
    </p>
   </div>
   <div class='ocr_carea' id='block_1_11' title="bbox 252 1047 1871 1122">
    <p class='ocr_par' dir='ltr' id='par_1_11' title="bbox 252 1047 1871 1122">
     <span class='ocr_line' id='line_1_11' title="bbox 252 1047 1871 1122; baseline 0.003 -20"><span class='ocrx_word' id='word_1_59' title='bbox 252 1050 411 1102; x_wconf 85' lang='lat' dir='ltr'>trem</span> <span class='ocrx_word' id='word_1_60' title='bbox 434 1050 697 1102; x_wconf 87' lang='lat' dir='ltr'>nostrum</span> <span class='ocrx_word' id='word_1_61' title='bbox 730 1051 789 1102; x_wconf 93' lang='lat' dir='ltr'>et</span> <span class='ocrx_word' id='word_1_62' title='bbox 819 1047 1031 1102; x_wconf 89' lang='lat' dir='ltr'>dictam</span> <span class='ocrx_word' id='word_1_63' title='bbox 1053 1048 1175 1118; x_wconf 86' lang='lat' dir='ltr'>ejus</span> <span class='ocrx_word' id='word_1_64' title='bbox 1227 1050 1487 1117; x_wconf 88' lang='lat' dir='ltr'>domum,</span> <span class='ocrx_word' id='word_1_65' title='bbox 1550 1052 1607 1106; x_wconf 88' lang='lat' dir='ltr'>in</span> <span class='ocrx_word' id='word_1_66' title='bbox 1641 1069 1773 1122; x_wconf 82' lang='lat' dir='ltr'>qua,</span> <span class='ocrx_word' id='word_1_67' title='bbox 1810 1056 1871 1107; x_wconf 91' lang='lat' dir='ltr'>ut</span> 
     </span>
    </p>
   </div>
   <div class='ocr_carea' id='block_1_12' title="bbox 242 1133 1869 1211">
    <p class='ocr_par' dir='ltr' id='par_1_12' title="bbox 242 1133 1869 1211">
     <span class='ocr_line' id='line_1_12' title="bbox 242 1133 1869 1211; baseline 0.004 -23"><span class='ocrx_word' id='word_1_68' title='bbox 242 1133 375 1204; x_wconf 89' lang='lat' dir='ltr'>jam</span> <span class='ocrx_word' id='word_1_69' title='bbox 408 1151 557 1205; x_wconf 77' lang='lat' dir='ltr'>szrpe</span> <span class='ocrx_word' id='word_1_70' title='bbox 586 1135 800 1189; x_wconf 89' lang='lat' dir='ltr'>dictum</span> <span class='ocrx_word' id='word_1_71' title='bbox 844 1138 947 1202; x_wconf 88' lang='lat' dir='ltr'>est,</span> <span class='ocrx_word' id='word_1_72' title='bbox 998 1136 1261 1190; x_wconf 87' lang='lat' dir='ltr'>conditus</span> <span class='ocrx_word' id='word_1_73' title='bbox 1299 1138 1475 1207; x_wconf 80' lang='lat' dir='ltr'>jacet,</span> <span class='ocrx_word' id='word_1_74' title='bbox 1534 1157 1566 1193; x_wconf 89' lang='lat' dir='ltr'>a</span> <span class='ocrx_word' id='word_1_75' title='bbox 1596 1141 1869 1211; x_wconf 61' lang='lat' dir='ltr'>prmdicta</span> 
     </span>
    </p>
   </div>
   <div class='ocr_carea' id='block_1_13' title="bbox 248 1224 1867 1296">
    <p class='ocr_par' dir='ltr' id='par_1_13' title="bbox 248 1224 1867 1296">
     <span class='ocr_line' id='line_1_13' title="bbox 248 1224 1867 1296; baseline 0.004 -19"><span class='ocrx_word' id='word_1_76' title='bbox 248 1225 523 1278; x_wconf 79' lang='lat' dir='ltr'>servitute</span> <span class='ocrx_word' id='word_1_77' title='bbox 558 1224 838 1278; x_wconf 81' lang='lat' dir='ltr'>liberavit.</span> <span class='ocrx_word' id='word_1_78' title='bbox 860 1226 923 1279; x_wconf 77' lang='lat' dir='ltr'>Et</span> <span class='ocrx_word' id='word_1_79' title='bbox 951 1227 1086 1296; x_wconf 81' lang='lat' dir='ltr'>quia</span> <span class='ocrx_word' id='word_1_80' title='bbox 1105 1229 1237 1280; x_wconf 89' lang='lat' dir='ltr'>tunc</span> <span class='ocrx_word' id='word_1_81' title='bbox 1253 1228 1564 1282; x_wconf 86' lang='lat' dir='ltr'>Dominum</span> <span class='ocrx_word' id='word_1_82' title='bbox 1582 1229 1638 1282; x_wconf 88' lang='lat' dir='ltr'>in</span> <span class='ocrx_word' id='word_1_83' title='bbox 1657 1230 1867 1284; x_wconf 87' lang='lat' dir='ltr'>sanctis</span> 
     </span>
    </p>
   </div>
   <div class='ocr_carea' id='block_1_14' title="bbox 251 1313 1867 1385">
    <p class='ocr_par' dir='ltr' id='par_1_14' title="bbox 251 1313 1867 1385">
     <span class='ocr_line' id='line_1_14' title="bbox 251 1313 1867 1385; baseline 0.003 -18"><span class='ocrx_word' id='word_1_84' title='bbox 251 1314 397 1385; x_wconf 88' lang='lat' dir='ltr'>ejus,</span> <span class='ocrx_word' id='word_1_85' title='bbox 428 1316 486 1368; x_wconf 89' lang='lat' dir='ltr'>et</span> <span class='ocrx_word' id='word_1_86' title='bbox 503 1317 729 1368; x_wconf 88' lang='lat' dir='ltr'>sanctos</span> <span class='ocrx_word' id='word_1_87' title='bbox 756 1313 812 1367; x_wconf 90' lang='lat' dir='ltr'>in</span> <span class='ocrx_word' id='word_1_88' title='bbox 849 1315 1093 1368; x_wconf 90' lang='lat' dir='ltr'>Domino</span> <span class='ocrx_word' id='word_1_89' title='bbox 1117 1316 1290 1385; x_wconf 84' lang='lat' dir='ltr'>digne</span> <span class='ocrx_word' id='word_1_90' title='bbox 1318 1334 1661 1371; x_wconf 74' lang='lat' dir='ltr'>veneramur</span> <span class='ocrx_word' id='word_1_91' title='bbox 1682 1323 1738 1372; x_wconf 90' lang='lat' dir='ltr'>et</span> <span class='ocrx_word' id='word_1_92' title='bbox 1768 1336 1867 1372; x_wconf 89' lang='lat' dir='ltr'>co-</span> 
     </span>
    </p>
   </div>
   <div class='ocr_carea' id='block_1_15' title="bbox 250 1402 1865 1469">
    <p class='ocr_par' dir='ltr' id='par_1_15' title="bbox 250 1402 1865 1469">
     <span class='ocr_line' id='line_1_15' title="bbox 250 1402 1865 1469; baseline 0.003 -13"><span class='ocrx_word' id='word_1_93' title='bbox 250 1402 450 1469; x_wconf 89' lang='lat' dir='ltr'>limus,</span> <span class='ocrx_word' id='word_1_94' title='bbox 484 1419 613 1456; x_wconf 88' lang='lat' dir='ltr'>cum</span> <span class='ocrx_word' id='word_1_95' title='bbox 638 1405 971 1457; x_wconf 87' lang='lat' dir='ltr'>sanctorum</span> <span class='ocrx_word' id='word_1_96' title='bbox 1001 1402 1236 1458; x_wconf 89' lang='lat' dir='ltr'>virtutes</span> <span class='ocrx_word' id='word_1_97' title='bbox 1264 1407 1322 1458; x_wconf 90' lang='lat' dir='ltr'>et</span> <span class='ocrx_word' id='word_1_98' title='bbox 1348 1422 1538 1459; x_wconf 90' lang='lat' dir='ltr'>mores</span> <span class='ocrx_word' id='word_1_99' title='bbox 1564 1406 1865 1461; x_wconf 79' lang='lat' dir='ltr'>imitamur</span> 
     </span>
    </p>
   </div>
   <div class='ocr_carea' id='block_1_16' title="bbox 246 1491 1864 1566">
    <p class='ocr_par' dir='ltr' id='par_1_16' title="bbox 246 1491 1864 1566">
     <span class='ocr_line' id='line_1_16' title="bbox 246 1491 1864 1566; baseline 0.004 -23"><span class='ocrx_word' id='word_1_100' title='bbox 246 1493 307 1543; x_wconf 91' lang='lat' dir='ltr'>et</span> <span class='ocrx_word' id='word_1_101' title='bbox 339 1492 656 1563; x_wconf 79' lang='lat' dir='ltr'>sequimur,</span> <span class='ocrx_word' id='word_1_102' title='bbox 683 1491 826 1545; x_wconf 89' lang='lat' dir='ltr'>sicut</span> <span class='ocrx_word' id='word_1_103' title='bbox 855 1495 912 1545; x_wconf 92' lang='lat' dir='ltr'>et</span> <span class='ocrx_word' id='word_1_104' title='bbox 938 1492 1030 1546; x_wconf 90' lang='lat' dir='ltr'>ille</span> <span class='ocrx_word' id='word_1_105' title='bbox 1063 1494 1246 1547; x_wconf 90' lang='lat' dir='ltr'>Deum</span> <span class='ocrx_word' id='word_1_106' title='bbox 1261 1492 1511 1564; x_wconf 83' lang='lat' dir='ltr'>perfecte</span> <span class='ocrx_word' id='word_1_107' title='bbox 1534 1494 1740 1566; x_wconf 83' lang='lat' dir='ltr'>diligit,</span> <span class='ocrx_word' id='word_1_108' title='bbox 1766 1496 1864 1566; x_wconf 86' lang='lat' dir='ltr'>qui</span> 
     </span>
    </p>
   </div>
   <div class='ocr_carea' id='block_1_17' title="bbox 250 1580 978 1652">
    <p class='ocr_par' dir='ltr' id='par_1_17' title="bbox 250 1580 978 1652">
     <span class='ocr_line' id='line_1_17' title="bbox 250 1580 978 1652; baseline 0.003 -19"><span class='ocrx_word' id='word_1_109' title='bbox 250 1580 379 1652; x_wconf 88' lang='lat' dir='ltr'>ejus</span> <span class='ocrx_word' id='word_1_110' title='bbox 405 1580 683 1635; x_wconf 86' lang='lat' dir='ltr'>mandata</span> <span class='ocrx_word' id='word_1_111' title='bbox 712 1581 978 1635; x_wconf 83' lang='lat' dir='ltr'>custodit.</span> 
     </span>
    </p>
   </div>
   <div class='ocr_carea' id='block_1_18' title="bbox 329 1670 1862 1743">
    <p class='ocr_par' dir='ltr' id='par_1_18' title="bbox 329 1670 1862 1743">
     <span class='ocr_line' id='line_1_18' title="bbox 329 1670 1862 1743; baseline 0.003 -19"><span class='ocrx_word' id='word_1_112' title='bbox 329 1672 419 1724; x_wconf 91' lang='lat'>66.</span> <span class='ocrx_word' id='word_1_113' title='bbox 453 1671 788 1741; x_wconf 86' lang='lat' dir='ltr'>Propterea,</span> <span class='ocrx_word' id='word_1_114' title='bbox 844 1670 1201 1726; x_wconf 83' lang='lat' dir='ltr'>venerabiles</span> <span class='ocrx_word' id='word_1_115' title='bbox 1248 1677 1440 1743; x_wconf 87' lang='lat' dir='ltr'>patres</span> <span class='ocrx_word' id='word_1_116' title='bbox 1479 1676 1538 1727; x_wconf 91' lang='lat' dir='ltr'>et</span> <span class='ocrx_word' id='word_1_117' title='bbox 1567 1673 1772 1728; x_wconf 82' lang='lat' dir='ltr'>fratres</span> <span class='ocrx_word' id='word_1_118' title='bbox 1803 1674 1862 1729; x_wconf 89' lang='lat' dir='ltr'>in</span> 
     </span>
    </p>
   </div>
   <div class='ocr_carea' id='block_1_19' title="bbox 246 1757 1865 1830">
    <p class='ocr_par' dir='ltr' id='par_1_19' title="bbox 246 1757 1865 1830">
     <span class='ocr_line' id='line_1_19' title="bbox 246 1757 1865 1830; baseline 0.003 -18"><span class='ocrx_word' id='word_1_119' title='bbox 246 1757 473 1813; x_wconf 88' lang='lat' dir='ltr'>Christo</span> <span class='ocrx_word' id='word_1_120' title='bbox 507 1758 884 1826; x_wconf 83' lang='lat' dir='ltr'>dilectissimi,</span> <span class='ocrx_word' id='word_1_121' title='bbox 917 1760 963 1813; x_wconf 92' lang='lat' dir='ltr'>si</span> <span class='ocrx_word' id='word_1_122' title='bbox 994 1759 1108 1813; x_wconf 88' lang='lat' dir='ltr'>veri</span> <span class='ocrx_word' id='word_1_123' title='bbox 1168 1760 1269 1814; x_wconf 86' lang='lat' dir='ltr'>ﬁlii</span> <span class='ocrx_word' id='word_1_124' title='bbox 1327 1778 1543 1830; x_wconf 88' lang='lat' dir='ltr'>sumus,</span> <span class='ocrx_word' id='word_1_125' title='bbox 1604 1778 1723 1817; x_wconf 90' lang='lat' dir='ltr'>non</span> <span class='ocrx_word' id='word_1_126' title='bbox 1770 1762 1865 1817; x_wconf 86' lang='lat' dir='ltr'>de-</span> 
     </span>
    </p>
   </div>
   <div class='ocr_carea' id='block_1_20' title="bbox 1977 525 3584 608">
    <p class='ocr_par' dir='ltr' id='par_1_20' title="bbox 1977 525 3584 608">
     <span class='ocr_line' id='line_1_20' title="bbox 1977 525 3584 608; baseline 0.014 -30"><span class='ocrx_word' id='word_1_127' title='bbox 1977 525 2261 584; x_wconf 90' lang='lat' dir='ltr'>Brunonis</span> <span class='ocrx_word' id='word_1_128' title='bbox 2290 549 2479 588; x_wconf 88' lang='lat' dir='ltr'>mores</span> <span class='ocrx_word' id='word_1_129' title='bbox 2509 539 2567 589; x_wconf 90' lang='lat' dir='ltr'>et</span> <span class='ocrx_word' id='word_1_130' title='bbox 2625 537 2882 608; x_wconf 87' lang='lat' dir='ltr'>vestigia.</span> <span class='ocrx_word' id='word_1_131' title='bbox 2920 540 3095 593; x_wconf 87' lang='lat' dir='ltr'>Decet</span> <span class='ocrx_word' id='word_1_132' title='bbox 3142 540 3302 596; x_wconf 90' lang='lat' dir='ltr'>enim</span> <span class='ocrx_word' id='word_1_133' title='bbox 3336 543 3482 598; x_wconf 85' lang='lat' dir='ltr'>ﬁlios</span> <span class='ocrx_word' id='word_1_134' title='bbox 3509 544 3584 599; x_wconf 86' lang='lat' dir='ltr'>si-</span> 
     </span>
    </p>
   </div>
   <div class='ocr_carea' id='block_1_21' title="bbox 1977 617 3582 704">
    <p class='ocr_par' dir='ltr' id='par_1_21' title="bbox 1977 617 3582 704">
     <span class='ocr_line' id='line_1_21' title="bbox 1977 617 3582 704; baseline 0.011 -33"><span class='ocrx_word' id='word_1_135' title='bbox 1977 617 2141 674; x_wconf 89' lang='lat' dir='ltr'>miles</span> <span class='ocrx_word' id='word_1_136' title='bbox 2162 638 2279 676; x_wconf 88' lang='lat' dir='ltr'>esse</span> <span class='ocrx_word' id='word_1_137' title='bbox 2307 624 2477 693; x_wconf 87' lang='lat' dir='ltr'>patri,</span> <span class='ocrx_word' id='word_1_138' title='bbox 2508 641 2638 679; x_wconf 89' lang='lat' dir='ltr'>cum</span> <span class='ocrx_word' id='word_1_139' title='bbox 2672 627 2969 695; x_wconf 88' lang='lat' dir='ltr'>Dominus,</span> <span class='ocrx_word' id='word_1_140' title='bbox 3003 628 3073 682; x_wconf 91' lang='lat' dir='ltr'>de</span> <span class='ocrx_word' id='word_1_141' title='bbox 3103 629 3287 701; x_wconf 89' lang='lat' dir='ltr'>seipso</span> <span class='ocrx_word' id='word_1_142' title='bbox 3318 632 3582 704; x_wconf 87' lang='lat' dir='ltr'>loquens,</span> 
     </span>
    </p>
   </div>
   <div class='ocr_carea' id='block_1_22' title="bbox 1976 703 3584 790">
    <p class='ocr_par' dir='ltr' id='par_1_22' title="bbox 1976 703 3584 790">
     <span class='ocr_line' id='line_1_22' title="bbox 1976 703 3584 790; baseline 0.011 -32"><span class='ocrx_word' id='word_1_143' title='bbox 1976 703 2127 761; x_wconf 89' lang='lat' dir='ltr'>dicat</span> <span class='ocrx_word' id='word_1_144' title='bbox 2154 726 2269 764; x_wconf 90' lang='lat' dir='ltr'>non</span> <span class='ocrx_word' id='word_1_145' title='bbox 2303 729 2466 782; x_wconf 84' lang='lat' dir='ltr'>posse</span> <span class='ocrx_word' id='word_1_146' title='bbox 2492 714 2693 769; x_wconf 76' lang='lat' dir='ltr'>Filium</span> <span class='ocrx_word' id='word_1_147' title='bbox 2723 733 2756 769; x_wconf 91' lang='lat' dir='ltr'>a</span> <span class='ocrx_word' id='word_1_148' title='bbox 2786 733 2845 770; x_wconf 91' lang='lat' dir='ltr'>se</span> <span class='ocrx_word' id='word_1_149' title='bbox 2874 716 3064 770; x_wconf 86' lang='lat' dir='ltr'>facere</span> <span class='ocrx_word' id='word_1_150' title='bbox 3097 703 3440 790; x_wconf 84' lang='lat' dir='ltr'>quidquam,</span> <span class='ocrx_word' id='word_1_151' title='bbox 3475 720 3584 776; x_wconf 88' lang='lat' dir='ltr'>nisi</span> 
     </span>
    </p>
   </div>
   <div class='ocr_carea' id='block_1_23' title="bbox 1975 797 3583 879">
    <p class='ocr_par' dir='ltr' id='par_1_23' title="bbox 1975 797 3583 879">
     <span class='ocr_line' id='line_1_23' title="bbox 1975 797 3583 879; baseline 0.009 -31"><span class='ocrx_word' id='word_1_152' title='bbox 1975 811 2081 866; x_wconf 80' lang='lat' dir='ltr'>qur</span> <span class='ocrx_word' id='word_1_153' title='bbox 2093 798 2128 852; x_wconf 94' lang='lat' dir='ltr'>d</span> <span class='ocrx_word' id='word_1_154' title='bbox 2143 797 2585 856; x_wconf 88' lang='lat' dir='ltr'>videritPatrem</span> <span class='ocrx_word' id='word_1_155' title='bbox 2600 803 2926 858; x_wconf 84' lang='lat' dir='ltr'>facientem.</span> <span class='ocrx_word' id='word_1_156' title='bbox 2951 806 3017 858; x_wconf 88' lang='lat' dir='ltr'>Et</span> <span class='ocrx_word' id='word_1_157' title='bbox 3039 806 3194 876; x_wconf 85' lang='lat' dir='ltr'>quod</span> <span class='ocrx_word' id='word_1_158' title='bbox 3223 824 3583 879; x_wconf 68' lang='lat' dir='ltr'>quaecunque</span> 
     </span>
    </p>
   </div>
   <div class='ocr_carea' id='block_1_24' title="bbox 1973 882 3581 964">
    <p class='ocr_par' dir='ltr' id='par_1_24' title="bbox 1973 882 3581 964">
     <span class='ocr_line' id='line_1_24' title="bbox 1973 882 3581 964; baseline 0.009 -29"><span class='ocrx_word' id='word_1_159' title='bbox 1973 882 2067 935; x_wconf 90' lang='lat' dir='ltr'>ille</span> <span class='ocrx_word' id='word_1_160' title='bbox 2099 884 2318 953; x_wconf 78' lang='lat' dir='ltr'>fecerit,</span> <span class='ocrx_word' id='word_1_161' title='bbox 2340 887 2460 941; x_wconf 64' lang='lat' dir='ltr'>haec</span> <span class='ocrx_word' id='word_1_162' title='bbox 2483 892 2539 942; x_wconf 88' lang='lat' dir='ltr'>et</span> <span class='ocrx_word' id='word_1_163' title='bbox 2562 889 2710 943; x_wconf 82' lang='lat' dir='ltr'>filius</span> <span class='ocrx_word' id='word_1_164' title='bbox 2726 890 2990 944; x_wconf 84' lang='lat' dir='ltr'>similiter</span> <span class='ocrx_word' id='word_1_165' title='bbox 3002 892 3349 964; x_wconf 82' lang='lat' dir='ltr'>faciat(l62).</span> <span class='ocrx_word' id='word_1_166' title='bbox 3368 894 3581 958; x_wconf 84' lang='lat' dir='ltr'>Quem-</span> 
     </span>
    </p>
   </div>
   <div class='ocr_carea' id='block_1_25' title="bbox 1973 972 3581 1055">
    <p class='ocr_par' dir='ltr' id='par_1_25' title="bbox 1973 972 3581 1055">
     <span class='ocr_line' id='line_1_25' title="bbox 1973 972 3581 1055; baseline 0.009 -30"><span class='ocrx_word' id='word_1_167' title='bbox 1973 972 2288 1029; x_wconf 87' lang='lat' dir='ltr'>admodum</span> <span class='ocrx_word' id='word_1_168' title='bbox 2340 976 2515 1047; x_wconf 83' lang='lat' dir='ltr'>igitur</span> <span class='ocrx_word' id='word_1_169' title='bbox 2572 977 2664 1032; x_wconf 90' lang='lat' dir='ltr'>ille</span> <span class='ocrx_word' id='word_1_170' title='bbox 2692 978 2844 1045; x_wconf 87' lang='lat' dir='ltr'>fecit,</span> <span class='ocrx_word' id='word_1_171' title='bbox 2878 979 2958 1033; x_wconf 88' lang='lat' dir='ltr'>ita</span> <span class='ocrx_word' id='word_1_172' title='bbox 2985 982 3043 1033; x_wconf 88' lang='lat' dir='ltr'>et</span> <span class='ocrx_word' id='word_1_173' title='bbox 3074 998 3178 1035; x_wconf 91' lang='lat' dir='ltr'>nos</span> <span class='ocrx_word' id='word_1_174' title='bbox 3237 982 3452 1055; x_wconf 86' lang='lat' dir='ltr'>pariter</span> <span class='ocrx_word' id='word_1_175' title='bbox 3495 984 3581 1040; x_wconf 86' lang='lat' dir='ltr'>fa-</span> 
     </span>
    </p>
   </div>
   <div class='ocr_carea' id='block_1_26' title="bbox 1970 1061 3577 1142">
    <p class='ocr_par' dir='ltr' id='par_1_26' title="bbox 1970 1061 3577 1142">
     <span class='ocr_line' id='line_1_26' title="bbox 1970 1061 3577 1142; baseline 0.009 -28"><span class='ocrx_word' id='word_1_176' title='bbox 1970 1061 2207 1117; x_wconf 85' lang='lat' dir='ltr'>ciamus.</span> <span class='ocrx_word' id='word_1_177' title='bbox 2244 1065 2668 1121; x_wconf 86' lang='lat' dir='ltr'>Carthusienses</span> <span class='ocrx_word' id='word_1_178' title='bbox 2701 1068 2856 1122; x_wconf 90' lang='lat' dir='ltr'>enim</span> <span class='ocrx_word' id='word_1_179' title='bbox 2888 1074 3228 1137; x_wconf 83' lang='lat' dir='ltr'>sumus,eta</span> <span class='ocrx_word' id='word_1_180' title='bbox 3259 1072 3577 1142; x_wconf 85' lang='lat' dir='ltr'>Carthusia,</span> 
     </span>
    </p>
   </div>
   <div class='ocr_carea' id='block_1_27' title="bbox 1971 1152 3578 1229">
    <p class='ocr_par' dir='ltr' id='par_1_27' title="bbox 1971 1152 3578 1229">
     <span class='ocr_line' id='line_1_27' title="bbox 1971 1152 3578 1229; baseline 0.007 -25"><span class='ocrx_word' id='word_1_181' title='bbox 1971 1152 2180 1221; x_wconf 85' lang='lat' dir='ltr'>utjam</span> <span class='ocrx_word' id='word_1_182' title='bbox 2213 1154 2554 1218; x_wconf 87' lang='lat' dir='ltr'>audivimus,</span> <span class='ocrx_word' id='word_1_183' title='bbox 2590 1173 2807 1211; x_wconf 87' lang='lat' dir='ltr'>nomen</span> <span class='ocrx_word' id='word_1_184' title='bbox 2862 1158 3208 1229; x_wconf 89' lang='lat' dir='ltr'>accepimus.</span> <span class='ocrx_word' id='word_1_185' title='bbox 3274 1160 3578 1217; x_wconf 86' lang='lat' dir='ltr'>Curthusia</span> 
     </span>
    </p>
   </div>
   <div class='ocr_carea' id='block_1_28' title="bbox 1969 1242 3576 1316">
    <p class='ocr_par' dir='ltr' id='par_1_28' title="bbox 1969 1242 3576 1316">
     <span class='ocr_line' id='line_1_28' title="bbox 1969 1242 3576 1316; baseline 0.008 -22"><span class='ocrx_word' id='word_1_186' title='bbox 1969 1244 2163 1297; x_wconf 89' lang='lat' dir='ltr'>autem</span> <span class='ocrx_word' id='word_1_187' title='bbox 2186 1242 2350 1311; x_wconf 83' lang='lat' dir='ltr'>juxta</span> <span class='ocrx_word' id='word_1_188' title='bbox 2397 1245 2809 1316; x_wconf 79' lang='lat' dir='ltr'>etymologiam</span> <span class='ocrx_word' id='word_1_189' title='bbox 2843 1247 2927 1299; x_wconf 91' lang='lat' dir='ltr'>sui</span> <span class='ocrx_word' id='word_1_190' title='bbox 2980 1248 3229 1303; x_wconf 87' lang='lat' dir='ltr'>nominis</span> <span class='ocrx_word' id='word_1_191' title='bbox 3258 1251 3576 1307; x_wconf 91' lang='lat' dir='ltr'>secundum</span> 
     </span>
    </p>
   </div>
   <div class='ocr_carea' id='block_1_29' title="bbox 1969 1329 3578 1404">
    <p class='ocr_par' dir='ltr' id='par_1_29' title="bbox 1969 1329 3578 1404">
     <span class='ocr_line' id='line_1_29' title="bbox 1969 1329 3578 1404; baseline 0.009 -23"><span class='ocrx_word' id='word_1_192' title='bbox 1969 1329 2379 1401; x_wconf 79' lang='lat' dir='ltr'>Hieronymum</span> <span class='ocrx_word' id='word_1_193' title='bbox 2420 1332 2476 1386; x_wconf 90' lang='lat' dir='ltr'>in</span> <span class='ocrx_word' id='word_1_194' title='bbox 2510 1333 2986 1404; x_wconf 88' lang='lat' dir='ltr'>interpretatione</span> <span class='ocrx_word' id='word_1_195' title='bbox 3032 1336 3443 1393; x_wconf 86' lang='lat' dir='ltr'>Hebraicorum</span> <span class='ocrx_word' id='word_1_196' title='bbox 3475 1356 3578 1395; x_wconf 86' lang='lat' dir='ltr'>no-</span> 
     </span>
    </p>
   </div>
   <div class='ocr_carea' id='block_1_30' title="bbox 1969 1418 3573 1498">
    <p class='ocr_par' dir='ltr' id='par_1_30' title="bbox 1969 1418 3573 1498">
     <span class='ocr_line' id='line_1_30' title="bbox 1969 1418 3573 1498; baseline 0.007 -28"><span class='ocrx_word' id='word_1_197' title='bbox 1969 1418 2191 1471; x_wconf 89' lang='lat' dir='ltr'>minum</span> <span class='ocrx_word' id='word_1_198' title='bbox 2228 1419 2379 1473; x_wconf 81' lang='lat' dir='ltr'>dicta</span> <span class='ocrx_word' id='word_1_199' title='bbox 2404 1424 2489 1473; x_wconf 87' lang='lat' dir='ltr'>est</span> <span class='ocrx_word' id='word_1_200' title='bbox 2518 1439 2552 1475; x_wconf 87' lang='lat' dir='ltr'>a</span> <span class='ocrx_word' id='word_1_201' title='bbox 2576 1423 2824 1487; x_wconf 82' lang='lat' dir='ltr'>chartas,</span> <span class='ocrx_word' id='word_1_202' title='bbox 2854 1422 3007 1494; x_wconf 87' lang='lat' dir='ltr'>quod</span> <span class='ocrx_word' id='word_1_203' title='bbox 3024 1423 3573 1498; x_wconf 87' lang='lat' dir='ltr'>iuterpretaturper-</span> 
     </span>
    </p>
   </div>
   <div class='ocr_carea' id='block_1_31' title="bbox 1961 1507 3573 1587">
    <p class='ocr_par' dir='ltr' id='par_1_31' title="bbox 1961 1507 3573 1587">
     <span class='ocr_line' id='line_1_31' title="bbox 1961 1507 3573 1587; baseline 0.007 -28"><span class='ocrx_word' id='word_1_204' title='bbox 1961 1507 2100 1575; x_wconf 63' lang='lat' dir='ltr'>[este</span> <span class='ocrx_word' id='word_1_205' title='bbox 2130 1517 2365 1574; x_wconf 80' lang='lat' dir='ltr'>vocatus,</span> <span class='ocrx_word' id='word_1_206' title='bbox 2394 1510 2480 1562; x_wconf 87' lang='lat' dir='ltr'>vel</span> <span class='ocrx_word' id='word_1_207' title='bbox 2504 1510 2745 1580; x_wconf 84' lang='lat' dir='ltr'>per/ecta</span> <span class='ocrx_word' id='word_1_208' title='bbox 2774 1513 2979 1564; x_wconf 88' lang='lat' dir='ltr'>vocatio</span> <span class='ocrx_word' id='word_1_209' title='bbox 3013 1528 3030 1575; x_wconf 88' lang='lat'><strong><em>;</em></strong></span> <span class='ocrx_word' id='word_1_210' title='bbox 3064 1515 3121 1566; x_wconf 90' lang='lat' dir='ltr'>et</span> <span class='ocrx_word' id='word_1_211' title='bbox 3174 1516 3247 1581; x_wconf 88' lang='lat' dir='ltr'>ia,</span> <span class='ocrx_word' id='word_1_212' title='bbox 3298 1515 3454 1587; x_wconf 90' lang='lat' dir='ltr'>quod</span> <span class='ocrx_word' id='word_1_213' title='bbox 3486 1518 3573 1571; x_wconf 87' lang='lat' dir='ltr'>est</span> 
     </span>
    </p>
   </div>
   <div class='ocr_carea' id='block_1_32' title="bbox 1965 1595 3575 1675">
    <p class='ocr_par' dir='ltr' id='par_1_32' title="bbox 1965 1595 3575 1675">
     <span class='ocr_line' id='line_1_32' title="bbox 1965 1595 3575 1675; baseline 0.006 -26"><span class='ocrx_word' id='word_1_214' title='bbox 1965 1595 2234 1650; x_wconf 88' lang='lat' dir='ltr'>dominus</span> <span class='ocrx_word' id='word_1_215' title='bbox 2261 1599 2349 1651; x_wconf 87' lang='lat' dir='ltr'>vel</span> <span class='ocrx_word' id='word_1_216' title='bbox 2376 1598 2728 1665; x_wconf 90' lang='lat' dir='ltr'>dominator,</span> <span class='ocrx_word' id='word_1_217' title='bbox 2752 1599 2915 1670; x_wconf 84' lang='lat' dir='ltr'>quasi</span> <span class='ocrx_word' id='word_1_218' title='bbox 2968 1616 3001 1653; x_wconf 89' lang='lat' dir='ltr'>a</span> <span class='ocrx_word' id='word_1_219' title='bbox 3032 1601 3278 1657; x_wconf 92' lang='lat' dir='ltr'>Domino</span> <span class='ocrx_word' id='word_1_220' title='bbox 3316 1603 3575 1675; x_wconf 86' lang='lat' dir='ltr'>perfecta</span> 
     </span>
    </p>
   </div>
   <div class='ocr_carea' id='block_1_33' title="bbox 1964 1684 3573 1763">
    <p class='ocr_par' dir='ltr' id='par_1_33' title="bbox 1964 1684 3573 1763">
     <span class='ocr_line' id='line_1_33' title="bbox 1964 1684 3573 1763; baseline 0.006 -26"><span class='ocrx_word' id='word_1_221' title='bbox 1964 1684 2185 1739; x_wconf 87' lang='lat' dir='ltr'>vocatio</span> <span class='ocrx_word' id='word_1_222' title='bbox 2212 1703 2225 1750; x_wconf 91' lang='lat'><strong>;</strong></span> <span class='ocrx_word' id='word_1_223' title='bbox 2266 1689 2324 1739; x_wconf 87' lang='lat' dir='ltr'>et</span> <span class='ocrx_word' id='word_1_224' title='bbox 2353 1686 2488 1739; x_wconf 91' lang='lat' dir='ltr'>inde</span> <span class='ocrx_word' id='word_1_225' title='bbox 2509 1687 2916 1741; x_wconf 88' lang='lat' dir='ltr'>Cartbusianus</span> <span class='ocrx_word' id='word_1_226' title='bbox 2947 1687 3128 1741; x_wconf 90' lang='lat' dir='ltr'>dictus</span> <span class='ocrx_word' id='word_1_227' title='bbox 3160 1693 3265 1756; x_wconf 89' lang='lat' dir='ltr'>est,</span> <span class='ocrx_word' id='word_1_228' title='bbox 3290 1694 3573 1763; x_wconf 87' lang='lat' dir='ltr'>tanquam</span> 
     </span>
    </p>
   </div>
   <div class='ocr_carea' id='block_1_34' title="bbox 1963 1774 3570 1853">
    <p class='ocr_par' dir='ltr' id='par_1_34' title="bbox 1963 1774 3570 1853">
     <span class='ocr_line' id='line_1_34' title="bbox 1963 1774 3570 1853; baseline 0.006 -25"><span class='ocrx_word' id='word_1_229' title='bbox 1963 1791 1996 1828; x_wconf 89' lang='lat' dir='ltr'>a</span> <span class='ocrx_word' id='word_1_230' title='bbox 2008 1774 2255 1828; x_wconf 90' lang='lat' dir='ltr'>Domino</span> <span class='ocrx_word' id='word_1_231' title='bbox 2273 1774 2525 1844; x_wconf 88' lang='lat' dir='ltr'>perfecte</span> <span class='ocrx_word' id='word_1_232' title='bbox 2539 1776 2623 1829; x_wconf 86' lang='lat' dir='ltr'>vel</span> <span class='ocrx_word' id='word_1_233' title='bbox 2641 1774 2713 1829; x_wconf 88' lang='lat' dir='ltr'>ad</span> <span class='ocrx_word' id='word_1_234' title='bbox 2735 1776 3151 1847; x_wconf 85' lang='lat' dir='ltr'>perfectionem</span> <span class='ocrx_word' id='word_1_235' title='bbox 3167 1780 3570 1853; x_wconf 82' lang='lat' dir='ltr'>vocatus(l63).</span> 
     </span>
    </p>
   </div>
   <div class='ocr_carea' id='block_1_35' title="bbox 242 1833 1931 1922">
    <p class='ocr_par' dir='ltr' id='par_1_35' title="bbox 242 1833 1931 1922">
     <span class='ocr_line' id='line_1_35' title="bbox 242 1833 1931 1922; baseline 0.004 -22"><span class='ocrx_word' id='word_1_236' title='bbox 242 1862 515 1918; x_wconf 77' lang='lat' dir='ltr'>generos,</span> <span class='ocrx_word' id='word_1_237' title='bbox 539 1851 1253 1921; x_wconf 86' lang='lat' dir='ltr'>sequamur,etquantum,</span> <span class='ocrx_word' id='word_1_238' title='bbox 1275 1848 1521 1905; x_wconf 90' lang='lat' dir='ltr'>Domino</span> <span class='ocrx_word' id='word_1_239' title='bbox 1542 1867 1859 1922; x_wconf 81' lang='lat' dir='ltr'>cooperan—</span> <span class='ocrx_word' id='word_1_240' title='bbox 1880 1833 1931 1890; x_wconf 84' lang='grc' dir='ltr'>Β</span> 
     </span>
    </p>
   </div>
   <div class='ocr_carea' id='block_1_36' title="bbox 309 2007 1853 2082">
    <p class='ocr_par' dir='ltr' id='par_1_36' title="bbox 309 2007 1853 2082">
     <span class='ocr_line' id='line_1_36' title="bbox 309 2007 1853 2082; baseline 0.003 -22"><span class='ocrx_word' id='word_1_241' title='bbox 309 2007 455 2082; x_wconf 56' lang='lat' dir='ltr'>(itit)</span> <span class='ocrx_word' id='word_1_242' title='bbox 480 2008 663 2082; x_wconf 75' lang='lat' dir='ltr'>Anno</span> <span class='ocrx_word' id='word_1_243' title='bbox 691 2008 905 2062; x_wconf 90' lang='lat' dir='ltr'>scilicet</span> <span class='ocrx_word' id='word_1_244' title='bbox 960 2010 1115 2082; x_wconf 57' lang='lat' dir='ltr'>108i,</span> <span class='ocrx_word' id='word_1_245' title='bbox 1167 2024 1300 2080; x_wconf 90' lang='lat' dir='ltr'>quo.</span> <span class='ocrx_word' id='word_1_246' title='bbox 1332 2013 1558 2082; x_wconf 86' lang='lat' dir='ltr'>sanctus</span> <span class='ocrx_word' id='word_1_247' title='bbox 1618 2010 1853 2082; x_wconf 87' lang='lat' dir='ltr'>ejusque</span> 
     </span>
    </p>
   </div>
   <div class='ocr_carea' id='block_1_37' title="bbox 232 2077 1851 2151">
    <p class='ocr_par' dir='ltr' id='par_1_37' title="bbox 232 2077 1851 2151">
     <span class='ocr_line' id='line_1_37' title="bbox 232 2077 1851 2151; baseline 0.004 -21"><span class='ocrx_word' id='word_1_248' title='bbox 232 2077 384 2151; x_wconf 84' lang='lat' dir='ltr'>socii</span> <span class='ocrx_word' id='word_1_249' title='bbox 406 2077 718 2151; x_wconf 70' lang='lat' dir='ltr'>Carthasim</span> <span class='ocrx_word' id='word_1_250' title='bbox 731 2095 997 2151; x_wconf 85' lang='lat' dir='ltr'>eremum</span> <span class='ocrx_word' id='word_1_251' title='bbox 1020 2077 1272 2150; x_wconf 78' lang='lat' dir='ltr'>primum</span> <span class='ocrx_word' id='word_1_252' title='bbox 1287 2077 1691 2151; x_wconf 87' lang='lat' dir='ltr'>suntingressi,</span> <span class='ocrx_word' id='word_1_253' title='bbox 1718 2077 1851 2136; x_wconf 76' lang='lat' dir='ltr'>Gar-</span> 
     </span>
    </p>
   </div>
   <div class='ocr_carea' id='block_1_38' title="bbox 231 2149 1561 2221">
    <p class='ocr_par' dir='ltr' id='par_1_38' title="bbox 231 2149 1561 2221">
     <span class='ocr_line' id='line_1_38' title="bbox 231 2149 1561 2221; baseline 0.005 -20"><span class='ocrx_word' id='word_1_254' title='bbox 231 2149 543 2221; x_wconf 76' lang='lat' dir='ltr'>thusiensis</span> <span class='ocrx_word' id='word_1_255' title='bbox 564 2150 705 2203; x_wconf 85' lang='lat' dir='ltr'>ordo</span> <span class='ocrx_word' id='word_1_256' title='bbox 726 2150 955 2204; x_wconf 89' lang='lat' dir='ltr'>initium</span> <span class='ocrx_word' id='word_1_257' title='bbox 977 2149 1260 2221; x_wconf 84' lang='lat' dir='ltr'>accepisse</span> <span class='ocrx_word' id='word_1_258' title='bbox 1278 2149 1561 2208; x_wconf 77' lang='lat' dir='ltr'>censetur.</span> 
     </span>
    </p>
   </div>
   <div class='ocr_carea' id='block_1_39' title="bbox 302 2219 920 2288">
    <p class='ocr_par' dir='ltr' id='par_1_39' title="bbox 302 2219 920 2288">
     <span class='ocr_line' id='line_1_39' title="bbox 302 2219 920 2288; baseline -0.002 -16"><span class='ocrx_word' id='word_1_259' title='bbox 302 2219 450 2288; x_wconf 84' lang='lat'><strong>(162)</strong></span> <span class='ocrx_word' id='word_1_260' title='bbox 477 2220 717 2275; x_wconf 82' lang='lat' dir='ltr'>Joannis</span> <span class='ocrx_word' id='word_1_261' title='bbox 746 2238 799 2287; x_wconf 90' lang='lat' dir='ltr'>v,</span> <span class='ocrx_word' id='word_1_262' title='bbox 838 2225 920 2275; x_wconf 84' lang='lat' dir='ltr'>l9.</span> 
     </span>
    </p>
   </div>
   <div class='ocr_carea' id='block_1_40' title="bbox 300 2291 1851 2365">
    <p class='ocr_par' dir='ltr' id='par_1_40' title="bbox 300 2291 1851 2365">
     <span class='ocr_line' id='line_1_40' title="bbox 300 2291 1851 2365; baseline 0.003 -22"><span class='ocrx_word' id='word_1_263' title='bbox 300 2294 455 2365; x_wconf 50' lang='lat' dir='ltr'>(l6?)</span> <span class='ocrx_word' id='word_1_264' title='bbox 483 2291 608 2365; x_wconf 68' lang='lat' dir='ltr'>Non</span> <span class='ocrx_word' id='word_1_265' title='bbox 636 2308 819 2365; x_wconf 73' lang='lat' dir='ltr'>pauca</span> <span class='ocrx_word' id='word_1_266' title='bbox 850 2292 1056 2359; x_wconf 83' lang='lat' dir='ltr'>adhuc,</span> <span class='ocrx_word' id='word_1_267' title='bbox 1077 2309 1204 2365; x_wconf 62' lang='lat' dir='ltr'>quas</span> <span class='ocrx_word' id='word_1_268' title='bbox 1229 2310 1347 2347; x_wconf 89' lang='lat' dir='ltr'>non</span> <span class='ocrx_word' id='word_1_269' title='bbox 1371 2310 1531 2347; x_wconf 84' lang='lat' dir='ltr'>secus</span> <span class='ocrx_word' id='word_1_270' title='bbox 1544 2296 1716 2365; x_wconf 89' lang='lat' dir='ltr'>atque</span> <span class='ocrx_word' id='word_1_271' title='bbox 1723 2294 1851 2364; x_wconf 89' lang='lat' dir='ltr'>jam</span> 
     </span>
    </p>
   </div>
   <div class='ocr_carea' id='block_1_41' title="bbox 225 2360 1850 2444">
    <p class='ocr_par' dir='ltr' id='par_1_41' title="bbox 225 2360 1850 2444">
     <span class='ocr_line' id='line_1_41' title="bbox 225 2360 1850 2444; baseline 0.002 -29"><span class='ocrx_word' id='word_1_272' title='bbox 225 2361 369 2444; x_wconf 62' lang='lat' dir='ltr'>data</span> <span class='ocrx_word' id='word_1_273' title='bbox 398 2363 538 2416; x_wconf 64' lang='lat' dir='ltr'>Vitae</span> <span class='ocrx_word' id='word_1_274' title='bbox 562 2360 954 2444; x_wconf 35' lang='lat' dir='ltr'>ist—Brunonis‘</span> <span class='ocrx_word' id='word_1_275' title='bbox 973 2360 1215 2418; x_wconf 76' lang='lat' dir='ltr'>nomine</span> <span class='ocrx_word' id='word_1_276' title='bbox 1242 2364 1463 2418; x_wconf 91' lang='lat' dir='ltr'>notavit</span> <span class='ocrx_word' id='word_1_277' title='bbox 1485 2360 1850 2444; x_wconf 62' lang='lat' dir='ltr'>vulgavitque</span> 
     </span>
    </p>
   </div>
   <div class='ocr_carea' id='block_1_42' title="bbox 223 2433 1848 2507">
    <p class='ocr_par' dir='ltr' id='par_1_42' title="bbox 223 2433 1848 2507">
     <span class='ocr_line' id='line_1_42' title="bbox 223 2433 1848 2507; baseline 0.001 -20"><span class='ocrx_word' id='word_1_278' title='bbox 223 2434 538 2507; x_wconf 74' lang='lat' dir='ltr'>Puteanus,</span> <span class='ocrx_word' id='word_1_279' title='bbox 571 2433 661 2487; x_wconf 89' lang='lat' dir='ltr'>hic</span> <span class='ocrx_word' id='word_1_280' title='bbox 685 2434 1062 2503; x_wconf 87' lang='lat' dir='ltr'>adjiciuntur;</span> <span class='ocrx_word' id='word_1_281' title='bbox 1103 2451 1300 2488; x_wconf 89' lang='lat' dir='ltr'>verum</span> <span class='ocrx_word' id='word_1_282' title='bbox 1334 2452 1464 2488; x_wconf 91' lang='lat' dir='ltr'>eum</span> <span class='ocrx_word' id='word_1_283' title='bbox 1489 2433 1627 2489; x_wconf 85' lang='lat' dir='ltr'>nihil</span> <span class='ocrx_word' id='word_1_284' title='bbox 1657 2433 1848 2507; x_wconf 78' lang='lat' dir='ltr'>plane,</span> 
     </span>
    </p>
   </div>
   <div class='ocr_carea' id='block_1_43' title="bbox 219 2505 1847 2577">
    <p class='ocr_par' dir='ltr' id='par_1_43' title="bbox 219 2505 1847 2577">
     <span class='ocr_line' id='line_1_43' title="bbox 219 2505 1847 2577; baseline 0.002 -20"><span class='ocrx_word' id='word_1_285' title='bbox 219 2505 383 2574; x_wconf 90' lang='lat' dir='ltr'>quod</span> <span class='ocrx_word' id='word_1_286' title='bbox 414 2522 448 2558; x_wconf 90' lang='lat' dir='ltr'>a</span> <span class='ocrx_word' id='word_1_287' title='bbox 470 2509 927 2577; x_wconf 86' lang='lat' dir='ltr'>sanctogestum</span> <span class='ocrx_word' id='word_1_288' title='bbox 959 2507 1050 2571; x_wconf 88' lang='lat' dir='ltr'>sit,</span> <span class='ocrx_word' id='word_1_289' title='bbox 1082 2507 1561 2577; x_wconf 87' lang='lat' dir='ltr'>complectantur,</span> <span class='ocrx_word' id='word_1_290' title='bbox 1592 2505 1847 2560; x_wconf 81' lang='lat' dir='ltr'>tantum-</span> 
     </span>
    </p>
   </div>
   <div class='ocr_carea' id='block_1_44' title="bbox 220 2576 1846 2647">
    <p class='ocr_par' dir='ltr' id='par_1_44' title="bbox 220 2576 1846 2647">
     <span class='ocr_line' id='line_1_44' title="bbox 220 2576 1846 2647; baseline 0.002 -20"><span class='ocrx_word' id='word_1_291' title='bbox 220 2592 339 2647; x_wconf 87' lang='lat' dir='ltr'>que</span> <span class='ocrx_word' id='word_1_292' title='bbox 364 2592 481 2647; x_wconf 77' lang='lat' dir='ltr'>una</span> <span class='ocrx_word' id='word_1_293' title='bbox 510 2592 640 2629; x_wconf 92' lang='lat' dir='ltr'>cum</span> <span class='ocrx_word' id='word_1_294' title='bbox 674 2576 761 2647; x_wconf 88' lang='lat' dir='ltr'>iis,</span> <span class='ocrx_word' id='word_1_295' title='bbox 798 2593 926 2647; x_wconf 75' lang='lat' dir='ltr'>quae</span> <span class='ocrx_word' id='word_1_296' title='bbox 946 2577 1131 2630; x_wconf 89' lang='lat' dir='ltr'>tribus</span> <span class='ocrx_word' id='word_1_297' title='bbox 1159 2576 1375 2630; x_wconf 88' lang='lat' dir='ltr'>ultimis</span> <span class='ocrx_word' id='word_1_298' title='bbox 1396 2577 1653 2631; x_wconf 86' lang='lat' dir='ltr'>numeris</span> <span class='ocrx_word' id='word_1_299' title='bbox 1672 2577 1846 2630; x_wconf 92' lang='lat' dir='ltr'>modo</span> 
     </span>
    </p>
   </div>
   <div class='ocr_carea' id='block_1_45' title="bbox 222 2646 1845 2713">
    <p class='ocr_par' dir='ltr' id='par_1_45' title="bbox 222 2646 1845 2713">
     <span class='ocr_line' id='line_1_45' title="bbox 222 2646 1845 2713; baseline 0.002 -15"><span class='ocrx_word' id='word_1_300' title='bbox 222 2646 321 2699; x_wconf 87' lang='lat' dir='ltr'>hic</span> <span class='ocrx_word' id='word_1_301' title='bbox 346 2646 498 2713; x_wconf 91' lang='lat' dir='ltr'>dedi,</span> <span class='ocrx_word' id='word_1_302' title='bbox 538 2646 865 2701; x_wconf 78' lang='lat' dir='ltr'>orationem</span> <span class='ocrx_word' id='word_1_303' title='bbox 909 2647 981 2701; x_wconf 88' lang='lat' dir='ltr'>ad</span> <span class='ocrx_word' id='word_1_304' title='bbox 1025 2648 1433 2701; x_wconf 86' lang='lat' dir='ltr'>Carthusianos</span> <span class='ocrx_word' id='word_1_305' title='bbox 1462 2649 1845 2702; x_wconf 87' lang='lat' dir='ltr'>hortatoriam</span> 
     </span>
    </p>
   </div>
   <div class='ocr_carea' id='block_1_46' title="bbox 226 2717 1846 2789">
    <p class='ocr_par' dir='ltr' id='par_1_46' title="bbox 226 2717 1846 2789">
     <span class='ocr_line' id='line_1_46' title="bbox 226 2717 1846 2789; baseline 0.001 -20"><span class='ocrx_word' id='word_1_306' title='bbox 226 2717 603 2789; x_wconf 81' lang='lat' dir='ltr'>constituant,</span> <span class='ocrx_word' id='word_1_307' title='bbox 628 2718 700 2770; x_wconf 91' lang='lat' dir='ltr'>ab</span> <span class='ocrx_word' id='word_1_308' title='bbox 733 2717 817 2783; x_wconf 90' lang='lat' dir='ltr'>iis,</span> <span class='ocrx_word' id='word_1_309' title='bbox 852 2734 985 2771; x_wconf 89' lang='lat' dir='ltr'>cum</span> <span class='ocrx_word' id='word_1_310' title='bbox 1020 2718 1230 2772; x_wconf 89' lang='lat' dir='ltr'>merito</span> <span class='ocrx_word' id='word_1_311' title='bbox 1248 2735 1350 2789; x_wconf 90' lang='lat' dir='ltr'>pro</span> <span class='ocrx_word' id='word_1_312' title='bbox 1378 2723 1538 2789; x_wconf 90' lang='lat' dir='ltr'>parte</span> <span class='ocrx_word' id='word_1_313' title='bbox 1554 2719 1692 2771; x_wconf 70' lang='lat' dir='ltr'>Vitze</span> <span class='ocrx_word' id='word_1_314' title='bbox 1720 2735 1846 2771; x_wconf 84' lang='lat' dir='ltr'>san-</span> 
     </span>
    </p>
   </div>
   <div class='ocr_carea' id='block_1_47' title="bbox 220 2787 1845 2859">
    <p class='ocr_par' dir='ltr' id='par_1_47' title="bbox 220 2787 1845 2859">
     <span class='ocr_line' id='line_1_47' title="bbox 220 2787 1845 2859; baseline 0.001 -19"><span class='ocrx_word' id='word_1_315' title='bbox 220 2788 298 2859; x_wconf 83' lang='lat' dir='ltr'>cti</span> <span class='ocrx_word' id='word_1_316' title='bbox 324 2787 503 2859; x_wconf 87' lang='lat' dir='ltr'>nostri</span> <span class='ocrx_word' id='word_1_317' title='bbox 519 2788 714 2859; x_wconf 82' lang='lat' dir='ltr'>haberi</span> <span class='ocrx_word' id='word_1_318' title='bbox 739 2788 891 2842; x_wconf 86' lang='lat' dir='ltr'>haud</span> <span class='ocrx_word' id='word_1_319' title='bbox 913 2792 1150 2859; x_wconf 88' lang='lat' dir='ltr'>queant,</span> <span class='ocrx_word' id='word_1_320' title='bbox 1174 2787 1538 2842; x_wconf 77' lang='lat' dir='ltr'>recensendis</span> <span class='ocrx_word' id='word_1_321' title='bbox 1554 2789 1845 2842; x_wconf 85' lang='lat' dir='ltr'>abstinen-</span> 
     </span>
    </p>
   </div>
   <div class='ocr_carea' id='block_1_48' title="bbox 222 2858 1843 2939">
    <p class='ocr_par' dir='ltr' id='par_1_48' title="bbox 222 2858 1843 2939">
     <span class='ocr_line' id='line_1_48' title="bbox 222 2858 1843 2939; baseline 0.002 -28"><span class='ocrx_word' id='word_1_322' title='bbox 222 2858 368 2939; x_wconf 74' lang='lat' dir='ltr'>dum</span> <span class='ocrx_word' id='word_1_323' title='bbox 401 2858 553 2939; x_wconf 68' lang='lat' dir='ltr'>duxi.</span> <span class='ocrx_word' id='word_1_324' title='bbox 588 2858 945 2939; x_wconf 62' lang='lat' dir='ltr'>Eainterim,</span> <span class='ocrx_word' id='word_1_325' title='bbox 971 2876 1099 2939; x_wconf 70' lang='lat' dir='ltr'>quin</span> <span class='ocrx_word' id='word_1_326' title='bbox 1136 2860 1195 2939; x_wconf 80' lang='lat' dir='ltr'>in</span> <span class='ocrx_word' id='word_1_327' title='bbox 1228 2860 1323 2939; x_wconf 36' lang='lat' dir='ltr'>hic.</span> <span class='ocrx_word' id='word_1_328' title='bbox 1351 2860 1843 2939; x_wconf 61' lang='lat' dir='ltr'>suppeditatama</span> 
     </span>
    </p>
   </div>
   <div class='ocr_carea' id='block_1_49' title="bbox 219 2929 1839 3001">
    <p class='ocr_par' dir='ltr' id='par_1_49' title="bbox 219 2929 1839 3001">
     <span class='ocr_line' id='line_1_49' title="bbox 219 2929 1839 3001; baseline 0.001 -19"><span class='ocrx_word' id='word_1_329' title='bbox 219 2929 547 3001; x_wconf 84' lang='lat' dir='ltr'>biographo</span> <span class='ocrx_word' id='word_1_330' title='bbox 564 2933 760 3001; x_wconf 79' lang='lat' dir='ltr'>nostro</span> <span class='ocrx_word' id='word_1_331' title='bbox 777 2929 1091 3001; x_wconf 68' lang='lat' dir='ltr'>Carthasim</span> <span class='ocrx_word' id='word_1_332' title='bbox 1112 2929 1529 3000; x_wconf 72' lang='lat' dir='ltr'>etymologiam</span> <span class='ocrx_word' id='word_1_333' title='bbox 1551 2930 1839 2999; x_wconf 87' lang='lat' dir='ltr'>Theophi-</span> 
     </span>
    </p>
   </div>
   <div class='ocr_carea' id='block_1_50' title="bbox 212 2999 1838 3072">
    <p class='ocr_par' dir='ltr' id='par_1_50' title="bbox 212 2999 1838 3072">
     <span class='ocr_line' id='line_1_50' title="bbox 212 2999 1838 3072; baseline 0.002 -20"><span class='ocrx_word' id='word_1_334' title='bbox 212 2999 305 3072; x_wconf 84' lang='lat' dir='ltr'>lus</span> <span class='ocrx_word' id='word_1_335' title='bbox 320 2999 665 3070; x_wconf 24' lang='lat' dir='ltr'>Ray‘naudus</span> <span class='ocrx_word' id='word_1_336' title='bbox 690 3001 745 3053; x_wconf 89' lang='lat' dir='ltr'>in</span> <span class='ocrx_word' id='word_1_337' title='bbox 774 3000 977 3072; x_wconf 87' lang='lat' dir='ltr'>Stylita</span> <span class='ocrx_word' id='word_1_338' title='bbox 1001 2999 1257 3072; x_wconf 84' lang='lat' dir='ltr'>mystico,</span> <span class='ocrx_word' id='word_1_339' title='bbox 1293 3005 1505 3071; x_wconf 77' lang='lat' dir='ltr'>puncto</span> <span class='ocrx_word' id='word_1_340' title='bbox 1534 3002 1586 3072; x_wconf 67' lang='grc'>4,</span> <span class='ocrx_word' id='word_1_341' title='bbox 1618 3018 1778 3053; x_wconf 90' lang='lat' dir='ltr'>num.</span> <span class='ocrx_word' id='word_1_342' title='bbox 1808 3004 1838 3055; x_wconf 88' lang='lat'><strong>9</strong></span> 
     </span>
    </p>
   </div>
   <div class='ocr_carea' id='block_1_51' title="bbox 212 3071 1838 3142">
    <p class='ocr_par' dir='ltr' id='par_1_51' title="bbox 212 3071 1838 3142">
     <span class='ocr_line' id='line_1_51' title="bbox 212 3071 1838 3142; baseline 0 -17"><span class='ocrx_word' id='word_1_343' title='bbox 212 3071 503 3137; x_wconf 87' lang='lat' dir='ltr'>observat,</span> <span class='ocrx_word' id='word_1_344' title='bbox 540 3072 696 3125; x_wconf 91' lang='lat' dir='ltr'>lubet</span> <span class='ocrx_word' id='word_1_345' title='bbox 736 3071 848 3125; x_wconf 83' lang='lat' dir='ltr'>hie</span> <span class='ocrx_word' id='word_1_346' title='bbox 882 3071 1079 3125; x_wconf 86' lang='lat' dir='ltr'>lectori</span> <span class='ocrx_word' id='word_1_347' title='bbox 1124 3088 1473 3142; x_wconf 87' lang='lat' dir='ltr'>proponere.</span> <span class='ocrx_word' id='word_1_348' title='bbox 1526 3071 1615 3125; x_wconf 88' lang='lat' dir='ltr'>Sic</span> <span class='ocrx_word' id='word_1_349' title='bbox 1644 3071 1838 3142; x_wconf 88' lang='lat' dir='ltr'>itaque</span> 
     </span>
    </p>
   </div>
   <div class='ocr_carea' id='block_1_52' title="bbox 209 3142 1835 3213">
    <p class='ocr_par' dir='ltr' id='par_1_52' title="bbox 209 3142 1835 3213">
     <span class='ocr_line' id='line_1_52' title="bbox 209 3142 1835 3213; baseline -0.001 -17"><span class='ocrx_word' id='word_1_350' title='bbox 209 3142 437 3196; x_wconf 89' lang='lat' dir='ltr'>ibidem</span> <span class='ocrx_word' id='word_1_351' title='bbox 464 3142 677 3195; x_wconf 87' lang='lat' dir='ltr'>habet:</span> <span class='ocrx_word' id='word_1_352' title='bbox 720 3142 993 3213; x_wconf 79' lang='lat' dir='ltr'>Quidquid</span> <span class='ocrx_word' id='word_1_353' title='bbox 1031 3144 1098 3195; x_wconf 81' lang='lat' dir='ltr'>sit</span> <span class='ocrx_word' id='word_1_354' title='bbox 1127 3143 1190 3197; x_wconf 85' lang='lat' dir='ltr'>de</span> <span class='ocrx_word' id='word_1_355' title='bbox 1210 3145 1348 3196; x_wconf 80' lang='lat' dir='ltr'>vocis</span> <span class='ocrx_word' id='word_1_356' title='bbox 1382 3143 1717 3207; x_wconf 69' lang='lat' dir='ltr'>(Carthasim</span> <span class='ocrx_word' id='word_1_357' title='bbox 1747 3142 1835 3195; x_wconf 85' lang='lat' dir='ltr'>ni-</span> 
     </span>
    </p>
   </div>
   <div class='ocr_carea' id='block_1_53' title="bbox 209 3213 1832 3285">
    <p class='ocr_par' dir='ltr' id='par_1_53' title="bbox 209 3213 1832 3285">
     <span class='ocr_line' id='line_1_53' title="bbox 209 3213 1832 3285; baseline -0.001 -18"><span class='ocrx_word' id='word_1_358' title='bbox 209 3213 432 3267; x_wconf 88' lang='lat' dir='ltr'>mirum</span> <span class='ocrx_word' id='word_1_359' title='bbox 480 3215 839 3280; x_wconf 74' lang='lat' dir='ltr'>originatione</span> <span class='ocrx_word' id='word_1_360' title='bbox 872 3216 1159 3285; x_wconf 64' lang='lat' dir='ltr'>primaeva,</span> <span class='ocrx_word' id='word_1_361' title='bbox 1206 3216 1328 3284; x_wconf 74' lang='lat' dir='ltr'>quis</span> <span class='ocrx_word' id='word_1_362' title='bbox 1359 3218 1509 3282; x_wconf 84' lang='lat' dir='ltr'>neget</span> <span class='ocrx_word' id='word_1_363' title='bbox 1536 3214 1606 3266; x_wconf 80' lang='lat' dir='ltr'>ad</span> <span class='ocrx_word' id='word_1_364' title='bbox 1638 3214 1832 3266; x_wconf 85' lang='lat' dir='ltr'>verita-</span> 
     </span>
    </p>
   </div>
   <div class='ocr_carea' id='block_1_54' title="bbox 1957 2005 3572 2086">
    <p class='ocr_par' dir='ltr' id='par_1_54' title="bbox 1957 2005 3572 2086">
     <span class='ocr_line' id='line_1_54' title="bbox 1957 2005 3572 2086; baseline 0.007 -29"><span class='ocrx_word' id='word_1_365' title='bbox 1957 2006 2059 2086; x_wconf 70' lang='lat' dir='ltr'>gui</span> <span class='ocrx_word' id='word_1_366' title='bbox 2078 2006 2273 2086; x_wconf 74' lang='lat' dir='ltr'>sciam,</span> <span class='ocrx_word' id='word_1_367' title='bbox 2307 2010 2430 2086; x_wconf 72' lang='lat' dir='ltr'>ante</span> <span class='ocrx_word' id='word_1_368' title='bbox 2453 2005 2662 2075; x_wconf 76' lang='lat' dir='ltr'>apulsos</span> <span class='ocrx_word' id='word_1_369' title='bbox 2688 2007 2816 2061; x_wconf 87' lang='lat' dir='ltr'>illuc</span> <span class='ocrx_word' id='word_1_370' title='bbox 2850 2005 2913 2061; x_wconf 89' lang='lat' dir='ltr'>S.</span> <span class='ocrx_word' id='word_1_371' title='bbox 2949 2006 3286 2086; x_wconf 45' lang='lat' dir='ltr'>“Brunonem</span> <span class='ocrx_word' id='word_1_372' title='bbox 3313 2026 3375 2065; x_wconf 90' lang='lat' dir='ltr'>ac</span> <span class='ocrx_word' id='word_1_373' title='bbox 3405 2014 3572 2070; x_wconf 79' lang='lat' dir='ltr'>socios</span> 
     </span>
    </p>
   </div>
   <div class='ocr_carea' id='block_1_55' title="bbox 1958 2076 3572 2151">
    <p class='ocr_par' dir='ltr' id='par_1_55' title="bbox 1958 2076 3572 2151">
     <span class='ocr_line' id='line_1_55' title="bbox 1958 2076 3572 2151; baseline 0.007 -24"><span class='ocrx_word' id='word_1_374' title='bbox 1958 2076 2012 2151; x_wconf 79' lang='lat' dir='ltr'>id</span> <span class='ocrx_word' id='word_1_375' title='bbox 2024 2076 2148 2145; x_wconf 87' lang='lat' dir='ltr'>jam</span> <span class='ocrx_word' id='word_1_376' title='bbox 2183 2077 2349 2151; x_wconf 67' lang='lat' dir='ltr'>fuisse</span> <span class='ocrx_word' id='word_1_377' title='bbox 2402 2076 2509 2151; x_wconf 78' lang='lat' dir='ltr'>loco</span> <span class='ocrx_word' id='word_1_378' title='bbox 2555 2086 2891 2151; x_wconf 37' lang='lat' dir='ltr'>nomentat</span> <span class='ocrx_word' id='word_1_379' title='bbox 2940 2079 3103 2151; x_wconf 77' lang='lat' dir='ltr'>liquet</span> <span class='ocrx_word' id='word_1_380' title='bbox 3146 2098 3209 2133; x_wconf 73' lang='lat' dir='ltr'>ex</span> <span class='ocrx_word' id='word_1_381' title='bbox 3236 2098 3352 2151; x_wconf 85' lang='lat' dir='ltr'>cap.</span> <span class='ocrx_word' id='word_1_382' title='bbox 3375 2099 3428 2136; x_wconf 70' lang='grc' dir='ltr'>ιχ</span> <span class='ocrx_word' id='word_1_383' title='bbox 3459 2091 3509 2137; x_wconf 87' lang='lat' dir='ltr'>et</span> <span class='ocrx_word' id='word_1_384' title='bbox 3536 2101 3572 2140; x_wconf 83' lang='lat' dir='ltr'><strong>x</strong></span> 
     </span>
    </p>
   </div>
   <div class='ocr_carea' id='block_1_56' title="bbox 1953 2146 3576 2209">
    <p class='ocr_par' dir='ltr' id='par_1_56' title="bbox 1953 2146 3576 2209">
     <span class='ocr_line' id='line_1_56' title="bbox 1953 2146 3576 2209; baseline 0.006 -10"><span class='ocrx_word' id='word_1_385' title='bbox 1953 2146 2219 2200; x_wconf 87' lang='lat' dir='ltr'>Actorum</span> <span class='ocrx_word' id='word_1_386' title='bbox 2246 2163 2279 2199; x_wconf 90' lang='lat' dir='ltr'>a</span> <span class='ocrx_word' id='word_1_387' title='bbox 2301 2147 2466 2201; x_wconf 89' lang='lat' dir='ltr'>Surio</span> <span class='ocrx_word' id='word_1_388' title='bbox 2491 2148 2705 2202; x_wconf 84' lang='lat' dir='ltr'>scilicet</span> <span class='ocrx_word' id='word_1_389' title='bbox 2729 2146 3020 2203; x_wconf 78' lang='lat' dir='ltr'>editorum</span> <span class='ocrx_word' id='word_1_390' title='bbox 3049 2150 3105 2204; x_wconf 91' lang='lat' dir='ltr'>S.</span> <span class='ocrx_word' id='word_1_391' title='bbox 3136 2146 3576 2209; x_wconf 73' lang='lat' dir='ltr'>Brunbnis.Nisi</span> 
     </span>
    </p>
   </div>
   <div class='ocr_carea' id='block_1_57' title="bbox 1954 2220 3572 2293">
    <p class='ocr_par' dir='ltr' id='par_1_57' title="bbox 1954 2220 3572 2293">
     <span class='ocr_line' id='line_1_57' title="bbox 1954 2220 3572 2293; baseline 0.005 -22"><span class='ocrx_word' id='word_1_392' title='bbox 1954 2220 2141 2293; x_wconf 72' lang='lat' dir='ltr'>Sipus!</span> <span class='ocrx_word' id='word_1_393' title='bbox 2198 2226 2507 2293; x_wconf 85' lang='lat' dir='ltr'>sanctorum</span> <span class='ocrx_word' id='word_1_394' title='bbox 2552 2220 2659 2273; x_wconf 79' lang='lat' dir='ltr'>illic</span> <span class='ocrx_word' id='word_1_395' title='bbox 2700 2221 3081 2274; x_wconf 78' lang='lat' dir='ltr'>habitationem</span> <span class='ocrx_word' id='word_1_396' title='bbox 3113 2229 3163 2275; x_wconf 88' lang='lat' dir='ltr'>et</span> <span class='ocrx_word' id='word_1_397' title='bbox 3190 2235 3428 2293; x_wconf 71' lang='lat' dir='ltr'>exceptas</span> <span class='ocrx_word' id='word_1_398' title='bbox 3464 2226 3572 2280; x_wconf 85' lang='lat' dir='ltr'>illic</span> 
     </span>
    </p>
   </div>
   <div class='ocr_carea' id='block_1_58' title="bbox 1954 2290 3572 2366">
    <p class='ocr_par' dir='ltr' id='par_1_58' title="bbox 1954 2290 3572 2366">
     <span class='ocr_line' id='line_1_58' title="bbox 1954 2290 3572 2366; baseline 0.006 -24"><span class='ocrx_word' id='word_1_399' title='bbox 1954 2290 2121 2366; x_wconf 58' lang='lat' dir='ltr'>abeis</span> <span class='ocrx_word' id='word_1_400' title='bbox 2169 2292 2632 2366; x_wconf 59' lang='lat' dir='ltr'>macerationcsct</span> <span class='ocrx_word' id='word_1_401' title='bbox 2681 2294 3011 2348; x_wconf 76' lang='lat' dir='ltr'>contusiones</span> <span class='ocrx_word' id='word_1_402' title='bbox 3038 2290 3320 2366; x_wconf 49' lang='lat' dir='ltr'>corporis,—</span> <span class='ocrx_word' id='word_1_403' title='bbox 3347 2298 3572 2366; x_wconf 81' lang='lat' dir='ltr'>conligit</span> 
     </span>
    </p>
   </div>
   <div class='ocr_carea' id='block_1_59' title="bbox 1956 2360 3565 2436">
    <p class='ocr_par' dir='ltr' id='par_1_59' title="bbox 1956 2360 3565 2436">
     <span class='ocr_line' id='line_1_59' title="bbox 1956 2360 3565 2436; baseline 0.006 -24"><span class='ocrx_word' id='word_1_404' title='bbox 1956 2360 2181 2436; x_wconf 81' lang='lat' dir='ltr'>inditam</span> <span class='ocrx_word' id='word_1_405' title='bbox 2234 2368 2384 2436; x_wconf 65' lang='lat' dir='ltr'>tunc~</span> <span class='ocrx_word' id='word_1_406' title='bbox 2420 2362 2826 2436; x_wconf 79' lang='lat' dir='ltr'>appellationem</span> <span class='ocrx_word' id='word_1_407' title='bbox 2882 2360 3174 2436; x_wconf 74' lang='lat' dir='ltr'>retrotraizi</span> <span class='ocrx_word' id='word_1_408' title='bbox 3222 2364 3294 2417; x_wconf 88' lang='lat' dir='ltr'>ad</span> <span class='ocrx_word' id='word_1_409' title='bbox 3339 2360 3565 2436; x_wconf 68' lang='lat' dir='ltr'>tempus,</span> 
     </span>
    </p>
   </div>
   <div class='ocr_carea' id='block_1_60' title="bbox 1940 2430 3570 2505">
    <p class='ocr_par' dir='ltr' id='par_1_60' title="bbox 1940 2430 3570 2505">
     <span class='ocr_line' id='line_1_60' title="bbox 1940 2430 3570 2505; baseline 0.006 -22"><span class='ocrx_word' id='word_1_410' title='bbox 1940 2434 2266 2505; x_wconf 71' lang='lat' dir='ltr'>priusquam</span> <span class='ocrx_word' id='word_1_411' title='bbox 2288 2450 2318 2483; x_wconf 82' lang='grc' dir='ltr'><em>α</em></span> <span class='ocrx_word' id='word_1_412' title='bbox 2340 2430 2562 2505; x_wconf 79' lang='lat' dir='ltr'>Sanctis</span> <span class='ocrx_word' id='word_1_413' title='bbox 2581 2434 2917 2499; x_wconf 83' lang='lat' dir='ltr'>incoleretur,</span> <span class='ocrx_word' id='word_1_414' title='bbox 2940 2435 3201 2505; x_wconf 74' lang='lat' dir='ltr'>siquando</span> <span class='ocrx_word' id='word_1_415' title='bbox 3226 2436 3289 2489; x_wconf 89' lang='lat' dir='ltr'>de</span> <span class='ocrx_word' id='word_1_416' title='bbox 3309 2430 3570 2492; x_wconf 64' lang='lat' dir='ltr'>anteriori</span> 
     </span>
    </p>
   </div>
   <div class='ocr_carea' id='block_1_61' title="bbox 1952 2502 3561 2577">
    <p class='ocr_par' dir='ltr' id='par_1_61' title="bbox 1952 2502 3561 2577">
     <span class='ocr_line' id='line_1_61' title="bbox 1952 2502 3561 2577; baseline 0.005 -22"><span class='ocrx_word' id='word_1_417' title='bbox 1952 2502 2040 2555; x_wconf 85' lang='lat' dir='ltr'>illo</span> <span class='ocrx_word' id='word_1_418' title='bbox 2061 2510 2287 2577; x_wconf 74' lang='lat' dir='ltr'>tempore</span> <span class='ocrx_word' id='word_1_419' title='bbox 2303 2503 2554 2557; x_wconf 82' lang='lat' dir='ltr'>incideret</span> <span class='ocrx_word' id='word_1_420' title='bbox 2591 2523 2783 2558; x_wconf 80' lang='lat' dir='ltr'>sermo.</span> <span class='ocrx_word' id='word_1_421' title='bbox 2818 2505 2969 2560; x_wconf 89' lang='lat' dir='ltr'>Nam</span> <span class='ocrx_word' id='word_1_422' title='bbox 2992 2502 3109 2577; x_wconf 74' lang='lat' dir='ltr'>ipsa</span> <span class='ocrx_word' id='word_1_423' title='bbox 3160 2524 3368 2577; x_wconf 79' lang='lat' dir='ltr'>quoque</span> <span class='ocrx_word' id='word_1_424' title='bbox 3409 2507 3561 2563; x_wconf 82' lang='lat' dir='ltr'>Scri-</span> 
     </span>
    </p>
   </div>
   <div class='ocr_carea' id='block_1_62' title="bbox 1938 2524 3560 2649">
    <p class='ocr_par' dir='ltr' id='par_1_62' title="bbox 1938 2524 3560 2649">
     <span class='ocr_line' id='line_1_62' title="bbox 1952 2524 3560 2577; baseline 0.005 -22"><span class='ocrx_word' id='word_1_425' title='bbox 1952 2524 2040 2555; x_wconf 83' lang='lat' dir='ltr'>uw</span> <span class='ocrx_word' id='word_1_426' title='bbox 2061 2524 2554 2572; x_wconf 74' lang='lat' dir='ltr'>tempurcmcmeret</span> <span class='ocrx_word' id='word_1_427' title='bbox 2591 2524 2783 2558; x_wconf 80' lang='lat' dir='ltr'>sermo.</span> <span class='ocrx_word' id='word_1_428' title='bbox 2818 2524 3013 2560; x_wconf 63' lang='lat' dir='ltr'>nam:</span> <span class='ocrx_word' id='word_1_429' title='bbox 3052 2524 3109 2558; x_wconf 83' lang='lat' dir='ltr'>sa</span> <span class='ocrx_word' id='word_1_430' title='bbox 3160 2524 3368 2577; x_wconf 81' lang='lat' dir='ltr'>quoque</span> <span class='ocrx_word' id='word_1_431' title='bbox 3409 2524 3560 2563; x_wconf 61' lang='lat' dir='ltr'>acri-</span> 
     </span>
     <span class='ocr_line' id='line_1_63' title="bbox 1938 2524 3560 2649; baseline 0.006 -24"><span class='ocrx_word' id='word_1_432' title='bbox 1938 2580 2107 2649; x_wconf 79' lang='lat' dir='ltr'>ptura</span> <span class='ocrx_word' id='word_1_433' title='bbox 2122 2575 2436 2649; x_wconf 69' lang='lat' dir='ltr'>plerumque</span> <span class='ocrx_word' id='word_1_434' title='bbox 2473 2578 2689 2649; x_wconf 83' lang='lat' dir='ltr'>nomina</span> <span class='ocrx_word' id='word_1_435' title='bbox 2722 2577 2956 2631; x_wconf 87' lang='lat' dir='ltr'>locorum</span> <span class='ocrx_word' id='word_1_436' title='bbox 2984 2524 3214 2649; x_wconf 57' lang='lat' dir='ltr'>(resumit</span> <span class='ocrx_word' id='word_1_437' title='bbox 3246 2595 3278 2631; x_wconf 91' lang='lat' dir='ltr'>a</span> <span class='ocrx_word' id='word_1_438' title='bbox 3294 2582 3560 2649; x_wconf 81' lang='lat' dir='ltr'>posterio-</span> 
     </span>
    </p>
   </div>
   <div class='ocr_carea' id='block_1_63' title="bbox 1949 2644 3560 2719">
    <p class='ocr_par' dir='ltr' id='par_1_63' title="bbox 1949 2644 3560 2719">
     <span class='ocr_line' id='line_1_64' title="bbox 1949 2644 3560 2719; baseline 0.007 -24"><span class='ocrx_word' id='word_1_439' title='bbox 1949 2644 2094 2719; x_wconf 55' lang='lat' dir='ltr'>ribus</span> <span class='ocrx_word' id='word_1_440' title='bbox 2131 2646 2418 2719; x_wconf 62' lang='lat' dir='ltr'>(mentibus,</span> <span class='ocrx_word' id='word_1_441' title='bbox 2454 2653 2510 2698; x_wconf 89' lang='lat' dir='ltr'>ut</span> <span class='ocrx_word' id='word_1_442' title='bbox 2536 2648 2657 2715; x_wconf 76' lang='lat' dir='ltr'>fuse</span> <span class='ocrx_word' id='word_1_443' title='bbox 2677 2646 3095 2719; x_wconf 67' lang='lat' dir='ltr'>prosequiturS.</span> <span class='ocrx_word' id='word_1_444' title='bbox 3128 2644 3560 2718; x_wconf 59' lang='lat' dir='ltr'>C/irysostomus.</span> 
     </span>
    </p>
   </div>
   <div class='ocr_carea' id='block_1_64' title="bbox 1949 2714 3565 2785">
    <p class='ocr_par' dir='ltr' id='par_1_64' title="bbox 1949 2714 3565 2785">
     <span class='ocr_line' id='line_1_65' title="bbox 1949 2714 3565 2785; baseline 0.007 -20"><span class='ocrx_word' id='word_1_445' title='bbox 1949 2714 2203 2780; x_wconf 63' lang='lat' dir='ltr'>Quamvis</span> <span class='ocrx_word' id='word_1_446' title='bbox 2237 2717 2401 2782; x_wconf 78' lang='lat' dir='ltr'>igitur</span> <span class='ocrx_word' id='word_1_447' title='bbox 2456 2714 2919 2772; x_wconf 49' lang='lat' dir='ltr'>notatio—runninis</span> <span class='ocrx_word' id='word_1_448' title='bbox 2971 2714 3293 2785; x_wconf 54' lang='lat' dir='ltr'>Curi/iusta),</span> <span class='ocrx_word' id='word_1_449' title='bbox 3338 2738 3370 2773; x_wconf 91' lang='lat' dir='ltr'>a</span> <span class='ocrx_word' id='word_1_450' title='bbox 3404 2739 3565 2777; x_wconf 88' lang='lat' dir='ltr'>carne</span> 
     </span>
    </p>
   </div>
   <div class='ocr_carea' id='block_1_65' title="bbox 1948 2788 3564 2858">
    <p class='ocr_par' dir='ltr' id='par_1_65' title="bbox 1948 2788 3564 2858">
     <span class='ocr_line' id='line_1_66' title="bbox 1948 2788 3564 2858; baseline 0.006 -22"><span class='ocrx_word' id='word_1_451' title='bbox 1948 2791 2063 2838; x_wconf 78' lang='lat' dir='ltr'>lusa</span> <span class='ocrx_word' id='word_1_452' title='bbox 2095 2794 2142 2839; x_wconf 85' lang='lat' dir='ltr'>et</span> <span class='ocrx_word' id='word_1_453' title='bbox 2174 2793 2464 2851; x_wconf 83' lang='lat' dir='ltr'>macerata,</span> <span class='ocrx_word' id='word_1_454' title='bbox 2499 2788 2667 2841; x_wconf 78' lang='lat' dir='ltr'>videri</span> <span class='ocrx_word' id='word_1_455' title='bbox 2712 2792 2884 2858; x_wconf 76' lang='lat' dir='ltr'>possit</span> <span class='ocrx_word' id='word_1_456' title='bbox 2909 2792 3147 2851; x_wconf 88' lang='lat' dir='ltr'>incerta;</span> <span class='ocrx_word' id='word_1_457' title='bbox 3204 2796 3383 2843; x_wconf 82' lang='lat' dir='ltr'>tamen</span> <span class='ocrx_word' id='word_1_458' title='bbox 3412 2800 3564 2847; x_wconf 85' lang='lat' dir='ltr'>nota-</span> 
     </span>
    </p>
   </div>
   <div class='ocr_carea' id='block_1_66' title="bbox 1947 2858 3560 2929">
    <p class='ocr_par' dir='ltr' id='par_1_66' title="bbox 1947 2858 3560 2929">
     <span class='ocr_line' id='line_1_67' title="bbox 1947 2858 3560 2929; baseline 0.007 -20"><span class='ocrx_word' id='word_1_459' title='bbox 1947 2858 2080 2929; x_wconf 69' lang='lat' dir='ltr'>tioni</span> <span class='ocrx_word' id='word_1_460' title='bbox 2105 2858 2184 2909; x_wconf 84' lang='lat' dir='ltr'>illi</span> <span class='ocrx_word' id='word_1_461' title='bbox 2215 2858 2449 2926; x_wconf 68' lang='lat' dir='ltr'>subjecta</span> <span class='ocrx_word' id='word_1_462' title='bbox 2486 2860 2642 2929; x_wconf 74' lang='lat' dir='ltr'>notio</span> <span class='ocrx_word' id='word_1_463' title='bbox 2690 2861 2967 2929; x_wconf 77' lang='lat' dir='ltr'>perspicue</span> <span class='ocrx_word' id='word_1_464' title='bbox 3014 2866 3089 2912; x_wconf 78' lang='lat' dir='ltr'>est</span> <span class='ocrx_word' id='word_1_465' title='bbox 3132 2860 3203 2913; x_wconf 82' lang='lat' dir='ltr'>ad</span> <span class='ocrx_word' id='word_1_466' title='bbox 3258 2863 3560 2920; x_wconf 84' lang='lat' dir='ltr'>veritatem.</span> 
     </span>
    </p>
   </div>
   <div class='ocr_carea' id='block_1_67' title="bbox 1945 2926 3560 3005">
    <p class='ocr_par' dir='ltr' id='par_1_67' title="bbox 1945 2926 3560 3005">
     <span class='ocr_line' id='line_1_68' title="bbox 1945 2926 3560 3005; baseline 0.006 -26"><span class='ocrx_word' id='word_1_467' title='bbox 1945 2926 2336 3005; x_wconf 58' lang='lat' dir='ltr'>Quadratsane</span> <span class='ocrx_word' id='word_1_468' title='bbox 2382 2928 2552 2982; x_wconf 85' lang='lat' dir='ltr'>multo</span> <span class='ocrx_word' id='word_1_469' title='bbox 2599 2926 2988 3005; x_wconf 34' lang='lat' dir='ltr'>ina‘gisfquam</span> <span class='ocrx_word' id='word_1_470' title='bbox 3018 2930 3266 3005; x_wconf 36' lang='lat' dir='ltr'>illa‘alia,</span> <span class='ocrx_word' id='word_1_471' title='bbox 3315 2949 3421 3005; x_wconf 70' lang='lat' dir='ltr'>pro</span> <span class='ocrx_word' id='word_1_472' title='bbox 3451 2952 3560 3005; x_wconf 83' lang='lat' dir='ltr'>qua</span> 
     </span>
    </p>
   </div>
   <div class='ocr_carea' id='block_1_68' title="bbox 1944 3002 3556 3074">
    <p class='ocr_par' dir='ltr' id='par_1_68' title="bbox 1944 3002 3556 3074">
     <span class='ocr_line' id='line_1_69' title="bbox 1944 3002 3556 3074; baseline 0.006 -24"><span class='ocrx_word' id='word_1_473' title='bbox 1944 3002 2093 3074; x_wconf 81' lang='lat' dir='ltr'>(post</span> <span class='ocrx_word' id='word_1_474' title='bbox 2120 3002 2439 3074; x_wconf 61' lang='lat' dir='ltr'>I’uteauuiu</span> <span class='ocrx_word' id='word_1_475' title='bbox 2482 3016 2691 3071; x_wconf 86' lang='lat' dir='ltr'>nempe</span> <span class='ocrx_word' id='word_1_476' title='bbox 2723 3002 2837 3074; x_wconf 78' lang='lat' dir='ltr'>hic)</span> <span class='ocrx_word' id='word_1_477' title='bbox 2873 3002 3556 3074; x_wconf 15' lang='lat' dir='ltr'>satagitPetrusgSuloris,</span> 
     </span>
    </p>
   </div>
   <div class='ocr_carea' id='block_1_69' title="bbox 1938 3069 3558 3143">
    <p class='ocr_par' dir='ltr' id='par_1_69' title="bbox 1938 3069 3558 3143">
     <span class='ocr_line' id='line_1_70' title="bbox 1938 3069 3558 3143; baseline 0.004 -20"><span class='ocrx_word' id='word_1_478' title='bbox 1938 3071 2187 3123; x_wconf 76' lang='lat' dir='ltr'>derivans</span> <span class='ocrx_word' id='word_1_479' title='bbox 2240 3069 2541 3124; x_wconf 69' lang='lat' dir='ltr'>Cari/msice</span> <span class='ocrx_word' id='word_1_480' title='bbox 2587 3069 2924 3137; x_wconf 74' lang='lat' dir='ltr'>vocabulum,</span> <span class='ocrx_word' id='word_1_481' title='bbox 2982 3069 3014 3125; x_wconf 72' lang='grc' dir='ltr'><em>ὰ</em></span> <span class='ocrx_word' id='word_1_482' title='bbox 3053 3072 3255 3143; x_wconf 76' lang='lat' dir='ltr'>duplici</span> <span class='ocrx_word' id='word_1_483' title='bbox 3283 3069 3558 3131; x_wconf 76' lang='lat' dir='ltr'>Hebraica</span> 
     </span>
    </p>
   </div>
   <div class='ocr_carea' id='block_1_70' title="bbox 1937 3141 3556 3215">
    <p class='ocr_par' dir='ltr' id='par_1_70' title="bbox 1937 3141 3556 3215">
     <span class='ocr_line' id='line_1_71' title="bbox 1937 3141 3556 3215; baseline 0.005 -22"><span class='ocrx_word' id='word_1_484' title='bbox 1937 3158 2075 3215; x_wconf 77' lang='lat' dir='ltr'>voce,</span> <span class='ocrx_word' id='word_1_485' title='bbox 2109 3160 2339 3212; x_wconf 79' lang='lat' dir='ltr'>quarum</span> <span class='ocrx_word' id='word_1_486' title='bbox 2386 3142 2553 3195; x_wconf 85' lang='lat' dir='ltr'>altera</span> <span class='ocrx_word' id='word_1_487' title='bbox 2615 3144 2826 3197; x_wconf 55' lang='lat' dir='ltr'>Caurus</span> <span class='ocrx_word' id='word_1_488' title='bbox 2850 3144 3015 3213; x_wconf 65' lang='lat' dir='ltr'>juxta</span> <span class='ocrx_word' id='word_1_489' title='bbox 3040 3141 3135 3215; x_wconf 9' lang='lat' dir='ltr'>VS.‘</span> <span class='ocrx_word' id='word_1_490' title='bbox 3152 3142 3556 3215; x_wconf 81' lang='lat' dir='ltr'>Hieronymum</span> 
     </span>
    </p>
   </div>
   <div class='ocr_carea' id='block_1_71' title="bbox 1928 3213 3552 3281">
    <p class='ocr_par' dir='ltr' id='par_1_71' title="bbox 1928 3213 3552 3281">
     <span class='ocr_line' id='line_1_72' title="bbox 1928 3213 3552 3281; baseline 0.005 -17"><span class='ocrx_word' id='word_1_491' title='bbox 1928 3213 2223 3281; x_wconf 79' lang='lat' dir='ltr'>perfectam</span> <span class='ocrx_word' id='word_1_492' title='bbox 2256 3217 2575 3267; x_wconf 84' lang='lat' dir='ltr'>vocationem</span> <span class='ocrx_word' id='word_1_493' title='bbox 2596 3222 2777 3271; x_wconf 76' lang='lat' dir='ltr'>sonet:</span> <span class='ocrx_word' id='word_1_494' title='bbox 2809 3216 2996 3281; x_wconf 81' lang='lat' dir='ltr'>altera,</span> <span class='ocrx_word' id='word_1_495' title='bbox 3027 3214 3122 3266; x_wconf 76' lang='lat' dir='ltr'>lioc</span> <span class='ocrx_word' id='word_1_496' title='bbox 3152 3222 3246 3280; x_wconf 69' lang='lat' dir='ltr'>est,</span> <span class='ocrx_word' id='word_1_497' title='bbox 3282 3213 3552 3280; x_wconf 71' lang='lat' dir='ltr'>u,Dcum</span> 
     </span>
    </p>
   </div>
   <div class='ocr_carea' id='block_1_72' title="bbox 208 3283 3551 3356">
    <p class='ocr_par' dir='ltr' id='par_1_72' title="bbox 208 3283 3551 3356">
     <span class='ocr_line' id='line_1_73' title="bbox 208 3283 3551 3356; baseline 0.001 -18"><span class='ocrx_word' id='word_1_498' title='bbox 208 3292 317 3338; x_wconf 84' lang='lat' dir='ltr'>tem</span> <span class='ocrx_word' id='word_1_499' title='bbox 338 3284 696 3356; x_wconf 69' lang='lat' dir='ltr'>dirisseeum,</span> <span class='ocrx_word' id='word_1_500' title='bbox 729 3287 836 3356; x_wconf 80' lang='lat' dir='ltr'>qui</span> <span class='ocrx_word' id='word_1_501' title='bbox 851 3283 1148 3339; x_wconf 65' lang='lat' dir='ltr'>Carthasim</span> <span class='ocrx_word' id='word_1_502' title='bbox 1174 3283 1364 3338; x_wconf 82' lang='lat' dir='ltr'>nomen</span> <span class='ocrx_word' id='word_1_503' title='bbox 1396 3302 1427 3337; x_wconf 91' lang='lat' dir='ltr'>a</span> <span class='ocrx_word' id='word_1_504' title='bbox 1455 3301 1613 3338; x_wconf 85' lang='lat' dir='ltr'>carne</span> <span class='ocrx_word' id='word_1_505' title='bbox 1645 3291 1760 3337; x_wconf 79' lang='lat' dir='ltr'>lusa</span> <span class='ocrx_word' id='word_1_506' title='bbox 1783 3284 1899 3341; x_wconf 84' lang='lat' dir='ltr'>etC</span> <span class='ocrx_word' id='word_1_507' title='bbox 1932 3283 2185 3351; x_wconf 75' lang='lat' dir='ltr'>designet,</span> <span class='ocrx_word' id='word_1_508' title='bbox 2217 3287 2291 3338; x_wconf 86' lang='lat' dir='ltr'>ita</span> <span class='ocrx_word' id='word_1_509' title='bbox 2326 3292 2382 3338; x_wconf 86' lang='lat' dir='ltr'>ut</span> <span class='ocrx_word' id='word_1_510' title='bbox 2420 3303 2598 3338; x_wconf 76' lang='lat' dir='ltr'>senms</span> <span class='ocrx_word' id='word_1_511' title='bbox 2628 3290 2719 3347; x_wconf 88' lang='lat' dir='ltr'>eit,</span> <span class='ocrx_word' id='word_1_512' title='bbox 2746 3284 3093 3340; x_wconf 77' lang='lat' dir='ltr'>Cart/iusiam</span> <span class='ocrx_word' id='word_1_513' title='bbox 3122 3302 3225 3338; x_wconf 73' lang='lat' dir='ltr'>esse</span> <span class='ocrx_word' id='word_1_514' title='bbox 3248 3289 3551 3356; x_wconf 85' lang='lat' dir='ltr'>per/cctam</span> 
     </span>
    </p>
   </div>
   <div class='ocr_carea' id='block_1_73' title="bbox 203 3354 1829 3425">
    <p class='ocr_par' dir='ltr' id='par_1_73' title="bbox 203 3354 1829 3425">
     <span class='ocr_line' id='line_1_74' title="bbox 203 3354 1829 3425; baseline 0 -17"><span class='ocrx_word' id='word_1_515' title='bbox 203 3362 482 3409; x_wconf 77' lang='lat' dir='ltr'>macerata</span> <span class='ocrx_word' id='word_1_516' title='bbox 513 3354 715 3407; x_wconf 88' lang='lat' dir='ltr'>dictum</span> <span class='ocrx_word' id='word_1_517' title='bbox 734 3354 934 3420; x_wconf 26' lang='lat' dir='ltr'>*videri,</span> <span class='ocrx_word' id='word_1_518' title='bbox 966 3357 1266 3425; x_wconf 81' lang='lat' dir='ltr'>afﬁrmavit</span> <span class='ocrx_word' id='word_1_519' title='bbox 1290 3358 1318 3408; x_wconf 83' lang='lat'><strong><em>?</em></strong></span> <span class='ocrx_word' id='word_1_520' title='bbox 1344 3356 1668 3409; x_wconf 59' lang='lat' dir='ltr'>l’rima’vam</span> <span class='ocrx_word' id='word_1_521' title='bbox 1690 3356 1829 3408; x_wconf 80' lang='lat' dir='ltr'>lianc</span> 
     </span>
    </p>
   </div>
   <div class='ocr_carea' id='block_1_74' title="bbox 198 3426 1825 3497">
    <p class='ocr_par' dir='ltr' id='par_1_74' title="bbox 198 3426 1825 3497">
     <span class='ocr_line' id='line_1_75' title="bbox 198 3426 1825 3497; baseline 0 -18"><span class='ocrx_word' id='word_1_522' title='bbox 198 3428 375 3497; x_wconf 58' lang='lat' dir='ltr'>fuisse</span> <span class='ocrx_word' id='word_1_523' title='bbox 398 3428 809 3496; x_wconf 82' lang='lat' dir='ltr'>originationem</span> <span class='ocrx_word' id='word_1_524' title='bbox 825 3426 985 3497; x_wconf 74' lang='lat' dir='ltr'>hujus</span> <span class='ocrx_word' id='word_1_525' title='bbox 1012 3429 1171 3493; x_wconf 83' lang='lat' dir='ltr'>vocis,</span> <span class='ocrx_word' id='word_1_526' title='bbox 1230 3444 1455 3481; x_wconf 76' lang='lat' dir='ltr'>asserere</span> <span class='ocrx_word' id='word_1_527' title='bbox 1492 3444 1597 3480; x_wconf 85' lang='lat' dir='ltr'>non</span> <span class='ocrx_word' id='word_1_528' title='bbox 1629 3428 1825 3493; x_wconf 85' lang='lat' dir='ltr'>ausim,</span> 
     </span>
    </p>
   </div>
   <div class='ocr_carea' id='block_1_75' title="bbox 1932 3355 3547 3431">
    <p class='ocr_par' dir='ltr' id='par_1_75' title="bbox 1932 3355 3547 3431">
     <span class='ocr_line' id='line_1_76' title="bbox 1932 3355 3547 3431; baseline 0.005 -24"><span class='ocrx_word' id='word_1_529' title='bbox 1932 3356 2410 3431; x_wconf 64' lang='lat' dir='ltr'>vocatz&#39;onechi.</span> <span class='ocrx_word' id='word_1_530' title='bbox 2433 3357 2558 3409; x_wconf 68' lang='lat' dir='ltr'>llaec</span> <span class='ocrx_word' id='word_1_531' title='bbox 2588 3357 2734 3411; x_wconf 90' lang='lat' dir='ltr'>adde</span> <span class='ocrx_word' id='word_1_532' title='bbox 2763 3358 2993 3430; x_wconf 71' lang='lat' dir='ltr'>iis,quze</span> <span class='ocrx_word' id='word_1_533' title='bbox 3008 3355 3547 3431; x_wconf 62' lang='lat' dir='ltr'>Commentprievii</span> 
     </span>
    </p>
   </div>
   <div class='ocr_carea' id='block_1_76' title="bbox 1931 3427 2551 3482">
    <p class='ocr_par' dir='ltr' id='par_1_76' title="bbox 1931 3427 2551 3482">
     <span class='ocr_line' id='line_1_77' title="bbox 1931 3427 2551 3482; baseline 0.002 -3"><span class='ocrx_word' id='word_1_534' title='bbox 1931 3441 2095 3480; x_wconf 89' lang='lat' dir='ltr'>num.</span> <span class='ocrx_word' id='word_1_535' title='bbox 2133 3432 2199 3481; x_wconf 71' lang='lat'>28</span> <span class='ocrx_word' id='word_1_536' title='bbox 2223 3427 2372 3482; x_wconf 85' lang='lat' dir='ltr'>dicta</span> <span class='ocrx_word' id='word_1_537' title='bbox 2400 3431 2551 3482; x_wconf 90' lang='lat' dir='ltr'>sunt.</span> 
     </span>
    </p>
   </div>
   <div class='ocr_carea' id='block_1_77' title="bbox 1970 3619 3531 3642">
    <p class='ocr_par' dir='ltr' id='par_1_77' title="bbox 1970 3619 3531 3642">
     <span class='ocr_line' id='line_1_78' title="bbox 1970 3619 3531 3642; baseline 0.003 -11"><span class='ocrx_word' id='word_1_538' title='bbox 1970 3619 3531 3642; x_wconf 83' lang='lat'>——_—____________</span> 
     </span>
    </p>
   </div>
   <div class='ocr_carea' id='block_1_78' title="bbox 1309 3745 2440 3871">
    <p class='ocr_par' dir='ltr' id='par_1_78' title="bbox 1309 3745 2440 3871">
     <span class='ocr_line' id='line_1_79' title="bbox 1309 3745 2440 3871; baseline -0.001 0"><span class='ocrx_word' id='word_1_539' title='bbox 1309 3747 1710 3871; x_wconf 91' lang='lat' dir='ltr'>VITA</span> <span class='ocrx_word' id='word_1_540' title='bbox 1814 3745 2440 3870; x_wconf 81' lang='lat' dir='ltr'>TERTIA</span> 
     </span>
    </p>
   </div>
   <div class='ocr_carea' id='block_1_79' title="bbox 570 3977 3149 4070">
    <p class='ocr_par' dir='ltr' id='par_1_79' title="bbox 570 3977 3149 4070">
     <span class='ocr_line' id='line_1_80' title="bbox 570 3977 3149 4070; baseline 0.002 -23"><span class='ocrx_word' id='word_1_541' title='bbox 570 3982 624 4047; x_wconf 91' lang='lat' dir='ltr'>E</span> <span class='ocrx_word' id='word_1_542' title='bbox 662 3978 838 4048; x_wconf 88' lang='lat' dir='ltr'>Vitis</span> <span class='ocrx_word' id='word_1_543' title='bbox 870 4000 994 4070; x_wconf 87' lang='lat' dir='ltr'>per</span> <span class='ocrx_word' id='word_1_544' title='bbox 1018 3982 1411 4049; x_wconf 87' lang='lat' dir='ltr'>Puteanum</span> <span class='ocrx_word' id='word_1_545' title='bbox 1440 3985 1512 4048; x_wconf 92' lang='lat' dir='ltr'>et</span> <span class='ocrx_word' id='word_1_546' title='bbox 1545 3977 2145 4049; x_wconf 87' lang='lat' dir='ltr'>Blomenvennam</span> <span class='ocrx_word' id='word_1_547' title='bbox 2176 3977 2483 4069; x_wconf 83' lang='lat' dir='ltr'>scriptis,</span> <span class='ocrx_word' id='word_1_548' title='bbox 2524 3999 2565 4048; x_wconf 92' lang='lat' dir='ltr'>a</span> <span class='ocrx_word' id='word_1_549' title='bbox 2603 3977 2803 4049; x_wconf 89' lang='lat' dir='ltr'>Surio</span> <span class='ocrx_word' id='word_1_550' title='bbox 2836 3978 3149 4051; x_wconf 90' lang='lat' dir='ltr'>collecta.</span> 
     </span>
    </p>
   </div>
   <div class='ocr_carea' id='block_1_80' title="bbox 723 4333 1266 4389">
    <p class='ocr_par' dir='ltr' id='par_1_80' title="bbox 723 4333 1266 4389">
     <span class='ocr_line' id='line_1_81' title="bbox 723 4333 1266 4389; baseline -0.006 0"><span class='ocrx_word' id='word_1_551' title='bbox 723 4334 947 4389; x_wconf 71' lang='lat' dir='ltr'>CAPUT</span> <span class='ocrx_word' id='word_1_552' title='bbox 982 4333 1266 4388; x_wconf 75' lang='lat' dir='ltr'>PRIMUM.</span> 
     </span>
    </p>
   </div>
   <div class='ocr_carea' id='block_1_81' title="bbox 170 4436 1799 4511">
    <p class='ocr_par' dir='ltr' id='par_1_81' title="bbox 170 4436 1799 4511">
     <span class='ocr_line' id='line_1_82' title="bbox 170 4436 1799 4511; baseline -0.002 -17"><span class='ocrx_word' id='word_1_553' title='bbox 170 4439 509 4511; x_wconf 71' lang='lat' dir='ltr'>Defunctus,</span> <span class='ocrx_word' id='word_1_554' title='bbox 536 4458 641 4494; x_wconf 73' lang='lat' dir='ltr'>sese</span> <span class='ocrx_word' id='word_1_555' title='bbox 678 4440 1015 4505; x_wconf 83' lang='lat' dir='ltr'>damnatum,</span> <span class='ocrx_word' id='word_1_556' title='bbox 1037 4458 1065 4493; x_wconf 87' lang='lat' dir='ltr'>e</span> <span class='ocrx_word' id='word_1_557' title='bbox 1104 4440 1302 4509; x_wconf 80' lang='lat' dir='ltr'>feretro</span> <span class='ocrx_word' id='word_1_558' title='bbox 1346 4438 1560 4511; x_wconf 81' lang='lat' dir='ltr'>publice</span> <span class='ocrx_word' id='word_1_559' title='bbox 1586 4436 1799 4511; x_wconf 46' lang='lat' dir='ltr'>proclaf</span> 
     </span>
    </p>
   </div>
   <div class='ocr_carea' id='block_1_82' title="bbox 253 4508 1803 4582">
    <p class='ocr_par' dir='ltr' id='par_1_82' title="bbox 253 4508 1803 4582">
     <span class='ocr_line' id='line_1_83' title="bbox 253 4508 1803 4582; baseline -0.003 -18"><span class='ocrx_word' id='word_1_560' title='bbox 253 4508 405 4575; x_wconf 76' lang='lat' dir='ltr'>mat;</span> <span class='ocrx_word' id='word_1_561' title='bbox 437 4512 722 4582; x_wconf 80' lang='lat' dir='ltr'>spectaculi</span> <span class='ocrx_word' id='word_1_562' title='bbox 772 4513 931 4579; x_wconf 73' lang='lat' dir='ltr'>huius</span> <span class='ocrx_word' id='word_1_563' title='bbox 985 4514 1253 4582; x_wconf 73' lang='lat' dir='ltr'>occasione</span> <span class='ocrx_word' id='word_1_564' title='bbox 1284 4512 1337 4561; x_wconf 89' lang='lat' dir='ltr'>in</span> <span class='ocrx_word' id='word_1_565' title='bbox 1366 4509 1703 4562; x_wconf 83' lang='lat' dir='ltr'>solitudinem</span> <span class='ocrx_word' id='word_1_566' title='bbox 1732 4508 1803 4560; x_wconf 88' lang='lat' dir='ltr'>ad</span> 
     </span>
    </p>
   </div>
   <div class='ocr_carea' id='block_1_83' title="bbox 240 4580 1799 4655">
    <p class='ocr_par' dir='ltr' id='par_1_83' title="bbox 240 4580 1799 4655">
     <span class='ocr_line' id='line_1_84' title="bbox 240 4580 1799 4655; baseline -0.003 -19"><span class='ocrx_word' id='word_1_567' title='bbox 240 4580 616 4655; x_wconf 72' lang='lat' dir='ltr'>paenitentiam</span> <span class='ocrx_word' id='word_1_568' title='bbox 642 4582 905 4653; x_wconf 78' lang='lat' dir='ltr'>agendam</span> <span class='ocrx_word' id='word_1_569' title='bbox 934 4582 1162 4655; x_wconf 62' lang='lat' dir='ltr'>secedere</span> <span class='ocrx_word' id='word_1_570' title='bbox 1181 4580 1414 4655; x_wconf 73' lang='lat' dir='ltr'>Sanctus</span> <span class='ocrx_word' id='word_1_571' title='bbox 1436 4582 1652 4655; x_wconf 79' lang='lat' dir='ltr'>statuit,</span> <span class='ocrx_word' id='word_1_572' title='bbox 1677 4597 1799 4655; x_wconf 77' lang='lat' dir='ltr'>cum</span> 
     </span>
    </p>
   </div>
   <div class='ocr_carea' id='block_1_84' title="bbox 253 4649 1795 4740">
    <p class='ocr_par' dir='ltr' id='par_1_84' title="bbox 253 4649 1795 4740">
     <span class='ocr_line' id='line_1_85' title="bbox 253 4649 1795 4740; baseline -0.003 -34"><span class='ocrx_word' id='word_1_573' title='bbox 253 4649 462 4740; x_wconf 51' lang='lat' dir='ltr'>aliquot</span> <span class='ocrx_word' id='word_1_574' title='bbox 498 4649 817 4740; x_wconf 30' lang='lat' dir='ltr'>aliisuper“</span> <span class='ocrx_word' id='word_1_575' title='bbox 878 4654 948 4705; x_wconf 71' lang='lat' dir='ltr'>all</span> <span class='ocrx_word' id='word_1_576' title='bbox 998 4653 1134 4740; x_wconf 66' lang='lat' dir='ltr'>idem</span> <span class='ocrx_word' id='word_1_577' title='bbox 1162 4651 1463 4731; x_wconf 52' lang='lat' dir='ltr'>[iaciendum</span> <span class='ocrx_word' id='word_1_578' title='bbox 1512 4649 1795 4731; x_wconf 76' lang='lat' dir='ltr'>movit,_ad</span> 
     </span>
    </p>
   </div>
   <div class='ocr_carea' id='block_1_85' title="bbox 252 4724 1799 4794">
    <p class='ocr_par' dir='ltr' id='par_1_85' title="bbox 252 4724 1799 4794">
     <span class='ocr_line' id='line_1_86' title="bbox 252 4724 1799 4794; baseline -0.003 -17"><span class='ocrx_word' id='word_1_579' title='bbox 252 4724 567 4793; x_wconf 69' lang='lat' dir='ltr'>Erigonam,</span> <span class='ocrx_word' id='word_1_580' title='bbox 650 4724 1217 4794; x_wconf 85' lang='lat' dir='ltr'>Gratianopolitanum</span> <span class='ocrx_word' id='word_1_581' title='bbox 1296 4725 1617 4792; x_wconf 78' lang='lat' dir='ltr'>episcopum,</span> <span class='ocrx_word' id='word_1_582' title='bbox 1701 4724 1799 4774; x_wconf 86' lang='lat' dir='ltr'>iter</span> 
     </span>
    </p>
   </div>
   <div class='ocr_carea' id='block_1_86' title="bbox 253 4796 1333 4867">
    <p class='ocr_par' dir='ltr' id='par_1_86' title="bbox 253 4796 1333 4867">
     <span class='ocr_line' id='line_1_87' title="bbox 253 4796 1333 4867; baseline -0.003 -18"><span class='ocrx_word' id='word_1_583' title='bbox 253 4797 475 4866; x_wconf 82' lang='lat' dir='ltr'>arripit,</span> <span class='ocrx_word' id='word_1_584' title='bbox 506 4796 824 4867; x_wconf 61' lang='lat' dir='ltr'>benignegue</span> <span class='ocrx_word' id='word_1_585' title='bbox 848 4796 1022 4849; x_wconf 72' lang='lat' dir='ltr'>ab/ioc</span> <span class='ocrx_word' id='word_1_586' title='bbox 1052 4796 1333 4864; x_wconf 65' lang='lat' dir='ltr'>exeipitur.</span> 
     </span>
    </p>
   </div>
   <div class='ocr_carea' id='block_1_87' title="bbox 258 4896 1795 4968">
    <p class='ocr_par' dir='ltr' id='par_1_87' title="bbox 258 4896 1795 4968">
     <span class='ocr_line' id='line_1_88' title="bbox 258 4896 1795 4968; baseline -0.004 -11"><span class='ocrx_word' id='word_1_587' title='bbox 258 4906 311 4957; x_wconf 83' lang='grc'><strong>1.</strong></span> <span class='ocrx_word' id='word_1_588' title='bbox 346 4901 713 4956; x_wconf 82' lang='lat' dir='ltr'>Beatissimus</span> <span class='ocrx_word' id='word_1_589' title='bbox 745 4903 957 4968; x_wconf 87' lang='lat' dir='ltr'>Bruno,</span> <span class='ocrx_word' id='word_1_590' title='bbox 987 4901 1131 4955; x_wconf 86' lang='lat' dir='ltr'>sacri</span> <span class='ocrx_word' id='word_1_591' title='bbox 1159 4898 1519 4954; x_wconf 82' lang='lat' dir='ltr'>Cartliusiani</span> <span class='ocrx_word' id='word_1_592' title='bbox 1552 4896 1795 4952; x_wconf 88' lang='lat' dir='ltr'>instituti</span> 
     </span>
    </p>
   </div>
   <div class='ocr_carea' id='block_1_88' title="bbox 166 4986 1794 5066">
    <p class='ocr_par' dir='ltr' id='par_1_88' title="bbox 166 4986 1794 5066">
     <span class='ocr_line' id='line_1_89' title="bbox 166 4986 1794 5066; baseline -0.003 -20"><span class='ocrx_word' id='word_1_593' title='bbox 166 4990 408 5066; x_wconf 85' lang='lat' dir='ltr'>primus</span> <span class='ocrx_word' id='word_1_594' title='bbox 437 4994 637 5045; x_wconf 89' lang='lat' dir='ltr'>auctor</span> <span class='ocrx_word' id='word_1_595' title='bbox 667 4991 1098 5056; x_wconf 84' lang='lat' dir='ltr'>etarcbitectus,</span> <span class='ocrx_word' id='word_1_596' title='bbox 1126 4989 1360 5044; x_wconf 87' lang='lat' dir='ltr'>natione</span> <span class='ocrx_word' id='word_1_597' title='bbox 1376 4990 1714 5055; x_wconf 85' lang='lat' dir='ltr'>Germanus,</span> <span class='ocrx_word' id='word_1_598' title='bbox 1737 4986 1794 5042; x_wconf 90' lang='lat' dir='ltr'>in</span> 
     </span>
    </p>
   </div>
   <div class='ocr_carea' id='block_1_89' title="bbox 165 5078 1797 5152">
    <p class='ocr_par' dir='ltr' id='par_1_89' title="bbox 165 5078 1797 5152">
     <span class='ocr_line' id='line_1_90' title="bbox 165 5078 1797 5152; baseline -0.004 -15"><span class='ocrx_word' id='word_1_599' title='bbox 165 5080 396 5152; x_wconf 83' lang='lat' dir='ltr'>insigni</span> <span class='ocrx_word' id='word_1_600' title='bbox 425 5081 663 5135; x_wconf 81' lang='lat' dir='ltr'>Colo&#39;nia</span> <span class='ocrx_word' id='word_1_601' title='bbox 680 5080 1000 5152; x_wconf 85' lang='lat' dir='ltr'>Agrippina</span> <span class='ocrx_word' id='word_1_602' title='bbox 1014 5082 1280 5151; x_wconf 81' lang='lat' dir='ltr'>parentes</span> <span class='ocrx_word' id='word_1_603' title='bbox 1292 5078 1495 5132; x_wconf 87' lang='lat' dir='ltr'>habuit</span> <span class='ocrx_word' id='word_1_604' title='bbox 1510 5080 1567 5131; x_wconf 89' lang='lat' dir='ltr'>et</span> <span class='ocrx_word' id='word_1_605' title='bbox 1583 5094 1797 5149; x_wconf 89' lang='lat' dir='ltr'>genere</span> 
     </span>
    </p>
   </div>
   <div class='ocr_carea' id='block_1_90' title="bbox 172 5166 1792 5239">
    <p class='ocr_par' dir='ltr' id='par_1_90' title="bbox 172 5166 1792 5239">
     <span class='ocr_line' id='line_1_91' title="bbox 172 5166 1792 5239; baseline -0.004 -14"><span class='ocrx_word' id='word_1_606' title='bbox 172 5173 235 5225; x_wconf 82' lang='lat' dir='ltr'>et</span> <span class='ocrx_word' id='word_1_607' title='bbox 269 5169 484 5222; x_wconf 81' lang='lat' dir='ltr'>virtute</span> <span class='ocrx_word' id='word_1_608' title='bbox 522 5170 708 5222; x_wconf 87' lang='lat' dir='ltr'>claros</span> <span class='ocrx_word' id='word_1_609' title='bbox 740 5170 911 5234; x_wconf 68' lang='grc'><strong>(164),</strong></span> <span class='ocrx_word' id='word_1_610' title='bbox 963 5168 1167 5239; x_wconf 88' lang='lat' dir='ltr'>quibus</span> <span class='ocrx_word' id='word_1_611' title='bbox 1220 5169 1419 5220; x_wconf 85' lang='lat' dir='ltr'>tamen</span> <span class='ocrx_word' id='word_1_612' title='bbox 1470 5166 1585 5232; x_wconf 91' lang='lat' dir='ltr'>ille,</span> <span class='ocrx_word' id='word_1_613' title='bbox 1618 5169 1792 5236; x_wconf 87' lang='lat' dir='ltr'>atque</span> 
     </span>
    </p>
   </div>
   <div class='ocr_carea' id='block_1_91' title="bbox 166 5254 1793 5327">
    <p class='ocr_par' dir='ltr' id='par_1_91' title="bbox 166 5254 1793 5327">
     <span class='ocr_line' id='line_1_92' title="bbox 166 5254 1793 5327; baseline -0.005 -12"><span class='ocrx_word' id='word_1_614' title='bbox 166 5258 327 5315; x_wconf 86' lang='lat' dir='ltr'>adeo</span> <span class='ocrx_word' id='word_1_615' title='bbox 342 5257 452 5311; x_wconf 90' lang='lat' dir='ltr'>toti</span> <span class='ocrx_word' id='word_1_616' title='bbox 477 5257 712 5311; x_wconf 69' lang='lat' dir='ltr'>familia:</span> <span class='ocrx_word' id='word_1_617' title='bbox 729 5273 865 5324; x_wconf 74' lang='lat' dir='ltr'>sum,</span> <span class='ocrx_word' id='word_1_618' title='bbox 890 5255 1330 5327; x_wconf 70' lang='lat' dir='ltr'>majorem,vitze</span> <span class='ocrx_word' id='word_1_619' title='bbox 1349 5272 1463 5309; x_wconf 64' lang='lat' dir='ltr'>sua:</span> <span class='ocrx_word' id='word_1_620' title='bbox 1482 5254 1793 5308; x_wconf 87' lang='lat' dir='ltr'>sanctimo-</span> 
     </span>
    </p>
   </div>
   <div class='ocr_carea' id='block_1_92' title="bbox 174 5342 1791 5420">
    <p class='ocr_par' dir='ltr' id='par_1_92' title="bbox 174 5342 1791 5420">
     <span class='ocr_line' id='line_1_93' title="bbox 174 5342 1791 5420; baseline -0.006 -13"><span class='ocrx_word' id='word_1_621' title='bbox 174 5351 282 5407; x_wconf 83' lang='lat' dir='ltr'>nia</span> <span class='ocrx_word' id='word_1_622' title='bbox 302 5347 497 5404; x_wconf 85' lang='lat' dir='ltr'>attulit</span> <span class='ocrx_word' id='word_1_623' title='bbox 522 5347 914 5420; x_wconf 83' lang='lat' dir='ltr'>splendorem.</span> <span class='ocrx_word' id='word_1_624' title='bbox 940 5345 1173 5415; x_wconf 82' lang='lat' dir='ltr'>Abipsis</span> <span class='ocrx_word' id='word_1_625' title='bbox 1193 5346 1389 5399; x_wconf 89' lang='lat' dir='ltr'>autem</span> <span class='ocrx_word' id='word_1_626' title='bbox 1413 5342 1791 5410; x_wconf 86' lang='lat' dir='ltr'>incunabulis,</span> 
     </span>
    </p>
   </div>
   <div class='ocr_carea' id='block_1_93' title="bbox 1826 4316 3527 4396">
    <p class='ocr_par' dir='ltr' id='par_1_93' title="bbox 1826 4316 3527 4396">
     <span class='ocr_line' id='line_1_94' title="bbox 1826 4316 3527 4396; baseline 0.005 -26"><span class='ocrx_word' id='word_1_627' title='bbox 1826 4321 1879 4378; x_wconf 93' lang='lat' dir='ltr'>D</span> <span class='ocrx_word' id='word_1_628' title='bbox 1913 4316 2099 4387; x_wconf 83' lang='lat' dir='ltr'>gratia</span> <span class='ocrx_word' id='word_1_629' title='bbox 2114 4317 2213 4372; x_wconf 91' lang='lat' dir='ltr'>Dei</span> <span class='ocrx_word' id='word_1_630' title='bbox 2234 4317 2393 4372; x_wconf 91' lang='lat' dir='ltr'>illum</span> <span class='ocrx_word' id='word_1_631' title='bbox 2416 4317 2719 4389; x_wconf 87' lang='lat' dir='ltr'>dirigente,</span> <span class='ocrx_word' id='word_1_632' title='bbox 2739 4335 2971 4392; x_wconf 91' lang='lat' dir='ltr'>semper</span> <span class='ocrx_word' id='word_1_633' title='bbox 2990 4321 3062 4375; x_wconf 89' lang='lat' dir='ltr'>ad</span> <span class='ocrx_word' id='word_1_634' title='bbox 3082 4320 3327 4377; x_wconf 90' lang='lat' dir='ltr'>meliora</span> <span class='ocrx_word' id='word_1_635' title='bbox 3352 4324 3527 4396; x_wconf 85' lang='lat' dir='ltr'>profi-</span> 
     </span>
    </p>
   </div>
   <div class='ocr_carea' id='block_1_94' title="bbox 1913 4406 3513 4483">
    <p class='ocr_par' dir='ltr' id='par_1_94' title="bbox 1913 4406 3513 4483">
     <span class='ocr_line' id='line_1_95' title="bbox 1913 4406 3513 4483; baseline 0.004 -24"><span class='ocrx_word' id='word_1_636' title='bbox 1913 4422 2043 4460; x_wconf 90' lang='lat' dir='ltr'>cere</span> <span class='ocrx_word' id='word_1_637' title='bbox 2075 4406 2310 4476; x_wconf 78' lang='lat' dir='ltr'>studuit,</span> <span class='ocrx_word' id='word_1_638' title='bbox 2326 4410 2383 4460; x_wconf 93' lang='lat' dir='ltr'>et</span> <span class='ocrx_word' id='word_1_639' title='bbox 2410 4423 2540 4460; x_wconf 88' lang='lat' dir='ltr'>cum</span> <span class='ocrx_word' id='word_1_640' title='bbox 2568 4407 2750 4460; x_wconf 88' lang='lat' dir='ltr'>adbuc</span> <span class='ocrx_word' id='word_1_641' title='bbox 2772 4424 2917 4477; x_wconf 89' lang='lat' dir='ltr'>puer</span> <span class='ocrx_word' id='word_1_642' title='bbox 2950 4412 3119 4475; x_wconf 90' lang='lat' dir='ltr'>esset,</span> <span class='ocrx_word' id='word_1_643' title='bbox 3147 4409 3418 4483; x_wconf 70' lang='lat' dir='ltr'>nlbilprie</span> <span class='ocrx_word' id='word_1_644' title='bbox 3452 4428 3513 4466; x_wconf 88' lang='lat' dir='ltr'>se</span> 
     </span>
    </p>
   </div>
   <div class='ocr_carea' id='block_1_95' title="bbox 1908 4495 3510 4568">
    <p class='ocr_par' dir='ltr' id='par_1_95' title="bbox 1908 4495 3510 4568">
     <span class='ocr_line' id='line_1_96' title="bbox 1908 4495 3510 4568; baseline 0.005 -20"><span class='ocrx_word' id='word_1_645' title='bbox 1908 4495 2126 4566; x_wconf 91' lang='lat' dir='ltr'>puerile</span> <span class='ocrx_word' id='word_1_646' title='bbox 2159 4495 2305 4559; x_wconf 89' lang='lat' dir='ltr'>tulit,</span> <span class='ocrx_word' id='word_1_647' title='bbox 2329 4495 2428 4549; x_wconf 88' lang='lat' dir='ltr'>sed</span> <span class='ocrx_word' id='word_1_648' title='bbox 2455 4498 2687 4548; x_wconf 77' lang='lat' dir='ltr'>aetatem</span> <span class='ocrx_word' id='word_1_649' title='bbox 2714 4512 2944 4550; x_wconf 87' lang='lat' dir='ltr'>morum</span> <span class='ocrx_word' id='word_1_650' title='bbox 2975 4498 3255 4568; x_wconf 87' lang='lat' dir='ltr'>gravitate</span> <span class='ocrx_word' id='word_1_651' title='bbox 3278 4499 3510 4556; x_wconf 89' lang='lat' dir='ltr'>vincens</span> 
     </span>
    </p>
   </div>
   <div class='ocr_carea' id='block_1_96' title="bbox 1905 4583 3509 4657">
    <p class='ocr_par' dir='ltr' id='par_1_96' title="bbox 1905 4583 3509 4657">
     <span class='ocr_line' id='line_1_97' title="bbox 1905 4583 3509 4657; baseline 0.003 -18"><span class='ocrx_word' id='word_1_652' title='bbox 1905 4588 1962 4639; x_wconf 90' lang='lat' dir='ltr'>et</span> <span class='ocrx_word' id='word_1_653' title='bbox 1983 4584 2142 4657; x_wconf 86' lang='lat' dir='ltr'>quasi</span> <span class='ocrx_word' id='word_1_654' title='bbox 2170 4586 2376 4637; x_wconf 68' lang='lat' dir='ltr'>futura:</span> <span class='ocrx_word' id='word_1_655' title='bbox 2407 4583 2704 4653; x_wconf 83' lang='lat' dir='ltr'>religionis</span> <span class='ocrx_word' id='word_1_656' title='bbox 2720 4584 3010 4653; x_wconf 88' lang='lat' dir='ltr'>specimen</span> <span class='ocrx_word' id='word_1_657' title='bbox 3025 4588 3315 4657; x_wconf 86' lang='lat' dir='ltr'>quoddam</span> <span class='ocrx_word' id='word_1_658' title='bbox 3350 4590 3509 4644; x_wconf 86' lang='lat' dir='ltr'>exhi-</span> 
     </span>
    </p>
   </div>
   <div class='ocr_carea' id='block_1_97' title="bbox 1905 4674 3519 4747">
    <p class='ocr_par' dir='ltr' id='par_1_97' title="bbox 1905 4674 3519 4747">
     <span class='ocr_line' id='line_1_98' title="bbox 1905 4674 3519 4747; baseline 0.004 -20"><span class='ocrx_word' id='word_1_659' title='bbox 1905 4674 2067 4740; x_wconf 89' lang='lat' dir='ltr'>bens,</span> <span class='ocrx_word' id='word_1_660' title='bbox 2103 4675 2417 4727; x_wconf 90' lang='lat' dir='ltr'>multorum</span> <span class='ocrx_word' id='word_1_661' title='bbox 2474 4674 2896 4727; x_wconf 86' lang='lat' dir='ltr'>monachorum</span> <span class='ocrx_word' id='word_1_662' title='bbox 2930 4678 3096 4747; x_wconf 80' lang='lat' dir='ltr'>pater</span> <span class='ocrx_word' id='word_1_663' title='bbox 3137 4679 3193 4730; x_wconf 89' lang='lat' dir='ltr'>et</span> <span class='ocrx_word' id='word_1_664' title='bbox 3220 4676 3519 4734; x_wconf 89' lang='lat' dir='ltr'>institutor</span> 
     </span>
    </p>
   </div>
   <div class='ocr_carea' id='block_1_98' title="bbox 1903 4761 3508 4833">
    <p class='ocr_par' dir='ltr' id='par_1_98' title="bbox 1903 4761 3508 4833">
     <span class='ocr_line' id='line_1_99' title="bbox 1903 4761 3508 4833; baseline 0.004 -18"><span class='ocrx_word' id='word_1_665' title='bbox 1903 4761 2167 4816; x_wconf 85' lang='lat' dir='ltr'>divinitus</span> <span class='ocrx_word' id='word_1_666' title='bbox 2187 4761 2514 4833; x_wconf 84' lang='lat' dir='ltr'>parabatur.</span> <span class='ocrx_word' id='word_1_667' title='bbox 2549 4761 2793 4815; x_wconf 88' lang='lat' dir='ltr'>Sortitus</span> <span class='ocrx_word' id='word_1_668' title='bbox 2816 4779 2946 4817; x_wconf 90' lang='lat' dir='ltr'>vero</span> <span class='ocrx_word' id='word_1_669' title='bbox 2967 4780 2999 4818; x_wconf 89' lang='lat' dir='ltr'>a</span> <span class='ocrx_word' id='word_1_670' title='bbox 3015 4765 3260 4821; x_wconf 89' lang='lat' dir='ltr'>Domino</span> <span class='ocrx_word' id='word_1_671' title='bbox 3276 4770 3359 4821; x_wconf 87' lang='lat' dir='ltr'>est</span> <span class='ocrx_word' id='word_1_672' title='bbox 3389 4769 3508 4822; x_wconf 89' lang='lat' dir='ltr'>ani-</span> 
     </span>
    </p>
   </div>
   <div class='ocr_carea' id='block_1_99' title="bbox 1904 4849 3513 4925">
    <p class='ocr_par' dir='ltr' id='par_1_99' title="bbox 1904 4849 3513 4925">
     <span class='ocr_line' id='line_1_100' title="bbox 1904 4849 3513 4925; baseline 0.001 -18"><span class='ocrx_word' id='word_1_673' title='bbox 1904 4869 2063 4907; x_wconf 89' lang='lat' dir='ltr'>mam</span> <span class='ocrx_word' id='word_1_674' title='bbox 2093 4852 2329 4917; x_wconf 89' lang='lat' dir='ltr'>bonam,</span> <span class='ocrx_word' id='word_1_675' title='bbox 2362 4854 2421 4905; x_wconf 88' lang='lat' dir='ltr'>ut</span> <span class='ocrx_word' id='word_1_676' title='bbox 2442 4849 2748 4921; x_wconf 74' lang='lat' dir='ltr'>Scripturm</span> <span class='ocrx_word' id='word_1_677' title='bbox 2772 4852 2953 4907; x_wconf 86' lang='lat' dir='ltr'>verbis</span> <span class='ocrx_word' id='word_1_678' title='bbox 2984 4857 3235 4920; x_wconf 86' lang='lat' dir='ltr'>utamur,</span> <span class='ocrx_word' id='word_1_679' title='bbox 3272 4856 3513 4925; x_wconf 68' lang='lat' dir='ltr'>prazela-</span> 
     </span>
    </p>
   </div>
   <div class='ocr_carea' id='block_1_100' title="bbox 1898 4940 3505 5012">
    <p class='ocr_par' dir='ltr' id='par_1_100' title="bbox 1898 4940 3505 5012">
     <span class='ocr_line' id='line_1_101' title="bbox 1898 4940 3505 5012; baseline -0.001 -15"><span class='ocrx_word' id='word_1_680' title='bbox 1898 4959 2026 4997; x_wconf 89' lang='lat' dir='ltr'>ram</span> <span class='ocrx_word' id='word_1_681' title='bbox 2055 4941 2331 5007; x_wconf 86' lang='lat' dir='ltr'>indolem,</span> <span class='ocrx_word' id='word_1_682' title='bbox 2366 4940 2582 4994; x_wconf 88' lang='lat' dir='ltr'>illustre</span> <span class='ocrx_word' id='word_1_683' title='bbox 2614 4940 2937 5012; x_wconf 88' lang='lat' dir='ltr'>ingenium,</span> <span class='ocrx_word' id='word_1_684' title='bbox 2972 4941 3315 4995; x_wconf 88' lang='lat' dir='ltr'>memoriam</span> <span class='ocrx_word' id='word_1_685' title='bbox 3348 4944 3505 4996; x_wconf 85' lang='lat' dir='ltr'>tena-</span> 
     </span>
    </p>
   </div>
   <div class='ocr_carea' id='block_1_101' title="bbox 1899 5029 3503 5101">
    <p class='ocr_par' dir='ltr' id='par_1_101' title="bbox 1899 5029 3503 5101">
     <span class='ocr_line' id='line_1_102' title="bbox 1899 5029 3503 5101; baseline -0.001 -15"><span class='ocrx_word' id='word_1_686' title='bbox 1899 5048 2047 5099; x_wconf 92' lang='lat' dir='ltr'>cem,</span> <span class='ocrx_word' id='word_1_687' title='bbox 2080 5032 2438 5085; x_wconf 90' lang='lat' dir='ltr'>voluntatem</span> <span class='ocrx_word' id='word_1_688' title='bbox 2472 5029 2544 5084; x_wconf 85' lang='lat' dir='ltr'>ad</span> <span class='ocrx_word' id='word_1_689' title='bbox 2572 5029 2793 5101; x_wconf 86' lang='lat' dir='ltr'>optima</span> <span class='ocrx_word' id='word_1_690' title='bbox 2822 5044 3062 5100; x_wconf 65' lang='lat' dir='ltr'>quaeque</span> <span class='ocrx_word' id='word_1_691' title='bbox 3116 5029 3503 5085; x_wconf 88' lang='lat' dir='ltr'>consectanda</span> 
     </span>
    </p>
   </div>
   <div class='ocr_carea' id='block_1_102' title="bbox 1900 5120 2554 5191">
    <p class='ocr_par' dir='ltr' id='par_1_102' title="bbox 1900 5120 2554 5191">
     <span class='ocr_line' id='line_1_103' title="bbox 1900 5120 2554 5191; baseline -0.005 -16"><span class='ocrx_word' id='word_1_692' title='bbox 1900 5120 2149 5177; x_wconf 88' lang='lat' dir='ltr'>studiose</span> <span class='ocrx_word' id='word_1_693' title='bbox 2180 5134 2554 5191; x_wconf 90' lang='lat' dir='ltr'>propensam.</span> 
     </span>
    </p>
   </div>
   <div class='ocr_carea' id='block_1_103' title="bbox 1970 5238 3502 5315">
    <p class='ocr_par' dir='ltr' id='par_1_103' title="bbox 1970 5238 3502 5315">
     <span class='ocr_line' id='line_1_104' title="bbox 1970 5238 3502 5315; baseline -0.003 -15"><span class='ocrx_word' id='word_1_694' title='bbox 1970 5249 2022 5300; x_wconf 79' lang='lat'>2.</span> <span class='ocrx_word' id='word_1_695' title='bbox 2056 5246 2252 5315; x_wconf 81' lang='lat' dir='ltr'>Itaque</span> <span class='ocrx_word' id='word_1_696' title='bbox 2266 5241 2469 5296; x_wconf 89' lang='lat' dir='ltr'>missus</span> <span class='ocrx_word' id='word_1_697' title='bbox 2489 5246 2573 5297; x_wconf 91' lang='lat' dir='ltr'>est</span> <span class='ocrx_word' id='word_1_698' title='bbox 2594 5241 2879 5297; x_wconf 88' lang='lat' dir='ltr'>Lutetiam</span> <span class='ocrx_word' id='word_1_699' title='bbox 2898 5238 3269 5307; x_wconf 86' lang='lat' dir='ltr'>Parisiorum,</span> <span class='ocrx_word' id='word_1_700' title='bbox 3297 5243 3358 5293; x_wconf 90' lang='lat' dir='ltr'>ut</span> <span class='ocrx_word' id='word_1_701' title='bbox 3386 5240 3502 5296; x_wconf 90' lang='lat' dir='ltr'>illic</span> 
     </span>
    </p>
   </div>
   <div class='ocr_carea' id='block_1_104' title="bbox 1900 5329 3509 5402">
    <p class='ocr_par' dir='ltr' id='par_1_104' title="bbox 1900 5329 3509 5402">
     <span class='ocr_line' id='line_1_105' title="bbox 1900 5329 3509 5402; baseline -0.004 -12"><span class='ocrx_word' id='word_1_702' title='bbox 1900 5334 2107 5391; x_wconf 88' lang='lat' dir='ltr'>litteris</span> <span class='ocrx_word' id='word_1_703' title='bbox 2145 5338 2201 5389; x_wconf 83' lang='lat' dir='ltr'>et</span> <span class='ocrx_word' id='word_1_704' title='bbox 2215 5330 2523 5402; x_wconf 88' lang='lat' dir='ltr'>disciplinis</span> <span class='ocrx_word' id='word_1_705' title='bbox 2544 5331 2873 5387; x_wconf 84' lang='lat' dir='ltr'>liberalibus</span> <span class='ocrx_word' id='word_1_706' title='bbox 2896 5329 3241 5385; x_wconf 86' lang='lat' dir='ltr'>erudiretur.</span> <span class='ocrx_word' id='word_1_707' title='bbox 3260 5329 3362 5385; x_wconf 90' lang='lat' dir='ltr'>Ubi</span> <span class='ocrx_word' id='word_1_708' title='bbox 3382 5333 3509 5384; x_wconf 87' lang='lat' dir='ltr'>tan-</span> 
     </span>
    </p>
   </div>
   <div class='ocr_carea' id='block_1_105' title="bbox 253 5508 3522 5595">
    <p class='ocr_par' dir='ltr' id='par_1_105' title="bbox 253 5508 3522 5595">
     <span class='ocr_line' id='line_1_106' title="bbox 253 5508 3522 5595; baseline -0.006 -14"><span class='ocrx_word' id='word_1_709' title='bbox 253 5526 403 5595; x_wconf 67' lang='grc'>(164)</span> <span class='ocrx_word' id='word_1_710' title='bbox 427 5527 506 5580; x_wconf 91' lang='lat' dir='ltr'>De</span> <span class='ocrx_word' id='word_1_711' title='bbox 534 5524 598 5579; x_wconf 78' lang='grc' dir='ltr'>δ’.</span> <span class='ocrx_word' id='word_1_712' title='bbox 635 5524 909 5579; x_wconf 76' lang='lat' dir='ltr'>Brunonis</span> <span class='ocrx_word' id='word_1_713' title='bbox 942 5523 1147 5594; x_wconf 88' lang='lat' dir='ltr'>patria,</span> <span class='ocrx_word' id='word_1_714' title='bbox 1185 5521 1517 5593; x_wconf 87' lang='lat' dir='ltr'>parentibus</span> <span class='ocrx_word' id='word_1_715' title='bbox 1548 5535 1614 5577; x_wconf 87' lang='lat' dir='ltr'>ac</span> <span class='ocrx_word' id='word_1_716' title='bbox 1656 5518 1835 5577; x_wconf 90' lang='lat' dir='ltr'>nobili</span> <span class='ocrx_word' id='word_1_717' title='bbox 1867 5531 2081 5592; x_wconf 86' lang='lat' dir='ltr'>genere</span> <span class='ocrx_word' id='word_1_718' title='bbox 2120 5515 2322 5569; x_wconf 81' lang='lat' dir='ltr'>videsis</span> <span class='ocrx_word' id='word_1_719' title='bbox 2355 5510 2781 5569; x_wconf 84' lang='lat' dir='ltr'>Commentarii</span> <span class='ocrx_word' id='word_1_720' title='bbox 2831 5510 3025 5585; x_wconf 71' lang='lat' dir='ltr'>praevii</span> <span class='ocrx_word' id='word_1_721' title='bbox 3060 5515 3086 5579; x_wconf 82' lang='lat'><strong>§</strong></span> <span class='ocrx_word' id='word_1_722' title='bbox 3117 5515 3173 5581; x_wconf 82' lang='lat'>&#39;2,</span> <span class='ocrx_word' id='word_1_723' title='bbox 3204 5510 3286 5567; x_wconf 90' lang='lat' dir='ltr'>uti</span> <span class='ocrx_word' id='word_1_724' title='bbox 3345 5508 3522 5563; x_wconf 87' lang='lat' dir='ltr'>etiam</span> 
     </span>
    </p>
   </div>
   <div class='ocr_carea' id='block_1_106' title="bbox 178 5604 1335 5667">
    <p class='ocr_par' dir='ltr' id='par_1_106' title="bbox 178 5604 1335 5667">
     <span class='ocr_line' id='line_1_107' title="bbox 178 5604 1335 5667; baseline -0.006 -2"><span class='ocrx_word' id='word_1_725' title='bbox 178 5606 529 5667; x_wconf 85' lang='lat' dir='ltr'>annotanda</span> <span class='ocrx_word' id='word_1_726' title='bbox 560 5606 619 5661; x_wconf 88' lang='lat' dir='ltr'>in</span> <span class='ocrx_word' id='word_1_727' title='bbox 655 5605 885 5660; x_wconf 88' lang='lat' dir='ltr'>titulum</span> <span class='ocrx_word' id='word_1_728' title='bbox 909 5604 1219 5660; x_wconf 88' lang='lat' dir='ltr'>funebrem</span> <span class='ocrx_word' id='word_1_729' title='bbox 1247 5606 1335 5658; x_wconf 79' lang='lat'>97.</span> 
     </span>
    </p>
   </div>
  </div>
