4014 6052
418 361 522 422 527

1275 350 1332 410 S.
1363 349 1706 409 BRUNONIS
1747 341 2379 404 CARTHUSIANORUM
2416 341 2882 401 lNSTI'l‘UTORlS

3633 342 3738 398 528

414 491 539 544 tum
555 486 646 543 ille
661 482 906 558 profecit
930 497 1049 554 prie
1071 475 1611 536 casteriscoaataneis
1631 473 1766 540 suis,
1787 471 1985 527 utinte
2000 486 2030 524 r
2044 473 2101 533 Α
2130 473 2407 537 runt,non
2424 468 2794 524 mediocriter
2805 462 3483 540 perterrefacti,consulte
3501 462 3736 536 quidem

415 579 638 651 primos
657 573 1028 649 philosophos
1069 574 1411 626 numeratur
1433 567 1598 638 (165),
1625 568 1681 618 et
1701 564 2027 618 scholarum
2046 602 2058 614 .

417 667 698 738 magister
729 665 962 719 eﬂ'ectus
994 663 1066 716 sit
1088 662 1254 730 (166).
1291 659 1376 712 Ad
1407 673 1581 711 sacra:
1613 670 1841 726 quoque
1872 651 2032 706 theo-

419 757 586 827 logize
611 753 798 808 studia
825 769 884 806 se
917 749 1240 814 conferens,
1277 747 1334 800 in
1365 743 1648 815 theologis
1671 739 2032 796 doctissimus

421 848 479 900 et
500 842 908 899 celeberrimus
928 840 1156 893 habitus
1181 840 1285 902 est,
1303 837 1654 907 possuntque
1679 831 1730 885 ei
1777 829 1858 883 rei
1877 827 2030 882 testi-

422 934 688 990 monium
719 931 873 985 haud
897 931 1130 1000 vulgare
1166 925 1470 998 perhibere
1497 922 1704 993 scripta
1733 919 1874 990 ejus,
1905 932 2033 988 qua:

423 1023 647 1078 exstant
674 1020 848 1093 (167).
901 1018 1025 1071 Fuit
1067 1031 1198 1069 vero
1247 1013 1421 1068 etiam
1455 1010 1753 1065 Remensis
1783 1004 2032 1093 ecclesia;

423 1092 732 1167 canonicus
754 1106 925 1182 (168).
954 1107 1063 1160 Per
1082 1105 1140 1159 id
1169 1108 1399 1175 tempus
1441 1117 1572 1154 cum
1619 1099 1677 1154 in
1706 1092 2035 1167 hujusmodi

420 1200 654 1272 optimis
683 1197 884 1252 studiis
912 1197 1242 1251 versaretur
1283 1195 1496 1254 Bruno,
1515 1186 1790 1259 Gregorio
1813 1185 1902 1238 νη
1929 1183 2037 1236 Ro-

419 1270 595 1344 mano
627 1287 896 1361 pontifice
919 1283 1282 1340 sanctissimo
1307 1281 1484 1353 (169),
1509 1282 1567 1332 et
1595 1276 1836 1330 Henrico
1865 1270 2035 1327 tertio

418 1379 770 1450 imperatore
793 1374 966 1447 (170),
1004 1374 1153 1427 circa
1184 1386 1405 1425 annum
1445 1366 1640 1421 salutis
1667 1362 2037 1418 millesimum

421 1448 843 1537 octogesimum
875 1461 1212 1526 secundum;
1246 1457 1470 1512 Parisiis
1503 1455 1824 1509 litterarum
1851 1448 2038 1502 studia

426 1554 732 1619 florebant,
767 1555 824 1604 et
850 1553 973 1605 erat
999 1548 1111 1616 illic
1142 1551 1267 1601 tum
1315 1560 1530 1614 magna
1554 1542 1723 1596 turba
1755 1537 2035 1592 studioso-

423 1659 578 1707 rum,
607 1644 733 1695 tum
789 1655 906 1693 non
958 1636 1122 1708 pauci
1179 1635 1441 1689 doctores
1495 1629 1765 1701 insignes.
1823 1624 2040 1679 Accidit

425 1733 620 1786 autem
643 1745 779 1782 sane
805 1725 1160 1780 horrendum
1191 1726 1248 1778 et
1281 1719 1498 1776 saeculis
1529 1717 1799 1773 omnibus
1822 1729 2041 1768 memo-

2129 562 2187 613 et
2200 557 2436 629 provide
2453 558 2831 612 decreverunt
2853 555 3208 629 sepulturam
3225 553 3348 624 ejus
3370 551 3428 606 in
3443 552 3599 606 diem
3611 569 3736 606 cra-

2130 647 2344 701 stinum
2378 646 2782 714 differendam,
2814 649 2932 699 tam
2955 643 3240 697 inusitata:
3263 641 3344 696 rei
3363 641 3576 696 exitum
3599 658 3743 713 prm-

2133 735 2414 790 stolaturi.
2437 736 2631 790 Altera
2649 736 2794 801 luce,
2813 749 2940 788 cum
2955 733 3078 803 jam
3094 731 3229 786 facti
3256 729 3426 800 huius
3440 730 3598 784 fama
3617 734 3738 784 tota

2134 825 2273 879 urbe
2296 827 2443 878 esset
2464 823 2688 890 diffusa,
2711 827 2769 877 et
2795 822 3062 878 omnium
3089 837 3255 874 aures
3272 819 3640 892 implevisset,
3668 819 3744 874 ad

2134 929 2262 968 eam
2287 913 2588 968 ecclesiam
2613 912 2921 966 innumera
2935 926 3115 983 prope
3131 908 3434 964 hominum
3447 907 3743 980 utriusque

2136 1019 2297 1056 sexus
2323 1003 2489 1056 turba
2531 1001 2828 1057 conﬂuxit.
2872 999 3015 1054 Tum
3057 1015 3190 1054 vero
3238 998 3428 1052 denuo
3479 996 3741 1069 repetitis

2137 1090 2438 1162 exsequiis,
2474 1092 2782 1161 postquam
2821 1087 3080 1142 lectionis
3129 1085 3472 1158 supradictae
3508 1084 3742 1139 initium

2137 1179 2362 1234 recitari
2383 1178 2732 1250 caspit,idem
2749 1177 3266 1242 defunctus,erecto
3289 1174 3494 1246 capite,
3518 1172 3744 1244 ingenti

2137 1285 2331 1322 rursus
2364 1283 2498 1321 voce
2522 1267 2930 1331 clamat,.lusro
2954 1266 3051 1318 DEI
3073 1280 3280 1317 wmcno
3300 1277 3588 1316 JUDICATL'S
3615 1278 3742 1330 sun,

2139 1372 2387 1428 moxque
2456 1355 2515 1408 in
2584 1354 2863 1409 feretrum
2925 1370 2984 1407 se
3045 1351 3296 1424 reponit.
3343 1350 3748 1422 Corripiuntur

2141 1447 2390 1499 astantes
2417 1460 2620 1498 omnes
2651 1459 2878 1496 summa
2907 1445 2964 1495 et
2988 1439 3309 1494 incredibili
3333 1439 3744 1508 admiratione,

2139 1533 2612 1604 horrendumque
2643 1531 3032 1602 spectaculum
3060 1532 3292 1601 stupore
3319 1528 3498 1584 afﬁcit
3514 1529 3747 1583 univer-

2139 1639 2248 1676 sos.
2275 1621 2388 1676 Sed
2409 1621 2544 1693 quia
2565 1623 2762 1674 tamen
2790 1619 3038 1674 necdum
3059 1635 3148 1685 ea,
3165 1617 3581 1689 qumhactcnus
3596 1617 3752 1672 dixe-

2139 1714 2248 1777 rat,
2282 1727 2340 1762 se
2358 1709 2514 1780 justo
2531 1708 2626 1762 Dei
2637 1707 2854 1779 judicio
2879 1711 2934 1760 ct
2956 1710 3304 1772 accusatum,
3329 1709 3386 1760 et
3397 1706 3748 1776 judicatum,

423 1819 674 1874 randum
707 1817 765 1870 in
789 1832 857 1870 ea
877 1819 998 1870 tum
1024 1815 1165 1868 urbe
1181 1811 1594 1884 spectaculum,
1619 1806 1773 1878 quod
1805 1803 2040 1859 Carthu-
2069 1795 2119 1854 B
2140 1797 2696 1869 apertamhabebant
2709 1793 3098 1850 damnationis
3111 1793 3232 1864 ejus
3244 1791 3748 1864 significationem,

425 1906 599 1961 siana:
627 1905 754 1959 vitae
785 1901 1150 1958 instituenda:
1175 1898 1538 1954 occasionem
1574 1890 2042 1966 prmbuit,divina

424 1995 484 2051 id
514 1998 722 2068 agente
754 1990 1134 2066 providentia,
1165 2006 1292 2062 qua
1354 1987 1668 2042 multorum
1697 1981 1874 2037 voluit
1903 1996 2038 2034 con-

427 2085 614 2140 sulere
643 2083 830 2138 saluti.

499 2178 550 2229 3.
586 2173 832 2238 Quidam
859 2170 1015 2224 enim
1031 2168 1194 2223 valde
1223 2165 1462 2222 celebris
1487 2165 1708 2227 doctor,
1736 2177 1854 2232 pra:
1881 2162 2046 2214 caete—

433 2264 512 2318 ris
538 2263 722 2317 multa
753 2259 1015 2314 doctrina
1033 2261 1090 2311 et
1115 2255 1328 2310 eximia
1353 2269 1579 2308 morum
1609 2252 1912 2305 honestate
1936 2246 2047 2301 ins-

427 2355 668 2418 tructus,
690 2350 972 2421 quantum
995 2345 1230 2418 quidem
1257 2361 1322 2398 ex
1346 2343 1473 2396 vitae
1502 2337 1914 2395 consuetudine
1941 2337 2045 2390 ho-

429 2441 638 2506 mines,
673 2438 770 2511 qui
801 2441 1037 2492 externa
1061 2435 1181 2488 sola
1209 2434 1529 2496 intuentur,
1571 2428 1819 2500 pectoris
1838 2442 2050 2480 arcana

431 2529 623 2583 videre
644 2543 760 2582 non
784 2526 1042 2596 possunt,
1063 2522 1348 2592 conjicere
1363 2524 1422 2574 et
1444 2518 1774 2572 existimare
1796 2515 2046 2587 possent;

433 2621 557 2672 tum
589 2616 764 2670 etiam
795 2616 930 2669 ante
961 2612 1100 2666 alios
1121 2611 1270 2664 illius
1302 2609 1474 2682 ipsius
1496 2610 1554 2661 et
1582 2604 1870 2660 doctrinm
1914 2617 2048 2675 pro-

433 2706 627 2761 bitatis
645 2720 814 2758 causa
827 2703 1163 2767 honoratus,
1198 2698 1253 2752 in
1269 2714 1500 2769 gravem
1531 2695 1802 2748 morbum
1826 2689 2046 2745 incidit.

436 2798 493 2849 et
521 2797 666 2850 lecto
721 2791 1098 2856 decumbens,
1157 2788 1362 2842 morbo
1407 2786 1862 2856 ingravescente,
1893 2781 2050 2836 diem

435 2884 635 2940 clausit
657 2885 1001 2946 extremum,
1032 2881 1165 2932 ante
1183 2881 1402 2940 tamen,
1432 2891 1594 2929 more
1623 2871 1968 2936 Christiano,
1987 2873 2052 2924 ut

433 2973 518 3028 vir
542 2970 874 3034 catholicus,
935 2965 1294 3022 ecclesisticis
1356 2963 1612 3019 munitus
1645 2958 2044 3026 sacramentis,

435 3076 680 3132 cumque
697 3059 748 3113 ei
765 3075 832 3112 ex
847 3059 1079 3128 recepta
1094 3055 1249 3130 apud
1265 3053 1618 3108 Christianos
1638 3048 2054 3104 consuetudine
2090 3078 2138 3137 C

437 3150 690 3205 celebres
711 3149 1053 3218 pararentur
1085 3141 1366 3214 exsequiae
1410 3139 1627 3195 funeris
1653 3139 1775 3209 ejus
1802 3139 2052 3192 cohone-

439 3237 625 3312 standi
640 3235 846 3308 gratia,
871 3233 1304 3304 magistrorum,
1324 3229 1734 3294 studiosorum,
1764 3231 1820 3280 et
1845 3225 2054 3280 civium

440 3327 646 3397 ingens
660 3319 1214 3378 advenitmultitudo
1239 3337 1254 3386 ;
1289 3319 1496 3390 quibus
1522 3317 1692 3370 funus
1719 3316 1904 3386 ipsum
1923 3330 2054 3384 pro-

443 3411 834 3484 sequentibus,
859 3409 1114 3463 defuncti
1137 3407 1399 3461 examine
1426 3420 1634 3476 corpus
1658 3404 1717 3457 in
1749 3405 2056 3474 templum,

452 3502 549 3556 ubi
580 3501 887 3570 sepulturae
907 3495 1308 3551 mandandum
1333 3496 1477 3560 erat,
1523 3493 1745 3547 illatum
1775 3495 1879 3545 est.
1914 3491 2059 3546 Viris

448 3594 642 3646 autem
673 3585 1082 3652 ecclesiasticis,
1117 3584 1301 3656 quiad
1324 3583 1384 3638 id
1407 3581 1630 3637 invitati
1655 3581 1904 3643 fuerant,
1924 3581 2062 3636 soli-

450 3683 572 3734 tum
600 3677 854 3732 ofﬁcium
873 3673 1278 3748 peragentibus
1300 3676 1356 3727 et
1369 3687 1568 3743 preces
1589 3669 1734 3737 illas,
1758 3687 1900 3742 quas
1914 3669 2058 3740 vigi-

448 3766 554 3821 lias
585 3764 990 3819 defunctorum
1016 3764 1244 3828 vocant,
1259 3759 1658 3827 recitantibus,
1693 3759 1790 3814 ubi
1822 3761 2060 3814 ventum

450 3858 537 3910 est
567 3854 641 3908 ad
670 3869 799 3907 eam
828 3851 1162 3916 lectionem,
1187 3851 1346 3921 cujus
1378 3849 1610 3904 initium
1629 3852 1730 3912 est,
1765 3847 2064 3919 Responde

453 3942 617 4009 mihi,
649 3941 714 4007 is,
748 3939 846 4012 qui
875 3943 1000 3994 erat
1015 3939 1128 3992 vita
1159 3938 1409 4004 functus,
1442 3937 1500 3991 in
1534 3938 1655 4007 ipso
1681 3938 1894 3990 feretro
1940 3952 2065 3990 ere-

453 4031 535 4086 xit
556 4047 635 4096 se,
660 4033 736 4095 et,
759 4029 1056 4098 paululum
1088 4029 1306 4081 elevato
1344 4025 1552 4096 capite,
1579 4023 1795 4079 cunctis
1825 4023 2070 4078 videnti-

455 4120 563 4174 bus
592 4119 650 4170 et
679 4115 1064 4180 audientibus,
1084 4117 1141 4167 et
1167 4113 1240 4167 ad
1264 4117 1489 4167 tantam
1513 4111 1596 4166 rei
1620 4111 2067 4167 novitatemnon

465 4203 760 4260 immerito
787 4201 1170 4273 stupentibus,
1203 4201 1321 4254 alta
1351 4203 1408 4254 et
1427 4199 1721 4255 horrenda
1742 4217 1875 4254 voce
1892 4199 2065 4256 dixit:

459 4295 626 4350 Jusro
655 4294 751 4347 Da:
779 4306 988 4344 wmcxo
1020 4305 1322 4344 ACCL'SATUS
1353 4305 1490 4357 sua;
1541 4293 1598 4343 et
1623 4289 1712 4343 his
1741 4288 1924 4355 dictis,
1947 4307 2070 4345 rur-

462 4399 556 4436 sus
584 4380 641 4434 in
670 4379 888 4433 feretro
921 4378 1184 4450 deposuit
1200 4381 1390 4450 caput.

532 4471 588 4525 4.
618 4466 729 4532 Qui
758 4482 892 4522 vero
925 4467 1046 4538 ejus
1071 4467 1246 4523 verba
1277 4465 1604 4534 audierunt,
1635 4468 1694 4521 et
1709 4469 1904 4538 gestus
1922 4465 2074 4522 vide-

541 4607 687 4682 (165)
719 4611 962 4682 [ncepta
979 4608 1234 4682 Colonia:
1263 4608 1598 4682 Agrippina:
1621 4607 1903 4682 politioris
1917 4608 2072 4682 litte-

467 4679 679 4736 raturie
706 4679 894 4752 studia
933 4680 1128 4752 Remis
1171 4679 1423 4752 absolvit
1438 4679 1686 4752 sanctus,
1717 4679 2075 4752 Turonisque

472 4752 681 4807 deinde
699 4751 802 4805 sub
823 4751 1006 4805 Beran
1051 4751 1169 4806 erio
1196 4750 1572 4823 philosophiae
1601 4749 1810 4820 placita
1829 4749 2073 4818 exce_it,

473 4839 580 4876 nec
608 4822 782 4876 scitur
821 4822 949 4876 ullis
985 4767 1108 4876 aiiis
1151 4821 1368 4876 altioris
1413 4820 1630 4876 ordinis
1681 4820 1934 4876 scientiis
1966 4768 2073 4876 Eu-

473 4839 580 4878 nec
608 4822 782 4877 scitur
821 4822 949 4876 ullis
985 4820 1108 4876 aliis
1151 4820 1368 4876 altioris
1413 4820 1630 4876 Ordinis
1681 4820 1934 4876 scientiis
1966 4820 2074 4876 Lu-

475 4893 626 4949 tetia:
643 4891 992 4949 Parisiorum
1014 4909 1252 4964 Operam
1271 4891 1512 4947 dedisse.
1535 4891 1643 4946 Adi
1671 4892 2076 4948 commentarii

475 4965 671 5018 nraavii
703 4967 730 5018 S
759 4966 789 5018 3
819 4966 876 5018 et
905 4965 958 5018 4.

517 4965 671 5019 resvii
702 4967 730 5031 §
759 4966 789 5018 3
819 4966 876 5018 et
905 4965 958 5018 4.

517 4981 671 5019 rawu
721 4980 725 4981 '
759 4980 789 5018 δ
819 4980 876 5018 ei.
905 4980 958 5018 φ.

475 4980 512 5036 p
548 4980 956 5099 (166ISParisiis
993 5033 1168 5088 etiam
1229 5049 1528 5104 nunquam
1581 5032 1836 5104 docuisse
1872 5032 2080 5088 Brono-

475 5123 614 5169 nem,
646 5104 1139 5159 verosimillimum
1157 5121 1298 5176 sane
1330 5103 1518 5176 evadit
1546 5120 1613 5157 ex
1643 5103 1732 5170 iis,
1765 5105 2077 5176 quaiCom-

477 5176 744 5230 mentarii
777 5176 968 5246 przcvii
999 5178 1079 5243 §8
1111 5175 1368 5246 disserui.

546 5250 692 5316 (167)
737 5244 864 5300 Haec
896 5247 1048 5300 inter
1076 5245 1428 5316 praecipuum
1459 5245 1652 5299 locum
1683 5247 1886 5316 tenent
1913 5244 2078 5300 Com-

475 5315 726 5372 mentari
757 5316 892 5384 duo,
952 5315 1096 5370 alter
1123 5316 1179 5369 in
1237 5317 1512 5381 Psalmos,
1563 5317 1708 5370 alter
1757 5315 1814 5368 in
1873 5332 2077 5370 omnes

479 5389 536 5442 S.
560 5386 719 5468 .P‘auli
746 5387 987 5468 apostoli
1035 5387 1309 5468 Epistolas
1341 5385 1714 5468 con-scriptus,
1767 5386 2076 5468 quibus

477 5455 1014 5537 quidsentiendum
1040 5455 1129 5522 sit,
1159 5455 1582 5512 Commentarii
1606 5455 1800 5526 prievii
1825 5459 1852 5525 ἓ
1884 5455 1952 5510 42
1979 5473 2072 5512 ex-

472 5544 631 5598 pOSlll
643 5571 655 5582 .

2141 1902 2272 1940 cum
2302 1887 2536 1957 possent
2559 1884 2733 1940 etiam
2767 1883 2824 1938 in
2854 1884 3070 1937 bonam
3103 1881 3282 1951 accipi
3306 1883 3556 1953 partem,
3593 1879 3754 1952 quod

2143 1973 2332 2046 primo
2355 1973 2590 2046 quidem
2625 1972 2818 2044 inique
2837 1971 2908 2026 ad
2941 1969 3147 2025 Christi
3177 1969 3424 2023 tribunal
3459 1970 3756 2023 accusatus

2143 2065 2292 2118 esset
2321 2063 2392 2116 ab
2423 2078 2516 2129 eo,
2544 2061 2642 2133 qui
2683 2060 2926 2131 perdere
2972 2061 3178 2113 cuncta
3217 2057 3471 2123 festinat,
3504 2059 3562 2110 et
3593 2057 3687 2128 qui
3719 2073 3757 2111 a

2145 2150 2334 2204 studio
2365 2148 2758 2204 calumniandi
2821 2148 3096 2216 iiabolus,
3138 2147 3196 2202 id
3235 2150 3339 2214 est,
3369 2147 3758 2202 calumniator

2147 2241 2302 2294 recte
2335 2239 2518 2294 dictus
2567 2241 2671 2304 est,
2727 2241 2926 2309 postea
2990 2253 3123 2292 vero
3164 2237 3236 2292 ab
3282 2236 3404 2307 ejus
3451 2235 3757 2290 calumniis

2147 2327 2459 2399 aequissimi
2485 2326 2696 2381 Judicis
2715 2325 3004 2380 sententia
3023 2324 3342 2380 vindicatus
3355 2327 3522 2391 esset,
3539 2323 3760 2378 cunctis

2150 2417 2328 2471 visum
2358 2420 2463 2482 est,
2495 2415 2670 2470 etiam
2705 2413 2764 2468 in
2803 2414 3039 2468 tertium
3073 2414 3227 2469 diem
3265 2413 3388 2484 ejus
3417 2413 3759 2486 protrahere

2150 2506 2526 2578 sepulturam.

2222 2615 2272 2666 5.
2306 2611 2386 2664 Eo
2413 2611 2606 2663 autem
2637 2607 3020 2676 illucescente,
3049 2610 3174 2663 tota
3197 2609 3314 2662 fere
3345 2607 3540 2663 civitas
3559 2623 3757 2663 accur-

2151 2700 2245 2767 rit,
2273 2703 2394 2753 tam
2427 2697 2760 2752 inusitatum
2787 2699 2845 2751 et
2877 2697 3130 2751 terribile
3161 2697 3258 2751 Dei
3283 2696 3564 2766 judicium
3591 2712 3758 2751 nosse

2151 2789 2408 2861 cupiens,
2429 2803 2676 2858 cumque
2699 2785 2906 2840 eodem
2921 2785 3096 2840 modo
3116 2785 3460 2840 iterarentur
3471 2784 3764 2856 exsequia-

2153 2894 2284 2932 rum
2315 2875 2479 2940 ritus,
2497 2878 2554 2928 et
2571 2874 2644 2928 ad
2663 2873 2997 2940 lectionem,
3017 2890 3192 2946 quam
3219 2873 3487 2942 diximus,
3515 2889 3762 2946 perven-

2155 2970 2280 3022 tum
2313 2967 2478 3032 esset,

2159 3143 2300 3197 Tum
2331 3159 2543 3196 rursum
2560 3143 2836 3195 exanimus
2862 3141 3058 3210 feretro
3089 3148 3249 3212 caput
3272 3141 3458 3195 extulit
3486 3141 3616 3208 alto,

2155 3233 2338 3303 Atque
2366 3231 2629 3302 infelicem
2655 3247 2707 3283 se
2727 3229 3148 3300 contemplanda,
3181 3230 3404 3295 locutus,

2155 3319 2251 3376 Sic
2281 3321 2362 3374 ait
2380 3321 2630 3373 immenso
2663 3318 2805 3371 luctu
2828 3318 3127 3390 grandique
3159 3318 3354 3372 boatu:

2157 3409 2377 3464 Parcite
2405 3407 2706 3478 funeribus,
2740 3407 2872 3459 mihi
2891 3406 2973 3459 nil
2982 3407 3232 3478 prodesse
3259 3407 3461 3462 valetis.

2158 3497 2284 3551 Heu
2313 3497 2576 3566 infelicem
2602 3513 2698 3548 cur
2723 3512 2804 3550 me
2829 3512 3056 3564 genuere
3075 3502 3324 3567 parentes
3346 3498 3374 3549 Σ)

2157 3585 2289 3641 Ahl
2318 3587 2473 3639 miser
2501 3591 2720 3639 a3ternos
2747 3584 2880 3638 vado
2900 3584 3185 3638 damnatus
3210 3585 3281 3638 ad
3309 3587 3470 3654 ignes.

2163 3675 2399 3746 Indeque
2423 3674 2677 3728 conticuit
2702 3689 2920 3744 semper,
2938 3673 3222 3746 jucuitgue
3241 3675 3460 3745 supinus
3488 3672 3661 3747 (171).

2164 3852 2252 3907 Ad
2284 3867 2414 3905 eam
2440 3866 2638 3904 vocem
2670 3850 2798 3921 quis
2819 3854 2934 3904 tam
2967 3851 3144 3922 possit
3164 3867 3284 3905 esse
3307 3851 3494 3906 ferreo
3515 3853 3775 3923 pectore,

2168 3943 2231 3993 ut
2261 3955 2380 3993 non
2410 3941 2564 3993 totus
2593 3954 2697 3992 ase
2733 3937 3026 3994 discedat?
3059 3939 3228 3994 Recte
3261 3939 3401 3994 dixit
3439 3939 3728 4010 Propheta
3760 3957 3775 3994 :

2171 4051 2199 4078 «
2229 4026 2450 4081 Iudicia
2493 4025 2595 4081 Dei
2643 4026 2876 4098 abyssus
2913 4027 3162 4081 multa.»
3213 4027 3388 4082 Notus
3419 4031 3544 4082 crat
3572 4027 3658 4082 vir
3681 4028 3779 4083 ille

2169 4115 2334 4170 omni
2365 4113 2539 4186 plebi,
2565 4117 2622 4168 et
2649 4130 2780 4168 cum
2817 4131 2990 4170 nemo
3022 4115 3092 4169 de
3120 4115 3217 4169 illo
3245 4115 3562 4188 quidquam
3586 4116 3780 4171 minus

2169 4202 2571 4274 suspicaretur,
2599 4201 2755 4272 justo
2783 4202 2884 4258 Dei
2907 4203 3126 4273 judicio
3154 4203 3497 4258 damnatum
3527 4220 3586 4258 se
3614 4203 3778 4258 dixit.

2172 4290 2500 4345 Penetravit
2521 4289 2618 4344 illa
2635 4290 2906 4344 terribilis
2935 4292 3238 4358 vox,Juxto
3269 4291 3369 4347 Dei
3391 4291 3780 4364 judiciodam-

2172 4382 2340 4433 natus
2362 4394 2512 4444 sum,
2563 4377 2713 4450 ipsas
2768 4377 2980 4432 ossium
3006 4379 3286 4434 medullas
3321 4379 3780 4452 videbanturque

2173 4469 2426 4523 astantes
2449 4483 2655 4522 omnes
2682 4483 2834 4540 pene
2853 4467 3168 4524 exanimes.

2246 4609 2390 4734 (:6?)
2421 4608 2562 4664 Vide
2611 4607 2765 4665 dicta
2790 4609 2883 4664 .ad
2927 4613 3052 4667 not.
3105 4614 3170 4666 35
3217 4610 3356 4666 Vitae
3399 4611 3784 4682 praecedentis

2173 4696 2302 4752 cap.
2343 4696 2392 4752 1.

2247 4750 2398 4823 (170)
2419 4750 2690 4822 Princeps
2724 4751 2835 4818 hic,
2868 4751 2966 4823 qui
2991 4755 3114 4807 tum
3145 4751 3204 4806 in
3229 4753 3358 4808 Vita
3407 4753 3782 4823 praecedenti,

2176 4821 2300 4876 tum
2331 4821 2390 4874 in
2417 4821 2638 4889 altera,"
2673 4839 2708 4877 a
2734 4821 3162 4878 Blomenvenna
3192 4821 3480 4890 contexta,
3511 4821 3786 4879 Henricus

2176 4900 2400 4964 quartus
2427 4896 2680 4966 vocatur,
2715 4895 2897 4948 tertius
2926 4911 2960 4948 a
2989 4894 3154 4966 Surio
3193 4895 3268 4950 ad
3296 4895 3611 4966 plurimum
3641 4895 3784 4950 scri-

2177 4963 2411 5044 ptorum
2465 4963 2708 5044 aliorum
2756 4963 3377 5044 exemplar‘duntax'at
3416 4966 3510 5020 hic
3537 4966 3784 5044 dicitur,

2178 5034 2333 5108 quod
2354 5034 2664 5088 Henricum
2683 5037 2724 5102 l,
2738 5034 3438 5108 cognomentoAucupem,
3453 5037 3789 5108 qui,quam-

2177 5105 2258 5157 vis
2283 5105 2354 5158 ab
2383 5120 2536 5158 anno
2583 5109 2686 5158 919
2718 5105 2894 5176 usque
2947 5107 3018 5160 ad
3048 5123 3269 5161 annum
3293 5105 3422 5161 ‘936
3451 5105 3783 5163 Germania:

2179 5191 2424 5244 regnum
2451 5176 2721 5249 tenuerit,
2770 5176 3088 5249 imperator
3117 5181 3314 5232 tamen
3348 5194 3646 5249 nunquam
3685 5195 3788 5232 co-

2177 5249 2414 5370 aonatuts
2475 5246 2604 5314 fuit,
2655 5246 3100 5318 imperatoribus
3152 5246 3574 5304 accensendum
3624 5249 3788 5305 haud

2219 5333 2420 5370 uxeri.

2219 5333 2420 5370 UIBI‘IL.

2245 5387 2396 5458 (171)
2428 5387 2698 5463 Carmina
2736 5389 2926 5463 hasce
2955 5389 3213 5456 metrica,
3273 5391 3344 5444 de
3406 5408 3521 5463 qua
3559 5389 3784 5463 ividesis

2174 5459 2656 5530 commentarium
2712 5461 2988 5530 praevium
3039 5477 3202 5514 num.
3258 5464 3341 5527 19,
3391 5459 3571 5516 sancti
3627 5460 3778 5526 Vita,

2172 5545 2276 5599 per
2285 5529 2644 5604 lacchariam
2666 5529 3038 5604 Benedictum
3055 5530 3497 5604 descripta,sunt
3511 5533 3785 5604 deprom-

546 5600 692 5667 (168)
734 5598 1113 5680 Vopjssimum
1173 5615 1308 5654 sane
1355 5599 1463 5654 hoc
1495 5613 1615 5651 esse
1643 5599 1911 5679 probant,
1943 5617 2071 5675 quae
2170 5604 2293 5730 ﬁta,
2324 5600 2552 5655 modica
2581 5601 2879 5661 dumtaxat
2909 5602 2966 5660 iu
3018 5603 3186 5663 tertio
3241 5598 3300 5664 et
3338 5598 3542 5680 quinto
3586 5598 3784 5663 'muta-

546 5673 887 5728 inimentaru
920 5686 1115 5730 przevu
1146 5685 1306 5726 num.
1349 5672 1416 5729 84
1461 5669 1689 5730 adduxi.
2215 5687 2326 5730 ouo
2352 5671 2524 5730 facta.

476 5665 887 5728 Commentarii
918 5669 1115 5744 przevii
1146 5685 1306 5726 num.
1349 5672 1416 5729 84
1461 5665 1689 5730 adduxi.

2215 5687 2326 5731 ouo
2352 5671 2524 5730 facta.
