  <div class='ocr_page' id='page_1' title='image "/cluster/home/n/w/nwhite01/storage/ocr_20150623/152/hvd.32044054760103/270.png"; bbox 0 0 4014 6030; ppageno 0'>
   <div class='ocr_carea' id='block_1_1' title="bbox 270 295 375 349">
    <p class='ocr_par' dir='ltr' id='par_1_1' title="bbox 270 295 375 349">
     <span class='ocr_line' id='line_1_1' title="bbox 270 295 375 349; baseline 0.029 -3"><span class='ocrx_word' id='word_1_1' title='bbox 270 295 375 349; x_wconf 75' lang='lat'>529</span> 
     </span>
    </p>
   </div>
   <div class='ocr_carea' id='block_1_2' title="bbox 1853 289 2035 352">
    <p class='ocr_par' dir='ltr' id='par_1_2' title="bbox 1853 289 2035 352">
     <span class='ocr_line' id='line_1_2' title="bbox 1853 289 2035 352; baseline 0.005 -1"><span class='ocrx_word' id='word_1_2' title='bbox 1853 289 2035 352; x_wconf 78' lang='lat' dir='ltr'>ACTA</span> 
     </span>
    </p>
   </div>
   <div class='ocr_carea' id='block_1_3' title="bbox 3507 315 3610 365">
    <p class='ocr_par' dir='ltr' id='par_1_3' title="bbox 3507 315 3610 365">
     <span class='ocr_line' id='line_1_3' title="bbox 3507 315 3610 365; baseline 0 0"><span class='ocrx_word' id='word_1_3' title='bbox 3507 315 3610 365; x_wconf 77' lang='lat'>530</span> 
     </span>
    </p>
   </div>
   <div class='ocr_carea' id='block_1_4' title="bbox 342 418 3609 506">
    <p class='ocr_par' dir='ltr' id='par_1_4' title="bbox 342 418 3609 506">
     <span class='ocr_line' id='line_1_4' title="bbox 342 418 3609 506; baseline 0.005 -33"><span class='ocrx_word' id='word_1_4' title='bbox 342 422 397 475; x_wconf 86' lang='lat'>6.</span> <span class='ocrx_word' id='word_1_5' title='bbox 422 419 547 473; x_wconf 75' lang='lat' dir='ltr'>Non</span> <span class='ocrx_word' id='word_1_6' title='bbox 595 418 751 473; x_wconf 89' lang='lat' dir='ltr'>enim</span> <span class='ocrx_word' id='word_1_7' title='bbox 797 418 1029 490; x_wconf 88' lang='lat' dir='ltr'>vulgare</span> <span class='ocrx_word' id='word_1_8' title='bbox 1074 419 1184 473; x_wconf 87' lang='lat' dir='ltr'>illis</span> <span class='ocrx_word' id='word_1_9' title='bbox 1227 421 1660 492; x_wconf 88' lang='lat' dir='ltr'>propenebatur</span> <span class='ocrx_word' id='word_1_10' title='bbox 1704 439 1898 476; x_wconf 85' lang='lat' dir='ltr'>exem-</span> <span class='ocrx_word' id='word_1_11' title='bbox 1920 426 1974 485; x_wconf 84' lang='grc' dir='ltr'><strong>Α</strong></span> <span class='ocrx_word' id='word_1_12' title='bbox 2001 426 2071 478; x_wconf 84' lang='lat' dir='ltr'>At</span> <span class='ocrx_word' id='word_1_13' title='bbox 2103 442 2254 479; x_wconf 91' lang='lat' dir='ltr'>nunc</span> <span class='ocrx_word' id='word_1_14' title='bbox 2276 442 2340 479; x_wconf 83' lang='lat' dir='ltr'>ex</span> <span class='ocrx_word' id='word_1_15' title='bbox 2374 427 2497 497; x_wconf 98' lang='lat' dir='ltr'>ejus</span> <span class='ocrx_word' id='word_1_16' title='bbox 2529 443 2627 482; x_wconf 90' lang='lat' dir='ltr'>ore</span> <span class='ocrx_word' id='word_1_17' title='bbox 2676 426 2993 482; x_wconf 87' lang='lat' dir='ltr'>audivimus</span> <span class='ocrx_word' id='word_1_18' title='bbox 3027 428 3182 499; x_wconf 90' lang='lat' dir='ltr'>justo</span> <span class='ocrx_word' id='word_1_19' title='bbox 3232 447 3364 486; x_wconf 90' lang='lat' dir='ltr'>eum</span> <span class='ocrx_word' id='word_1_20' title='bbox 3397 434 3496 488; x_wconf 90' lang='lat' dir='ltr'>Dei</span> <span class='ocrx_word' id='word_1_21' title='bbox 3520 436 3609 506; x_wconf 88' lang='lat' dir='ltr'>ju-</span> 
     </span>
    </p>
   </div>
   <div class='ocr_carea' id='block_1_5' title="bbox 272 507 1897 580">
    <p class='ocr_par' dir='ltr' id='par_1_5' title="bbox 272 507 1897 580">
     <span class='ocr_line' id='line_1_5' title="bbox 272 507 1897 580; baseline 0.001 -18"><span class='ocrx_word' id='word_1_22' title='bbox 272 510 460 580; x_wconf 90' lang='lat' dir='ltr'>plum,</span> <span class='ocrx_word' id='word_1_23' title='bbox 489 524 594 561; x_wconf 90' lang='lat' dir='ltr'>nec</span> <span class='ocrx_word' id='word_1_24' title='bbox 625 510 750 561; x_wconf 90' lang='lat' dir='ltr'>erat</span> <span class='ocrx_word' id='word_1_25' title='bbox 780 507 878 561; x_wconf 93' lang='lat' dir='ltr'>illa</span> <span class='ocrx_word' id='word_1_26' title='bbox 908 524 997 561; x_wconf 90' lang='lat' dir='ltr'>res</span> <span class='ocrx_word' id='word_1_27' title='bbox 1028 508 1249 563; x_wconf 90' lang='lat' dir='ltr'>ludicra</span> <span class='ocrx_word' id='word_1_28' title='bbox 1276 513 1373 563; x_wconf 90' lang='lat' dir='ltr'>aut</span> <span class='ocrx_word' id='word_1_29' title='bbox 1403 510 1561 580; x_wconf 90' lang='lat' dir='ltr'>parvi</span> <span class='ocrx_word' id='word_1_30' title='bbox 1591 511 1897 572; x_wconf 76' lang='lat' dir='ltr'>momenti,</span> 
     </span>
    </p>
   </div>
   <div class='ocr_carea' id='block_1_6' title="bbox 271 595 1899 674">
    <p class='ocr_par' dir='ltr' id='par_1_6' title="bbox 271 595 1899 674">
     <span class='ocr_line' id='line_1_6' title="bbox 271 595 1899 674; baseline -0.003 -19"><span class='ocrx_word' id='word_1_31' title='bbox 271 601 624 656; x_wconf 89' lang='lat' dir='ltr'>Damnatum</span> <span class='ocrx_word' id='word_1_32' title='bbox 661 597 753 652; x_wconf 90' lang='lat' dir='ltr'>ille</span> <span class='ocrx_word' id='word_1_33' title='bbox 781 615 839 652; x_wconf 90' lang='lat' dir='ltr'>se</span> <span class='ocrx_word' id='word_1_34' title='bbox 865 598 1021 668; x_wconf 82' lang='lat' dir='ltr'>justo</span> <span class='ocrx_word' id='word_1_35' title='bbox 1065 598 1163 653; x_wconf 89' lang='lat' dir='ltr'>Dei</span> <span class='ocrx_word' id='word_1_36' title='bbox 1198 599 1419 670; x_wconf 90' lang='lat' dir='ltr'>judicio</span> <span class='ocrx_word' id='word_1_37' title='bbox 1461 601 1772 669; x_wconf 90' lang='lat' dir='ltr'>clamabat,</span> <span class='ocrx_word' id='word_1_38' title='bbox 1802 595 1899 674; x_wconf 87' lang='lat' dir='ltr'>qui</span> 
     </span>
    </p>
   </div>
   <div class='ocr_carea' id='block_1_7' title="bbox 267 687 1900 755">
    <p class='ocr_par' dir='ltr' id='par_1_7' title="bbox 267 687 1900 755">
     <span class='ocr_line' id='line_1_7' title="bbox 267 687 1900 755; baseline 0.001 -12"><span class='ocrx_word' id='word_1_39' title='bbox 267 689 351 744; x_wconf 90' lang='lat' dir='ltr'>sic</span> <span class='ocrx_word' id='word_1_40' title='bbox 381 688 534 742; x_wconf 90' lang='lat' dir='ltr'>inter</span> <span class='ocrx_word' id='word_1_41' title='bbox 561 687 830 742; x_wconf 87' lang='lat' dir='ltr'>homines</span> <span class='ocrx_word' id='word_1_42' title='bbox 859 687 1055 742; x_wconf 84' lang='lat' dir='ltr'>vixisse</span> <span class='ocrx_word' id='word_1_43' title='bbox 1088 687 1236 741; x_wconf 87' lang='lat' dir='ltr'>visus</span> <span class='ocrx_word' id='word_1_44' title='bbox 1279 691 1447 755; x_wconf 84' lang='lat' dir='ltr'>esset,</span> <span class='ocrx_word' id='word_1_45' title='bbox 1484 692 1546 743; x_wconf 93' lang='lat' dir='ltr'>ut</span> <span class='ocrx_word' id='word_1_46' title='bbox 1596 690 1667 744; x_wconf 90' lang='lat' dir='ltr'>ab</span> <span class='ocrx_word' id='word_1_47' title='bbox 1717 689 1900 746; x_wconf 89' lang='lat' dir='ltr'>omni-</span> 
     </span>
    </p>
   </div>
   <div class='ocr_carea' id='block_1_8' title="bbox 265 774 1894 847">
    <p class='ocr_par' dir='ltr' id='par_1_8' title="bbox 265 774 1894 847">
     <span class='ocr_line' id='line_1_8' title="bbox 265 774 1894 847; baseline -0.001 -14"><span class='ocrx_word' id='word_1_48' title='bbox 265 779 375 834; x_wconf 86' lang='lat' dir='ltr'>bus</span> <span class='ocrx_word' id='word_1_49' title='bbox 406 781 634 830; x_wconf 88' lang='lat' dir='ltr'>sanctus</span> <span class='ocrx_word' id='word_1_50' title='bbox 672 778 991 847; x_wconf 78' lang='lat' dir='ltr'>putaretur.</span> <span class='ocrx_word' id='word_1_51' title='bbox 1032 774 1309 831; x_wconf 84' lang='lat' dir='ltr'>Dicebant</span> <span class='ocrx_word' id='word_1_52' title='bbox 1345 776 1439 831; x_wconf 85' lang='lat' dir='ltr'>alii</span> <span class='ocrx_word' id='word_1_53' title='bbox 1490 777 1563 832; x_wconf 91' lang='lat' dir='ltr'>ad</span> <span class='ocrx_word' id='word_1_54' title='bbox 1613 778 1752 832; x_wconf 89' lang='lat' dir='ltr'>alios</span> <span class='ocrx_word' id='word_1_55' title='bbox 1789 795 1801 832; x_wconf 92' lang='lat'>:</span> <span class='ocrx_word' id='word_1_56' title='bbox 1837 778 1894 833; x_wconf 92' lang='lat' dir='ltr'>Si</span> 
     </span>
    </p>
   </div>
   <div class='ocr_carea' id='block_1_9' title="bbox 265 864 1893 938">
    <p class='ocr_par' dir='ltr' id='par_1_9' title="bbox 265 864 1893 938">
     <span class='ocr_line' id='line_1_9' title="bbox 265 864 1893 938; baseline 0 -15"><span class='ocrx_word' id='word_1_57' title='bbox 265 868 344 923; x_wconf 91' lang='lat' dir='ltr'>sic</span> <span class='ocrx_word' id='word_1_58' title='bbox 374 867 581 922; x_wconf 89' lang='lat' dir='ltr'>accidit</span> <span class='ocrx_word' id='word_1_59' title='bbox 609 866 741 920; x_wconf 88' lang='lat' dir='ltr'>huic</span> <span class='ocrx_word' id='word_1_60' title='bbox 772 868 932 921; x_wconf 90' lang='lat' dir='ltr'>tanto</span> <span class='ocrx_word' id='word_1_61' title='bbox 986 864 1126 932; x_wconf 89' lang='lat' dir='ltr'>viro,</span> <span class='ocrx_word' id='word_1_62' title='bbox 1160 868 1282 919; x_wconf 89' lang='lat' dir='ltr'>tam</span> <span class='ocrx_word' id='word_1_63' title='bbox 1335 865 1569 938; x_wconf 82' lang='lat' dir='ltr'>insigni,</span> <span class='ocrx_word' id='word_1_64' title='bbox 1615 867 1755 938; x_wconf 92' lang='lat' dir='ltr'>quid</span> <span class='ocrx_word' id='word_1_65' title='bbox 1787 885 1893 923; x_wconf 92' lang='lat' dir='ltr'>nos</span> 
     </span>
    </p>
   </div>
   <div class='ocr_carea' id='block_1_10' title="bbox 264 954 1888 1026">
    <p class='ocr_par' dir='ltr' id='par_1_10' title="bbox 264 954 1888 1026">
     <span class='ocr_line' id='line_1_10' title="bbox 264 954 1888 1026; baseline 0 -14"><span class='ocrx_word' id='word_1_66' title='bbox 264 956 464 1012; x_wconf 87' lang='lat' dir='ltr'>miseri</span> <span class='ocrx_word' id='word_1_67' title='bbox 496 958 826 1026; x_wconf 82' lang='lat' dir='ltr'>exspectare</span> <span class='ocrx_word' id='word_1_68' title='bbox 880 954 1157 1009; x_wconf 78' lang='lat' dir='ltr'>debemus</span> <span class='ocrx_word' id='word_1_69' title='bbox 1182 954 1209 1008; x_wconf 73' lang='lat'>‘2</span> <span class='ocrx_word' id='word_1_70' title='bbox 1245 954 1507 1009; x_wconf 89' lang='lat' dir='ltr'>Tandem</span> <span class='ocrx_word' id='word_1_71' title='bbox 1570 972 1640 1009; x_wconf 87' lang='lat' dir='ltr'>ea</span> <span class='ocrx_word' id='word_1_72' title='bbox 1690 959 1888 1012; x_wconf 90' lang='lat' dir='ltr'>tamen</span> 
     </span>
    </p>
   </div>
   <div class='ocr_carea' id='block_1_11' title="bbox 2004 511 3606 592">
    <p class='ocr_par' dir='ltr' id='par_1_11' title="bbox 2004 511 3606 592">
     <span class='ocr_line' id='line_1_11' title="bbox 2004 511 3606 592; baseline 0.007 -26"><span class='ocrx_word' id='word_1_73' title='bbox 2004 511 2150 567; x_wconf 89' lang='lat' dir='ltr'>dicio</span> <span class='ocrx_word' id='word_1_74' title='bbox 2182 516 2656 570; x_wconf 88' lang='lat' dir='ltr'>condemnatum.</span> <span class='ocrx_word' id='word_1_75' title='bbox 2693 516 2816 580; x_wconf 86' lang='lat' dir='ltr'>Qua</span> <span class='ocrx_word' id='word_1_76' title='bbox 2843 534 2977 571; x_wconf 91' lang='lat' dir='ltr'>voce</span> <span class='ocrx_word' id='word_1_77' title='bbox 3011 517 3146 588; x_wconf 87' lang='lat' dir='ltr'>quid</span> <span class='ocrx_word' id='word_1_78' title='bbox 3160 520 3449 589; x_wconf 91' lang='lat' dir='ltr'>possitaut</span> <span class='ocrx_word' id='word_1_79' title='bbox 3473 523 3606 592; x_wconf 90' lang='lat' dir='ltr'>dici,</span> 
     </span>
    </p>
   </div>
   <div class='ocr_carea' id='block_1_12' title="bbox 2001 602 3605 676">
    <p class='ocr_par' dir='ltr' id='par_1_12' title="bbox 2001 602 3605 676">
     <span class='ocr_line' id='line_1_12' title="bbox 2001 602 3605 676; baseline 0.007 -21"><span class='ocrx_word' id='word_1_80' title='bbox 2001 605 2100 655; x_wconf 90' lang='lat' dir='ltr'>aut</span> <span class='ocrx_word' id='word_1_81' title='bbox 2121 602 2261 675; x_wconf 89' lang='lat' dir='ltr'>fingi</span> <span class='ocrx_word' id='word_1_82' title='bbox 2293 605 2600 660; x_wconf 83' lang='lat' dir='ltr'>terribilius</span> <span class='ocrx_word' id='word_1_83' title='bbox 2630 606 2657 659; x_wconf 84' lang='lat'>‘?</span> <span class='ocrx_word' id='word_1_84' title='bbox 2702 605 2837 669; x_wconf 87' lang='lat' dir='ltr'>Quis</span> <span class='ocrx_word' id='word_1_85' title='bbox 2886 606 2957 660; x_wconf 89' lang='lat' dir='ltr'>ad</span> <span class='ocrx_word' id='word_1_86' title='bbox 3011 606 3132 676; x_wconf 88' lang='lat' dir='ltr'>ejus</span> <span class='ocrx_word' id='word_1_87' title='bbox 3182 608 3441 663; x_wconf 88' lang='lat' dir='ltr'>auditum</span> <span class='ocrx_word' id='word_1_88' title='bbox 3486 629 3605 667; x_wconf 91' lang='lat' dir='ltr'>non</span> 
     </span>
    </p>
   </div>
   <div class='ocr_carea' id='block_1_13' title="bbox 2000 692 3605 759">
    <p class='ocr_par' dir='ltr' id='par_1_13' title="bbox 2000 692 3605 759">
     <span class='ocr_line' id='line_1_13' title="bbox 2000 692 3605 759; baseline 0.007 -16"><span class='ocrx_word' id='word_1_89' title='bbox 2000 692 2150 745; x_wconf 90' lang='lat' dir='ltr'>totus</span> <span class='ocrx_word' id='word_1_90' title='bbox 2181 695 2588 749; x_wconf 89' lang='lat' dir='ltr'>contremiscat</span> <span class='ocrx_word' id='word_1_91' title='bbox 2616 696 2642 750; x_wconf 85' lang='lat'><strong>?</strong></span> <span class='ocrx_word' id='word_1_92' title='bbox 2670 695 2815 759; x_wconf 89' lang='lat' dir='ltr'>Quid</span> <span class='ocrx_word' id='word_1_93' title='bbox 2847 698 2933 749; x_wconf 89' lang='lat' dir='ltr'>est</span> <span class='ocrx_word' id='word_1_94' title='bbox 2954 695 3110 749; x_wconf 88' lang='lat' dir='ltr'>enim</span> <span class='ocrx_word' id='word_1_95' title='bbox 3142 697 3485 754; x_wconf 87' lang='lat' dir='ltr'>damnatum</span> <span class='ocrx_word' id='word_1_96' title='bbox 3518 718 3605 755; x_wconf 85' lang='lat' dir='ltr'>es-</span> 
     </span>
    </p>
   </div>
   <div class='ocr_carea' id='block_1_14' title="bbox 1995 781 3607 855">
    <p class='ocr_par' dir='ltr' id='par_1_14' title="bbox 1995 781 3607 855">
     <span class='ocr_line' id='line_1_14' title="bbox 1995 781 3607 855; baseline 0.006 -22"><span class='ocrx_word' id='word_1_97' title='bbox 1995 796 2075 846; x_wconf 90' lang='lat' dir='ltr'>se,</span> <span class='ocrx_word' id='word_1_98' title='bbox 2110 781 2213 835; x_wconf 88' lang='lat' dir='ltr'>nisi</span> <span class='ocrx_word' id='word_1_99' title='bbox 2248 782 2305 835; x_wconf 91' lang='lat' dir='ltr'>in</span> <span class='ocrx_word' id='word_1_100' title='bbox 2337 800 2404 837; x_wconf 88' lang='lat' dir='ltr'>ea</span> <span class='ocrx_word' id='word_1_101' title='bbox 2436 783 2696 838; x_wconf 88' lang='lat' dir='ltr'>incidisse</span> <span class='ocrx_word' id='word_1_102' title='bbox 2744 785 2916 851; x_wconf 90' lang='lat' dir='ltr'>mala,</span> <span class='ocrx_word' id='word_1_103' title='bbox 2951 802 3078 855; x_wconf 68' lang='lat' dir='ltr'>qum</span> <span class='ocrx_word' id='word_1_104' title='bbox 3115 786 3271 840; x_wconf 89' lang='lat' dir='ltr'>nulla</span> <span class='ocrx_word' id='word_1_105' title='bbox 3316 804 3481 841; x_wconf 90' lang='lat' dir='ltr'>mens</span> <span class='ocrx_word' id='word_1_106' title='bbox 3519 806 3607 843; x_wconf 88' lang='lat' dir='ltr'>ca-</span> 
     </span>
    </p>
   </div>
   <div class='ocr_carea' id='block_1_15' title="bbox 1992 871 3602 944">
    <p class='ocr_par' dir='ltr' id='par_1_15' title="bbox 1992 871 3602 944">
     <span class='ocr_line' id='line_1_15' title="bbox 1992 871 3602 944; baseline 0.004 -22"><span class='ocrx_word' id='word_1_107' title='bbox 1992 885 2153 939; x_wconf 89' lang='lat' dir='ltr'>pere,</span> <span class='ocrx_word' id='word_1_108' title='bbox 2186 871 2343 925; x_wconf 87' lang='lat' dir='ltr'>nulla</span> <span class='ocrx_word' id='word_1_109' title='bbox 2367 871 2562 942; x_wconf 89' lang='lat' dir='ltr'>lingua</span> <span class='ocrx_word' id='word_1_110' title='bbox 2590 872 2872 942; x_wconf 86' lang='lat' dir='ltr'>explicare</span> <span class='ocrx_word' id='word_1_111' title='bbox 2901 872 3136 944; x_wconf 87' lang='lat' dir='ltr'>potest?</span> <span class='ocrx_word' id='word_1_112' title='bbox 3169 872 3305 937; x_wconf 69' lang='lat' dir='ltr'>Quas</span> <span class='ocrx_word' id='word_1_113' title='bbox 3332 876 3528 929; x_wconf 89' lang='lat' dir='ltr'>tamen</span> <span class='ocrx_word' id='word_1_114' title='bbox 3557 876 3602 930; x_wconf 92' lang='lat' dir='ltr'>si</span> 
     </span>
    </p>
   </div>
   <div class='ocr_carea' id='block_1_16' title="bbox 1992 958 3599 1032">
    <p class='ocr_par' dir='ltr' id='par_1_16' title="bbox 1992 958 3599 1032">
     <span class='ocr_line' id='line_1_16' title="bbox 1992 958 3599 1032; baseline 0.005 -22"><span class='ocrx_word' id='word_1_115' title='bbox 1992 958 2339 1029; x_wconf 86' lang='lat' dir='ltr'>quandoque</span> <span class='ocrx_word' id='word_1_116' title='bbox 2374 959 2550 1013; x_wconf 82' lang='lat' dir='ltr'>finem</span> <span class='ocrx_word' id='word_1_117' title='bbox 2577 960 2879 1026; x_wconf 87' lang='lat' dir='ltr'>baberent,</span> <span class='ocrx_word' id='word_1_118' title='bbox 2914 965 3146 1032; x_wconf 87' lang='lat' dir='ltr'>possent</span> <span class='ocrx_word' id='word_1_119' title='bbox 3165 964 3368 1016; x_wconf 85' lang='lat' dir='ltr'>saltem</span> <span class='ocrx_word' id='word_1_120' title='bbox 3398 966 3599 1018; x_wconf 90' lang='lat' dir='ltr'>utcun-</span> 
     </span>
    </p>
   </div>
   <div class='ocr_carea' id='block_1_17' title="bbox 261 1042 3599 1121">
    <p class='ocr_par' dir='ltr' id='par_1_17' title="bbox 261 1042 3599 1121">
     <span class='ocr_line' id='line_1_17' title="bbox 261 1042 3599 1121; baseline 0.001 -21"><span class='ocrx_word' id='word_1_121' title='bbox 261 1045 529 1100; x_wconf 89' lang='lat' dir='ltr'>omnium</span> <span class='ocrx_word' id='word_1_122' title='bbox 565 1043 674 1097; x_wconf 89' lang='lat' dir='ltr'>fuit</span> <span class='ocrx_word' id='word_1_123' title='bbox 696 1043 1002 1109; x_wconf 85' lang='lat' dir='ltr'>sententia,</span> <span class='ocrx_word' id='word_1_124' title='bbox 1037 1042 1514 1114; x_wconf 84' lang='lat' dir='ltr'>quandoquidem</span> <span class='ocrx_word' id='word_1_125' title='bbox 1549 1044 1639 1098; x_wconf 87' lang='lat' dir='ltr'>ille</span> <span class='ocrx_word' id='word_1_126' title='bbox 1687 1047 1883 1116; x_wconf 88' lang='lat' dir='ltr'>palam</span> <span class='ocrx_word' id='word_1_127' title='bbox 1989 1060 2099 1114; x_wconf 90' lang='lat' dir='ltr'>que</span> <span class='ocrx_word' id='word_1_128' title='bbox 2132 1045 2309 1099; x_wconf 86' lang='lat' dir='ltr'>videri</span> <span class='ocrx_word' id='word_1_129' title='bbox 2336 1047 2685 1113; x_wconf 85' lang='lat' dir='ltr'>tolerabilia;</span> <span class='ocrx_word' id='word_1_130' title='bbox 2720 1048 2849 1117; x_wconf 87' lang='lat' dir='ltr'>jam</span> <span class='ocrx_word' id='word_1_131' title='bbox 2882 1065 3014 1101; x_wconf 84' lang='lat' dir='ltr'>vero</span> <span class='ocrx_word' id='word_1_132' title='bbox 3069 1066 3200 1102; x_wconf 90' lang='lat' dir='ltr'>cum</span> <span class='ocrx_word' id='word_1_133' title='bbox 3258 1050 3371 1103; x_wconf 87' lang='lat' dir='ltr'>sint</span> <span class='ocrx_word' id='word_1_134' title='bbox 3424 1052 3599 1121; x_wconf 87' lang='lat' dir='ltr'>longe</span> 
     </span>
    </p>
   </div>
   <div class='ocr_carea' id='block_1_18' title="bbox 264 1131 1884 1202">
    <p class='ocr_par' dir='ltr' id='par_1_18' title="bbox 264 1131 1884 1202">
     <span class='ocr_line' id='line_1_18' title="bbox 264 1131 1884 1202; baseline -0.001 -13"><span class='ocrx_word' id='word_1_135' title='bbox 264 1133 559 1189; x_wconf 90' lang='lat' dir='ltr'>confessus</span> <span class='ocrx_word' id='word_1_136' title='bbox 584 1135 748 1197; x_wconf 85' lang='lat' dir='ltr'>esset,</span> <span class='ocrx_word' id='word_1_137' title='bbox 775 1149 833 1185; x_wconf 92' lang='lat' dir='ltr'>se</span> <span class='ocrx_word' id='word_1_138' title='bbox 859 1132 1013 1202; x_wconf 88' lang='lat' dir='ltr'>justo</span> <span class='ocrx_word' id='word_1_139' title='bbox 1046 1131 1143 1185; x_wconf 87' lang='lat' dir='ltr'>Dei</span> <span class='ocrx_word' id='word_1_140' title='bbox 1170 1132 1387 1202; x_wconf 92' lang='lat' dir='ltr'>judicio</span> <span class='ocrx_word' id='word_1_141' title='bbox 1428 1132 1884 1188; x_wconf 89' lang='lat' dir='ltr'>condemnatum</span> 
     </span>
    </p>
   </div>
   <div class='ocr_carea' id='block_1_19' title="bbox 267 1220 1884 1295">
    <p class='ocr_par' dir='ltr' id='par_1_19' title="bbox 267 1220 1884 1295">
     <span class='ocr_line' id='line_1_19' title="bbox 267 1220 1884 1295; baseline -0.001 -18"><span class='ocrx_word' id='word_1_142' title='bbox 267 1226 327 1277; x_wconf 90' lang='lat' dir='ltr'>et</span> <span class='ocrx_word' id='word_1_143' title='bbox 356 1223 753 1295; x_wconf 89' lang='lat' dir='ltr'>reprobatum,</span> <span class='ocrx_word' id='word_1_144' title='bbox 790 1224 851 1274; x_wconf 91' lang='lat' dir='ltr'>ut</span> <span class='ocrx_word' id='word_1_145' title='bbox 882 1220 1041 1274; x_wconf 91' lang='lat' dir='ltr'>omni</span> <span class='ocrx_word' id='word_1_146' title='bbox 1075 1220 1335 1273; x_wconf 66' lang='lat' dir='ltr'>Ecclesia:</span> <span class='ocrx_word' id='word_1_147' title='bbox 1367 1220 1640 1292; x_wconf 89' lang='lat' dir='ltr'>suffragio</span> <span class='ocrx_word' id='word_1_148' title='bbox 1680 1225 1737 1275; x_wconf 91' lang='lat' dir='ltr'>et</span> <span class='ocrx_word' id='word_1_149' title='bbox 1763 1222 1884 1293; x_wconf 88' lang='lat' dir='ltr'>ipsa</span> 
     </span>
    </p>
   </div>
   <div class='ocr_carea' id='block_1_20' title="bbox 264 1308 1879 1384">
    <p class='ocr_par' dir='ltr' id='par_1_20' title="bbox 264 1308 1879 1384">
     <span class='ocr_line' id='line_1_20' title="bbox 264 1308 1879 1384; baseline 0 -18"><span class='ocrx_word' id='word_1_150' title='bbox 264 1329 495 1384; x_wconf 91' lang='lat' dir='ltr'>quoque</span> <span class='ocrx_word' id='word_1_151' title='bbox 528 1310 907 1364; x_wconf 88' lang='lat' dir='ltr'>ecclesiastica</span> <span class='ocrx_word' id='word_1_152' title='bbox 928 1310 1219 1381; x_wconf 81' lang='lat' dir='ltr'>sepultura</span> <span class='ocrx_word' id='word_1_153' title='bbox 1238 1308 1510 1379; x_wconf 90' lang='lat' dir='ltr'>indignus</span> <span class='ocrx_word' id='word_1_154' title='bbox 1529 1316 1879 1380; x_wconf 84' lang='lat' dir='ltr'>censeretur,</span> 
     </span>
    </p>
   </div>
   <div class='ocr_carea' id='block_1_21' title="bbox 1987 1134 3595 1207">
    <p class='ocr_par' dir='ltr' id='par_1_21' title="bbox 1987 1134 3595 1207">
     <span class='ocr_line' id='line_1_21' title="bbox 1987 1134 3595 1207; baseline 0.005 -22"><span class='ocrx_word' id='word_1_155' title='bbox 1987 1134 2379 1202; x_wconf 71' lang='lat' dir='ltr'>acerbissima,</span> <span class='ocrx_word' id='word_1_156' title='bbox 2411 1153 2517 1189; x_wconf 88' lang='lat' dir='ltr'>nec</span> <span class='ocrx_word' id='word_1_157' title='bbox 2544 1138 2722 1189; x_wconf 88' lang='lat' dir='ltr'>ullum</span> <span class='ocrx_word' id='word_1_158' title='bbox 2758 1154 3015 1207; x_wconf 82' lang='lat' dir='ltr'>unquam</span> <span class='ocrx_word' id='word_1_159' title='bbox 3047 1137 3222 1191; x_wconf 90' lang='lat' dir='ltr'>etiam</span> <span class='ocrx_word' id='word_1_160' title='bbox 3259 1139 3595 1207; x_wconf 85' lang='lat' dir='ltr'>postinfini-</span> 
     </span>
    </p>
   </div>
   <div class='ocr_carea' id='block_1_22' title="bbox 1984 1224 3599 1297">
    <p class='ocr_par' dir='ltr' id='par_1_22' title="bbox 1984 1224 3599 1297">
     <span class='ocr_line' id='line_1_22' title="bbox 1984 1224 3599 1297; baseline 0.004 -22"><span class='ocrx_word' id='word_1_161' title='bbox 1984 1224 2071 1275; x_wconf 87' lang='lat' dir='ltr'>tas</span> <span class='ocrx_word' id='word_1_162' title='bbox 2100 1240 2387 1278; x_wconf 89' lang='lat' dir='ltr'>annorum</span> <span class='ocrx_word' id='word_1_163' title='bbox 2442 1225 2731 1296; x_wconf 79' lang='lat' dir='ltr'>myriades</span> <span class='ocrx_word' id='word_1_164' title='bbox 2774 1226 2947 1279; x_wconf 86' lang='lat' dir='ltr'>finem</span> <span class='ocrx_word' id='word_1_165' title='bbox 2993 1226 3293 1296; x_wconf 87' lang='lat' dir='ltr'>accipiant,</span> <span class='ocrx_word' id='word_1_166' title='bbox 3326 1244 3441 1281; x_wconf 91' lang='lat' dir='ltr'>non</span> <span class='ocrx_word' id='word_1_167' title='bbox 3473 1244 3599 1297; x_wconf 88' lang='lat' dir='ltr'>pos-</span> 
     </span>
    </p>
   </div>
   <div class='ocr_carea' id='block_1_23' title="bbox 1983 1314 3593 1382">
    <p class='ocr_par' dir='ltr' id='par_1_23' title="bbox 1983 1314 3593 1382">
     <span class='ocr_line' id='line_1_23' title="bbox 1983 1314 3593 1382; baseline 0.004 -19"><span class='ocrx_word' id='word_1_168' title='bbox 1983 1315 2115 1365; x_wconf 89' lang='lat' dir='ltr'>sunt</span> <span class='ocrx_word' id='word_1_169' title='bbox 2146 1330 2263 1365; x_wconf 93' lang='lat' dir='ltr'>non</span> <span class='ocrx_word' id='word_1_170' title='bbox 2295 1331 2416 1367; x_wconf 87' lang='lat' dir='ltr'>esse</span> <span class='ocrx_word' id='word_1_171' title='bbox 2447 1314 2710 1368; x_wconf 88' lang='lat' dir='ltr'>omnium</span> <span class='ocrx_word' id='word_1_172' title='bbox 2745 1314 3052 1369; x_wconf 88' lang='lat' dir='ltr'>miserrimi</span> <span class='ocrx_word' id='word_1_173' title='bbox 3103 1318 3161 1369; x_wconf 84' lang='lat' dir='ltr'>et</span> <span class='ocrx_word' id='word_1_174' title='bbox 3200 1315 3593 1382; x_wconf 85' lang='lat' dir='ltr'>infelicissimi,</span> 
     </span>
    </p>
   </div>
   <div class='ocr_carea' id='block_1_24' title="bbox 264 1397 2694 1472">
    <p class='ocr_par' dir='ltr' id='par_1_24' title="bbox 264 1397 2694 1472">
     <span class='ocr_line' id='line_1_24' title="bbox 264 1397 2694 1472; baseline 0.001 -18"><span class='ocrx_word' id='word_1_175' title='bbox 264 1403 323 1454; x_wconf 89' lang='lat' dir='ltr'>et</span> <span class='ocrx_word' id='word_1_176' title='bbox 352 1400 411 1453; x_wconf 93' lang='lat' dir='ltr'>in</span> <span class='ocrx_word' id='word_1_177' title='bbox 445 1400 568 1454; x_wconf 90' lang='lat' dir='ltr'>loco</span> <span class='ocrx_word' id='word_1_178' title='bbox 588 1398 831 1470; x_wconf 88' lang='lat' dir='ltr'>profano</span> <span class='ocrx_word' id='word_1_179' title='bbox 863 1398 922 1452; x_wconf 92' lang='lat' dir='ltr'>in</span> <span class='ocrx_word' id='word_1_180' title='bbox 949 1397 1307 1469; x_wconf 90' lang='lat' dir='ltr'>sterquilinio</span> <span class='ocrx_word' id='word_1_181' title='bbox 1336 1398 1880 1472; x_wconf 89' lang='lat' dir='ltr'>sepeliretur;quod</span> <span class='ocrx_word' id='word_1_182' title='bbox 1982 1398 2079 1470; x_wconf 88' lang='lat' dir='ltr'>qui</span> <span class='ocrx_word' id='word_1_183' title='bbox 2103 1400 2175 1453; x_wconf 92' lang='lat' dir='ltr'>ad</span> <span class='ocrx_word' id='word_1_184' title='bbox 2199 1418 2266 1454; x_wconf 89' lang='lat' dir='ltr'>ea</span> <span class='ocrx_word' id='word_1_185' title='bbox 2296 1402 2694 1457; x_wconf 84' lang='lat' dir='ltr'>devolvuntur.</span> 
     </span>
    </p>
   </div>
   <div class='ocr_carea' id='block_1_25' title="bbox 263 1485 1879 1558">
    <p class='ocr_par' dir='ltr' id='par_1_25' title="bbox 263 1485 1879 1558">
     <span class='ocr_line' id='line_1_25' title="bbox 263 1485 1879 1558; baseline 0 -15"><span class='ocrx_word' id='word_1_186' title='bbox 263 1488 440 1543; x_wconf 85' lang='lat' dir='ltr'>etiam</span> <span class='ocrx_word' id='word_1_187' title='bbox 495 1487 713 1541; x_wconf 88' lang='lat' dir='ltr'>factum</span> <span class='ocrx_word' id='word_1_188' title='bbox 766 1490 851 1541; x_wconf 89' lang='lat' dir='ltr'>est</span> <span class='ocrx_word' id='word_1_189' title='bbox 891 1487 1057 1556; x_wconf 75' lang='grc'>(172).</span> <span class='ocrx_word' id='word_1_190' title='bbox 1102 1485 1267 1552; x_wconf 90' lang='lat' dir='ltr'>Sunt,</span> <span class='ocrx_word' id='word_1_191' title='bbox 1303 1488 1399 1558; x_wconf 90' lang='lat' dir='ltr'>qui</span> <span class='ocrx_word' id='word_1_192' title='bbox 1442 1488 1757 1556; x_wconf 83' lang='lat' dir='ltr'>affirment,</span> <span class='ocrx_word' id='word_1_193' title='bbox 1805 1490 1879 1543; x_wconf 90' lang='lat' dir='ltr'>ob</span> 
     </span>
    </p>
   </div>
   <div class='ocr_carea' id='block_1_26' title="bbox 260 1576 1876 1649">
    <p class='ocr_par' dir='ltr' id='par_1_26' title="bbox 260 1576 1876 1649">
     <span class='ocr_line' id='line_1_26' title="bbox 260 1576 1876 1649; baseline 0.001 -18"><span class='ocrx_word' id='word_1_194' title='bbox 260 1581 606 1649; x_wconf 89' lang='lat' dir='ltr'>perpetuam</span> <span class='ocrx_word' id='word_1_195' title='bbox 632 1576 801 1647; x_wconf 83' lang='lat' dir='ltr'>hujus</span> <span class='ocrx_word' id='word_1_196' title='bbox 824 1576 1235 1649; x_wconf 79' lang='lat' dir='ltr'>expavescendi</span> <span class='ocrx_word' id='word_1_197' title='bbox 1270 1576 1471 1647; x_wconf 90' lang='lat' dir='ltr'>judicii</span> <span class='ocrx_word' id='word_1_198' title='bbox 1503 1578 1876 1646; x_wconf 89' lang='lat' dir='ltr'>memoriam,</span> 
     </span>
    </p>
   </div>
   <div class='ocr_carea' id='block_1_27' title="bbox 259 1664 1882 1738">
    <p class='ocr_par' dir='ltr' id='par_1_27' title="bbox 259 1664 1882 1738">
     <span class='ocr_line' id='line_1_27' title="bbox 259 1664 1882 1738; baseline 0.001 -17"><span class='ocrx_word' id='word_1_199' title='bbox 259 1666 333 1720; x_wconf 88' lang='lat' dir='ltr'>ab</span> <span class='ocrx_word' id='word_1_200' title='bbox 364 1683 433 1721; x_wconf 90' lang='lat' dir='ltr'>eo</span> <span class='ocrx_word' id='word_1_201' title='bbox 463 1670 727 1738; x_wconf 89' lang='lat' dir='ltr'>tempore</span> <span class='ocrx_word' id='word_1_202' title='bbox 759 1665 817 1718; x_wconf 91' lang='lat' dir='ltr'>in</span> <span class='ocrx_word' id='word_1_203' title='bbox 850 1682 938 1732; x_wconf 89' lang='lat' dir='ltr'>ea,</span> <span class='ocrx_word' id='word_1_204' title='bbox 963 1681 1139 1735; x_wconf 90' lang='lat' dir='ltr'>quam</span> <span class='ocrx_word' id='word_1_205' title='bbox 1167 1664 1335 1719; x_wconf 90' lang='lat' dir='ltr'>toties</span> <span class='ocrx_word' id='word_1_206' title='bbox 1354 1665 1480 1734; x_wconf 84' lang='lat' dir='ltr'>jam</span> <span class='ocrx_word' id='word_1_207' title='bbox 1526 1684 1882 1722; x_wconf 86' lang='lat' dir='ltr'>commemo-</span> 
     </span>
    </p>
   </div>
   <div class='ocr_carea' id='block_1_28' title="bbox 2053 1488 3596 1563">
    <p class='ocr_par' dir='ltr' id='par_1_28' title="bbox 2053 1488 3596 1563">
     <span class='ocr_line' id='line_1_28' title="bbox 2053 1488 3596 1563; baseline 0.004 -21"><span class='ocrx_word' id='word_1_208' title='bbox 2053 1492 2103 1542; x_wconf 90' lang='lat'>9.</span> <span class='ocrx_word' id='word_1_209' title='bbox 2134 1488 2441 1544; x_wconf 87' lang='lat' dir='ltr'>Videamus</span> <span class='ocrx_word' id='word_1_210' title='bbox 2474 1508 2647 1557; x_wconf 90' lang='lat' dir='ltr'>nunc,</span> <span class='ocrx_word' id='word_1_211' title='bbox 2670 1492 2875 1546; x_wconf 86' lang='lat' dir='ltr'>fratres</span> <span class='ocrx_word' id='word_1_212' title='bbox 2899 1490 3034 1557; x_wconf 87' lang='lat' dir='ltr'>mei,</span> <span class='ocrx_word' id='word_1_213' title='bbox 3056 1491 3192 1563; x_wconf 87' lang='lat' dir='ltr'>quid</span> <span class='ocrx_word' id='word_1_214' title='bbox 3207 1493 3361 1563; x_wconf 91' lang='lat' dir='ltr'>apud</span> <span class='ocrx_word' id='word_1_215' title='bbox 3382 1492 3596 1549; x_wconf 88' lang='lat' dir='ltr'>inferos</span> 
     </span>
    </p>
   </div>
   <div class='ocr_carea' id='block_1_29' title="bbox 1979 1575 3596 1651">
    <p class='ocr_par' dir='ltr' id='par_1_29' title="bbox 1979 1575 3596 1651">
     <span class='ocr_line' id='line_1_29' title="bbox 1979 1575 3596 1651; baseline 0.004 -22"><span class='ocrx_word' id='word_1_216' title='bbox 1979 1575 2160 1646; x_wconf 90' lang='lat' dir='ltr'>prosit</span> <span class='ocrx_word' id='word_1_217' title='bbox 2194 1577 2243 1630; x_wconf 91' lang='lat' dir='ltr'>ei</span> <span class='ocrx_word' id='word_1_218' title='bbox 2276 1581 2397 1631; x_wconf 91' lang='lat' dir='ltr'>tam</span> <span class='ocrx_word' id='word_1_219' title='bbox 2429 1579 2612 1633; x_wconf 89' lang='lat' dir='ltr'>multo</span> <span class='ocrx_word' id='word_1_220' title='bbox 2636 1580 2833 1633; x_wconf 88' lang='lat' dir='ltr'>labore</span> <span class='ocrx_word' id='word_1_221' title='bbox 2862 1583 3026 1651; x_wconf 90' lang='lat' dir='ltr'>parta</span> <span class='ocrx_word' id='word_1_222' title='bbox 3054 1580 3310 1648; x_wconf 88' lang='lat' dir='ltr'>scientia,</span> <span class='ocrx_word' id='word_1_223' title='bbox 3334 1581 3596 1636; x_wconf 91' lang='lat' dir='ltr'>cumillic</span> 
     </span>
    </p>
   </div>
   <div class='ocr_carea' id='block_1_30' title="bbox 1978 1665 3592 1739">
    <p class='ocr_par' dir='ltr' id='par_1_30' title="bbox 1978 1665 3592 1739">
     <span class='ocr_line' id='line_1_30' title="bbox 1978 1665 3592 1739; baseline 0.005 -22"><span class='ocrx_word' id='word_1_224' title='bbox 1978 1665 2336 1735; x_wconf 87' lang='lat' dir='ltr'>sempiterna</span> <span class='ocrx_word' id='word_1_225' title='bbox 2380 1668 2607 1721; x_wconf 85' lang='lat' dir='ltr'>laboret</span> <span class='ocrx_word' id='word_1_226' title='bbox 2645 1668 2898 1722; x_wconf 61' lang='lat' dir='ltr'>caecitate</span> <span class='ocrx_word' id='word_1_227' title='bbox 2931 1672 2989 1721; x_wconf 89' lang='lat' dir='ltr'>et</span> <span class='ocrx_word' id='word_1_228' title='bbox 3033 1668 3407 1739; x_wconf 83' lang='lat' dir='ltr'>ignorantia?</span> <span class='ocrx_word' id='word_1_229' title='bbox 3445 1669 3592 1733; x_wconf 89' lang='lat' dir='ltr'>Quid</span> 
     </span>
    </p>
   </div>
   <div class='ocr_carea' id='block_1_31' title="bbox 257 1747 3591 1829">
    <p class='ocr_par' dir='ltr' id='par_1_31' title="bbox 257 1747 3591 1829">
     <span class='ocr_line' id='line_1_31' title="bbox 257 1747 3591 1829; baseline 0.001 -22"><span class='ocrx_word' id='word_1_230' title='bbox 257 1754 533 1821; x_wconf 89' lang='lat' dir='ltr'>ravimus,</span> <span class='ocrx_word' id='word_1_231' title='bbox 591 1754 858 1821; x_wconf 88' lang='lat' dir='ltr'>lectione,</span> <span class='ocrx_word' id='word_1_232' title='bbox 921 1753 1133 1808; x_wconf 89' lang='lat' dir='ltr'>omissa</span> <span class='ocrx_word' id='word_1_233' title='bbox 1180 1770 1302 1808; x_wconf 89' lang='lat' dir='ltr'>esse</span> <span class='ocrx_word' id='word_1_234' title='bbox 1349 1755 1461 1809; x_wconf 93' lang='lat' dir='ltr'>duo</span> <span class='ocrx_word' id='word_1_235' title='bbox 1511 1755 1632 1809; x_wconf 67' lang='lat' dir='ltr'>hzec</span> <span class='ocrx_word' id='word_1_236' title='bbox 1680 1757 1875 1821; x_wconf 90' lang='lat' dir='ltr'>verba,</span> <span class='ocrx_word' id='word_1_237' title='bbox 1904 1747 1955 1805; x_wconf 91' lang='lat' dir='ltr'><strong>B</strong></span> <span class='ocrx_word' id='word_1_238' title='bbox 1978 1768 2118 1823; x_wconf 91' lang='lat' dir='ltr'>opes</span> <span class='ocrx_word' id='word_1_239' title='bbox 2149 1756 2205 1807; x_wconf 92' lang='lat' dir='ltr'>et</span> <span class='ocrx_word' id='word_1_240' title='bbox 2237 1754 2437 1825; x_wconf 71' lang='lat' dir='ltr'>copim,</span> <span class='ocrx_word' id='word_1_241' title='bbox 2472 1772 2602 1809; x_wconf 90' lang='lat' dir='ltr'>cum</span> <span class='ocrx_word' id='word_1_242' title='bbox 2634 1773 2739 1809; x_wconf 89' lang='lat' dir='ltr'>nec</span> <span class='ocrx_word' id='word_1_243' title='bbox 2758 1773 2873 1809; x_wconf 89' lang='lat' dir='ltr'>una</span> <span class='ocrx_word' id='word_1_244' title='bbox 2899 1756 2949 1809; x_wconf 90' lang='lat' dir='ltr'>ei</span> <span class='ocrx_word' id='word_1_245' title='bbox 2979 1760 3245 1827; x_wconf 88' lang='lat' dir='ltr'>suppetat</span> <span class='ocrx_word' id='word_1_246' title='bbox 3277 1774 3441 1828; x_wconf 70' lang='lat' dir='ltr'>aqua:</span> <span class='ocrx_word' id='word_1_247' title='bbox 3461 1762 3591 1829; x_wconf 90' lang='lat' dir='ltr'>gut-</span> 
     </span>
    </p>
   </div>
   <div class='ocr_carea' id='block_1_32' title="bbox 259 1841 1876 1915">
    <p class='ocr_par' dir='ltr' id='par_1_32' title="bbox 259 1841 1876 1915">
     <span class='ocr_line' id='line_1_32' title="bbox 259 1841 1876 1915; baseline 0.001 -19"><span class='ocrx_word' id='word_1_248' title='bbox 259 1842 563 1915; x_wconf 82' lang='lat' dir='ltr'>Responde</span> <span class='ocrx_word' id='word_1_249' title='bbox 596 1841 738 1896; x_wconf 90' lang='lat' dir='ltr'>mihi</span> <span class='ocrx_word' id='word_1_250' title='bbox 768 1841 940 1912; x_wconf 89' lang='grc'>(173).</span> <span class='ocrx_word' id='word_1_251' title='bbox 972 1841 1098 1895; x_wconf 88' lang='lat' dir='ltr'>Fuit</span> <span class='ocrx_word' id='word_1_252' title='bbox 1128 1858 1262 1895; x_wconf 90' lang='lat' dir='ltr'>sane</span> <span class='ocrx_word' id='word_1_253' title='bbox 1294 1842 1489 1896; x_wconf 89' lang='lat' dir='ltr'>multis</span> <span class='ocrx_word' id='word_1_254' title='bbox 1511 1844 1708 1897; x_wconf 86' lang='lat' dir='ltr'>efficax</span> <span class='ocrx_word' id='word_1_255' title='bbox 1736 1843 1876 1897; x_wconf 90' lang='lat' dir='ltr'>inci-</span> 
     </span>
    </p>
   </div>
   <div class='ocr_carea' id='block_1_33' title="bbox 254 1929 1873 2002">
    <p class='ocr_par' dir='ltr' id='par_1_33' title="bbox 254 1929 1873 2002">
     <span class='ocr_line' id='line_1_33' title="bbox 254 1929 1873 2002; baseline 0 -16"><span class='ocrx_word' id='word_1_256' title='bbox 254 1935 587 1987; x_wconf 88' lang='lat' dir='ltr'>tamentum</span> <span class='ocrx_word' id='word_1_257' title='bbox 618 1931 691 1985; x_wconf 91' lang='lat' dir='ltr'>ad</span> <span class='ocrx_word' id='word_1_258' title='bbox 715 1930 890 1983; x_wconf 91' lang='lat' dir='ltr'>vitam</span> <span class='ocrx_word' id='word_1_259' title='bbox 917 1929 1293 2001; x_wconf 84' lang='lat' dir='ltr'>animumque</span> <span class='ocrx_word' id='word_1_260' title='bbox 1320 1930 1730 2002; x_wconf 84' lang='lat' dir='ltr'>corrigendum</span> <span class='ocrx_word' id='word_1_261' title='bbox 1756 1935 1873 1987; x_wconf 89' lang='lat' dir='ltr'>tam</span> 
     </span>
    </p>
   </div>
   <div class='ocr_carea' id='block_1_34' title="bbox 254 2018 979 2075">
    <p class='ocr_par' dir='ltr' id='par_1_34' title="bbox 254 2018 979 2075">
     <span class='ocr_line' id='line_1_34' title="bbox 254 2018 979 2075; baseline -0.006 0"><span class='ocrx_word' id='word_1_262' title='bbox 254 2020 581 2075; x_wconf 90' lang='lat' dir='ltr'>inauditum</span> <span class='ocrx_word' id='word_1_263' title='bbox 615 2018 979 2072; x_wconf 89' lang='lat' dir='ltr'>miraculum.</span> 
     </span>
    </p>
   </div>
   <div class='ocr_carea' id='block_1_35' title="bbox 326 2106 1873 2179">
    <p class='ocr_par' dir='ltr' id='par_1_35' title="bbox 326 2106 1873 2179">
     <span class='ocr_line' id='line_1_35' title="bbox 326 2106 1873 2179; baseline 0 -15"><span class='ocrx_word' id='word_1_264' title='bbox 326 2115 381 2165; x_wconf 87' lang='lat'>7.</span> <span class='ocrx_word' id='word_1_265' title='bbox 415 2109 560 2162; x_wconf 85' lang='lat' dir='ltr'>Nam</span> <span class='ocrx_word' id='word_1_266' title='bbox 593 2110 651 2161; x_wconf 92' lang='lat' dir='ltr'>et</span> <span class='ocrx_word' id='word_1_267' title='bbox 680 2107 799 2179; x_wconf 91' lang='lat' dir='ltr'>ipse</span> <span class='ocrx_word' id='word_1_268' title='bbox 838 2106 1178 2162; x_wconf 81' lang='lat' dir='ltr'>venerabilis</span> <span class='ocrx_word' id='word_1_269' title='bbox 1211 2108 1423 2174; x_wconf 76' lang='lat' dir='ltr'>Bruno,</span> <span class='ocrx_word' id='word_1_270' title='bbox 1458 2125 1589 2163; x_wconf 91' lang='lat' dir='ltr'>cum</span> <span class='ocrx_word' id='word_1_271' title='bbox 1622 2125 1873 2179; x_wconf 60' lang='lat' dir='ltr'>prmsens</span> 
     </span>
    </p>
   </div>
   <div class='ocr_carea' id='block_1_36' title="bbox 255 2195 1872 2267">
    <p class='ocr_par' dir='ltr' id='par_1_36' title="bbox 255 2195 1872 2267">
     <span class='ocr_line' id='line_1_36' title="bbox 255 2195 1872 2267; baseline 0 -15"><span class='ocrx_word' id='word_1_272' title='bbox 255 2197 502 2264; x_wconf 88' lang='lat' dir='ltr'>adesset,</span> <span class='ocrx_word' id='word_1_273' title='bbox 534 2199 592 2250; x_wconf 89' lang='lat' dir='ltr'>et</span> <span class='ocrx_word' id='word_1_274' title='bbox 621 2195 735 2250; x_wconf 90' lang='lat' dir='ltr'>suis</span> <span class='ocrx_word' id='word_1_275' title='bbox 765 2196 941 2251; x_wconf 89' lang='lat' dir='ltr'>oculis</span> <span class='ocrx_word' id='word_1_276' title='bbox 981 2198 1153 2267; x_wconf 89' lang='lat' dir='ltr'>atque</span> <span class='ocrx_word' id='word_1_277' title='bbox 1197 2196 1430 2251; x_wconf 89' lang='lat' dir='ltr'>auribus</span> <span class='ocrx_word' id='word_1_278' title='bbox 1472 2197 1671 2251; x_wconf 88' lang='lat' dir='ltr'>omnia</span> <span class='ocrx_word' id='word_1_279' title='bbox 1720 2198 1872 2252; x_wconf 88' lang='lat' dir='ltr'>dicta</span> 
     </span>
    </p>
   </div>
   <div class='ocr_carea' id='block_1_37' title="bbox 252 2283 1909 2359">
    <p class='ocr_par' dir='ltr' id='par_1_37' title="bbox 252 2283 1909 2359">
     <span class='ocr_line' id='line_1_37' title="bbox 252 2283 1909 2359; baseline 0 -18"><span class='ocrx_word' id='word_1_280' title='bbox 252 2287 521 2357; x_wconf 87' lang='lat' dir='ltr'>factaque</span> <span class='ocrx_word' id='word_1_281' title='bbox 550 2285 847 2351; x_wconf 89' lang='lat' dir='ltr'>hausisset,</span> <span class='ocrx_word' id='word_1_282' title='bbox 896 2283 1143 2338; x_wconf 88' lang='lat' dir='ltr'>nimium</span> <span class='ocrx_word' id='word_1_283' title='bbox 1193 2285 1565 2340; x_wconf 81' lang='lat' dir='ltr'>formidanda</span> <span class='ocrx_word' id='word_1_284' title='bbox 1598 2286 1866 2359; x_wconf 87' lang='lat' dir='ltr'>obstupe-</span> <span class='ocrx_word' id='word_1_285' title='bbox 1898 2284 1909 2287; x_wconf 58' lang='grc'><strong><em>’</em></strong></span> 
     </span>
    </p>
   </div>
   <div class='ocr_carea' id='block_1_38' title="bbox 249 2373 1868 2444">
    <p class='ocr_par' dir='ltr' id='par_1_38' title="bbox 249 2373 1868 2444">
     <span class='ocr_line' id='line_1_38' title="bbox 249 2373 1868 2444; baseline 0.001 -15"><span class='ocrx_word' id='word_1_286' title='bbox 249 2375 435 2430; x_wconf 85' lang='lat' dir='ltr'>factus</span> <span class='ocrx_word' id='word_1_287' title='bbox 461 2374 748 2444; x_wconf 83' lang='lat' dir='ltr'>exemplo,</span> <span class='ocrx_word' id='word_1_288' title='bbox 781 2376 934 2428; x_wconf 89' lang='lat' dir='ltr'>totus</span> <span class='ocrx_word' id='word_1_289' title='bbox 966 2373 1025 2427; x_wconf 91' lang='lat' dir='ltr'>in</span> <span class='ocrx_word' id='word_1_290' title='bbox 1058 2373 1342 2444; x_wconf 84' lang='lat' dir='ltr'>lacrymas</span> <span class='ocrx_word' id='word_1_291' title='bbox 1375 2375 1680 2443; x_wconf 88' lang='lat' dir='ltr'>resolutus,</span> <span class='ocrx_word' id='word_1_292' title='bbox 1714 2392 1868 2430; x_wconf 91' lang='lat' dir='ltr'>acer-</span> 
     </span>
    </p>
   </div>
   <div class='ocr_carea' id='block_1_39' title="bbox 249 2462 1861 2534">
    <p class='ocr_par' dir='ltr' id='par_1_39' title="bbox 249 2462 1861 2534">
     <span class='ocr_line' id='line_1_39' title="bbox 249 2462 1861 2534; baseline 0.001 -17"><span class='ocrx_word' id='word_1_293' title='bbox 249 2463 323 2518; x_wconf 90' lang='lat' dir='ltr'>be</span> <span class='ocrx_word' id='word_1_294' title='bbox 354 2463 643 2534; x_wconf 87' lang='lat' dir='ltr'>plorabat,</span> <span class='ocrx_word' id='word_1_295' title='bbox 665 2462 928 2533; x_wconf 88' lang='lat' dir='ltr'>cogitans</span> <span class='ocrx_word' id='word_1_296' title='bbox 947 2478 1140 2515; x_wconf 89' lang='lat' dir='ltr'>secum</span> <span class='ocrx_word' id='word_1_297' title='bbox 1171 2462 1346 2516; x_wconf 89' lang='lat' dir='ltr'>divini</span> <span class='ocrx_word' id='word_1_298' title='bbox 1366 2462 1566 2532; x_wconf 86' lang='lat' dir='ltr'>judicii</span> <span class='ocrx_word' id='word_1_299' title='bbox 1594 2464 1861 2519; x_wconf 89' lang='lat' dir='ltr'>severita-</span> 
     </span>
    </p>
   </div>
   <div class='ocr_carea' id='block_1_40' title="bbox 248 2549 1861 2622">
    <p class='ocr_par' dir='ltr' id='par_1_40' title="bbox 248 2549 1861 2622">
     <span class='ocr_line' id='line_1_40' title="bbox 248 2549 1861 2622; baseline 0.001 -18"><span class='ocrx_word' id='word_1_300' title='bbox 248 2553 393 2618; x_wconf 89' lang='lat' dir='ltr'>tem,</span> <span class='ocrx_word' id='word_1_301' title='bbox 420 2551 707 2605; x_wconf 91' lang='lat' dir='ltr'>incertum</span> <span class='ocrx_word' id='word_1_302' title='bbox 740 2550 909 2621; x_wconf 88' lang='lat' dir='ltr'>hujus</span> <span class='ocrx_word' id='word_1_303' title='bbox 939 2549 1067 2603; x_wconf 76' lang='lat' dir='ltr'>vitae</span> <span class='ocrx_word' id='word_1_304' title='bbox 1116 2549 1355 2617; x_wconf 86' lang='lat' dir='ltr'>exitum,</span> <span class='ocrx_word' id='word_1_305' title='bbox 1401 2553 1458 2604; x_wconf 89' lang='lat' dir='ltr'>et</span> <span class='ocrx_word' id='word_1_306' title='bbox 1507 2568 1681 2622; x_wconf 88' lang='lat' dir='ltr'>quam</span> <span class='ocrx_word' id='word_1_307' title='bbox 1726 2552 1861 2607; x_wconf 89' lang='lat' dir='ltr'>hor-</span> 
     </span>
    </p>
   </div>
   <div class='ocr_carea' id='block_1_41' title="bbox 246 2637 1861 2694">
    <p class='ocr_par' dir='ltr' id='par_1_41' title="bbox 246 2637 1861 2694">
     <span class='ocr_line' id='line_1_41' title="bbox 246 2637 1861 2694; baseline 0 0"><span class='ocrx_word' id='word_1_308' title='bbox 246 2639 500 2694; x_wconf 89' lang='lat' dir='ltr'>rendum</span> <span class='ocrx_word' id='word_1_309' title='bbox 529 2638 599 2693; x_wconf 90' lang='lat' dir='ltr'>sit</span> <span class='ocrx_word' id='word_1_310' title='bbox 632 2637 883 2693; x_wconf 87' lang='lat' dir='ltr'>incidere</span> <span class='ocrx_word' id='word_1_311' title='bbox 915 2637 973 2691; x_wconf 93' lang='lat' dir='ltr'>in</span> <span class='ocrx_word' id='word_1_312' title='bbox 1004 2655 1210 2691; x_wconf 88' lang='lat' dir='ltr'>manus</span> <span class='ocrx_word' id='word_1_313' title='bbox 1239 2637 1338 2692; x_wconf 92' lang='lat' dir='ltr'>Dei</span> <span class='ocrx_word' id='word_1_314' title='bbox 1387 2639 1643 2693; x_wconf 85' lang='lat' dir='ltr'>viventis.</span> <span class='ocrx_word' id='word_1_315' title='bbox 1675 2640 1861 2694; x_wconf 89' lang='lat' dir='ltr'>Terri-</span> 
     </span>
    </p>
   </div>
   <div class='ocr_carea' id='block_1_42' title="bbox 243 2726 1861 2798">
    <p class='ocr_par' dir='ltr' id='par_1_42' title="bbox 243 2726 1861 2798">
     <span class='ocr_line' id='line_1_42' title="bbox 243 2726 1861 2798; baseline 0.001 -16"><span class='ocrx_word' id='word_1_316' title='bbox 243 2732 337 2782; x_wconf 87' lang='lat' dir='ltr'>tus</span> <span class='ocrx_word' id='word_1_317' title='bbox 368 2744 509 2798; x_wconf 90' lang='lat' dir='ltr'>ergo</span> <span class='ocrx_word' id='word_1_318' title='bbox 537 2730 595 2781; x_wconf 88' lang='lat' dir='ltr'>et</span> <span class='ocrx_word' id='word_1_319' title='bbox 624 2726 928 2791; x_wconf 87' lang='lat' dir='ltr'>salubriter</span> <span class='ocrx_word' id='word_1_320' title='bbox 957 2728 1357 2797; x_wconf 88' lang='lat' dir='ltr'>compunctus,</span> <span class='ocrx_word' id='word_1_321' title='bbox 1382 2728 1674 2781; x_wconf 84' lang='lat' dir='ltr'>accersivit</span> <span class='ocrx_word' id='word_1_322' title='bbox 1703 2729 1775 2783; x_wconf 91' lang='lat' dir='ltr'>ad</span> <span class='ocrx_word' id='word_1_323' title='bbox 1804 2746 1861 2783; x_wconf 93' lang='lat' dir='ltr'>se</span> 
     </span>
    </p>
   </div>
   <div class='ocr_carea' id='block_1_43' title="bbox 245 2814 1862 2888">
    <p class='ocr_par' dir='ltr' id='par_1_43' title="bbox 245 2814 1862 2888">
     <span class='ocr_line' id='line_1_43' title="bbox 245 2814 1862 2888; baseline 0.001 -18"><span class='ocrx_word' id='word_1_324' title='bbox 245 2817 559 2871; x_wconf 90' lang='lat' dir='ltr'>nonnullos</span> <span class='ocrx_word' id='word_1_325' title='bbox 590 2832 657 2869; x_wconf 84' lang='lat' dir='ltr'>ex</span> <span class='ocrx_word' id='word_1_326' title='bbox 685 2815 873 2886; x_wconf 90' lang='lat' dir='ltr'>magis</span> <span class='ocrx_word' id='word_1_327' title='bbox 901 2814 1281 2869; x_wconf 87' lang='lat' dir='ltr'>familiaribus</span> <span class='ocrx_word' id='word_1_328' title='bbox 1304 2814 1467 2869; x_wconf 90' lang='lat' dir='ltr'>sociis</span> <span class='ocrx_word' id='word_1_329' title='bbox 1492 2819 1551 2869; x_wconf 91' lang='lat' dir='ltr'>et</span> <span class='ocrx_word' id='word_1_330' title='bbox 1576 2816 1862 2888; x_wconf 90' lang='lat' dir='ltr'>discipulis</span> 
     </span>
    </p>
   </div>
   <div class='ocr_carea' id='block_1_44' title="bbox 246 2894 1860 2975">
    <p class='ocr_par' dir='ltr' id='par_1_44' title="bbox 246 2894 1860 2975">
     <span class='ocr_line' id='line_1_44' title="bbox 246 2894 1860 2975; baseline 0.002 -18"><span class='ocrx_word' id='word_1_331' title='bbox 246 2903 384 2970; x_wconf 87' lang='lat' dir='ltr'>suis,</span> <span class='ocrx_word' id='word_1_332' title='bbox 420 2904 759 2974; x_wconf 89' lang='lat' dir='ltr'>magistrum</span> <span class='ocrx_word' id='word_1_333' title='bbox 782 2903 1167 2970; x_wconf 86' lang='lat' dir='ltr'>Landuinum,</span> <span class='ocrx_word' id='word_1_334' title='bbox 1188 2894 1297 2975; x_wconf 87' lang='lat' dir='ltr'>qui</span> <span class='ocrx_word' id='word_1_335' title='bbox 1330 2909 1457 2975; x_wconf 88' lang='lat' dir='ltr'>post</span> <span class='ocrx_word' id='word_1_336' title='bbox 1488 2921 1618 2958; x_wconf 91' lang='lat' dir='ltr'>eum</span> <span class='ocrx_word' id='word_1_337' title='bbox 1643 2906 1860 2975; x_wconf 88' lang='lat' dir='ltr'>primus</span> 
     </span>
    </p>
   </div>
   <div class='ocr_carea' id='block_1_45' title="bbox 1976 1843 3588 1914">
    <p class='ocr_par' dir='ltr' id='par_1_45' title="bbox 1976 1843 3588 1914">
     <span class='ocr_line' id='line_1_45' title="bbox 1976 1843 3588 1914; baseline 0.004 -20"><span class='ocrx_word' id='word_1_338' title='bbox 1976 1843 2054 1908; x_wconf 88' lang='lat' dir='ltr'>ta,</span> <span class='ocrx_word' id='word_1_339' title='bbox 2087 1858 2199 1914; x_wconf 89' lang='lat' dir='ltr'>qua</span> <span class='ocrx_word' id='word_1_340' title='bbox 2231 1844 2409 1913; x_wconf 89' lang='lat' dir='ltr'>possit</span> <span class='ocrx_word' id='word_1_341' title='bbox 2448 1844 2743 1898; x_wconf 62' lang='lat' dir='ltr'>aestuantis</span> <span class='ocrx_word' id='word_1_342' title='bbox 2781 1844 3065 1914; x_wconf 65' lang='lat' dir='ltr'>gehennae</span> <span class='ocrx_word' id='word_1_343' title='bbox 3096 1844 3396 1899; x_wconf 89' lang='lat' dir='ltr'>ardoribus</span> <span class='ocrx_word' id='word_1_344' title='bbox 3427 1862 3588 1900; x_wconf 87' lang='lat' dir='ltr'>exus-</span> 
     </span>
    </p>
   </div>
   <div class='ocr_carea' id='block_1_46' title="bbox 1975 1930 3586 2002">
    <p class='ocr_par' dir='ltr' id='par_1_46' title="bbox 1975 1930 3586 2002">
     <span class='ocr_line' id='line_1_46' title="bbox 1975 1930 3586 2002; baseline 0.004 -20"><span class='ocrx_word' id='word_1_345' title='bbox 1975 1931 2096 1983; x_wconf 89' lang='lat' dir='ltr'>tam</span> <span class='ocrx_word' id='word_1_346' title='bbox 2124 1930 2469 2001; x_wconf 81' lang='lat' dir='ltr'>refrigerare</span> <span class='ocrx_word' id='word_1_347' title='bbox 2498 1930 2755 2002; x_wconf 89' lang='lat' dir='ltr'>linguam</span> <span class='ocrx_word' id='word_1_348' title='bbox 2783 1932 2809 1986; x_wconf 70' lang='grc'>’2</span> <span class='ocrx_word' id='word_1_349' title='bbox 2831 1931 2977 1995; x_wconf 89' lang='lat' dir='ltr'>Quid</span> <span class='ocrx_word' id='word_1_350' title='bbox 3002 1932 3251 1986; x_wconf 86' lang='lat' dir='ltr'>honores</span> <span class='ocrx_word' id='word_1_351' title='bbox 3268 1936 3325 1987; x_wconf 90' lang='lat' dir='ltr'>et</span> <span class='ocrx_word' id='word_1_352' title='bbox 3347 1933 3586 2001; x_wconf 69' lang='lat' dir='ltr'>deliciae,</span> 
     </span>
    </p>
   </div>
   <div class='ocr_carea' id='block_1_47' title="bbox 1975 2019 3589 2091">
    <p class='ocr_par' dir='ltr' id='par_1_47' title="bbox 1975 2019 3589 2091">
     <span class='ocr_line' id='line_1_47' title="bbox 1975 2019 3589 2091; baseline 0.003 -21"><span class='ocrx_word' id='word_1_353' title='bbox 1975 2032 2105 2071; x_wconf 89' lang='lat' dir='ltr'>cum</span> <span class='ocrx_word' id='word_1_354' title='bbox 2140 2021 2223 2071; x_wconf 91' lang='lat' dir='ltr'>tot</span> <span class='ocrx_word' id='word_1_355' title='bbox 2250 2036 2401 2073; x_wconf 92' lang='lat' dir='ltr'>nunc</span> <span class='ocrx_word' id='word_1_356' title='bbox 2430 2019 2488 2073; x_wconf 91' lang='lat' dir='ltr'>in</span> <span class='ocrx_word' id='word_1_357' title='bbox 2502 2036 2740 2074; x_wconf 90' lang='lat' dir='ltr'>omnem</span> <span class='ocrx_word' id='word_1_358' title='bbox 2770 2020 3157 2074; x_wconf 64' lang='lat' dir='ltr'>aeternitatem</span> <span class='ocrx_word' id='word_1_359' title='bbox 3177 2024 3417 2091; x_wconf 89' lang='lat' dir='ltr'>cogatur</span> <span class='ocrx_word' id='word_1_360' title='bbox 3436 2021 3589 2076; x_wconf 89' lang='lat' dir='ltr'>ferre</span> 
     </span>
    </p>
   </div>
   <div class='ocr_carea' id='block_1_48' title="bbox 1973 2108 3588 2179">
    <p class='ocr_par' dir='ltr' id='par_1_48' title="bbox 1973 2108 3588 2179">
     <span class='ocr_line' id='line_1_48' title="bbox 1973 2108 3588 2179; baseline 0.002 -20"><span class='ocrx_word' id='word_1_361' title='bbox 1973 2108 2286 2173; x_wconf 89' lang='lat' dir='ltr'>tormenta,</span> <span class='ocrx_word' id='word_1_362' title='bbox 2324 2111 2464 2179; x_wconf 89' lang='lat' dir='ltr'>quot</span> <span class='ocrx_word' id='word_1_363' title='bbox 2510 2109 2568 2162; x_wconf 92' lang='lat' dir='ltr'>in</span> <span class='ocrx_word' id='word_1_364' title='bbox 2612 2109 2831 2162; x_wconf 90' lang='lat' dir='ltr'>mundo</span> <span class='ocrx_word' id='word_1_365' title='bbox 2862 2109 3061 2163; x_wconf 90' lang='lat' dir='ltr'>habuit</span> <span class='ocrx_word' id='word_1_366' title='bbox 3107 2110 3533 2164; x_wconf 87' lang='lat' dir='ltr'>oblectamenta</span> <span class='ocrx_word' id='word_1_367' title='bbox 3560 2110 3588 2163; x_wconf 79' lang='lat'><strong>?</strong></span> 
     </span>
    </p>
   </div>
   <div class='ocr_carea' id='block_1_49' title="bbox 1970 2194 3589 2268">
    <p class='ocr_par' dir='ltr' id='par_1_49' title="bbox 1970 2194 3589 2268">
     <span class='ocr_line' id='line_1_49' title="bbox 1970 2194 3589 2268; baseline 0.003 -21"><span class='ocrx_word' id='word_1_368' title='bbox 1970 2194 2226 2249; x_wconf 86' lang='lat' dir='ltr'>Vidimus</span> <span class='ocrx_word' id='word_1_369' title='bbox 2258 2212 2465 2267; x_wconf 90' lang='lat' dir='ltr'>corpus</span> <span class='ocrx_word' id='word_1_370' title='bbox 2495 2198 2618 2267; x_wconf 89' lang='lat' dir='ltr'>ejus</span> <span class='ocrx_word' id='word_1_371' title='bbox 2644 2213 2774 2251; x_wconf 89' lang='lat' dir='ltr'>cum</span> <span class='ocrx_word' id='word_1_372' title='bbox 2806 2213 3038 2251; x_wconf 84' lang='lat' dir='ltr'>summa</span> <span class='ocrx_word' id='word_1_373' title='bbox 3077 2197 3403 2268; x_wconf 88' lang='lat' dir='ltr'>ignominia</span> <span class='ocrx_word' id='word_1_374' title='bbox 3431 2214 3589 2268; x_wconf 90' lang='lat' dir='ltr'>sepe-</span> 
     </span>
    </p>
   </div>
   <div class='ocr_carea' id='block_1_50' title="bbox 1969 2281 3583 2356">
    <p class='ocr_par' dir='ltr' id='par_1_50' title="bbox 1969 2281 3583 2356">
     <span class='ocr_line' id='line_1_50' title="bbox 1969 2281 3583 2356; baseline 0.002 -21"><span class='ocrx_word' id='word_1_375' title='bbox 1969 2281 2062 2335; x_wconf 91' lang='lat' dir='ltr'>liri</span> <span class='ocrx_word' id='word_1_376' title='bbox 2088 2282 2146 2336; x_wconf 92' lang='lat' dir='ltr'>in</span> <span class='ocrx_word' id='word_1_377' title='bbox 2172 2284 2555 2355; x_wconf 89' lang='lat' dir='ltr'>sterquilinio,</span> <span class='ocrx_word' id='word_1_378' title='bbox 2589 2285 2908 2356; x_wconf 90' lang='lat' dir='ltr'>cogitemus</span> <span class='ocrx_word' id='word_1_379' title='bbox 2944 2285 3201 2339; x_wconf 88' lang='lat' dir='ltr'>animam</span> <span class='ocrx_word' id='word_1_380' title='bbox 3216 2286 3583 2356; x_wconf 87' lang='lat' dir='ltr'>ejussulphu-</span> 
     </span>
    </p>
   </div>
   <div class='ocr_carea' id='block_1_51' title="bbox 1967 2370 3587 2444">
    <p class='ocr_par' dir='ltr' id='par_1_51' title="bbox 1967 2370 3587 2444">
     <span class='ocr_line' id='line_1_51' title="bbox 1967 2370 3587 2444; baseline 0.001 -19"><span class='ocrx_word' id='word_1_381' title='bbox 1967 2370 2082 2425; x_wconf 89' lang='lat' dir='ltr'>reis</span> <span class='ocrx_word' id='word_1_382' title='bbox 2109 2388 2340 2442; x_wconf 89' lang='lat' dir='ltr'>semper</span> <span class='ocrx_word' id='word_1_383' title='bbox 2371 2390 2632 2427; x_wconf 89' lang='lat' dir='ltr'>arsuram</span> <span class='ocrx_word' id='word_1_384' title='bbox 2664 2374 2937 2439; x_wconf 87' lang='lat' dir='ltr'>flammis,</span> <span class='ocrx_word' id='word_1_385' title='bbox 2980 2375 3264 2444; x_wconf 88' lang='lat' dir='ltr'>sepultam</span> <span class='ocrx_word' id='word_1_386' title='bbox 3307 2373 3364 2427; x_wconf 89' lang='lat' dir='ltr'>in</span> <span class='ocrx_word' id='word_1_387' title='bbox 3413 2374 3587 2428; x_wconf 88' lang='lat' dir='ltr'>infer-</span> 
     </span>
    </p>
   </div>
   <div class='ocr_carea' id='block_1_52' title="bbox 1965 2462 3585 2534">
    <p class='ocr_par' dir='ltr' id='par_1_52' title="bbox 1965 2462 3585 2534">
     <span class='ocr_line' id='line_1_52' title="bbox 1965 2462 3585 2534; baseline 0.001 -19"><span class='ocrx_word' id='word_1_388' title='bbox 1965 2477 2062 2528; x_wconf 91' lang='lat' dir='ltr'>no,</span> <span class='ocrx_word' id='word_1_389' title='bbox 2096 2462 2193 2516; x_wconf 91' lang='lat' dir='ltr'>ubi</span> <span class='ocrx_word' id='word_1_390' title='bbox 2226 2463 2438 2516; x_wconf 82' lang='lat' dir='ltr'>vermis</span> <span class='ocrx_word' id='word_1_391' title='bbox 2469 2479 2670 2517; x_wconf 91' lang='lat' dir='ltr'>eorum</span> <span class='ocrx_word' id='word_1_392' title='bbox 2704 2480 2823 2518; x_wconf 90' lang='lat' dir='ltr'>non</span> <span class='ocrx_word' id='word_1_393' title='bbox 2844 2463 3145 2530; x_wconf 90' lang='lat' dir='ltr'>morietur,</span> <span class='ocrx_word' id='word_1_394' title='bbox 3176 2480 3278 2517; x_wconf 89' lang='lat' dir='ltr'>nec</span> <span class='ocrx_word' id='word_1_395' title='bbox 3300 2462 3449 2534; x_wconf 88' lang='lat' dir='ltr'>ignis</span> <span class='ocrx_word' id='word_1_396' title='bbox 3465 2480 3585 2517; x_wconf 85' lang='lat' dir='ltr'>exs-</span> 
     </span>
    </p>
   </div>
   <div class='ocr_carea' id='block_1_53' title="bbox 1966 2549 3585 2623">
    <p class='ocr_par' dir='ltr' id='par_1_53' title="bbox 1966 2549 3585 2623">
     <span class='ocr_line' id='line_1_53' title="bbox 1966 2549 3585 2623; baseline 0.002 -20"><span class='ocrx_word' id='word_1_397' title='bbox 1966 2549 2284 2621; x_wconf 81' lang='lat' dir='ltr'>tin&#39;guetur,</span> <span class='ocrx_word' id='word_1_398' title='bbox 2319 2552 2417 2606; x_wconf 92' lang='lat' dir='ltr'>ubi</span> <span class='ocrx_word' id='word_1_399' title='bbox 2449 2551 2599 2623; x_wconf 90' lang='lat' dir='ltr'>ignis</span> <span class='ocrx_word' id='word_1_400' title='bbox 2626 2553 2784 2607; x_wconf 78' lang='lat' dir='ltr'>saevit</span> <span class='ocrx_word' id='word_1_401' title='bbox 2813 2552 3207 2619; x_wconf 89' lang='lat' dir='ltr'>intolerabilis,</span> <span class='ocrx_word' id='word_1_402' title='bbox 3254 2552 3425 2607; x_wconf 70' lang='lat' dir='ltr'>fwtor</span> <span class='ocrx_word' id='word_1_403' title='bbox 3461 2569 3585 2607; x_wconf 91' lang='lat' dir='ltr'>cru-</span> 
     </span>
    </p>
   </div>
   <div class='ocr_carea' id='block_1_54' title="bbox 1964 2636 3580 2712">
    <p class='ocr_par' dir='ltr' id='par_1_54' title="bbox 1964 2636 3580 2712">
     <span class='ocr_line' id='line_1_54' title="bbox 1964 2636 3580 2712; baseline 0.002 -20"><span class='ocrx_word' id='word_1_404' title='bbox 1964 2636 2078 2692; x_wconf 90' lang='lat' dir='ltr'>ciat</span> <span class='ocrx_word' id='word_1_405' title='bbox 2107 2639 2534 2706; x_wconf 87' lang='lat' dir='ltr'>abominabilis,</span> <span class='ocrx_word' id='word_1_406' title='bbox 2568 2640 2734 2694; x_wconf 90' lang='lat' dir='ltr'>dolor</span> <span class='ocrx_word' id='word_1_407' title='bbox 2761 2643 2942 2694; x_wconf 86' lang='lat' dir='ltr'>vastat</span> <span class='ocrx_word' id='word_1_408' title='bbox 2986 2639 3308 2694; x_wconf 86' lang='lat' dir='ltr'>ineffabilis.</span> <span class='ocrx_word' id='word_1_409' title='bbox 3353 2640 3580 2712; x_wconf 87' lang='lat' dir='ltr'>Cogite-</span> 
     </span>
    </p>
   </div>
   <div class='ocr_carea' id='block_1_55' title="bbox 1965 2728 3578 2800">
    <p class='ocr_par' dir='ltr' id='par_1_55' title="bbox 1965 2728 3578 2800">
     <span class='ocr_line' id='line_1_55' title="bbox 1965 2728 3578 2800; baseline 0.001 -19"><span class='ocrx_word' id='word_1_410' title='bbox 1965 2742 2093 2781; x_wconf 89' lang='lat' dir='ltr'>mus</span> <span class='ocrx_word' id='word_1_411' title='bbox 2124 2728 2269 2795; x_wconf 64' lang='lat' dir='ltr'>haec,</span> <span class='ocrx_word' id='word_1_412' title='bbox 2298 2729 2505 2782; x_wconf 86' lang='lat' dir='ltr'>fratres</span> <span class='ocrx_word' id='word_1_413' title='bbox 2532 2729 2670 2794; x_wconf 87' lang='lat' dir='ltr'>mei,</span> <span class='ocrx_word' id='word_1_414' title='bbox 2706 2746 2811 2784; x_wconf 91' lang='lat' dir='ltr'>nec</span> <span class='ocrx_word' id='word_1_415' title='bbox 2842 2729 3253 2800; x_wconf 83' lang='lat' dir='ltr'>perfunctorie,</span> <span class='ocrx_word' id='word_1_416' title='bbox 3288 2729 3386 2783; x_wconf 87' lang='lat' dir='ltr'>sed</span> <span class='ocrx_word' id='word_1_417' title='bbox 3430 2729 3578 2784; x_wconf 90' lang='lat' dir='ltr'>serio</span> 
     </span>
    </p>
   </div>
   <div class='ocr_carea' id='block_1_56' title="bbox 1964 2814 3579 2887">
    <p class='ocr_par' dir='ltr' id='par_1_56' title="bbox 1964 2814 3579 2887">
     <span class='ocr_line' id='line_1_56' title="bbox 1964 2814 3579 2887; baseline 0.001 -18"><span class='ocrx_word' id='word_1_418' title='bbox 1964 2814 2301 2886; x_wconf 86' lang='lat' dir='ltr'>cogitemus,</span> <span class='ocrx_word' id='word_1_419' title='bbox 2320 2820 2376 2870; x_wconf 89' lang='lat' dir='ltr'>et</span> <span class='ocrx_word' id='word_1_420' title='bbox 2397 2816 2629 2870; x_wconf 89' lang='lat' dir='ltr'>salutari</span> <span class='ocrx_word' id='word_1_421' title='bbox 2644 2816 2972 2873; x_wconf 91' lang='lat' dir='ltr'>animarum</span> <span class='ocrx_word' id='word_1_422' title='bbox 2990 2821 3317 2871; x_wconf 90' lang='lat' dir='ltr'>nostrarum</span> <span class='ocrx_word' id='word_1_423' title='bbox 3332 2819 3579 2887; x_wconf 89' lang='lat' dir='ltr'>amplec-</span> 
     </span>
    </p>
   </div>
   <div class='ocr_carea' id='block_1_57' title="bbox 1962 2905 3575 2977">
    <p class='ocr_par' dir='ltr' id='par_1_57' title="bbox 1962 2905 3575 2977">
     <span class='ocr_line' id='line_1_57' title="bbox 1962 2905 3575 2977; baseline 0.001 -19"><span class='ocrx_word' id='word_1_424' title='bbox 1962 2906 2137 2960; x_wconf 90' lang='lat' dir='ltr'>tendo</span> <span class='ocrx_word' id='word_1_425' title='bbox 2154 2905 2410 2959; x_wconf 90' lang='lat' dir='ltr'>remedio</span> <span class='ocrx_word' id='word_1_426' title='bbox 2429 2906 2594 2959; x_wconf 90' lang='lat' dir='ltr'>nobis</span> <span class='ocrx_word' id='word_1_427' title='bbox 2607 2905 3118 2977; x_wconf 88' lang='lat' dir='ltr'>prospiciamus,ne</span> <span class='ocrx_word' id='word_1_428' title='bbox 3132 2905 3309 2959; x_wconf 90' lang='lat' dir='ltr'>etiam</span> <span class='ocrx_word' id='word_1_429' title='bbox 3324 2922 3430 2960; x_wconf 88' lang='lat' dir='ltr'>nos</span> <span class='ocrx_word' id='word_1_430' title='bbox 3443 2922 3575 2961; x_wconf 89' lang='lat' dir='ltr'>cum</span> 
     </span>
    </p>
   </div>
   <div class='ocr_carea' id='block_1_58' title="bbox 242 2990 3568 3088">
    <p class='ocr_par' dir='ltr' id='par_1_58' title="bbox 242 2990 3568 3088">
     <span class='ocr_line' id='line_1_58' title="bbox 242 2990 3568 3088; baseline 0.001 -42"><span class='ocrx_word' id='word_1_431' title='bbox 242 2991 353 3046; x_wconf 84' lang='lat' dir='ltr'>fuit</span> <span class='ocrx_word' id='word_1_432' title='bbox 383 2990 696 3046; x_wconf 71' lang='lat' dir='ltr'>Carthusite</span> <span class='ocrx_word' id='word_1_433' title='bbox 728 2991 1051 3063; x_wconf 63' lang='lat' dir='ltr'>praefectus,</span> <span class='ocrx_word' id='word_1_434' title='bbox 1084 2992 1197 3046; x_wconf 89' lang='lat' dir='ltr'>sive</span> <span class='ocrx_word' id='word_1_435' title='bbox 1222 2992 1402 3064; x_wconf 89' lang='lat' dir='ltr'>prior,</span> <span class='ocrx_word' id='word_1_436' title='bbox 1432 2994 1573 3047; x_wconf 91' lang='lat' dir='ltr'>duos</span> <span class='ocrx_word' id='word_1_437' title='bbox 1618 2993 1859 3065; x_wconf 88' lang='lat' dir='ltr'>Stepha-</span> <span class='ocrx_word' id='word_1_438' title='bbox 1891 3028 1939 3088; x_wconf 82' lang='lat' dir='ltr'>C</span> <span class='ocrx_word' id='word_1_439' title='bbox 1962 2993 2058 3048; x_wconf 92' lang='lat' dir='ltr'>illo</span> <span class='ocrx_word' id='word_1_440' title='bbox 2081 3010 2404 3065; x_wconf 90' lang='lat' dir='ltr'>pereamus.</span> <span class='ocrx_word' id='word_1_441' title='bbox 2444 2994 2686 3048; x_wconf 89' lang='lat' dir='ltr'>Unicum</span> <span class='ocrx_word' id='word_1_442' title='bbox 2717 2999 2911 3048; x_wconf 88' lang='lat' dir='ltr'>autem</span> <span class='ocrx_word' id='word_1_443' title='bbox 2952 2997 3209 3065; x_wconf 91' lang='lat' dir='ltr'>superest</span> <span class='ocrx_word' id='word_1_444' title='bbox 3247 2994 3568 3049; x_wconf 90' lang='lat' dir='ltr'>remedium</span> 
     </span>
    </p>
   </div>
   <div class='ocr_carea' id='block_1_59' title="bbox 242 3078 1861 3151">
    <p class='ocr_par' dir='ltr' id='par_1_59' title="bbox 242 3078 1861 3151">
     <span class='ocr_line' id='line_1_59' title="bbox 242 3078 1861 3151; baseline 0.002 -18"><span class='ocrx_word' id='word_1_445' title='bbox 242 3096 375 3145; x_wconf 88' lang='lat' dir='ltr'>nos,</span> <span class='ocrx_word' id='word_1_446' title='bbox 415 3079 775 3151; x_wconf 90' lang='lat' dir='ltr'>Burgensem</span> <span class='ocrx_word' id='word_1_447' title='bbox 832 3082 889 3133; x_wconf 92' lang='lat' dir='ltr'>et</span> <span class='ocrx_word' id='word_1_448' title='bbox 943 3078 1234 3148; x_wconf 90' lang='lat' dir='ltr'>Diensem,</span> <span class='ocrx_word' id='word_1_449' title='bbox 1298 3082 1504 3136; x_wconf 88' lang='lat' dir='ltr'>ambos</span> <span class='ocrx_word' id='word_1_450' title='bbox 1555 3082 1861 3137; x_wconf 88' lang='lat' dir='ltr'>canonicos</span> 
     </span>
    </p>
   </div>
   <div class='ocr_carea' id='block_1_60' title="bbox 242 3169 1856 3242">
    <p class='ocr_par' dir='ltr' id='par_1_60' title="bbox 242 3169 1856 3242">
     <span class='ocr_line' id='line_1_60' title="bbox 242 3169 1856 3242; baseline 0.002 -18"><span class='ocrx_word' id='word_1_451' title='bbox 242 3169 441 3224; x_wconf 84' lang='lat' dir='ltr'>Sancti</span> <span class='ocrx_word' id='word_1_452' title='bbox 466 3169 612 3232; x_wconf 83' lang='lat' dir='ltr'>Rufi,</span> <span class='ocrx_word' id='word_1_453' title='bbox 641 3170 965 3240; x_wconf 85' lang='lat' dir='ltr'>Hugonem,</span> <span class='ocrx_word' id='word_1_454' title='bbox 991 3186 1165 3241; x_wconf 89' lang='lat' dir='ltr'>quem</span> <span class='ocrx_word' id='word_1_455' title='bbox 1180 3169 1856 3242; x_wconf 87' lang='lat' dir='ltr'>dicebantCapellanum,</span> 
     </span>
    </p>
   </div>
   <div class='ocr_carea' id='block_1_61' title="bbox 242 3257 1854 3332">
    <p class='ocr_par' dir='ltr' id='par_1_61' title="bbox 242 3257 1854 3332">
     <span class='ocr_line' id='line_1_61' title="bbox 242 3257 1854 3332; baseline 0.003 -19"><span class='ocrx_word' id='word_1_456' title='bbox 242 3258 403 3330; x_wconf 89' lang='lat' dir='ltr'>quod</span> <span class='ocrx_word' id='word_1_457' title='bbox 425 3258 577 3312; x_wconf 91' lang='lat' dir='ltr'>solus</span> <span class='ocrx_word' id='word_1_458' title='bbox 593 3257 745 3313; x_wconf 88' lang='lat' dir='ltr'>inter</span> <span class='ocrx_word' id='word_1_459' title='bbox 765 3274 862 3312; x_wconf 91' lang='lat' dir='ltr'>eos</span> <span class='ocrx_word' id='word_1_460' title='bbox 878 3257 1197 3313; x_wconf 89' lang='lat' dir='ltr'>sacerdotio</span> <span class='ocrx_word' id='word_1_461' title='bbox 1234 3258 1489 3315; x_wconf 88' lang='lat' dir='ltr'>initiatus</span> <span class='ocrx_word' id='word_1_462' title='bbox 1510 3264 1657 3314; x_wconf 88' lang='lat' dir='ltr'>esset</span> <span class='ocrx_word' id='word_1_463' title='bbox 1687 3261 1854 3332; x_wconf 76' lang='grc'>(174),</span> 
     </span>
    </p>
   </div>
   <div class='ocr_carea' id='block_1_62' title="bbox 242 3346 1856 3421">
    <p class='ocr_par' dir='ltr' id='par_1_62' title="bbox 242 3346 1856 3421">
     <span class='ocr_line' id='line_1_62' title="bbox 242 3346 1856 3421; baseline 0.001 -18"><span class='ocrx_word' id='word_1_464' title='bbox 242 3349 390 3403; x_wconf 90' lang='lat' dir='ltr'>duos</span> <span class='ocrx_word' id='word_1_465' title='bbox 415 3346 621 3414; x_wconf 92' lang='lat' dir='ltr'>‘laicos,</span> <span class='ocrx_word' id='word_1_466' title='bbox 662 3346 958 3401; x_wconf 77' lang='lat' dir='ltr'>Andream</span> <span class='ocrx_word' id='word_1_467' title='bbox 1008 3351 1066 3402; x_wconf 92' lang='lat' dir='ltr'>et</span> <span class='ocrx_word' id='word_1_468' title='bbox 1109 3347 1442 3415; x_wconf 88' lang='lat' dir='ltr'>Guarinum,</span> <span class='ocrx_word' id='word_1_469' title='bbox 1498 3348 1594 3420; x_wconf 90' lang='lat' dir='ltr'>qui</span> <span class='ocrx_word' id='word_1_470' title='bbox 1631 3353 1689 3403; x_wconf 90' lang='lat' dir='ltr'>et</span> <span class='ocrx_word' id='word_1_471' title='bbox 1738 3350 1856 3421; x_wconf 88' lang='lat' dir='ltr'>ipse</span> 
     </span>
    </p>
   </div>
   <div class='ocr_carea' id='block_1_63' title="bbox 238 3435 1853 3508">
    <p class='ocr_par' dir='ltr' id='par_1_63' title="bbox 238 3435 1853 3508">
     <span class='ocr_line' id='line_1_63' title="bbox 238 3435 1853 3508; baseline 0.001 -17"><span class='ocrx_word' id='word_1_472' title='bbox 238 3437 378 3492; x_wconf 90' lang='lat' dir='ltr'>huic</span> <span class='ocrx_word' id='word_1_473' title='bbox 408 3436 731 3507; x_wconf 89' lang='lat' dir='ltr'>spectaculo</span> <span class='ocrx_word' id='word_1_474' title='bbox 760 3435 1162 3501; x_wconf 86' lang='lat' dir='ltr'>interfuerant,</span> <span class='ocrx_word' id='word_1_475' title='bbox 1208 3436 1400 3508; x_wconf 89' lang='lat' dir='ltr'>aitque</span> <span class='ocrx_word' id='word_1_476' title='bbox 1448 3438 1853 3508; x_wconf 83' lang='lat' dir='ltr'>lacrymabun-</span> 
     </span>
    </p>
   </div>
   <div class='ocr_carea' id='block_1_64' title="bbox 237 3524 1854 3592">
    <p class='ocr_par' dir='ltr' id='par_1_64' title="bbox 237 3524 1854 3592">
     <span class='ocr_line' id='line_1_64' title="bbox 237 3524 1854 3592; baseline 0.001 -12"><span class='ocrx_word' id='word_1_477' title='bbox 237 3525 435 3581; x_wconf 89' lang='lat' dir='ltr'>dusad</span> <span class='ocrx_word' id='word_1_478' title='bbox 457 3541 585 3580; x_wconf 87' lang='lat' dir='ltr'>eos:</span> <span class='ocrx_word' id='word_1_479' title='bbox 613 3526 772 3590; x_wconf 80' lang='lat' dir='ltr'>Ecce,</span> <span class='ocrx_word' id='word_1_480' title='bbox 807 3524 1012 3578; x_wconf 84' lang='lat' dir='ltr'>fratres</span> <span class='ocrx_word' id='word_1_481' title='bbox 1058 3528 1114 3577; x_wconf 89' lang='lat' dir='ltr'>et</span> <span class='ocrx_word' id='word_1_482' title='bbox 1148 3525 1317 3578; x_wconf 88' lang='lat' dir='ltr'>amici</span> <span class='ocrx_word' id='word_1_483' title='bbox 1361 3526 1496 3592; x_wconf 89' lang='lat' dir='ltr'>mei,</span> <span class='ocrx_word' id='word_1_484' title='bbox 1544 3526 1601 3579; x_wconf 91' lang='lat' dir='ltr'>in</span> <span class='ocrx_word' id='word_1_485' title='bbox 1634 3526 1854 3582; x_wconf 83' lang='lat' dir='ltr'>Christo</span> 
     </span>
    </p>
   </div>
   <div class='ocr_carea' id='block_1_65' title="bbox 235 3612 1857 3683">
    <p class='ocr_par' dir='ltr' id='par_1_65' title="bbox 235 3612 1857 3683">
     <span class='ocr_line' id='line_1_65' title="bbox 235 3612 1857 3683; baseline 0 -15"><span class='ocrx_word' id='word_1_486' title='bbox 235 3613 412 3669; x_wconf 87' lang='lat' dir='ltr'>unice</span> <span class='ocrx_word' id='word_1_487' title='bbox 441 3613 620 3680; x_wconf 88' lang='lat' dir='ltr'>chari,</span> <span class='ocrx_word' id='word_1_488' title='bbox 653 3612 898 3667; x_wconf 90' lang='lat' dir='ltr'>vidimus</span> <span class='ocrx_word' id='word_1_489' title='bbox 921 3629 1025 3683; x_wconf 91' lang='lat' dir='ltr'>per</span> <span class='ocrx_word' id='word_1_490' title='bbox 1055 3613 1160 3666; x_wconf 89' lang='lat' dir='ltr'>hos</span> <span class='ocrx_word' id='word_1_491' title='bbox 1191 3613 1309 3667; x_wconf 89' lang='lat' dir='ltr'>dies</span> <span class='ocrx_word' id='word_1_492' title='bbox 1340 3616 1397 3667; x_wconf 91' lang='lat' dir='ltr'>ct</span> <span class='ocrx_word' id='word_1_493' title='bbox 1427 3614 1744 3669; x_wconf 88' lang='lat' dir='ltr'>audivimus</span> <span class='ocrx_word' id='word_1_494' title='bbox 1761 3615 1857 3668; x_wconf 90' lang='lat' dir='ltr'>ad-</span> 
     </span>
    </p>
   </div>
   <div class='ocr_carea' id='block_1_66' title="bbox 234 3701 1855 3774">
    <p class='ocr_par' dir='ltr' id='par_1_66' title="bbox 234 3701 1855 3774">
     <span class='ocr_line' id='line_1_66' title="bbox 234 3701 1855 3774; baseline 0.001 -18"><span class='ocrx_word' id='word_1_495' title='bbox 234 3701 513 3756; x_wconf 90' lang='lat' dir='ltr'>miranda</span> <span class='ocrx_word' id='word_1_496' title='bbox 542 3703 711 3771; x_wconf 90' lang='lat' dir='ltr'>plane</span> <span class='ocrx_word' id='word_1_497' title='bbox 744 3705 915 3771; x_wconf 88' lang='lat' dir='ltr'>atque</span> <span class='ocrx_word' id='word_1_498' title='bbox 945 3703 1251 3772; x_wconf 86' lang='lat' dir='ltr'>stupenda,</span> <span class='ocrx_word' id='word_1_499' title='bbox 1284 3719 1409 3774; x_wconf 69' lang='lat' dir='ltr'>qua:</span> <span class='ocrx_word' id='word_1_500' title='bbox 1461 3706 1655 3758; x_wconf 92' lang='lat' dir='ltr'>tamen</span> <span class='ocrx_word' id='word_1_501' title='bbox 1690 3704 1855 3758; x_wconf 87' lang='lat' dir='ltr'>nobis</span> 
     </span>
    </p>
   </div>
   <div class='ocr_carea' id='block_1_67' title="bbox 234 3787 1853 3863">
    <p class='ocr_par' dir='ltr' id='par_1_67' title="bbox 234 3787 1853 3863">
     <span class='ocr_line' id='line_1_67' title="bbox 234 3787 1853 3863; baseline 0 -20"><span class='ocrx_word' id='word_1_502' title='bbox 234 3788 466 3863; x_wconf 88' lang='lat' dir='ltr'>possint</span> <span class='ocrx_word' id='word_1_503' title='bbox 496 3804 771 3860; x_wconf 91' lang='lat' dir='ltr'>magnam</span> <span class='ocrx_word' id='word_1_504' title='bbox 816 3787 1021 3843; x_wconf 84' lang='lat' dir='ltr'>afferre</span> <span class='ocrx_word' id='word_1_505' title='bbox 1074 3789 1400 3851; x_wconf 89' lang='lat' dir='ltr'>utilitatem,</span> <span class='ocrx_word' id='word_1_506' title='bbox 1433 3789 1476 3843; x_wconf 93' lang='lat' dir='ltr'>si</span> <span class='ocrx_word' id='word_1_507' title='bbox 1516 3789 1614 3855; x_wconf 88' lang='lat' dir='ltr'>ita,</span> <span class='ocrx_word' id='word_1_508' title='bbox 1647 3793 1711 3843; x_wconf 89' lang='lat' dir='ltr'>ut</span> <span class='ocrx_word' id='word_1_509' title='bbox 1751 3805 1853 3860; x_wconf 90' lang='lat' dir='ltr'>par</span> 
     </span>
    </p>
   </div>
   <div class='ocr_carea' id='block_1_68' title="bbox 235 3875 1850 3946">
    <p class='ocr_par' dir='ltr' id='par_1_68' title="bbox 235 3875 1850 3946">
     <span class='ocr_line' id='line_1_68' title="bbox 235 3875 1850 3946; baseline 0 -15"><span class='ocrx_word' id='word_1_510' title='bbox 235 3880 350 3943; x_wconf 89' lang='lat' dir='ltr'>est,</span> <span class='ocrx_word' id='word_1_511' title='bbox 386 3875 642 3930; x_wconf 84' lang='lat' dir='ltr'>defuncti</span> <span class='ocrx_word' id='word_1_512' title='bbox 672 3875 861 3946; x_wconf 84' lang='lat' dir='ltr'>hujus,</span> <span class='ocrx_word' id='word_1_513' title='bbox 909 3876 1094 3930; x_wconf 90' lang='lat' dir='ltr'>modis</span> <span class='ocrx_word' id='word_1_514' title='bbox 1142 3876 1409 3931; x_wconf 91' lang='lat' dir='ltr'>omnibus</span> <span class='ocrx_word' id='word_1_515' title='bbox 1458 3877 1850 3943; x_wconf 86' lang='lat' dir='ltr'>infelicissimi,</span> 
     </span>
    </p>
   </div>
   <div class='ocr_carea' id='block_1_69' title="bbox 234 3964 1853 4036">
    <p class='ocr_par' dir='ltr' id='par_1_69' title="bbox 234 3964 1853 4036">
     <span class='ocr_line' id='line_1_69' title="bbox 234 3964 1853 4036; baseline 0 -16"><span class='ocrx_word' id='word_1_516' title='bbox 234 3982 361 4020; x_wconf 90' lang='lat' dir='ltr'>non</span> <span class='ocrx_word' id='word_1_517' title='bbox 392 3964 710 4036; x_wconf 90' lang='lat' dir='ltr'>periculum</span> <span class='ocrx_word' id='word_1_518' title='bbox 758 3967 858 4019; x_wconf 89' lang='lat' dir='ltr'>aut</span> <span class='ocrx_word' id='word_1_519' title='bbox 907 3981 1067 4018; x_wconf 86' lang='lat' dir='ltr'>casus</span> <span class='ocrx_word' id='word_1_520' title='bbox 1117 3964 1342 4031; x_wconf 89' lang='lat' dir='ltr'>dubius,</span> <span class='ocrx_word' id='word_1_521' title='bbox 1397 3965 1497 4019; x_wconf 91' lang='lat' dir='ltr'>sed</span> <span class='ocrx_word' id='word_1_522' title='bbox 1536 3965 1853 4020; x_wconf 90' lang='lat' dir='ltr'>certissima</span> 
     </span>
    </p>
   </div>
   <div class='ocr_carea' id='block_1_70' title="bbox 236 4051 1849 4127">
    <p class='ocr_par' dir='ltr' id='par_1_70' title="bbox 236 4051 1849 4127">
     <span class='ocr_line' id='line_1_70' title="bbox 236 4051 1849 4127; baseline 0.001 -20"><span class='ocrx_word' id='word_1_523' title='bbox 236 4052 543 4108; x_wconf 88' lang='lat' dir='ltr'>damnatio</span> <span class='ocrx_word' id='word_1_524' title='bbox 568 4055 764 4108; x_wconf 88' lang='lat' dir='ltr'>cautos</span> <span class='ocrx_word' id='word_1_525' title='bbox 776 4068 882 4107; x_wconf 89' lang='lat' dir='ltr'>nos</span> <span class='ocrx_word' id='word_1_526' title='bbox 908 4051 1099 4119; x_wconf 83' lang='lat' dir='ltr'>faciat,</span> <span class='ocrx_word' id='word_1_527' title='bbox 1125 4056 1182 4106; x_wconf 90' lang='lat' dir='ltr'>et</span> <span class='ocrx_word' id='word_1_528' title='bbox 1213 4052 1483 4109; x_wconf 86' lang='lat' dir='ltr'>sollicitos</span> <span class='ocrx_word' id='word_1_529' title='bbox 1504 4055 1577 4109; x_wconf 90' lang='lat' dir='ltr'>ad</span> <span class='ocrx_word' id='word_1_530' title='bbox 1617 4056 1849 4127; x_wconf 89' lang='lat' dir='ltr'>placan-</span> 
     </span>
    </p>
   </div>
   <div class='ocr_carea' id='block_1_71' title="bbox 238 4141 1846 4216">
    <p class='ocr_par' dir='ltr' id='par_1_71' title="bbox 238 4141 1846 4216">
     <span class='ocr_line' id='line_1_71' title="bbox 238 4141 1846 4216; baseline 0.003 -21"><span class='ocrx_word' id='word_1_531' title='bbox 238 4142 385 4196; x_wconf 92' lang='lat' dir='ltr'>dum</span> <span class='ocrx_word' id='word_1_532' title='bbox 404 4142 830 4213; x_wconf 90' lang='lat' dir='ltr'>Dominum,cuj</span> <span class='ocrx_word' id='word_1_533' title='bbox 842 4159 903 4196; x_wconf 89' lang='lat' dir='ltr'>us</span> <span class='ocrx_word' id='word_1_534' title='bbox 917 4158 1154 4196; x_wconf 89' lang='lat' dir='ltr'>manum</span> <span class='ocrx_word' id='word_1_535' title='bbox 1172 4141 1421 4214; x_wconf 78' lang='lat' dir='ltr'>effugere</span> <span class='ocrx_word' id='word_1_536' title='bbox 1446 4160 1617 4199; x_wconf 91' lang='lat' dir='ltr'>nemo</span> <span class='ocrx_word' id='word_1_537' title='bbox 1637 4149 1846 4216; x_wconf 90' lang='lat' dir='ltr'>potest.</span> 
     </span>
    </p>
   </div>
   <div class='ocr_carea' id='block_1_72' title="bbox 317 4230 1847 4304">
    <p class='ocr_par' dir='ltr' id='par_1_72' title="bbox 317 4230 1847 4304">
     <span class='ocr_line' id='line_1_72' title="bbox 317 4230 1847 4304; baseline 0.002 -19"><span class='ocrx_word' id='word_1_538' title='bbox 317 4232 368 4285; x_wconf 74' lang='lat'>8.</span> <span class='ocrx_word' id='word_1_539' title='bbox 402 4230 469 4284; x_wconf 85' lang='lat' dir='ltr'>Et</span> <span class='ocrx_word' id='word_1_540' title='bbox 499 4231 645 4302; x_wconf 89' lang='lat' dir='ltr'>quis,</span> <span class='ocrx_word' id='word_1_541' title='bbox 669 4232 928 4297; x_wconf 90' lang='lat' dir='ltr'>obsecro,</span> <span class='ocrx_word' id='word_1_542' title='bbox 967 4234 1087 4284; x_wconf 90' lang='lat' dir='ltr'>tam</span> <span class='ocrx_word' id='word_1_543' title='bbox 1115 4248 1281 4285; x_wconf 83' lang='lat' dir='ltr'>saxeo</span> <span class='ocrx_word' id='word_1_544' title='bbox 1306 4232 1376 4285; x_wconf 92' lang='lat' dir='ltr'>sit</span> <span class='ocrx_word' id='word_1_545' title='bbox 1400 4236 1652 4302; x_wconf 89' lang='lat' dir='ltr'>pectore,</span> <span class='ocrx_word' id='word_1_546' title='bbox 1674 4250 1847 4304; x_wconf 89' lang='lat' dir='ltr'>quem</span> 
     </span>
    </p>
   </div>
   <div class='ocr_carea' id='block_1_73' title="bbox 1961 3082 3572 3153">
    <p class='ocr_par' dir='ltr' id='par_1_73' title="bbox 1961 3082 3572 3153">
     <span class='ocr_line' id='line_1_73' title="bbox 1961 3082 3572 3153; baseline 0.001 -18"><span class='ocrx_word' id='word_1_547' title='bbox 1961 3098 2095 3136; x_wconf 88' lang='lat' dir='ltr'>vera</span> <span class='ocrx_word' id='word_1_548' title='bbox 2126 3082 2627 3152; x_wconf 85' lang='lat' dir='ltr'>poenitentia,cum</span> <span class='ocrx_word' id='word_1_549' title='bbox 2664 3082 2781 3152; x_wconf 91' lang='lat' dir='ltr'>ipse</span> <span class='ocrx_word' id='word_1_550' title='bbox 2806 3082 3229 3137; x_wconf 88' lang='lat' dir='ltr'>Salvatordicat</span> <span class='ocrx_word' id='word_1_551' title='bbox 3249 3099 3260 3135; x_wconf 91' lang='lat'><strong>:</strong></span> <span class='ocrx_word' id='word_1_552' title='bbox 3281 3106 3305 3130; x_wconf 88' lang='grc'>‹‹</span> <span class='ocrx_word' id='word_1_553' title='bbox 3326 3082 3437 3136; x_wconf 85' lang='lat' dir='ltr'>Nisi</span> <span class='ocrx_word' id='word_1_554' title='bbox 3458 3099 3572 3153; x_wconf 66' lang='lat' dir='ltr'>pae-</span> 
     </span>
    </p>
   </div>
   <div class='ocr_carea' id='block_1_74' title="bbox 1960 3169 3566 3242">
    <p class='ocr_par' dir='ltr' id='par_1_74' title="bbox 1960 3169 3566 3242">
     <span class='ocr_line' id='line_1_74' title="bbox 1960 3169 3566 3242; baseline -0.004 -17"><span class='ocrx_word' id='word_1_555' title='bbox 1960 3170 2265 3225; x_wconf 91' lang='lat' dir='ltr'>nitentiam</span> <span class='ocrx_word' id='word_1_556' title='bbox 2281 3169 2743 3241; x_wconf 89' lang='lat' dir='ltr'>cgeritis,omnes</span> <span class='ocrx_word' id='word_1_557' title='bbox 2764 3170 3029 3225; x_wconf 90' lang='lat' dir='ltr'>similiter</span> <span class='ocrx_word' id='word_1_558' title='bbox 3056 3170 3312 3242; x_wconf 86' lang='lat' dir='ltr'>peribitis</span> <span class='ocrx_word' id='word_1_559' title='bbox 3347 3170 3511 3241; x_wconf 77' lang='grc'>(175).</span> <span class='ocrx_word' id='word_1_560' title='bbox 3539 3192 3566 3220; x_wconf 87' lang='grc'><strong>››</strong></span> 
     </span>
    </p>
   </div>
   <div class='ocr_carea' id='block_1_75' title="bbox 1959 3257 3566 3333">
    <p class='ocr_par' dir='ltr' id='par_1_75' title="bbox 1959 3257 3566 3333">
     <span class='ocr_line' id='line_1_75' title="bbox 1959 3257 3566 3333; baseline -0.002 -19"><span class='ocrx_word' id='word_1_561' title='bbox 1959 3260 2138 3314; x_wconf 90' lang='lat' dir='ltr'>Plena</span> <span class='ocrx_word' id='word_1_562' title='bbox 2162 3263 2245 3313; x_wconf 90' lang='lat' dir='ltr'>est</span> <span class='ocrx_word' id='word_1_563' title='bbox 2266 3259 2560 3333; x_wconf 89' lang='lat' dir='ltr'>Scriptura</span> <span class='ocrx_word' id='word_1_564' title='bbox 2571 3259 2801 3315; x_wconf 88' lang='lat' dir='ltr'>vocibus</span> <span class='ocrx_word' id='word_1_565' title='bbox 2818 3258 2891 3313; x_wconf 90' lang='lat' dir='ltr'>ad</span> <span class='ocrx_word' id='word_1_566' title='bbox 2907 3257 3307 3331; x_wconf 69' lang='lat' dir='ltr'>paenitentiam</span> <span class='ocrx_word' id='word_1_567' title='bbox 3329 3258 3566 3312; x_wconf 88' lang='lat' dir='ltr'>hortan-</span> 
     </span>
    </p>
   </div>
   <div class='ocr_carea' id='block_1_76' title="bbox 1960 3346 3565 3421">
    <p class='ocr_par' dir='ltr' id='par_1_76' title="bbox 1960 3346 3565 3421">
     <span class='ocr_line' id='line_1_76' title="bbox 1960 3346 3565 3421; baseline -0.001 -19"><span class='ocrx_word' id='word_1_568' title='bbox 1960 3348 2124 3403; x_wconf 88' lang='lat' dir='ltr'>tibus.</span> <span class='ocrx_word' id='word_1_569' title='bbox 2162 3348 2314 3403; x_wconf 87' lang='lat' dir='ltr'>Hanc</span> <span class='ocrx_word' id='word_1_570' title='bbox 2346 3349 2538 3421; x_wconf 89' lang='lat' dir='ltr'>itaque</span> <span class='ocrx_word' id='word_1_571' title='bbox 2579 3365 2681 3403; x_wconf 89' lang='lat' dir='ltr'>nos</span> <span class='ocrx_word' id='word_1_572' title='bbox 2713 3347 3153 3418; x_wconf 89' lang='lat' dir='ltr'>amplectamur,</span> <span class='ocrx_word' id='word_1_573' title='bbox 3184 3346 3390 3400; x_wconf 85' lang='lat' dir='ltr'>fratres</span> <span class='ocrx_word' id='word_1_574' title='bbox 3433 3347 3565 3401; x_wconf 89' lang='lat' dir='ltr'>cha-</span> 
     </span>
    </p>
   </div>
   <div class='ocr_carea' id='block_1_77' title="bbox 1956 3433 3562 3508">
    <p class='ocr_par' dir='ltr' id='par_1_77' title="bbox 1956 3433 3562 3508">
     <span class='ocr_line' id='line_1_77' title="bbox 1956 3433 3562 3508; baseline 0.001 -19"><span class='ocrx_word' id='word_1_575' title='bbox 1956 3435 2186 3504; x_wconf 90' lang='lat' dir='ltr'>rissimi,</span> <span class='ocrx_word' id='word_1_576' title='bbox 2214 3436 2260 3489; x_wconf 90' lang='lat' dir='ltr'>si</span> <span class='ocrx_word' id='word_1_577' title='bbox 2296 3438 2557 3492; x_wconf 88' lang='lat' dir='ltr'>volumus</span> <span class='ocrx_word' id='word_1_578' title='bbox 2580 3437 2801 3508; x_wconf 91' lang='lat' dir='ltr'>justum</span> <span class='ocrx_word' id='word_1_579' title='bbox 2839 3435 2938 3490; x_wconf 91' lang='lat' dir='ltr'>Dei</span> <span class='ocrx_word' id='word_1_580' title='bbox 2974 3435 3227 3507; x_wconf 82' lang='lat' dir='ltr'>effugere</span> <span class='ocrx_word' id='word_1_581' title='bbox 3258 3433 3562 3505; x_wconf 88' lang='lat' dir='ltr'>judicium.</span> 
     </span>
    </p>
   </div>
   <div class='ocr_carea' id='block_1_78' title="bbox 1958 3523 3566 3596">
    <p class='ocr_par' dir='ltr' id='par_1_78' title="bbox 1958 3523 3566 3596">
     <span class='ocr_line' id='line_1_78' title="bbox 1958 3523 3566 3596; baseline 0.001 -20"><span class='ocrx_word' id='word_1_582' title='bbox 1958 3523 2084 3577; x_wconf 92' lang='lat' dir='ltr'>Sint</span> <span class='ocrx_word' id='word_1_583' title='bbox 2115 3525 2280 3579; x_wconf 91' lang='lat' dir='ltr'>nobis</span> <span class='ocrx_word' id='word_1_584' title='bbox 2308 3526 2580 3596; x_wconf 79' lang='lat' dir='ltr'>lacrymae</span> <span class='ocrx_word' id='word_1_585' title='bbox 2615 3528 2825 3579; x_wconf 74' lang='lat' dir='ltr'>nostras</span> <span class='ocrx_word' id='word_1_586' title='bbox 2854 3540 3032 3594; x_wconf 90' lang='lat' dir='ltr'>panes</span> <span class='ocrx_word' id='word_1_587' title='bbox 3064 3523 3154 3577; x_wconf 89' lang='lat' dir='ltr'>die</span> <span class='ocrx_word' id='word_1_588' title='bbox 3186 3540 3249 3577; x_wconf 91' lang='lat' dir='ltr'>ac</span> <span class='ocrx_word' id='word_1_589' title='bbox 3282 3526 3471 3590; x_wconf 91' lang='lat' dir='ltr'>nocte,</span> <span class='ocrx_word' id='word_1_590' title='bbox 3508 3526 3566 3577; x_wconf 91' lang='lat' dir='ltr'>et</span> 
     </span>
    </p>
   </div>
   <div class='ocr_carea' id='block_1_79' title="bbox 1956 3611 3345 3684">
    <p class='ocr_par' dir='ltr' id='par_1_79' title="bbox 1956 3611 3345 3684">
     <span class='ocr_line' id='line_1_79' title="bbox 1956 3611 3345 3684; baseline 0.001 -20"><span class='ocrx_word' id='word_1_591' title='bbox 1956 3611 2024 3665; x_wconf 88' lang='lat' dir='ltr'>iis</span> <span class='ocrx_word' id='word_1_592' title='bbox 2049 3612 2335 3666; x_wconf 86' lang='lat' dir='ltr'>diluamus</span> <span class='ocrx_word' id='word_1_593' title='bbox 2366 3613 2562 3667; x_wconf 90' lang='lat' dir='ltr'>sordes</span> <span class='ocrx_word' id='word_1_594' title='bbox 2588 3616 2959 3684; x_wconf 88' lang='lat' dir='ltr'>peccatorum</span> <span class='ocrx_word' id='word_1_595' title='bbox 2992 3614 3345 3667; x_wconf 91' lang='lat' dir='ltr'>nostrorum.</span> 
     </span>
    </p>
   </div>
   <div class='ocr_carea' id='block_1_80' title="bbox 2030 3699 3564 3772">
    <p class='ocr_par' dir='ltr' id='par_1_80' title="bbox 2030 3699 3564 3772">
     <span class='ocr_line' id='line_1_80' title="bbox 2030 3699 3564 3772; baseline 0 -18"><span class='ocrx_word' id='word_1_596' title='bbox 2030 3705 2112 3754; x_wconf 78' lang='grc'>10.</span> <span class='ocrx_word' id='word_1_597' title='bbox 2172 3701 2347 3755; x_wconf 91' lang='lat' dir='ltr'>Voces</span> <span class='ocrx_word' id='word_1_598' title='bbox 2400 3701 2532 3768; x_wconf 73' lang='lat' dir='ltr'>illm,</span> <span class='ocrx_word' id='word_1_599' title='bbox 2592 3717 2733 3772; x_wconf 91' lang='lat' dir='ltr'>quas</span> <span class='ocrx_word' id='word_1_600' title='bbox 2782 3699 3122 3766; x_wconf 86' lang='lat' dir='ltr'>audivimus,</span> <span class='ocrx_word' id='word_1_601' title='bbox 3178 3716 3294 3754; x_wconf 90' lang='lat' dir='ltr'>non</span> <span class='ocrx_word' id='word_1_602' title='bbox 3326 3702 3564 3772; x_wconf 90' lang='lat' dir='ltr'>propter</span> 
     </span>
    </p>
   </div>
   <div class='ocr_carea' id='block_1_81' title="bbox 1954 3787 3558 3860">
    <p class='ocr_par' dir='ltr' id='par_1_81' title="bbox 1954 3787 3558 3860">
     <span class='ocr_line' id='line_1_81' title="bbox 1954 3787 3558 3860; baseline 0 -19"><span class='ocrx_word' id='word_1_603' title='bbox 1954 3788 2116 3842; x_wconf 90' lang='lat' dir='ltr'>illum</span> <span class='ocrx_word' id='word_1_604' title='bbox 2148 3788 2314 3843; x_wconf 74' lang='lat' dir='ltr'>edita:</span> <span class='ocrx_word' id='word_1_605' title='bbox 2329 3791 2481 3853; x_wconf 90' lang='lat' dir='ltr'>sunt,</span> <span class='ocrx_word' id='word_1_606' title='bbox 2506 3788 2601 3860; x_wconf 90' lang='lat' dir='ltr'>qui</span> <span class='ocrx_word' id='word_1_607' title='bbox 2618 3787 2919 3842; x_wconf 89' lang='lat' dir='ltr'>defunctus</span> <span class='ocrx_word' id='word_1_608' title='bbox 2936 3791 3040 3853; x_wconf 90' lang='lat' dir='ltr'>est,</span> <span class='ocrx_word' id='word_1_609' title='bbox 3056 3787 3154 3841; x_wconf 90' lang='lat' dir='ltr'>sed</span> <span class='ocrx_word' id='word_1_610' title='bbox 3175 3790 3412 3859; x_wconf 90' lang='lat' dir='ltr'>propter</span> <span class='ocrx_word' id='word_1_611' title='bbox 3434 3804 3558 3853; x_wconf 91' lang='lat' dir='ltr'>nos,</span> 
     </span>
    </p>
   </div>
   <div class='ocr_carea' id='block_1_82' title="bbox 1953 3873 3561 3947">
    <p class='ocr_par' dir='ltr' id='par_1_82' title="bbox 1953 3873 3561 3947">
     <span class='ocr_line' id='line_1_82' title="bbox 1953 3873 3561 3947; baseline -0.001 -16"><span class='ocrx_word' id='word_1_612' title='bbox 1953 3880 2016 3931; x_wconf 92' lang='lat' dir='ltr'>ut</span> <span class='ocrx_word' id='word_1_613' title='bbox 2047 3876 2213 3930; x_wconf 91' lang='lat' dir='ltr'>nobis</span> <span class='ocrx_word' id='word_1_614' title='bbox 2246 3875 2571 3947; x_wconf 86' lang='lat' dir='ltr'>proficiant,</span> <span class='ocrx_word' id='word_1_615' title='bbox 2618 3892 2760 3947; x_wconf 88' lang='lat' dir='ltr'>quos</span> <span class='ocrx_word' id='word_1_616' title='bbox 2817 3874 3003 3928; x_wconf 88' lang='lat' dir='ltr'>adhuc</span> <span class='ocrx_word' id='word_1_617' title='bbox 3052 3873 3244 3927; x_wconf 90' lang='lat' dir='ltr'>divina</span> <span class='ocrx_word' id='word_1_618' title='bbox 3281 3874 3561 3945; x_wconf 91' lang='lat' dir='ltr'>patientia</span> 
     </span>
    </p>
   </div>
   <div class='ocr_carea' id='block_1_83' title="bbox 1952 3962 3558 4037">
    <p class='ocr_par' dir='ltr' id='par_1_83' title="bbox 1952 3962 3558 4037">
     <span class='ocr_line' id='line_1_83' title="bbox 1952 3962 3558 4037; baseline -0.001 -18"><span class='ocrx_word' id='word_1_619' title='bbox 1952 3964 2365 4037; x_wconf 87' lang='lat' dir='ltr'>longanimiter</span> <span class='ocrx_word' id='word_1_620' title='bbox 2412 3966 2719 4035; x_wconf 82' lang='lat' dir='ltr'>exspectat.</span> <span class='ocrx_word' id='word_1_621' title='bbox 2776 3962 2902 4017; x_wconf 79' lang='lat' dir='ltr'>Non</span> <span class='ocrx_word' id='word_1_622' title='bbox 2959 3962 3308 4031; x_wconf 80' lang='lat' dir='ltr'>differamus,</span> <span class='ocrx_word' id='word_1_623' title='bbox 3341 3980 3558 4034; x_wconf 72' lang='lat' dir='ltr'>quaeso,</span> 
     </span>
    </p>
   </div>
   <div class='ocr_carea' id='block_1_84' title="bbox 1951 4053 3556 4123">
    <p class='ocr_par' dir='ltr' id='par_1_84' title="bbox 1951 4053 3556 4123">
     <span class='ocr_line' id='line_1_84' title="bbox 1951 4053 3556 4123; baseline -0.001 -13"><span class='ocrx_word' id='word_1_624' title='bbox 1951 4057 2079 4110; x_wconf 79' lang='lat' dir='ltr'>vitae</span> <span class='ocrx_word' id='word_1_625' title='bbox 2110 4056 2528 4110; x_wconf 89' lang='lat' dir='ltr'>correctionem</span> <span class='ocrx_word' id='word_1_626' title='bbox 2561 4055 2631 4109; x_wconf 90' lang='lat' dir='ltr'>de</span> <span class='ocrx_word' id='word_1_627' title='bbox 2663 4053 2754 4109; x_wconf 92' lang='lat' dir='ltr'>die</span> <span class='ocrx_word' id='word_1_628' title='bbox 2786 4054 2841 4108; x_wconf 89' lang='lat' dir='ltr'>in</span> <span class='ocrx_word' id='word_1_629' title='bbox 2866 4054 3197 4122; x_wconf 90' lang='lat' dir='ltr'>diem,cum</span> <span class='ocrx_word' id='word_1_630' title='bbox 3215 4054 3556 4123; x_wconf 87' lang='lat' dir='ltr'>nesciamus,</span> 
     </span>
    </p>
   </div>
   <div class='ocr_carea' id='block_1_85' title="bbox 1952 4141 3559 4215">
    <p class='ocr_par' dir='ltr' id='par_1_85' title="bbox 1952 4141 3559 4215">
     <span class='ocr_line' id='line_1_85' title="bbox 1952 4141 3559 4215; baseline -0.001 -18"><span class='ocrx_word' id='word_1_631' title='bbox 1952 4161 2065 4215; x_wconf 91' lang='lat' dir='ltr'>qua</span> <span class='ocrx_word' id='word_1_632' title='bbox 2092 4144 2236 4198; x_wconf 89' lang='lat' dir='ltr'>hora</span> <span class='ocrx_word' id='word_1_633' title='bbox 2266 4143 2544 4199; x_wconf 91' lang='lat' dir='ltr'>Dominus</span> <span class='ocrx_word' id='word_1_634' title='bbox 2576 4146 2772 4198; x_wconf 90' lang='lat' dir='ltr'>noster</span> <span class='ocrx_word' id='word_1_635' title='bbox 2801 4145 3071 4197; x_wconf 90' lang='lat' dir='ltr'>venturus</span> <span class='ocrx_word' id='word_1_636' title='bbox 3115 4142 3204 4197; x_wconf 92' lang='lat' dir='ltr'>sit.</span> <span class='ocrx_word' id='word_1_637' title='bbox 3241 4141 3347 4207; x_wconf 90' lang='lat' dir='ltr'>Qui</span> <span class='ocrx_word' id='word_1_638' title='bbox 3378 4142 3559 4211; x_wconf 92' lang='lat' dir='ltr'>enim,</span> 
     </span>
    </p>
   </div>
   <div class='ocr_carea' id='block_1_86' title="bbox 1949 4230 3563 4303">
    <p class='ocr_par' dir='ltr' id='par_1_86' title="bbox 1949 4230 3563 4303">
     <span class='ocr_line' id='line_1_86' title="bbox 1949 4230 3563 4303; baseline -0.001 -17"><span class='ocrx_word' id='word_1_639' title='bbox 1949 4235 2013 4286; x_wconf 91' lang='lat' dir='ltr'>ut</span> <span class='ocrx_word' id='word_1_640' title='bbox 2042 4231 2496 4286; x_wconf 88' lang='lat' dir='ltr'>aitbeatissimus</span> <span class='ocrx_word' id='word_1_641' title='bbox 2513 4231 2768 4302; x_wconf 83' lang='lat' dir='ltr'>pontifex</span> <span class='ocrx_word' id='word_1_642' title='bbox 2797 4230 3122 4303; x_wconf 87' lang='lat' dir='ltr'>Gregorius,</span> <span class='ocrx_word' id='word_1_643' title='bbox 3146 4230 3449 4302; x_wconf 68' lang='lat' dir='ltr'>poenitenti</span> <span class='ocrx_word' id='word_1_644' title='bbox 3474 4248 3563 4285; x_wconf 87' lang='lat' dir='ltr'>vc-</span> 
     </span>
    </p>
   </div>
   <div class='ocr_carea' id='block_1_87' title="bbox 238 4313 3557 4392">
    <p class='ocr_par' dir='ltr' id='par_1_87' title="bbox 238 4313 3557 4392">
     <span class='ocr_line' id='line_1_87' title="bbox 238 4313 3557 4392; baseline 0 -19"><span class='ocrx_word' id='word_1_645' title='bbox 238 4318 358 4373; x_wconf 81' lang='lat' dir='ltr'>tale</span> <span class='ocrx_word' id='word_1_646' title='bbox 372 4320 698 4391; x_wconf 83' lang='lat' dir='ltr'>exemplum</span> <span class='ocrx_word' id='word_1_647' title='bbox 712 4319 785 4374; x_wconf 87' lang='lat' dir='ltr'>ad</span> <span class='ocrx_word' id='word_1_648' title='bbox 799 4319 1087 4391; x_wconf 89' lang='lat' dir='ltr'>agendam</span> <span class='ocrx_word' id='word_1_649' title='bbox 1108 4320 1505 4390; x_wconf 70' lang='lat' dir='ltr'>poznitentiam</span> <span class='ocrx_word' id='word_1_650' title='bbox 1521 4338 1637 4375; x_wconf 92' lang='lat' dir='ltr'>non</span> <span class='ocrx_word' id='word_1_651' title='bbox 1651 4321 1852 4377; x_wconf 89' lang='lat' dir='ltr'>invitet</span> <span class='ocrx_word' id='word_1_652' title='bbox 1873 4313 1925 4373; x_wconf 88' lang='lat' dir='ltr'>D</span> <span class='ocrx_word' id='word_1_653' title='bbox 1952 4320 2109 4374; x_wconf 91' lang='lat' dir='ltr'>niam</span> <span class='ocrx_word' id='word_1_654' title='bbox 2140 4320 2470 4391; x_wconf 91' lang='lat' dir='ltr'>spopondit,</span> <span class='ocrx_word' id='word_1_655' title='bbox 2500 4319 2759 4392; x_wconf 83' lang='lat' dir='ltr'>peccanti</span> <span class='ocrx_word' id='word_1_656' title='bbox 2780 4319 2936 4374; x_wconf 91' lang='lat' dir='ltr'>diem</span> <span class='ocrx_word' id='word_1_657' title='bbox 2954 4319 3269 4374; x_wconf 89' lang='lat' dir='ltr'>crastinum</span> <span class='ocrx_word' id='word_1_658' title='bbox 3283 4336 3401 4375; x_wconf 92' lang='lat' dir='ltr'>non</span> <span class='ocrx_word' id='word_1_659' title='bbox 3423 4335 3557 4392; x_wconf 91' lang='lat' dir='ltr'>pro-</span> 
     </span>
    </p>
   </div>
   <div class='ocr_carea' id='block_1_88' title="bbox 238 4408 1851 4483">
    <p class='ocr_par' dir='ltr' id='par_1_88' title="bbox 238 4408 1851 4483">
     <span class='ocr_line' id='line_1_88' title="bbox 238 4408 1851 4483; baseline 0.004 -21"><span class='ocrx_word' id='word_1_660' title='bbox 238 4408 443 4475; x_wconf 87' lang='lat' dir='ltr'>modo,</span> <span class='ocrx_word' id='word_1_661' title='bbox 471 4408 571 4463; x_wconf 88' lang='lat' dir='ltr'>sed</span> <span class='ocrx_word' id='word_1_662' title='bbox 600 4410 776 4463; x_wconf 90' lang='lat' dir='ltr'>etiam</span> <span class='ocrx_word' id='word_1_663' title='bbox 806 4409 1113 4480; x_wconf 87' lang='lat' dir='ltr'>impellat?</span> <span class='ocrx_word' id='word_1_664' title='bbox 1160 4412 1273 4464; x_wconf 79' lang='lat' dir='ltr'>Aut</span> <span class='ocrx_word' id='word_1_665' title='bbox 1316 4411 1442 4483; x_wconf 90' lang='lat' dir='ltr'>quis</span> <span class='ocrx_word' id='word_1_666' title='bbox 1484 4414 1606 4466; x_wconf 91' lang='lat' dir='ltr'>tam</span> <span class='ocrx_word' id='word_1_667' title='bbox 1655 4414 1851 4469; x_wconf 90' lang='lat' dir='ltr'>lethali</span> 
     </span>
    </p>
   </div>
   <div class='ocr_carea' id='block_1_89' title="bbox 236 4497 1853 4570">
    <p class='ocr_par' dir='ltr' id='par_1_89' title="bbox 236 4497 1853 4570">
     <span class='ocr_line' id='line_1_89' title="bbox 236 4497 1853 4570; baseline 0.004 -20"><span class='ocrx_word' id='word_1_668' title='bbox 236 4513 471 4569; x_wconf 88' lang='lat' dir='ltr'>pressus</span> <span class='ocrx_word' id='word_1_669' title='bbox 509 4497 581 4551; x_wconf 91' lang='lat' dir='ltr'>sit</span> <span class='ocrx_word' id='word_1_670' title='bbox 627 4514 832 4552; x_wconf 89' lang='lat' dir='ltr'>somno</span> <span class='ocrx_word' id='word_1_671' title='bbox 881 4497 1150 4551; x_wconf 90' lang='lat' dir='ltr'>vitiorum</span> <span class='ocrx_word' id='word_1_672' title='bbox 1182 4502 1244 4552; x_wconf 92' lang='lat' dir='ltr'>ut</span> <span class='ocrx_word' id='word_1_673' title='bbox 1289 4499 1571 4570; x_wconf 88' lang='lat' dir='ltr'>deplorati</span> <span class='ocrx_word' id='word_1_674' title='bbox 1601 4502 1853 4557; x_wconf 87' lang='lat' dir='ltr'>hominis</span> 
     </span>
    </p>
   </div>
   <div class='ocr_carea' id='block_1_90' title="bbox 235 4584 1850 4655">
    <p class='ocr_par' dir='ltr' id='par_1_90' title="bbox 235 4584 1850 4655">
     <span class='ocr_line' id='line_1_90' title="bbox 235 4584 1850 4655; baseline 0.003 -16"><span class='ocrx_word' id='word_1_675' title='bbox 235 4584 413 4655; x_wconf 87' lang='lat' dir='ltr'>hujus</span> <span class='ocrx_word' id='word_1_676' title='bbox 457 4584 717 4639; x_wconf 85' lang='lat' dir='ltr'>infaustis</span> <span class='ocrx_word' id='word_1_677' title='bbox 761 4584 1126 4653; x_wconf 84' lang='lat' dir='ltr'>clamoribus,</span> <span class='ocrx_word' id='word_1_678' title='bbox 1171 4586 1289 4641; x_wconf 90' lang='lat' dir='ltr'>imo</span> <span class='ocrx_word' id='word_1_679' title='bbox 1323 4590 1380 4640; x_wconf 90' lang='lat' dir='ltr'>et</span> <span class='ocrx_word' id='word_1_680' title='bbox 1422 4589 1689 4643; x_wconf 90' lang='lat' dir='ltr'>tonitruis</span> <span class='ocrx_word' id='word_1_681' title='bbox 1732 4608 1850 4645; x_wconf 92' lang='lat' dir='ltr'>non</span> 
     </span>
    </p>
   </div>
   <div class='ocr_carea' id='block_1_91' title="bbox 235 4673 1853 4745">
    <p class='ocr_par' dir='ltr' id='par_1_91' title="bbox 235 4673 1853 4745">
     <span class='ocr_line' id='line_1_91' title="bbox 235 4673 1853 4745; baseline 0.002 -16"><span class='ocrx_word' id='word_1_682' title='bbox 235 4673 519 4729; x_wconf 80' lang='lat' dir='ltr'>excitetur</span> <span class='ocrx_word' id='word_1_683' title='bbox 544 4677 601 4728; x_wconf 91' lang='lat' dir='ltr'>et</span> <span class='ocrx_word' id='word_1_684' title='bbox 624 4674 974 4745; x_wconf 85' lang='lat' dir='ltr'>expergefiat</span> <span class='ocrx_word' id='word_1_685' title='bbox 989 4674 1061 4728; x_wconf 90' lang='lat' dir='ltr'>ad</span> <span class='ocrx_word' id='word_1_686' title='bbox 1075 4675 1391 4729; x_wconf 90' lang='lat' dir='ltr'>curandam</span> <span class='ocrx_word' id='word_1_687' title='bbox 1405 4676 1644 4732; x_wconf 88' lang='lat' dir='ltr'>salutem</span> <span class='ocrx_word' id='word_1_688' title='bbox 1659 4679 1853 4733; x_wconf 84' lang='lat' dir='ltr'>suam?</span> 
     </span>
    </p>
   </div>
   <div class='ocr_carea' id='block_1_92' title="bbox 235 4761 1848 4837">
    <p class='ocr_par' dir='ltr' id='par_1_92' title="bbox 235 4761 1848 4837">
     <span class='ocr_line' id='line_1_92' title="bbox 235 4761 1848 4837; baseline 0.002 -20"><span class='ocrx_word' id='word_1_689' title='bbox 235 4761 512 4817; x_wconf 81' lang='lat' dir='ltr'>Novimus</span> <span class='ocrx_word' id='word_1_690' title='bbox 554 4763 706 4816; x_wconf 90' lang='lat' dir='ltr'>hunc</span> <span class='ocrx_word' id='word_1_691' title='bbox 734 4762 920 4817; x_wconf 88' lang='lat' dir='ltr'>virum</span> <span class='ocrx_word' id='word_1_692' title='bbox 966 4764 1148 4818; x_wconf 90' lang='lat' dir='ltr'>multa</span> <span class='ocrx_word' id='word_1_693' title='bbox 1191 4764 1473 4835; x_wconf 86' lang='lat' dir='ltr'>sapientia</span> <span class='ocrx_word' id='word_1_694' title='bbox 1518 4766 1848 4837; x_wconf 72' lang='lat' dir='ltr'>prazditum,</span> 
     </span>
    </p>
   </div>
   <div class='ocr_carea' id='block_1_93' title="bbox 235 4849 1849 4924">
    <p class='ocr_par' dir='ltr' id='par_1_93' title="bbox 235 4849 1849 4924">
     <span class='ocr_line' id='line_1_93' title="bbox 235 4849 1849 4924; baseline 0.003 -20"><span class='ocrx_word' id='word_1_695' title='bbox 235 4849 500 4911; x_wconf 83' lang='lat' dir='ltr'>moribus</span> <span class='ocrx_word' id='word_1_696' title='bbox 533 4855 824 4919; x_wconf 88' lang='lat' dir='ltr'>ornatum,</span> <span class='ocrx_word' id='word_1_697' title='bbox 867 4854 1109 4918; x_wconf 89' lang='lat' dir='ltr'>castum,</span> <span class='ocrx_word' id='word_1_698' title='bbox 1143 4851 1437 4924; x_wconf 91' lang='lat' dir='ltr'>pudicum,</span> <span class='ocrx_word' id='word_1_699' title='bbox 1480 4854 1849 4923; x_wconf 89' lang='lat' dir='ltr'>prudentem,</span> 
     </span>
    </p>
   </div>
   <div class='ocr_carea' id='block_1_94' title="bbox 235 4939 1847 5013">
    <p class='ocr_par' dir='ltr' id='par_1_94' title="bbox 235 4939 1847 5013">
     <span class='ocr_line' id='line_1_94' title="bbox 235 4939 1847 5013; baseline 0.002 -18"><span class='ocrx_word' id='word_1_700' title='bbox 235 4939 315 4995; x_wconf 84' lang='lat' dir='ltr'>ab</span> <span class='ocrx_word' id='word_1_701' title='bbox 336 4939 607 4995; x_wconf 87' lang='lat' dir='ltr'>omnibus</span> <span class='ocrx_word' id='word_1_702' title='bbox 619 4940 972 4997; x_wconf 89' lang='lat' dir='ltr'>honoratum</span> <span class='ocrx_word' id='word_1_703' title='bbox 987 4944 1045 4996; x_wconf 90' lang='lat' dir='ltr'>et</span> <span class='ocrx_word' id='word_1_704' title='bbox 1060 4958 1272 5013; x_wconf 89' lang='lat' dir='ltr'>magno</span> <span class='ocrx_word' id='word_1_705' title='bbox 1290 4941 1347 4995; x_wconf 91' lang='lat' dir='ltr'>in</span> <span class='ocrx_word' id='word_1_706' title='bbox 1362 4941 1547 5013; x_wconf 89' lang='lat' dir='ltr'>pretio</span> <span class='ocrx_word' id='word_1_707' title='bbox 1565 4943 1847 4998; x_wconf 91' lang='lat' dir='ltr'>habitum.</span> 
     </span>
    </p>
   </div>
   <div class='ocr_carea' id='block_1_95' title="bbox 314 5187 1849 5265">
    <p class='ocr_par' dir='ltr' id='par_1_95' title="bbox 314 5187 1849 5265">
     <span class='ocr_line' id='line_1_95' title="bbox 314 5187 1849 5265; baseline 0.005 -20"><span class='ocrx_word' id='word_1_708' title='bbox 314 5187 467 5265; x_wconf 80' lang='grc'>(172)</span> <span class='ocrx_word' id='word_1_709' title='bbox 501 5188 626 5265; x_wconf 71' lang='lat' dir='ltr'>Adi,</span> <span class='ocrx_word' id='word_1_710' title='bbox 660 5209 786 5265; x_wconf 65' lang='lat' dir='ltr'>quae</span> <span class='ocrx_word' id='word_1_711' title='bbox 810 5190 868 5247; x_wconf 92' lang='lat' dir='ltr'>in</span> <span class='ocrx_word' id='word_1_712' title='bbox 891 5191 1213 5261; x_wconf 85' lang='lat' dir='ltr'>Annotatis,</span> <span class='ocrx_word' id='word_1_713' title='bbox 1246 5192 1626 5265; x_wconf 67' lang='lat' dir='ltr'>prtecedentis</span> <span class='ocrx_word' id='word_1_714' title='bbox 1669 5196 1849 5253; x_wconf 90' lang='lat' dir='ltr'>sancti</span> 
     </span>
    </p>
   </div>
   <div class='ocr_carea' id='block_1_96' title="bbox 234 5260 1675 5334">
    <p class='ocr_par' dir='ltr' id='par_1_96' title="bbox 234 5260 1675 5334">
     <span class='ocr_line' id='line_1_96' title="bbox 234 5260 1675 5334; baseline 0.005 -19"><span class='ocrx_word' id='word_1_715' title='bbox 234 5260 381 5315; x_wconf 71' lang='lat' dir='ltr'>Vitas</span> <span class='ocrx_word' id='word_1_716' title='bbox 406 5262 576 5334; x_wconf 88' lang='lat' dir='ltr'>capiti</span> <span class='ocrx_word' id='word_1_717' title='bbox 613 5267 633 5318; x_wconf 98' lang='grc'>1</span> <span class='ocrx_word' id='word_1_718' title='bbox 672 5260 958 5331; x_wconf 76' lang='lat' dir='ltr'>subnexis,</span> <span class='ocrx_word' id='word_1_719' title='bbox 991 5266 1066 5319; x_wconf 89' lang='lat' dir='ltr'>ad</span> <span class='ocrx_word' id='word_1_720' title='bbox 1095 5269 1213 5320; x_wconf 87' lang='lat' dir='ltr'>not.</span> <span class='ocrx_word' id='word_1_721' title='bbox 1245 5260 1310 5321; x_wconf 75' lang='lat'>37</span> <span class='ocrx_word' id='word_1_722' title='bbox 1342 5267 1493 5321; x_wconf 90' lang='lat' dir='ltr'>dicta</span> <span class='ocrx_word' id='word_1_723' title='bbox 1524 5271 1675 5322; x_wconf 69' lang='lat' dir='ltr'>sunt.</span> 
     </span>
    </p>
   </div>
   <div class='ocr_carea' id='block_1_97' title="bbox 313 5334 1848 5407">
    <p class='ocr_par' dir='ltr' id='par_1_97' title="bbox 313 5334 1848 5407">
     <span class='ocr_line' id='line_1_97' title="bbox 313 5334 1848 5407; baseline 0.007 -21"><span class='ocrx_word' id='word_1_724' title='bbox 313 5334 469 5403; x_wconf 84' lang='grc'>(173)</span> <span class='ocrx_word' id='word_1_725' title='bbox 495 5334 624 5407; x_wconf 41' lang='lat' dir='ltr'>ﬁdi,</span> <span class='ocrx_word' id='word_1_726' title='bbox 659 5352 786 5407; x_wconf 71' lang='lat' dir='ltr'>qua:</span> <span class='ocrx_word' id='word_1_727' title='bbox 832 5336 890 5390; x_wconf 90' lang='lat' dir='ltr'>in</span> <span class='ocrx_word' id='word_1_728' title='bbox 932 5337 1323 5393; x_wconf 86' lang='lat' dir='ltr'>antecedentis</span> <span class='ocrx_word' id='word_1_729' title='bbox 1372 5340 1553 5393; x_wconf 88' lang='lat' dir='ltr'>sancti</span> <span class='ocrx_word' id='word_1_730' title='bbox 1587 5340 1726 5395; x_wconf 72' lang='lat' dir='ltr'>Vita:</span> <span class='ocrx_word' id='word_1_731' title='bbox 1756 5359 1848 5396; x_wconf 89' lang='lat' dir='ltr'>ca-</span> 
     </span>
    </p>
   </div>
   <div class='ocr_carea' id='block_1_98' title="bbox 237 5404 1179 5477">
    <p class='ocr_par' dir='ltr' id='par_1_98' title="bbox 237 5404 1179 5477">
     <span class='ocr_line' id='line_1_98' title="bbox 237 5404 1179 5477; baseline 0.004 -20"><span class='ocrx_word' id='word_1_732' title='bbox 237 5407 349 5477; x_wconf 88' lang='lat' dir='ltr'>put</span> <span class='ocrx_word' id='word_1_733' title='bbox 384 5404 517 5477; x_wconf 79' lang='lat' dir='ltr'>tad</span> <span class='ocrx_word' id='word_1_734' title='bbox 546 5409 649 5477; x_wconf 88' lang='lat' dir='ltr'>not</span> <span class='ocrx_word' id='word_1_735' title='bbox 676 5404 768 5473; x_wconf 71' lang='lat'>38,</span> <span class='ocrx_word' id='word_1_736' title='bbox 796 5410 996 5461; x_wconf 86' lang='lat' dir='ltr'>notata</span> <span class='ocrx_word' id='word_1_737' title='bbox 1027 5411 1179 5461; x_wconf 89' lang='lat' dir='ltr'>sunt.</span> 
     </span>
    </p>
   </div>
   <div class='ocr_carea' id='block_1_99' title="bbox 316 5476 1872 5556">
    <p class='ocr_par' dir='ltr' id='par_1_99' title="bbox 316 5476 1872 5556">
     <span class='ocr_line' id='line_1_99' title="bbox 316 5476 1872 5556; baseline 0.005 -26"><span class='ocrx_word' id='word_1_738' title='bbox 316 5476 462 5540; x_wconf 71' lang='grc'>(174)</span> <span class='ocrx_word' id='word_1_739' title='bbox 488 5476 569 5535; x_wconf 88' lang='lat' dir='ltr'>De</span> <span class='ocrx_word' id='word_1_740' title='bbox 600 5476 839 5549; x_wconf 83' lang='lat' dir='ltr'>Hugone</span> <span class='ocrx_word' id='word_1_741' title='bbox 866 5476 1198 5553; x_wconf 87' lang='lat' dir='ltr'>Capellano,</span> <span class='ocrx_word' id='word_1_742' title='bbox 1219 5478 1316 5551; x_wconf 90' lang='lat' dir='ltr'>qui</span> <span class='ocrx_word' id='word_1_743' title='bbox 1337 5481 1488 5537; x_wconf 86' lang='lat' dir='ltr'>solus</span> <span class='ocrx_word' id='word_1_744' title='bbox 1510 5498 1577 5537; x_wconf 82' lang='lat' dir='ltr'>ex</span> <span class='ocrx_word' id='word_1_745' title='bbox 1610 5481 1697 5551; x_wconf 82' lang='lat' dir='ltr'>iis,</span> <span class='ocrx_word' id='word_1_746' title='bbox 1724 5500 1872 5556; x_wconf 88' lang='lat' dir='ltr'>quos</span> 
     </span>
    </p>
   </div>
   <div class='ocr_carea' id='block_1_100' title="bbox 1952 4407 3555 4480">
    <p class='ocr_par' dir='ltr' id='par_1_100' title="bbox 1952 4407 3555 4480">
     <span class='ocr_line' id='line_1_100' title="bbox 1952 4407 3555 4480; baseline -0.001 -17"><span class='ocrx_word' id='word_1_747' title='bbox 1952 4410 2125 4464; x_wconf 86' lang='lat' dir='ltr'>misit.</span> <span class='ocrx_word' id='word_1_748' title='bbox 2157 4410 2250 4463; x_wconf 85' lang='lat' dir='ltr'>His</span> <span class='ocrx_word' id='word_1_749' title='bbox 2281 4410 2463 4464; x_wconf 86' lang='lat' dir='ltr'>verbis</span> <span class='ocrx_word' id='word_1_750' title='bbox 2493 4409 2826 4480; x_wconf 89' lang='lat' dir='ltr'>compuncti</span> <span class='ocrx_word' id='word_1_751' title='bbox 2858 4412 2991 4463; x_wconf 84' lang='lat' dir='ltr'>sunt</span> <span class='ocrx_word' id='word_1_752' title='bbox 3022 4409 3193 4463; x_wconf 90' lang='lat' dir='ltr'>corde</span> <span class='ocrx_word' id='word_1_753' title='bbox 3220 4425 3425 4463; x_wconf 89' lang='lat' dir='ltr'>omnes</span> <span class='ocrx_word' id='word_1_754' title='bbox 3453 4407 3555 4475; x_wconf 92' lang='lat' dir='ltr'>illi,</span> 
     </span>
    </p>
   </div>
   <div class='ocr_carea' id='block_1_101' title="bbox 1952 4497 3558 4569">
    <p class='ocr_par' dir='ltr' id='par_1_101' title="bbox 1952 4497 3558 4569">
     <span class='ocr_line' id='line_1_101' title="bbox 1952 4497 3558 4569; baseline -0.001 -17"><span class='ocrx_word' id='word_1_755' title='bbox 1952 4502 2009 4553; x_wconf 93' lang='lat' dir='ltr'>et</span> <span class='ocrx_word' id='word_1_756' title='bbox 2030 4497 2254 4552; x_wconf 90' lang='lat' dir='ltr'>ardenti</span> <span class='ocrx_word' id='word_1_757' title='bbox 2281 4497 2563 4552; x_wconf 89' lang='lat' dir='ltr'>desiderio</span> <span class='ocrx_word' id='word_1_758' title='bbox 2595 4497 2905 4569; x_wconf 89' lang='lat' dir='ltr'>cupiebant</span> <span class='ocrx_word' id='word_1_759' title='bbox 2931 4497 3069 4551; x_wconf 89' lang='lat' dir='ltr'>dare</span> <span class='ocrx_word' id='word_1_760' title='bbox 3094 4514 3152 4551; x_wconf 88' lang='lat' dir='ltr'>se</span> <span class='ocrx_word' id='word_1_761' title='bbox 3183 4497 3558 4567; x_wconf 69' lang='lat' dir='ltr'>poenitentiae,</span> 
     </span>
    </p>
   </div>
   <div class='ocr_carea' id='block_1_102' title="bbox 1952 4585 3563 4657">
    <p class='ocr_par' dir='ltr' id='par_1_102' title="bbox 1952 4585 3563 4657">
     <span class='ocr_line' id='line_1_102' title="bbox 1952 4585 3563 4657; baseline -0.002 -15"><span class='ocrx_word' id='word_1_762' title='bbox 1952 4588 2052 4642; x_wconf 91' lang='lat' dir='ltr'>sed</span> <span class='ocrx_word' id='word_1_763' title='bbox 2074 4587 2315 4642; x_wconf 91' lang='lat' dir='ltr'>modum</span> <span class='ocrx_word' id='word_1_764' title='bbox 2342 4590 2400 4641; x_wconf 93' lang='lat' dir='ltr'>et</span> <span class='ocrx_word' id='word_1_765' title='bbox 2421 4587 2610 4641; x_wconf 90' lang='lat' dir='ltr'>locum</span> <span class='ocrx_word' id='word_1_766' title='bbox 2641 4586 2889 4640; x_wconf 90' lang='lat' dir='ltr'>necdum</span> <span class='ocrx_word' id='word_1_767' title='bbox 2906 4585 3197 4640; x_wconf 87' lang='lat' dir='ltr'>videbant.</span> <span class='ocrx_word' id='word_1_768' title='bbox 3215 4588 3409 4657; x_wconf 86' lang='lat' dir='ltr'>Itaque</span> <span class='ocrx_word' id='word_1_769' title='bbox 3435 4602 3563 4657; x_wconf 88' lang='lat' dir='ltr'>per-</span> 
     </span>
    </p>
   </div>
   <div class='ocr_carea' id='block_1_103' title="bbox 1952 4668 3562 4745">
    <p class='ocr_par' dir='ltr' id='par_1_103' title="bbox 1952 4668 3562 4745">
     <span class='ocr_line' id='line_1_103' title="bbox 1952 4668 3562 4745; baseline -0.001 -16"><span class='ocrx_word' id='word_1_770' title='bbox 1952 4675 2211 4730; x_wconf 90' lang='lat' dir='ltr'>contanti</span> <span class='ocrx_word' id='word_1_771' title='bbox 2229 4674 2298 4729; x_wconf 93' lang='lat' dir='ltr'>de</span> <span class='ocrx_word' id='word_1_772' title='bbox 2318 4675 2406 4728; x_wconf 89' lang='lat' dir='ltr'>his</span> <span class='ocrx_word' id='word_1_773' title='bbox 2429 4674 2745 4741; x_wconf 84' lang='lat' dir='ltr'>Lauduino,</span> <span class='ocrx_word' id='word_1_774' title='bbox 2769 4668 2892 4729; x_wconf 82' lang='lat' dir='ltr'>vii‘o</span> <span class='ocrx_word' id='word_1_775' title='bbox 2916 4674 3085 4729; x_wconf 91' lang='lat' dir='ltr'>docto</span> <span class='ocrx_word' id='word_1_776' title='bbox 3120 4678 3177 4728; x_wconf 91' lang='lat' dir='ltr'>et</span> <span class='ocrx_word' id='word_1_777' title='bbox 3201 4673 3316 4745; x_wconf 91' lang='lat' dir='ltr'>pio,</span> <span class='ocrx_word' id='word_1_778' title='bbox 3334 4678 3562 4728; x_wconf 88' lang='lat' dir='ltr'>sanctus</span> 
     </span>
    </p>
   </div>
   <div class='ocr_carea' id='block_1_104' title="bbox 1952 4762 3562 4835">
    <p class='ocr_par' dir='ltr' id='par_1_104' title="bbox 1952 4762 3562 4835">
     <span class='ocr_line' id='line_1_104' title="bbox 1952 4762 3562 4835; baseline -0.002 -16"><span class='ocrx_word' id='word_1_779' title='bbox 1952 4766 2141 4819; x_wconf 90' lang='lat' dir='ltr'>Bruno</span> <span class='ocrx_word' id='word_1_780' title='bbox 2155 4762 2452 4835; x_wconf 88' lang='lat' dir='ltr'>respondit</span> <span class='ocrx_word' id='word_1_781' title='bbox 2476 4780 2489 4817; x_wconf 89' lang='lat'>:</span> <span class='ocrx_word' id='word_1_782' title='bbox 2510 4763 2938 4834; x_wconf 86' lang='lat' dir='ltr'>Spectaculum,</span> <span class='ocrx_word' id='word_1_783' title='bbox 2957 4763 3111 4835; x_wconf 89' lang='lat' dir='ltr'>quod</span> <span class='ocrx_word' id='word_1_784' title='bbox 3128 4762 3392 4827; x_wconf 88' lang='lat' dir='ltr'>vidimus,</span> <span class='ocrx_word' id='word_1_785' title='bbox 3407 4763 3562 4833; x_wconf 89' lang='lat' dir='ltr'>quod</span> 
     </span>
    </p>
   </div>
   <div class='ocr_carea' id='block_1_105' title="bbox 1953 4849 3561 4923">
    <p class='ocr_par' dir='ltr' id='par_1_105' title="bbox 1953 4849 3561 4923">
     <span class='ocr_line' id='line_1_105' title="bbox 1953 4849 3561 4923; baseline -0.003 -16"><span class='ocrx_word' id='word_1_786' title='bbox 1953 4870 2060 4908; x_wconf 90' lang='lat' dir='ltr'>nos</span> <span class='ocrx_word' id='word_1_787' title='bbox 2092 4852 2302 4907; x_wconf 90' lang='lat' dir='ltr'>salubri</span> <span class='ocrx_word' id='word_1_788' title='bbox 2320 4869 2567 4906; x_wconf 74' lang='lat' dir='ltr'>mmrore</span> <span class='ocrx_word' id='word_1_789' title='bbox 2591 4851 2802 4919; x_wconf 86' lang='lat' dir='ltr'>affecit,</span> <span class='ocrx_word' id='word_1_790' title='bbox 2827 4852 2983 4923; x_wconf 89' lang='lat' dir='ltr'>quod</span> <span class='ocrx_word' id='word_1_791' title='bbox 2998 4849 3359 4905; x_wconf 86' lang='lat' dir='ltr'>conturbavit</span> <span class='ocrx_word' id='word_1_792' title='bbox 3391 4852 3447 4902; x_wconf 91' lang='lat' dir='ltr'>et</span> <span class='ocrx_word' id='word_1_793' title='bbox 3466 4865 3561 4902; x_wconf 81' lang='lat' dir='ltr'>ex-</span> 
     </span>
    </p>
   </div>
   <div class='ocr_carea' id='block_1_106' title="bbox 1946 4936 3564 5021">
    <p class='ocr_par' dir='ltr' id='par_1_106' title="bbox 1946 4936 3564 5021">
     <span class='ocr_line' id='line_1_106' title="bbox 1946 4936 3564 5021; baseline -0.002 -25"><span class='ocrx_word' id='word_1_794' title='bbox 1946 4942 2293 5021; x_wconf 73' lang='lat' dir='ltr'>terruitnos,</span> <span class='ocrx_word' id='word_1_795' title='bbox 2314 4943 2564 5012; x_wconf 68' lang='lat' dir='ltr'>ctpaana:</span> <span class='ocrx_word' id='word_1_796' title='bbox 2588 4940 2955 5011; x_wconf 78' lang='lat' dir='ltr'>sempiterna:</span> <span class='ocrx_word' id='word_1_797' title='bbox 2974 4938 3287 4994; x_wconf 90' lang='lat' dir='ltr'>formidine</span> <span class='ocrx_word' id='word_1_798' title='bbox 3328 4936 3564 4993; x_wconf 81' lang='lat' dir='ltr'>adduxit</span> 
     </span>
    </p>
   </div>
   <div class='ocr_carea' id='block_1_107' title="bbox 1955 5180 3565 5267">
    <p class='ocr_par' dir='ltr' id='par_1_107' title="bbox 1955 5180 3565 5267">
     <span class='ocr_line' id='line_1_107' title="bbox 1955 5180 3565 5267; baseline -0.006 -18"><span class='ocrx_word' id='word_1_799' title='bbox 1955 5196 2185 5250; x_wconf 88' lang='lat' dir='ltr'>sanctus</span> <span class='ocrx_word' id='word_1_800' title='bbox 2205 5190 2277 5249; x_wconf 88' lang='lat' dir='ltr'>ad</span> <span class='ocrx_word' id='word_1_801' title='bbox 2303 5210 2360 5267; x_wconf 88' lang='lat' dir='ltr'>se</span> <span class='ocrx_word' id='word_1_802' title='bbox 2383 5191 2727 5267; x_wconf 77' lang='lat' dir='ltr'>accersierit,</span> <span class='ocrx_word' id='word_1_803' title='bbox 2756 5189 3074 5267; x_wconf 78' lang='lat' dir='ltr'>sacerdotio</span> <span class='ocrx_word' id='word_1_804' title='bbox 3102 5186 3363 5267; x_wconf 66' lang='lat' dir='ltr'>initiatus</span> <span class='ocrx_word' id='word_1_805' title='bbox 3394 5180 3565 5241; x_wconf 83' lang='lat' dir='ltr'>fuisse</span> 
     </span>
    </p>
   </div>
   <div class='ocr_carea' id='block_1_108' title="bbox 1954 5260 3569 5337">
    <p class='ocr_par' dir='ltr' id='par_1_108' title="bbox 1954 5260 3569 5337">
     <span class='ocr_line' id='line_1_108' title="bbox 1954 5260 3569 5337; baseline -0.006 -17"><span class='ocrx_word' id='word_1_806' title='bbox 1954 5266 2049 5320; x_wconf 90' lang='lat' dir='ltr'>hic</span> <span class='ocrx_word' id='word_1_807' title='bbox 2080 5267 2305 5331; x_wconf 88' lang='lat' dir='ltr'>dicitur,</span> <span class='ocrx_word' id='word_1_808' title='bbox 2338 5266 2595 5337; x_wconf 90' lang='lat' dir='ltr'>itemque</span> <span class='ocrx_word' id='word_1_809' title='bbox 2628 5264 2927 5337; x_wconf 84' lang='lat' dir='ltr'>Landuino</span> <span class='ocrx_word' id='word_1_810' title='bbox 2959 5265 3018 5337; x_wconf 80' lang='lat' dir='ltr'>et</span> <span class='ocrx_word' id='word_1_811' title='bbox 3046 5261 3210 5337; x_wconf 88' lang='lat' dir='ltr'>_aliis,</span> <span class='ocrx_word' id='word_1_812' title='bbox 3246 5260 3337 5313; x_wconf 91' lang='lat' dir='ltr'>hic</span> <span class='ocrx_word' id='word_1_813' title='bbox 3368 5273 3569 5337; x_wconf 42' lang='lat' dir='ltr'>recent</span> 
     </span>
    </p>
   </div>
   <div class='ocr_carea' id='block_1_109' title="bbox 1960 5330 3574 5406">
    <p class='ocr_par' dir='ltr' id='par_1_109' title="bbox 1960 5330 3574 5406">
     <span class='ocr_line' id='line_1_109' title="bbox 1960 5330 3574 5406; baseline -0.006 -15"><span class='ocrx_word' id='word_1_814' title='bbox 1960 5337 2104 5405; x_wconf 81' lang='lat' dir='ltr'>sitis,</span> <span class='ocrx_word' id='word_1_815' title='bbox 2136 5337 2337 5392; x_wconf 88' lang='lat' dir='ltr'>videsis</span> <span class='ocrx_word' id='word_1_816' title='bbox 2362 5330 2769 5391; x_wconf 78' lang='lat' dir='ltr'>commentarii</span> <span class='ocrx_word' id='word_1_817' title='bbox 2806 5332 3002 5406; x_wconf 62' lang='lat' dir='ltr'>praevii</span> <span class='ocrx_word' id='word_1_818' title='bbox 3041 5335 3069 5401; x_wconf 86' lang='lat'><strong>§</strong></span> <span class='ocrx_word' id='word_1_819' title='bbox 3100 5336 3169 5390; x_wconf 78' lang='grc'><strong>25</strong></span> <span class='ocrx_word' id='word_1_820' title='bbox 3201 5349 3235 5387; x_wconf 85' lang='lat' dir='ltr'>a</span> <span class='ocrx_word' id='word_1_821' title='bbox 3278 5344 3441 5384; x_wconf 88' lang='lat' dir='ltr'>num.</span> <span class='ocrx_word' id='word_1_822' title='bbox 3469 5330 3574 5383; x_wconf 71' lang='grc'>434</span> 
     </span>
    </p>
   </div>
   <div class='ocr_carea' id='block_1_110' title="bbox 1966 5406 2473 5480">
    <p class='ocr_par' dir='ltr' id='par_1_110' title="bbox 1966 5406 2473 5480">
     <span class='ocr_line' id='line_1_110' title="bbox 1966 5406 2473 5480; baseline -0.006 -17"><span class='ocrx_word' id='word_1_823' title='bbox 1966 5424 2151 5480; x_wconf 86' lang='lat' dir='ltr'>usque</span> <span class='ocrx_word' id='word_1_824' title='bbox 2177 5408 2249 5480; x_wconf 85' lang='lat' dir='ltr'>ad</span> <span class='ocrx_word' id='word_1_825' title='bbox 2276 5406 2473 5480; x_wconf 86' lang='lat' dir='ltr'>finem.</span> 
     </span>
    </p>
   </div>
   <div class='ocr_carea' id='block_1_111' title="bbox 2051 5478 2880 5554">
    <p class='ocr_par' dir='ltr' id='par_1_111' title="bbox 2051 5478 2880 5554">
     <span class='ocr_line' id='line_1_111' title="bbox 2051 5478 2880 5554; baseline -0.011 -14"><span class='ocrx_word' id='word_1_826' title='bbox 2051 5478 2207 5554; x_wconf 76' lang='grc'>(175)</span> <span class='ocrx_word' id='word_1_827' title='bbox 2234 5479 2318 5533; x_wconf 89' lang='lat' dir='ltr'>lta</span> <span class='ocrx_word' id='word_1_828' title='bbox 2344 5478 2463 5533; x_wconf 88' lang='lat' dir='ltr'>fere</span> <span class='ocrx_word' id='word_1_829' title='bbox 2492 5478 2651 5533; x_wconf 70' lang='lat' dir='ltr'>Luca:</span> <span class='ocrx_word' id='word_1_830' title='bbox 2677 5493 2794 5547; x_wconf 82' lang='lat' dir='ltr'>xm,</span> <span class='ocrx_word' id='word_1_831' title='bbox 2828 5478 2880 5531; x_wconf 87' lang='lat'>3.</span> 
     </span>
    </p>
   </div>
  </div>
