4014 6052
382 314 477 371 531

1239 312 1296 368 s.
1328 282 1672 370 censoriis
1714 308 2349 369 CARTHUSIANORUM
2385 308 2851 367 msrrruroms

3607 312 3712 367 532

381 440 457 496 ad
485 437 905 513 peenitentiam,
936 436 994 493 id
1025 437 1235 493 efﬁciat
1283 439 1339 494 in
1374 441 1558 508 nobis,
1609 443 1672 495 ut
1708 440 1994 495 mundum
2020 454 2075 514 Α
2099 440 2300 495 crebro
2329 438 2549 495 emensi
2578 454 2793 493 sumus.
2825 437 2945 491 Mox
2978 436 3154 492 etiam
3185 437 3347 510 Hugo
3395 438 3661 493 sacerdos
3693 456 3708 495 :

379 530 534 585 hunc
559 532 681 585 toto
709 533 941 602 pectore
971 532 1433 597 contemnamus,
1463 534 1520 585 et
1541 532 1731 603 quoad
1752 531 1872 601 ejus
1890 532 1990 585 fie-

382 618 429 673 ri
456 606 856 690 potest,extra
888 619 1047 673 illum
1078 619 1783 690 aufugiamus.Succurrat
1806 619 1989 685 nobis,

384 708 523 778 quid
553 708 622 761 de
650 724 707 761 se
740 707 877 761 olim
924 708 1128 761 dixerit
1180 707 1234 762 S.
1293 709 1490 774 David,
1536 710 1901 763 contristatus
1933 709 1989 761 in

383 796 789 850 exercitatione
818 813 937 862 sua,
972 799 1029 849 et
1079 798 1450 850 conturbatus
1499 814 1531 850 a
1569 814 1705 851 voce
1755 797 1992 863 inimici,

384 887 442 938 et
472 902 505 939 a
535 884 908 939 tribulatione
941 884 1292 956 peccatoris;
1318 886 1549 956 quando
1584 902 1682 940 cor
1706 887 1827 956 ejus
1848 886 2000 940 intra

381 973 572 1044 ipsum
600 972 1007 1027 conturbatum
1040 973 1167 1039 fuit,
1201 976 1257 1026 et
1288 973 1536 1028 formido
1572 975 1773 1029 mortis
1797 974 2000 1028 cecidit

384 1077 557 1133 super
587 1077 741 1127 eum,
778 1060 955 1115 timor
984 1078 1211 1132 quoque
1244 1064 1301 1114 et
1329 1065 1550 1115 tremor
1588 1066 1869 1116 venerunt
1906 1079 1996 1117 su-

386 1166 492 1220 per
522 1166 676 1217 eum,
713 1152 770 1203 et
800 1152 1177 1203 contexerant
1210 1168 1341 1204 eum
1395 1152 1670 1218 tenebras,
1706 1168 1832 1223 qum
1872 1168 1997 1205 om-

383 1237 500 1304 nia,
532 1241 596 1291 ut
625 1237 822 1303 nostis,
858 1255 960 1292 nos
987 1255 1214 1310 quoque
1246 1239 1463 1308 experti
1495 1256 1710 1293 sumus.

466 1329 550 1379 11.
589 1348 616 1376 ‹‹
647 1325 780 1390 Quis
811 1326 969 1380 dabit
1004 1326 1165 1391 mihi,
1210 1326 1416 1398 inquit,
1450 1345 1671 1398 pennas
1713 1329 1858 1383 sicut
1900 1346 1995 1383 co-

382 1414 618 1482 lumbae,
652 1419 710 1469 et
740 1415 964 1481 volabo,
1000 1419 1055 1469 et
1085 1415 1492 1485 requiescam?
1540 1417 1698 1479 Ecce,
1735 1417 1999 1487 elongavi

381 1502 629 1573 fugiens,
660 1508 716 1558 et
744 1503 930 1557 mansi
966 1503 1022 1557 in
1049 1503 1355 1558 solitudine
1382 1504 1553 1575 (176).
1582 1526 1608 1552 ››
1644 1506 1861 1573 Fugere
1896 1523 2000 1561 nos

383 1592 662 1646 admonet
694 1592 999 1646 hominum
1026 1593 1411 1663 frequentiam
1441 1597 1497 1645 et
1528 1595 1801 1663 peccandi
1836 1612 1998 1649 occa-

382 1679 591 1747 siones,
625 1684 682 1733 et
703 1680 915 1750 degere
942 1681 997 1733 in
1018 1681 1347 1743 solitudine,
1369 1698 1495 1751 qum
1514 1683 1669 1735 locus
1687 1687 1772 1736 est
1794 1701 2000 1754 oppor-

2101 529 2324 597 Audivi,
2353 528 2557 601 inquit,
2593 530 2649 581 et
2679 544 2784 597 ego
2818 527 3000 580 multa
3052 526 3123 580 de
3164 526 3282 581 viro
3334 528 3460 595 hoc,
3501 526 3713 599 quippe

2104 619 2262 689 cujus
2292 617 2587 688 famajam
2620 617 2830 686 ubique
2851 615 3106 682 redolet;
3130 615 3430 687 habeoque
3452 616 3711 687 explora-

2103 708 2412 771 tissimum,
2437 723 2569 759 eum
2605 705 2784 758 virum
2820 722 2939 758 esse
2973 708 3256 771 sanctum,
3287 709 3344 759 et
3384 705 3713 759 animarum

2102 796 2266 850 saluti
2298 810 2668 865 summopere
2719 793 3086 859 studentem;
3133 810 3237 847 nec
3282 793 3540 859 dubium,
3576 792 3715 864 quin

2099 884 2476 939 libentissime
2518 900 2622 937 nos
2652 885 2986 953 accepturus
3018 882 3108 947 sit,
3142 884 3199 935 et
3225 882 3412 936 modis
3445 882 3718 936 erunibus

2101 973 2265 1028 nobis
2298 988 2469 1044 opem
2501 972 2797 1025 allaturus.
2822 971 2886 1023 Et
2912 969 3043 1023 licet
3069 970 3309 1041 egojam
3329 969 3533 1024 affecta
3547 972 3717 1023 aetate

2102 1061 2406 1116 etinfirma
2429 1060 2534 1114 sim
2548 1059 2893 1123 valetudine,
2918 1058 3122 1130 viaque
3138 1059 3259 1113 haec
3282 1059 3461 1113 ardua
3482 1061 3539 1112 et
3565 1058 3715 1112 difﬁ-

2100 1151 2243 1217 cilis,
2275 1149 2506 1221 quando
2545 1152 2741 1201 tamen
2776 1151 2933 1201 arcta
2956 1147 3043 1200 via
3075 1150 3178 1214 est,
3208 1164 3335 1219 qua:
3363 1147 3516 1201 ducit
3540 1146 3610 1201 ad
3635 1146 3716 1200 vi-

2101 1242 2244 1305 tam,
2281 1255 2383 1291 nec
2428 1238 2544 1291 ulla
2574 1241 2711 1290 altas
2761 1253 2887 1289 sera
2942 1248 3026 1289 est
3070 1236 3141 1289 ad
3194 1235 3618 1307 pmnitentiam,
3668 1234 3712 1288 si

2101 1326 2409 1381 statueritis
2440 1342 2507 1380 eo
2541 1324 2842 1395 proficisci,
2869 1340 2973 1395 ego
2994 1340 3087 1377 me
3102 1324 3260 1378 vobis
3283 1324 3553 1378 comitem
3576 1340 3721 1395 prae-

2100 1415 2271 1481 bebo,
2298 1431 2402 1467 nec
2433 1413 2749 1484 quidquam
2782 1429 2887 1466 nos
2915 1412 3221 1482 separabit,
3252 1413 3358 1467 nisi
3385 1413 3505 1465 sola
3538 1428 3717 1478 mors,

2104 1502 2307 1557 Christi
2336 1502 2616 1557 charitate
2656 1502 2992 1573 perenniter
3028 1502 3322 1572 copulatos
3360 1504 3531 1572 atque
3579 1517 3717 1554 con-

2095 1592 2348 1661 junctos.
2406 1592 2684 1644 Eamdem
2737 1590 2918 1644 animi
2963 1590 3321 1644 alacritatem
3346 1593 3403 1644 et
3434 1589 3722 1662 prompti-

2106 1680 2367 1734 tudinem
2428 1679 2735 1733 exhibuere
2787 1679 2962 1732 etiam
3013 1678 3272 1732 Andreas
3309 1682 3367 1733 et
3418 1678 3719 1744 Guarinus,

380 1772 553 1822 tunus
581 1769 821 1839 agenda:
835 1769 1499 1838 pmnitentim,virtutnm
1526 1770 1764 1837 doctrix,
1800 1774 2001 1841 gloriae
2032 1774 2082 1832 B
2103 1769 2370 1823 homines
2396 1768 2523 1821 laici
2552 1771 2609 1821 et
2641 1767 2856 1831 idiotm,
2891 1766 3295 1838 petieruntque
3328 1767 3578 1821 breviter
3616 1767 3720 1821 do-

382 1856 703 1912 revelatrix.
726 1858 865 1911 Eam
907 1873 1045 1929 ergo
1086 1876 1189 1911 nos
1234 1875 1335 1928 par
1367 1863 1449 1912 est
1471 1860 1884 1914 studiosissime
1912 1862 1998 1915 in-

384 1946 635 2017 quirere,
670 1946 727 1999 in
759 1962 827 1999 ea
847 1947 1282 2016 diligentissime
1322 1948 1698 2015 commorari,
1732 1953 1788 2002 et
1820 1968 1999 2021 nsque

384 2034 457 2088 ad
488 2050 826 2105 supremum
877 2035 1005 2089 vitae
1063 2035 1216 2088 diem
1269 2038 1429 2089 extra
1477 2053 1605 2089 eam
1640 2038 1847 2107 pedem
1883 2056 1999 2092 non

379 2123 603 2177 efferre.
634 2123 922 2177 Habemus
952 2126 1214 2193 exempla
1241 2124 1297 2177 in
1328 2124 1446 2193 ipso
1478 2124 1792 2191 Salvatore,
1826 2144 1997 2196 quem

384 2214 610 2266 constat
637 2227 787 2281 swpe
814 2211 1041 2265 deserta
1070 2212 1369 2283 expetiissc
1402 2213 1545 2279 loca,
1594 2216 1654 2266 ut
1687 2231 1789 2266 nos
1819 2215 1891 2268 ad
1924 2214 1997 2269 si-

383 2300 545 2355 milia
573 2303 930 2372 provocaret.
966 2301 1216 2354 Joannes
1257 2301 1529 2370 Baptista,
1577 2319 1689 2372 quo
1727 2302 1877 2356 inter
1904 2320 2001 2356 na-

380 2392 470 2444 tos
501 2388 809 2443 mulierum
843 2405 1017 2443 nemo
1051 2389 1514 2459 surrexitmajor,
1541 2390 1598 2443 in
1633 2391 1871 2444 desertis
1895 2392 2001 2444 fuit

383 2495 562 2549 usque
584 2479 657 2533 ad
690 2478 845 2532 diem
874 2478 1216 2532 ostensionis
1248 2496 1382 2532 suae.
1420 2480 1679 2550 Longum
1712 2480 1801 2546 sit,
1831 2484 1997 2534 carie-

383 2582 479 2621 ros
504 2582 967 2621 commemorare
996 2567 1263 2621 homines
1292 2568 1698 2633 sanctissimos,
1734 2568 1831 2639 qui
1858 2586 1914 2622 se
1941 2569 1997 2622 in

382 2654 621 2709 intimas
678 2654 1013 2709 solitudines
1071 2655 1438 2721 abdiderunt,
1503 2656 1643 2710 nihil
1707 2674 1836 2709 cum
1886 2658 1995 2711 hoc

384 2743 606 2799 mundo
659 2743 1023 2798 fallacissimo
1080 2744 1411 2797 commercii
1456 2745 1672 2798 habere
1718 2746 1991 2799 volentes.

383 2832 541 2886 Inter
571 2833 691 2886 hare
747 2831 1187 2886 inﬂammantur
1227 2849 1427 2886 eorum
1462 2832 1662 2899 animi,
1696 2836 1753 2887 et
1788 2834 1998 2887 ardent

385 2920 653 2974 solitaria‘
684 2921 813 2975 vitae
836 2920 1117 2975 desiderio
1143 2937 1157 2986 ;
1186 2921 1286 2974 sed
1325 2938 1456 2975 cum
1492 2921 1777 2975 incertum
1827 2922 1999 2975 habe-

384 3013 537 3075 rent,
571 3026 744 3080 quem
781 3009 1139 3081 potissimum
1166 3010 1357 3063 locum
1389 3014 1742 3081 expeterent,
1771 3013 1997 3064 sanctus

2103 1857 2249 1922 ceri,
2275 1874 2388 1928 quo
2418 1861 2586 1928 pacto
2620 1855 2830 1927 dignos
2857 1855 3215 1925 poenitentiae
3246 1855 3463 1909 fructus
3494 1857 3609 1909 Deo
3641 1854 3722 1909 of-

2103 1946 2343 1999 ferrent.

2178 2037 2263 2089 13.
2300 2033 2463 2097 Quod
2494 2050 2623 2087 cum
2656 2050 2690 2087 a
2717 2032 2883 2087 beato
2917 2033 3184 2087 Brunone
3228 2033 3444 2088 factum
3486 2035 3634 2087 esset
3664 2034 3722 2087 et

2104 2123 2373 2194 quzcdam
2401 2122 2576 2176 etiam
2611 2122 2680 2175 de
2708 2122 2836 2175 vitze
2882 2122 3051 2192 hujus
3082 2122 3394 2193 fragilitate
3424 2125 3481 2177 et
3526 2122 3722 2176 incon-

2105 2211 2334 2275 stantia,
2367 2212 2436 2265 de
2469 2211 2670 2264 mundi
2704 2212 2953 2264 vanitate
2969 2213 3026 2263 et
3057 2210 3301 2277 fallacia,
3321 2211 3628 2265 deincerto
3648 2210 3719 2263 ab

2103 2300 2210 2354 hac
2251 2300 2365 2353 vita
2388 2300 2560 2366 exitu,
2599 2300 2667 2353 de
2701 2299 2949 2353 doctoris
2981 2300 3196 2353 recenti
3232 2299 3718 2353 damnationeille

2104 2387 2722 2454 commemorasset,ab
2746 2387 3011 2441 omnium
3035 2388 3209 2441 oculis
3230 2388 3424 2442 dulces
3444 2389 3722 2458 lacryma-

2104 2494 2235 2531 rum
2268 2478 2432 2531 rivuli
2467 2478 2861 2543 dimanarunt,
2896 2494 3143 2548 moxque
3170 2478 3225 2531 in
3272 2494 3477 2532 novam
3512 2476 3721 2532 Christi

2104 2566 2305 2620 mtcrni
2321 2566 2473 2637 regis
2492 2566 2757 2619 militiam
2772 2566 2937 2620 simul
2957 2583 3160 2621 omnes
3175 2566 3301 2636 conj
3314 2569 3723 2637 urant,rogant

2104 2653 2568 2724 omnipotentem
2599 2655 2804 2719 Deum,
2833 2657 2895 2707 ut
2924 2653 3075 2724 ipsos
3106 2654 3161 2707 in
3192 2657 3390 2708 sancto
3425 2655 3721 2725 proposito

2101 2743 2429 2809 conﬁrmet,
2460 2744 2801 2813 etangelum
2822 2760 2986 2796 suum
3010 2743 3227 2797 bonum
3249 2743 3319 2797 ad
3337 2743 3488 2814 ipsos
3505 2744 3720 2811 mittat,

2101 2831 2195 2902 qui
2222 2831 2293 2885 sit
2320 2831 2540 2886 itineris
2565 2831 2697 2897 dux,
2730 2835 2787 2884 et
2818 2832 2889 2885 ad
2924 2833 3111 2886 locum
3148 2849 3262 2885 sua}
3282 2832 3569 2901 majestati
3592 2850 3722 2904 gra-

2098 2925 2220 2975 tum
2261 2919 2413 2991 ipsos
2444 2920 2738 2992 perducat.
2776 2921 2993 2975 Deinde
3026 2937 3159 2974 cum
3193 2921 3263 2975 de
3292 2921 3722 2976 rebusetfacul-

2099 3010 2311 3063 tatibus
2343 3009 2457 3063 suis
2481 3008 2928 3075 constituissent,
2956 3012 3012 3062 et
3037 3009 3236 3063 omnia
3256 3027 3357 3063 sua
3370 3014 3524 3064 recte
3547 3026 3719 3081 expe-

388 3059 537 3075 ““’“⁷⁷
576 3059 744 3080 ἰ“⁷’“”
782 3059 1139 3081 l"""""""
1167 3059 1357 3063 ““””“⁷“
1394 3059 1742 3081 ”“ι”“”“’“““1
1773 3059 1778 3060 ⁷
1802 3059 1992 3064 ““““⁹”“”
2104 3059 2308 3063 “””“’””““*
2344 3059 2452 3063 ““““”⁷
2486 3059 2928 3075 """""“"""T
2962 3059 3008 3062 "
3042 3059 3234 3063 ““““““““”
3257 3059 3520 3064 ””“””’“’”“
3552 3059 3684 3081 "‘l"

388 3097 578 3153 Bruno
610 3098 862 3168 aliquem
891 3097 1072 3151 virum
1107 3098 1325 3151 bonum
1359 3102 1413 3152 et
1442 3099 1675 3153 fidelem
1706 3099 1999 3169 inquiren-
2021 3059 2069 3119 C
2102 3098 2391 3165 divissent,
2425 3098 2750 3152 valedicunt
2776 3097 2974 3151 amicis
3005 3101 3061 3151 et
3093 3100 3261 3152 notis.
3288 3099 3354 3152 Et
3380 3101 3579 3153 sancto
3613 3116 3717 3154 eos

390 3188 529 3242 dum
546 3187 813 3259 dioit,qui
846 3187 925 3241 eis
954 3189 1144 3242 locum
1177 3192 1568 3257 opportunum
1605 3188 1996 3242 indicet.’l‘um

389 3274 665 3347 Stephani
715 3278 849 3340 duo,
911 3275 1215 3345 Burgensis
1264 3279 1321 3328 et
1370 3276 1607 3341 Diensis,
1652 3293 1768 3330 non
1802 3278 1997 3346 longe,

391 3362 573 3430 aiunt,
609 3380 642 3417 a
663 3362 943 3428 Valentia,
977 3363 1066 3417 cui
1098 3366 1357 3417 nostrum
1402 3363 1592 3417 Sancti
1649 3364 1773 3417 Rufi
1806 3365 1998 3418 adhic.—

391 3453 483 3505 ret
509 3450 924 3505 monasterium
958 3450 1129 3521 (177),
1166 3451 1300 3504 urbs
1348 3454 1433 3505 est
1483 3452 1921 3524 GratianOpOIis,
1946 3456 2001 3507 et

393 3538 453 3594 in
476 3556 545 3594 ea
570 3540 771 3594 beatus
803 3539 965 3610 Hugo
994 3539 1310 3610 episcopus,
1346 3557 1519 3611 quem
1549 3559 1653 3595 nos
1681 3559 1830 3613 saepe
1861 3542 2000 3595 vidi-

392 3642 522 3683 mus
547 3632 605 3682 et
633 3628 780 3683 bene
811 3627 1108 3699 cogniturn
1139 3628 1419 3682 habemus
1444 3628 1610 3699 (178).

468 3719 554 3773 12.
583 3718 679 3771 Est
707 3716 801 3772 ille
831 3716 917 3771 vir
941 3716 1350 3784 sanctissimus,
1387 3717 1575 3787 justus
1618 3736 1683 3774 ac
1722 3722 1910 3773 rectus
1948 3722 2006 3773 et

392 3803 605 3861 timens
623 3807 824 3873 Deum,
852 3809 1022 3877 atque
1041 3805 1098 3859 in
1115 3805 1275 3861 omni
1296 3805 1567 3861 virtutum
1591 3824 1804 3879 genere
1822 3809 2003 3880 probe

395 3894 754 3950 exercitatus.
788 3896 849 3948 In
882 3895 1004 3965 ejus
1035 3893 1262 3950 dioecesi
1294 3898 1427 3949 sunt
1459 3900 1687 3950 montes
1719 3895 2001 3960 altissimi,

395 3982 456 4037 in
486 3983 559 4037 iis
587 3984 813 4037 deserta
848 3984 975 4037 loca
1022 3984 1331 4052 permulta,
1378 3983 1450 4035 ab
1501 3983 1659 4037 omni
1704 3983 2003 4037 hominum

397 4070 810 4124 consuetudine
823 4072 880 4122 et
891 4068 1246 4123 habitatione
1267 4072 1552 4140 separata,
1573 4073 1742 4141 atque
1756 4088 1823 4124 ea
1837 4088 2005 4125 causa

397 4157 754 4230 poenitentiae
774 4156 1013 4227 agenda:
1036 4157 1287 4210 maxime
1302 4160 1721 4227 opportuna.Et
1736 4176 1865 4212 cum
1880 4177 2006 4213 san-

398 4248 522 4300 ctus
546 4244 845 4315 episcopus
874 4242 1063 4297 verbis
1078 4246 1135 4298 et
1160 4244 1436 4314 exemplis
1467 4240 1669 4299 omnes
1702 4246 1904 4300 invitet
1933 4247 2006 4301 ad

2102 3187 2345 3241 ducente
2377 3187 2611 3257 Spiritu,
2642 3189 2813 3258 atque
2836 3187 3043 3258 angelo
3060 3187 3285 3241 Domini
3312 3188 3714 3253 antecedente,

2104 3275 2391 3345 dirigente
2428 3292 2493 3328 ac
2518 3278 2880 3346 protegente,
2916 3276 3090 3346 longo
3121 3278 3178 3328 et
3216 3277 3460 3330 molesto
3487 3291 3550 3330 ac
3572 3276 3718 3331 duro

2107 3363 2312 3417 itinere
2341 3364 2413 3417 ad
2446 3364 2841 3418 beatissimum
2875 3365 3194 3433 llugonem,
3229 3364 3559 3435 episcopum
3589 3366 3726 3418 Gra-

2107 3450 2618 3521 tianopolitanum,
2647 3469 2705 3505 se
2737 3452 3044 3506 conferunt
3070 3452 3237 3524 (179).
3274 3454 3336 3506 In
3366 3452 3486 3524 ipso
3520 3455 3718 3507 autem

2074 3538 2312 3612 __itinere
2339 3540 2413 3593 ad
2440 3540 2756 3610 quemdam
2803 3556 3033 3610 magna:
3089 3540 3384 3611 religionis
3417 3542 3723 3596 eremitam

2106 3628 2416 3693 divortunt,
2451 3632 2511 3681 ut
2542 3629 2613 3681 ab
2652 3645 2740 3693 eo,
2778 3631 3056 3699 tanquam
3090 3632 3346 3698 experto,
3383 3628 3607 3683 discant
3648 3629 3722 3683 de

2106 3714 2221 3768 vita
2249 3716 2501 3769 solitaria
2526 3718 2699 3787 (180).
2732 3716 2863 3786 Ejus
2897 3721 3092 3770 autem
3132 3717 3496 3771 sermonibus
3527 3721 3585 3772 et
3616 3716 3727 3788 piis

2107 3802 2609 3858 adhortationibus
2642 3805 2946 3859 alacriores
2976 3805 3527 3877 effecti,majorique
3560 3822 3723 3859 amo-

2106 3892 2253 3945 rein
2281 3909 2411 3945 eam
2439 3892 2615 3946 vitam
2666 3893 3037 3961 inflammati,
3078 3897 3329 3966 pergunt
3375 3893 3459 3948 ire
3502 3893 3723 3948 Gratia-

2108 3979 2392 4050 nopolim.

2182 4071 2265 4122 14.
2300 4070 2409 4122 Per
2438 4066 2597 4122 idem
2628 4071 2823 4123 autem
2853 4072 3084 4141 tempus
3123 4069 3262 4125 vidit
3289 4072 3516 4126 sanctus
3556 4072 3719 4143 Hugo

2107 4155 2483 4228 episcopusin
2523 4157 2760 4223 somnis,
2795 4159 2977 4212 Deum
3001 4158 3059 4212 in
3088 4175 3155 4213 ea
3178 4175 3397 4227 eremo,
3432 4176 3560 4232 quae
3586 4160 3721 4215 Car-

2106 4244 2296 4299 thusia
2322 4245 2637 4311 dicebatur,
2655 4262 2769 4299 suae
2789 4246 3075 4316 majestati
3095 4247 3336 4301 domum
3369 4248 3725 4303 exaedifican-

399 4332 820 4405 pmnitentiam,
876 4332 973 4385 ubi
1025 4332 1100 4386 ad
1152 4349 1285 4386 eum
1329 4333 1676 4401 venerimus,
1731 4335 2006 4390 adventus
2027 4334 2081 4394 D
2106 4336 2246 4399 tem,
2280 4337 2504 4405 septem
2535 4350 2764 4405 quoque
2798 4334 3195 4389 stellascolore
3218 4336 3411 4402 rutilo,
3436 4336 3495 4390 in
3516 4337 3718 4391 orbem

401 4423 599 4475 noster
631 4420 682 4474 ei
709 4421 817 4475 erit
848 4420 1223 4492 gratissimus,
1258 4421 1538 4493 facietque
1569 4440 1673 4477 nos
1698 4424 1813 4478 voti
1843 4440 2007 4478 com-

399 4508 585 4578 potes.
604 4507 862 4562 Estenim
877 4509 1289 4580 perhumanus,
1313 4509 1594 4581 benignus
1630 4513 1686 4564 et
1730 4512 2003 4569 clemens.

400 4594 692 4651 Habebitis
724 4600 919 4651 autem
951 4612 1054 4651 nos
1082 4597 1251 4669 hujus
1272 4597 1492 4652 itineris
1514 4599 1706 4667 duces,
1726 4600 1882 4673 quod
1902 4617 2006 4657 nos

471 4809 612 4876 (176)
643 4807 870 4866 Psalmo
896 4825 1007 4879 LIV,
1035 4811 1151 4867 5-8.

470 4882 620 4951 (1⁸77)
639 4882 701 4935 In
735 4883 1080 4955 assignando
1114 4882 1450 4938 monasterii
1500 4883 1668 4955 hujus
1717 4885 1827 4939 situ
1874 4903 2006 4941 cum

397 4949 659 5034 Ppteano
688 4955 750 5034 et.
771 4949 1222 5034 Blomenvenna,
1243 4972 1389 5034 quos
1416 4949 1640 5034 secutus
1671 4959 1776 5024 est,
1811 4956 2007 5012 Surius

394 5022 702 5097 hiccrratp
722 5024 829 5097 adi
861 5022 1284 5079 Commentarii
1304 5026 1497 5097 praevii
1529 5044 1690 5080 num.
1734 5022 1858 5082 4⁷36.

467 5093 614 5167 (178)
648 5094 803 5161 Vide,
838 5113 965 5167 quae
998 5097 1069 5150 de
1100 5093 1444 5150 sancto—hoc
1475 5097 2003 5167 Gratianopolitano

394 5164 661 5236 episcopo
691 5164 983 5237 Annotata
1011 5167 1071 5221 in
1103 5167 1488 5237 antiquiorem
1511 5168 1691 5221 sancti
1718 5164 1902 5224 Vitam
1930 5170 2004 5223 ad

392 5237 515 5290 not.
552 5240 580 5289 7
609 5236 1007 5306 suppeditent;

464 5307 606 5379 (179)
632 5308 717 5379 Axi
748 5306 1008 5379 Sanctus,
1044 5308 1177 5363 dato
1206 5308 1403 5373 etiam,
1443 5325 1576 5363 eum
1610 5308 1873 5379 prodigio
1906 5310 2002 5363 de-

389 5374 593 5447 functi,
624 5376 719 5446 qui
748 5394 806 5431 se
840 5374 1179 5432 damnatum
1219 5397 1248 5433 e
1280 5380 1493 5434 feretro
1533 5374 1871 5433 vociferatus
1904 5381 1994 5447 sit,

386 5443 450 5499 in
478 5443 1000 5529 er‘emum‘pulsum.
1024 5448 1239 5529 fuisse,
1270 5454 1427 5529 recta
1461 5467 1603 5516 sese,
1651 5451 1738 5529 uti
1759 5452 1851 5529 hic
1880 5443 1998 5507 bioQ

387 5517 641 5602 graphus
666 5517 920 5599 indicare
951 5518 1193 5587 videtur,
1239 5522 1313 5576 ad
1343 5521 1995 5602 Hugonem,lGrati_an.o-

381 5586 711 5672 politanum
755 5589 1111 5668 episcopum,
1162 5607 1296 5648 cum
1342 5586 1511 5647 sociis
1562 5586 1886 5666 contulerit,
1926 5593 1985 5651 in

2107 4421 2429 4493 dispositas,
2453 4426 2514 4476 et
2542 4439 2575 4475 a
2613 4426 2769 4477 terra
2798 4424 3097 4493 paululum
3130 4425 3476 4492 sublevatas,
3513 4425 3583 4479 ab
3607 4424 3720 4480 illis

2107 4510 2424 4565 ccelestibus
2451 4511 2581 4579 situ,
2616 4514 2798 4577 motu,
2834 4513 3026 4567 colore
3058 4516 3116 4567 et
3157 4513 3468 4584 splendore
3508 4513 3720 4568 discre-

2106 4603 2327 4672 pantes,
2367 4599 2590 4656 itineris
2628 4600 2903 4656 ducatum
2942 4601 3047 4655 sibi
3084 4605 3425 4673 prrestantes
3448 4601 3619 4675 (181).
3654 4603 3723 4656 Et

2109 4812 2541 4869 Commentario
2574 4812 2783 4886 praevio
2805 4829 2839 4868 a
2863 4829 3027 4867 num.
3055 4814 3160 4869 414
3192 4812 3507 4869 discussum
3538 4817 3642 4868 est.

2178 4886 2315 4953 (180)
2349 4887 2427 4957 De
2462 4884 3155 4957 hoc’eremitatagsancto
3194 4886 3446 4957 ejusque.
3461 4886 3627 4939 sociis
3658 4884 3717 4939 in

2107 4955 2197 5008 via
2225 4956 2503 5021 consulto,
2535 4971 2709 5026 quem
2741 4956 2891 5025 apud
2929 4955 3418 5010 Blomenvennam
3461 4972 3528 5009 ex
3574 4957 3721 5010 Hen-

2104 5027 2222 5079 rico
2251 5027 2480 5093 Kalbar,
2523 5042 2644 5080 non
2702 5026 2854 5096 apud
2883 5026 3225 5096 ,Puteanum
3278 5027 3473 5090 etiam,
3521 5026 3718 5080 Surius

2104 5098 2554 5151 commemorari
2586 5095 3047 5163 invenit,videsis
3069 5096 3486 5152 Commentarii
3515 5097 3717 5167 praevii

2105 5184 2266 5220 num.
2301 5169 2424 5221 414.

2173 5240 2440 5305 (181).Ι)θ
2472 5237 2686 5292 visione
2735 5238 2862 5305 hac,
2907 5238 2964 5292 S.
3014 5239 3261 5309 llugoni,
3298 5238 3717 5310 Gratianopoli-

2100 5310 2238 5381 tano
2268 5309 2556 5381 episcopo,
2594 5310 2807 5375 oblata,
2864 5310 3283 5380 adjunctisque,
3324 5310 3530 5381 quibus
3556 5309 3648 5364 hic
3679 5327 3714 5364 a

2101 5378 2266 5433 Surio
2300 5378 2563 5450 binisque
2593 5397 2727 5433 eum
2774 5378 3106 5451 prazgressis
3142 5378 3323 5435 sancti
3342 5378 3542 5435 'nostri
3594 5382 3716 5435 bio-

2095 5451 2350 5521 graphis,
2384 5452 2640 5505 Puteano
2668 5450 2932 5505 videlicet
2961 5455 3019 5505 et
3048 5453 3501 5520 Blomenvenna,
3542 5467 3711 5506 orna-

2094 5524 2205 5587 tur,
2229 5521 2433 5576 videsis
2473 5522 2893 5578 Commentarii
2918 5521 3113 5595 prvaaii
3141 5539 3304 5579 num.
3346 5526 3452 5581 423
3495 5525 3555 5579 et
3600 5523 3705 5580 ali-

2091 5595 2233 5666 quot
2260 5609 2420 5666 seqq.
