4014 6052
259 390 366 444 533

1832 387 2013 444 ACTA

3479 394 3582 449 534

257 527 392 566 cum
422 511 493 567 de
519 524 587 566 ea
627 511 844 567 visione
876 511 1181 583 cogitaret,
1233 514 1454 584 septem
1497 510 1624 575 viri,
1671 509 1945 568 beatusA
1973 527 2201 566 eremus
2231 510 2498 583 quaedam
2529 510 2589 566 in
2619 511 2904 568 altissimis
2922 512 3233 579 montibus,
3259 528 3430 584 quam
3447 512 3580 567 Car-

256 603 451 657 Bruno
484 618 615 655 cum
647 619 743 656 sex
785 601 970 668 sociis,
1011 602 1084 656 ad
1133 602 1286 656 fores
1333 602 1530 673 pelatii
1579 601 1867 656 assistunt.

257 691 391 761 Ejus
442 690 525 745 rei
573 690 843 746 meminit
883 690 968 745 vir
1003 690 1350 745 venerabilis
1396 690 1574 761 Guigo
1619 691 1675 745 in
1723 690 1868 757 Vita,

256 797 437 852 quam
475 780 721 851 scripsit,
753 780 1013 851 ejusdem
1056 780 1209 833 beati
1254 780 1377 833 viri.
1419 780 1612 847 Adest,
1660 779 1868 851 inquit,

256 870 537 942 magister
562 870 776 935 Bruno,
807 870 891 921 vir
912 867 1193 939 religione
1224 868 1575 940 scientiaque
1593 868 1865 932 famosus,

252 959 573 1013 honestatis
604 960 661 1011 et
700 956 994 1028 gravitatis
1041 973 1105 1010 ac
1153 957 1287 1010 totis
1330 956 1677 1010 maturitatis
1709 956 1869 1028 quasi

254 1046 552 1117 quoddam
575 1045 969 1099 simulacrum.
988 1045 1247 1099 Habebat
1277 1047 1472 1098 autem
1494 1044 1676 1100 socios
1697 1061 1869 1116 supra

253 1137 613 1189 memoratos
649 1151 661 1187 :
697 1133 1387 1205 quaerebantverolocum
1405 1133 1715 1187 eremiticse
1738 1132 1867 1186 vitae

252 1222 978 1293 congruum,necdumque
996 1221 1492 1292 repererant.Haec
1503 1219 1681 1292 Guigo
1695 1221 1742 1291 (t
1756 1222 1863 1284 82).

253 1310 399 1365 Cum
433 1327 573 1381 ergo
606 1309 937 1364 nuntiatum
981 1312 1130 1363 esset
1162 1310 1429 1381 episcopo
1464 1307 1615 1363 viros
1644 1310 1865 1379 septem

254 1401 406 1452 stare
439 1416 558 1470 prae
590 1398 827 1463 foribus,
862 1398 959 1469 qui
991 1398 1224 1469 cupiant
1262 1414 1390 1451 cum
1425 1396 1546 1468 ipso
1592 1395 1863 1466 colloqui,

254 1485 561 1540 confestim
596 1502 694 1541 eos
713 1485 884 1556 jubet
911 1485 1223 1540 introduci.
1248 1484 1522 1555 Ingressis
1553 1483 1683 1551 illis,
1718 1486 1774 1537 et
1792 1483 1865 1538 ad

252 1573 430 1644 pedes
457 1574 578 1644 ejus
619 1573 914 1627 humiliter
954 1573 1255 1644 prostratis
1299 1574 1555 1643 optatam
1607 1571 1866 1644 impertit

251 1645 743 1728 benedictionem,
770 1678 1018 1733 cumque
1055 1662 1126 1716 ab
1154 1679 1221 1716 eo
1246 1661 1449 1715 elevati
1481 1659 1697 1731 pariter
1726 1676 1862 1715 con-

251 1750 555 1818 sedissent,
600 1767 830 1805 causam
864 1750 1139 1804 adventus
1190 1767 1391 1804 eorum
1438 1748 1747 1820 diligenter
1775 1748 1863 1802 in-

1972 600 2219 654 thusiam
2253 604 2475 655 vocant.
2506 602 2713 671 Ampla
2739 601 2835 655 illa
2864 600 3237 672 quidem,sed
3255 601 3583 670 prorsusin-

1971 689 2142 756 culta,
2166 692 2337 760 atque
2370 707 2402 743 a
2438 689 2671 744 nemine
2703 689 2979 753 habitata,
3025 689 3157 743 solis
3199 688 3335 743 feris
3368 689 3580 758 pervia,

1968 777 2302 831 hominibus
2331 795 2464 833 vero
2492 781 2549 832 et
2581 779 2799 832 caeteris
2826 778 3152 832 domesticis
3192 766 3585 831 animantibus

1970 869 2207 935 propter
2227 866 2333 921 loci
2350 866 2720 937 asperitatem
2735 882 2883 937 pene
2898 866 3188 937 incognita
3209 865 3579 921 etinaccessa.

1968 956 2125 1009 Altas
2156 960 2212 1009 et
2245 960 2520 1027 tanquam
2552 956 2762 1010 excisas
2782 955 2917 1010 hinc
2946 955 3081 1009 inde
3108 972 3277 1027 rupes
3299 957 3357 1009 et
3381 968 3582 1023 scopu-

1969 1044 2073 1110 los,
2130 1045 2478 1116 arboresque
2538 1045 2820 1099 silvestres
2873 1047 2932 1097 et
2978 1043 3351 1114 infrugiferas
3385 1043 3580 1107 habet,

1968 1136 2166 1203 estque
2194 1150 2365 1204 supra
2390 1132 2628 1186 modum
2660 1131 2893 1203 frigida,
2917 1135 2975 1185 et
3003 1148 3219 1202 magna
3255 1131 3393 1185 anni
3419 1132 3583 1202 parte

1968 1220 2191 1276 nivibus
2221 1224 2443 1291 operta.
2476 1221 2619 1275 Tum
2673 1237 2903 1292 quoque
2946 1220 3089 1275 adeo
3122 1224 3433 1291 praerupta,
3467 1223 3579 1273 ste-

1968 1309 2083 1363 rilis
2110 1311 2166 1362 et
2198 1309 2554 1363 infructuosa
2595 1312 2698 1375 est,
2738 1312 2800 1362 ut
2851 1308 2993 1363 nihil
3030 1310 3087 1363 in
3133 1326 3200 1363 ea
3253 1325 3439 1380 neque
3469 1308 3581 1362 seri

1968 1414 2156 1468 neque
2183 1398 2321 1451 meti
2354 1398 2549 1469 possit.
2584 1398 2670 1451 Ad
2703 1413 2831 1451 eam
2868 1413 3001 1452 vero
3033 1397 3212 1451 etiam
3241 1413 3496 1451 accessus
3524 1399 3582 1450 et

1965 1485 2153 1540 aditus
2182 1485 2428 1539 difficilis
2444 1488 2501 1538 et
2528 1486 2879 1557 periculosus
2900 1488 2985 1540 est
3005 1488 3243 1555 propter
3272 1485 3411 1539 duas
3431 1500 3579 1556 prae-

1963 1575 2139 1628 celsas
2169 1591 2359 1645 rupes,
2405 1590 2552 1644 quae,
2606 1591 2737 1628 cum
2794 1574 3007 1628 directe
3045 1573 3103 1627 in
3155 1573 3401 1627 sublime
3456 1589 3578 1627 sese

1963 1663 2283 1734 subrigant,
2312 1664 2369 1717 in
2402 1664 2523 1733 ipso
2556 1664 2765 1717 vertice
2798 1663 3229 1734 propemodum
3259 1663 3576 1717 coalescere

1964 1751 2250 1817 videntur,
2300 1752 2379 1805 ita
2422 1754 2483 1805 ut
2522 1752 2948 1806 introeuntibus
2992 1754 3051 1805 et
3100 1750 3326 1805 horrori
3367 1750 3481 1805 sint
3521 1753 3578 1803 et

250 1839 447 1911 quirit.
488 1838 731 1894 Sanctus
772 1840 985 1905 Bruno,
1024 1838 1161 1910 quid
1217 1838 1445 1892 Parisiis
1490 1837 1760 1891 vidissent
1808 1826 1935 1890 etB
1964 1840 2191 1894 terrori.
2226 1842 2286 1893 ln
2320 1841 2440 1909 ejus
2468 1840 2660 1893 medio
2692 1839 2955 1894 ﬂuviolus
2981 1842 3086 1904 est,
3120 1838 3239 1909 qui,
3269 1855 3335 1891 ex
3357 1838 3572 1892 monti—

248 1928 562 1994 audissent,
591 1931 649 1982 et
687 1927 1184 1999 quemadmodum
1219 1926 1322 1997 ipsi
1368 1926 1520 1980 inter
1549 1943 1609 1981 se
1650 1925 1720 1979 de
1751 1925 1864 1979 vita

246 2016 508 2071 solitaria
542 2016 983 2086 complectenda
1029 2017 1223 2068 sancte
1273 2014 1716 2085 conspirassent,
1771 2030 1863 2067 ex-

246 2105 435 2177 ponit,
464 2108 523 2159 et
560 2106 750 2158 locum
786 2103 1141 2175 paenitentiae
1179 2106 1380 2175 aptum
1437 2102 1583 2173 petit
1626 2102 1698 2156 ab
1743 2102 1861 2172 epi-

245 2209 441 2265 scopo.
622 2199 631 2207 ‘

321 2285 406 2336 15.
442 2284 515 2336 At
546 2282 638 2336 ille
652 2297 771 2352 prm
800 2281 880 2335 rei
905 2281 1154 2336 novitate
1184 2280 1436 2351 primum
1477 2279 1860 2350 obstupescit;

246 2372 347 2426 sed
361 2376 559 2426 tamen
579 2374 841 2425 accurate
872 2370 1274 2441 contemplans
1299 2386 1501 2423 eorum
1537 2368 1861 2422 conversio-

249 2477 407 2525 nem,
428 2459 610 2513 animi
634 2458 1039 2525 constantiam,
1074 2458 1236 2512 ardui
1266 2456 1564 2528 propositi,
1601 2456 1862 2526 pluribus

246 2548 595 2620 quandoque
620 2546 930 2617 profuturi,
964 2549 1020 2600 et
1046 2545 1247 2599 visioni
1272 2561 1386 2598 suae
1415 2542 1858 2610 accommodati,

244 2654 525 2709 magnam
554 2637 881 2701 utilitatem,
904 2652 1035 2689 cum
1056 2634 1275 2706 ingenti
1298 2633 1508 2705 gaudio
1529 2650 1625 2687 eos
1648 2633 1862 2704 ample-

241 2730 430 2793 xatur,
464 2729 522 2780 et
552 2742 669 2781 non
701 2724 876 2779 modo
904 2724 1169 2791 libenter,
1204 2723 1303 2777 sed
1329 2722 1504 2777 etiam
1532 2723 1863 2775 reverenter

243 2814 453 2886 excipit
480 2815 626 2881 illos,
687 2816 745 2867 et
802 2815 1012 2867 tractat
1067 2814 1440 2883 peramanter
1481 2828 1544 2864 ac
1585 2809 1856 2881 benigne.

242 2904 445 2959 Divino
468 2919 698 2975 quoque
724 2901 940 2974 Spiritu
971 2918 1103 2956 eum
1134 2901 1397 2966 docente,
1427 2898 1697 2969 intelligit
1733 2897 1859 2967 jam

241 2992 545 3057 visionem,
575 2991 768 3063 eisque
815 2993 996 3044 totam
1038 2990 1481 3051 commemorat,
1531 2988 1857 3056 locumque,

242 3098 418 3152 quem
436 3082 792 3151 expeterent,
827 3078 935 3133 sibi
953 3079 1080 3149 jam
1108 3077 1376 3132 divinitus
1396 3076 1857 3129 demonstratum
1892 3108 1938 3166 Ο

240 3169 399 3224 dicit.
432 3169 666 3240 Septem
709 3168 866 3222 enim
896 3167 1065 3234 viros,
1107 3170 1339 3220 terrena
1366 3168 1723 3235 respuentes,
1758 3163 1857 3216 de-

238 3261 394 3311 serta
422 3259 547 3312 loca
577 3255 955 3328 inquirentes,
989 3258 1047 3309 et
1076 3270 1179 3325 pro
1211 3254 1523 3308 caelestium
1550 3251 1853 3318 desiderio,

239 3344 428 3400 studio
462 3362 525 3399 ac
553 3361 781 3414 amore,
813 3344 994 3398 instar
1032 3342 1328 3397 stellarum
1374 3341 1675 3405 micantes,
1715 3339 1855 3393 nihil

237 3434 577 3505 ambigebat
607 3433 737 3497 illis,
756 3450 896 3504 quas
926 3429 1359 3495 viderat,stellis
1379 3446 1498 3483 esse
1528 3428 1856 3496 designatos

237 3524 407 3594 (t835.
438 3525 633 3593 Itaque
655 3522 849 3576 volens
872 3536 970 3575 eos
994 3519 1211 3573 hortari
1243 3518 1314 3572 ad
1346 3516 1851 3589 perseverantiam,

237 3628 368 3684 quae
399 3611 521 3665 sola
547 3610 769 3664 obtinet
802 3612 1034 3663 internae
1067 3606 1262 3661 salutis
1289 3604 1669 3677 amplissimas
1691 3620 1854 3657 coro-

237 3716 364 3766 nas,
391 3716 457 3752 ex
490 3698 747 3770 apostolo
781 3698 955 3751 Paulo
996 3698 1186 3751 locum
1238 3695 1399 3749 illum
1460 3692 1718 3764 protulit,
1760 3691 1852 3746 ubi

233 3788 317 3842 sic
347 3787 424 3841 ait
457 3804 468 3840 :
504 3810 529 3834 ‹‹
566 3785 779 3851 Sancti,
809 3785 1013 3856 quibus
1034 3784 1242 3855 dignus
1275 3800 1390 3836 non
1423 3784 1547 3835 erat
1579 3780 1849 3845 mundus,

236 3879 497 3946 egentes,
534 3874 864 3945 angustiati,
899 3872 1093 3926 afflicti
1124 3871 1469 3925 circuierunt
1509 3868 1565 3922 in
1603 3867 1848 3932 melotis,

234 3964 296 4018 in
326 3963 568 4035 pellibus
614 3963 882 4032 caprinis,
931 3961 989 4014 in
1038 3959 1442 4014 solitudinibus
1477 3959 1758 4022 errantes,
1792 3955 1850 4007 in

239 4053 605 4107 montibuset
628 4051 932 4121 speluncis,
959 4052 1016 4103 et
1040 4049 1098 4103 in
1130 4046 1386 4102 cavernis
1420 4052 1584 4100 terra:
1613 4045 1781 4114 (lS-i).
1822 4065 1848 4089 n

240 4142 457 4196 Horum
489 4140 771 4209 exempla,
800 4137 1009 4209 inquit,
1041 4136 1221 4208 sequi,
1255 4140 1312 4189 et
1349 4136 1406 4189 in
1441 4150 1643 4189 eorum
1684 4131 1848 4186 vesti-

238 4229 349 4301 giis
375 4229 656 4295 insistere,
702 4227 988 4281 laudabile
1034 4229 1092 4280 et
1122 4226 1286 4280 valde
1315 4225 1561 4278 salutare
1604 4226 1707 4288 est,
1750 4221 1851 4274 sed

232 4317 465 4372 difﬁcile
497 4320 672 4384 certe,
708 4316 764 4370 in
796 4315 885 4370 his
911 4314 1232 4387 prmsertim
1256 4312 1585 4384 regionibus
1604 4311 1845 4383 frigidis,

230 4423 359 4479 quze
391 4423 510 4460 non
537 4407 671 4459 sunt
702 4404 781 4458 uti
819 4404 1092 4475 Egyptus
1122 4405 1181 4456 et
1218 4400 1520 4456 Palaestina
1567 4400 1735 4472 (185).

308 4497 393 4551 16.
417 4495 586 4550 Vobis
636 4497 831 4548 autem
872 4494 1029 4547 locus
1076 4490 1346 4546 divinitus
1390 4490 1708 4560 assignatus
1760 4490 1845 4543 est

298 4693 457 4763 (182)
482 4690 768 4746 Nimirum
795 4706 934 4746 num
974 4693 1029 4744 11
1068 4688 1126 4743 in
1157 4688 1330 4743 citata
1360 4687 1453 4741 hic
1500 4703 1632 4742 mox
1673 4703 1707 4740 a
1747 4685 1847 4741 Su-

224 4783 317 4838 rio
369 4781 428 4836 S.
476 4780 753 4852 Hugonis,
795 4778 1311 4851 GratianOpolitani
1368 4775 1639 4849 episcopi,
1697 4775 1842 4842 Vita,

226 4875 394 4926 torno
428 4872 447 4923 Ι
478 4869 687 4940 Aprilis
719 4868 868 4940 apud
903 4884 1008 4923 nos
1039 4866 1212 4934 edita,
1247 4883 1444 4938 quam,
1467 4866 1709 4935 jubente
1752 4866 1844 4917 ln-

235 4958 509 5015 nocentio
542 4959 586 5011 Il
617 4974 788 5030 papa,
830 4954 1184 5027 conscripsit.
1233 4954 1341 5009 Adi
1392 4953 1587 5021 etiam,
1632 4969 1758 5024 quae
1787 4952 1846 5006 in

234 5046 627 5119 antiquiorem
662 5045 719 5099 S.
754 5045 1037 5099 Brunonis
1065 5044 1253 5099 Vitam
1295 5043 1365 5097 ad
1407 5046 1528 5097 not.
1566 5046 1597 5097 9
1632 5039 1845 5096 notavi.

305 5139 459 5206 (183)
500 5136 613 5190 Etsi
653 5136 927 5207 pleraque
968 5134 1251 5189 Brunonis
1299 5133 1532 5204 ejusque
1564 5131 1849 5186 sociorum

234 5242 367 5281 cum
401 5224 460 5280 S.
494 5225 756 5296 Hugone,
799 5222 1331 5293 Gratianopolitano
1374 5220 1661 5291 cpisc0po,
1711 5237 1848 5274 con-

235 5330 466 5385 gressus
496 5313 789 5383 adjuncta,
824 5327 951 5383 quae
985 5311 1077 5365 hic
1111 5309 1306 5364 SuriUs
1346 5325 1376 5363 e
1422 5309 1852 5362 Blomenvenna

239 5406 297 5457 et
325 5403 582 5456 Puteano
614 5400 812 5467 refert,
840 5414 976 5453 vero
1000 5398 1338 5469 neutiquam
1365 5397 1684 5467 appareant
1710 5394 1852 5449 absi-

243 5489 428 5557 milia,
462 5490 620 5543 nullo
650 5491 848 5542 tamen
880 5485 1238 5558 antiquitatis
1268 5484 1601 5539 testimonio
1634 5486 1854 5555 queunt

245 5576 487 5633 ﬁrmari.
519 5577 704 5649 Atque
734 5577 843 5631 hoc
885 5574 1121 5648 quidem
1153 5572 1501 5629 nominatim
1531 5574 1721 5627 locum
1759 5572 1856 5626 ob-

1965 1929 2071 1983 bus
2096 1928 2206 1983 illis
2236 1929 2526 1995 collectus,
2586 1944 2716 1981 cum
2761 1927 2985 1998 ingenti
3039 1943 3339 1981 murmure
3394 1925 3575 1980 instar

1964 2017 2311 2071 torrentium
2344 2020 2440 2071 aut
2472 2033 2754 2088 aquarum
2796 2016 3201 2070 inundantium
3228 2015 3497 2070 decurrit.

2039 2110 2122 2161 17.
2167 2107 2234 2159 Et
2279 2109 2340 2159 ut
2376 2106 2558 2160 multa
2607 2105 2800 2177 paucis
2849 2104 3363 2174 comprehendam,
3410 2105 3574 2155 tanta

1966 2196 2050 2247 est
2075 2194 2195 2265 ejus
2231 2194 2410 2249 eremi
2443 2194 2718 2265 asperitas
2741 2195 2797 2247 et
2824 2193 3031 2247 horror
3055 2194 3265 2257 tantus,
3297 2193 3361 2244 ut
3387 2205 3574 2243 carce-

1964 2281 2041 2336 ris
2071 2284 2366 2353 cujusdam
2418 2283 2625 2353 potius,
2682 2298 2857 2353 quam
2897 2281 3165 2334 humanae
3200 2276 3572 2332 habitationis

1965 2387 2182 2426 nomen
2208 2375 2502 2425 mereatur
2528 2389 2540 2439 ;
2572 2387 2675 2424 nec
2703 2369 2867 2424 facile
2894 2386 3031 2422 sane
3054 2368 3297 2435 videtur,
3326 2368 3389 2420 ut
3418 2366 3569 2437 quis-

1963 2477 2136 2531 quam
2166 2460 2276 2514 illie
2304 2460 2517 2531 absque
2540 2458 2815 2529 singulari
2837 2458 2934 2511 Dei
2956 2456 3327 2528 prtepotentis
3351 2452 3568 2509 beneﬁ-

1963 2550 2049 2603 cio
2079 2549 2361 2615 habitare,
2393 2552 2491 2601 aut
2516 2550 2669 2601 certe
2703 2547 2797 2601 diu
2838 2546 3149 2617 perdurare
3195 2547 3368 2615 queat
3395 2542 3567 2610 (186).

1961 2636 2145 2692 Nostis
2175 2640 2369 2691 autem
2405 2654 2502 2690 vos
2528 2635 2656 2708 ipsi,
2690 2635 2897 2689 fratres
2927 2633 3064 2700 mei,
3099 2649 3273 2705 quam
3313 2634 3481 2701 turpe
3511 2633 3570 2683 et

1960 2726 2306 2799 probrosum
2327 2725 2417 2789 sit,
2438 2727 2566 2796 post
2586 2724 2817 2778 missam
2852 2738 3090 2777 manum
3118 2721 3189 2775 ad
3211 2722 3468 2774 aratrum
3482 2734 3570 2771 re-

1959 2816 2050 2869 tro
2083 2815 2355 2886 aspicere.
2390 2814 2574 2867 Nostis
2619 2830 2855 2867 uxorem
2892 2812 3014 2878 Lot,
3057 2809 3153 2864 ubi
3190 2806 3455 2880 respexit,
3488 2806 3566 2859 ibi

1959 2903 2296 2969 constitisse,
2326 2906 2383 2957 et
2426 2903 2482 2957 in
2510 2903 2639 2957 salis
2670 2906 2919 2956 statuam
2960 2914 3293 2954 conversam
3329 2912 3469 2962 esse,
3502 2898 3567 2948 ut

1959 3008 2060 3046 suo
2090 2992 2401 3063 prudentes
2430 2991 2691 3045 condiret
2721 2990 3004 3061 exemplo.
3046 2988 3175 3041 Haec
3205 2987 3262 3039 et
3292 2985 3564 3056 pleraque

1960 3079 2070 3133 alia
2096 3097 2225 3134 cum
2259 3080 2488 3134 dixisset
2509 3079 2602 3132 ille
2623 3078 2982 3133 beatissimus
3001 3075 3257 3141 antistes,
3288 3072 3344 3126 S.
3372 3072 3560 3125 Bruno

1959 3169 2298 3240 respondit:
2336 3169 2552 3221 Revera
2592 3165 2862 3220 terribilis
2909 3167 2993 3217 est
3046 3149 3203 3217 locus
3244 3160 3367 3226 iste,
3410 3173 3565 3211 reve-

1957 3257 2294 3311 rendissime
2335 3259 2518 3329 pater,
2562 3258 2620 3309 et
2656 3256 2847 3327 posset
2884 3268 2983 3307 sua
3041 3251 3149 3305 ista
3194 3246 3560 3303 immanitate

1957 3345 2277 3401 absterrere
2324 3361 2448 3411 nos,
2488 3345 2532 3399 si
2571 3361 2675 3398 nos
2703 3344 2813 3397 huc
2844 3340 2954 3396 alio
3003 3340 3200 3395 animo
3241 3334 3562 3391 accessisse-

1954 3451 2103 3501 mus,
2137 3451 2313 3506 quam
2348 3438 2407 3487 ut
2436 3433 2564 3487 talis
2594 3430 2760 3486 nobis
2789 3430 2956 3485 detur
2985 3429 3160 3494 locus,
3192 3424 3390 3481 omnia
3406 3421 3563 3479 Chri-

1954 3522 2023 3574 sti
2071 3539 2269 3577 amore
2306 3523 2563 3593 perferre
2613 3520 2990 3592 cupientibus.
3039 3519 3107 3572 Et
3144 3517 3279 3570 licet
3328 3512 3561 3585 fragiles

1955 3628 2060 3665 nos
2091 3612 2269 3666 simus
2305 3616 2362 3666 et
2395 3610 2611 3665 inﬁrmi
2647 3626 2805 3675 sane,
2853 3611 3110 3662 attamen
3157 3604 3349 3659 divina
3423 3600 3552 3656 freti

1953 3699 2368 3767 misericordia,
2402 3716 2515 3770 qua
2546 3716 2651 3753 nos
2681 3698 2922 3751 nitimur
2944 3698 3002 3749 et
3035 3712 3150 3749 non
3178 3692 3390 3747 viribus
3425 3706 3555 3744 nos-

1955 3789 2074 3855 tris,
2107 3790 2276 3859 planc
2310 3787 2475 3841 nobis
2500 3785 2928 3859 persuademus,
2961 3783 3055 3854 qui
3100 3781 3265 3835 nobis
3293 3776 3558 3852 prmstitit

1951 3878 2060 3930 huc
2104 3875 2373 3929 veniendi
2416 3874 2676 3928 animum
2722 3876 2780 3927 et
2823 3873 3154 3943 promptam
3200 3867 3549 3922 voluntatem

1953 3982 2085 4019 eum
2119 3980 2347 4036 quoque
2374 3960 2774 4035 perseverandi
2800 3960 3069 4014 daturum
3092 3958 3443 4011 facultatem.

2026 4058 2111 4107 l8.
2143 4054 2327 4116 Quam
2349 4053 2421 4106 ob
2452 4068 2575 4105 rem
2608 4048 2902 4103 humiliter
2924 4050 2981 4101 et
3002 4046 3207 4102 obnixe
3227 4060 3551 4118 precamur,

1952 4160 2024 4197 ne
2052 4145 2311 4197 nostrum
2342 4140 2570 4195 differas
2599 4137 2967 4203 desiderium,
3000 4152 3185 4207 neque
3228 4150 3333 4189 nos
3362 4134 3423 4187 in
3447 4133 3553 4187 hac

1948 4230 2227 4303 petitione
2261 4233 2455 4285 nostra
2486 4226 2717 4301 patiaris
2763 4226 2914 4280 ferre
2958 4225 3266 4295 repulsam.
3301 4221 3555 4276 Cernens

1948 4336 2084 4375 vero
2117 4319 2317 4373 beatus
2348 4316 2581 4371 antistes
2612 4332 2812 4369 eorum
2831 4312 3237 4378 constantiam,
3258 4312 3315 4365 et
3341 4310 3549 4365 immo-

1870 4387 1922 4445 D
1946 4411 2069 4463 tum
2091 4405 2490 4479 perseverandi
2515 4403 2893 4476 propositum,
2924 4401 3004 4455 ita
3039 4400 3116 4455 ait
3141 4400 3212 4454 ad
3235 4416 3366 4454 eos:
3392 4396 3556 4470 Equi-

1946 4498 2080 4553 dem
2096 4499 2358 4551 sanctum
2378 4495 2485 4549 hoc
2521 4492 2865 4547 desiderium
2891 4493 3162 4557 vestrum,
3180 4488 3551 4556 dilectissimi,

1946 4765 2220 4821 damnato
2253 4778 2605 4819 sermonem.
2629 4760 2735 4816 Adi
2755 4758 3251 4817 Commentarium
3275 4757 3552 4829 przevium

1946 4872 2083 4909 num
2096 4896 2108 4909 .
2140 4856 2265 4909 430.

2018 4944 2164 5013 (184)
2188 4944 2273 4997 Ad
2306 4942 2577 4997 ilebraaos
2600 4959 2676 5010 xr,
2709 4944 2795 4996 38.

2022 5034 2163 5100 (183i)
2198 5034 2260 5086 In
2293 5032 2552 5103 pluribus
2582 5030 2719 5086 olim
2746 5027 3043 5100 Egyptiet
3074 5025 3552 5095 Palasstinaa,qua3

1950 5124 2218 5194 regiones
2245 5120 2537 5187 calidiore,
2577 5136 2772 5191 quam,
2812 5134 2938 5189 quin
2982 5112 3371 5184 Gratianopoli
3403 5112 3557 5183 adja-

1951 5215 2101 5275 cent,
2138 5210 2284 5264 aeris
2317 5209 2599 5280 temperie
2631 5207 2904 5279 gaudent,
2929 5202 3327 5259 solitudinibus
3352 5202 3555 5271 ingens

1951 5300 2434 5356 anachoretarum
2463 5297 2773 5351 multitudo
2804 5294 2912 5348 fuit
2941 5294 3182 5359 versata,
3223 5291 3305 5345 uti
3335 5290 3393 5344 in
3421 5289 3559 5344 Vitis

1954 5391 2188 5444 Patrum
2219 5388 2374 5459 apud
2404 5385 2779 5457 Rosweydum
2807 5382 2997 5437 videre
3028 5382 3179 5436 licet.

2027 5480 2175 5550 (186)
2217 5477 2501 5532 Prolixam
2542 5473 2722 5529 eremi
2768 5471 3077 5527 Carthasim
3116 5470 3562 5541 descriptionem

1955 5586 2023 5624 ex
2053 5566 2388 5623 Innocentio
2416 5565 2674 5620 Massono
2698 5562 2898 5618 lectori
2927 5560 3155 5617 exhibui
3178 5559 3235 5614 in
3259 5560 3565 5616 Commen-

251 5666 402 5724 tinet
436 5670 721 5740 quantum
760 5665 834 5725 ad
858 5665 1075 5722 factum
1126 5676 1160 5720 a
1199 5663 1469 5718 Brunone
1512 5662 1583 5718 de
1637 5661 1873 5718 doctore
1956 5657 2101 5716 tario
2121 5654 2336 5729 praevio
2365 5670 2526 5710 num.
2558 5654 2661 5709 4t?
2690 5654 2747 5707 et
2769 5650 2918 5709 binis
2947 5666 3108 5725 seqq.
