4014 6030
467 357 569 416 335

1325 356 1381 413 S.
1415 355 1760 411 BRUNONIS
1786 344 2423 411 CARTHUSIANORUM
2462 351 2934 409 INSTITUTORIS

3685 354 3805 410 536

468 490 527 542 et
558 486 743 558 probo
774 484 960 550 valde,
996 487 1052 539 et
1080 498 1451 553 summopere
1471 483 1764 552 complere
1791 482 2090 554 appeto,et
2122 483 2177 542 Α
2202 479 2281 547 di,
2314 477 2471 551 quod
2514 480 2735 534 nullam
2776 479 3035 535 Ecclesia:
3076 478 3177 535 Dei
3207 482 3498 534 ‘navarent
3546 493 3822 551 operam,

460 576 588 647 jam
619 590 771 630 nunc
800 573 872 627 ad
898 574 1092 627 locum
1115 574 1375 642 optatum
1398 574 1455 625 et
1485 575 1779 625 ostensum
1831 570 2097 624 divinitus

471 680 572 718 vos
593 662 929 737 perducam.
955 661 1234 731 Deditque
1265 660 1344 714 eis
1375 676 1636 713 eremum
1669 658 2003 723 Carthusize,
2036 662 2095 713 et

474 750 754 823 quidquid
779 749 837 803 in
878 766 942 804 ea
968 749 1114 820 juris
1146 752 1204 802 et
1239 747 1477 803 actionis
1515 747 1773 801 haberet.
1821 746 2092 801 Promisit

474 838 651 893 etiam
684 852 741 891 se
770 835 926 890 idem
958 834 1403 906 impetraturum
1437 835 1508 889 ab
1557 834 1700 901 aliis,
1735 834 1832 905 qui
1871 833 2091 904 aliquid

476 925 583 980 sibi
609 925 667 979 in
701 941 767 978 ea
782 923 928 994 juris
958 923 1506 992 vindicarent(l87);
1536 924 1660 975 tum
1691 937 1920 993 quoque
1951 938 2090 976 con-

475 1017 824 1068 structurum
850 1028 908 1065 se
948 1012 1187 1066 domum
1214 1011 1271 1064 in
1298 1016 1497 1082 ponte,
1536 1010 1631 1081 qui
1665 1015 1750 1063 est
1794 1010 1947 1063 inter
1974 1026 2090 1077 eas,

478 1118 619 1174 quas
649 1100 914 1169 diximus,
947 1116 1118 1171 rupes
1150 1100 1309 1164 duas,
1344 1103 1404 1153 ut
1438 1103 1674 1171 possent
1704 1099 1775 1152 ab
1822 1099 2090 1169 ingressu

479 1190 657 1245 arceri
706 1189 961 1255 feminas,
1009 1192 1180 1260 atque
1234 1188 1411 1242 etiam
1452 1188 1555 1241 viri
1614 1204 1777 1241 arma
1817 1187 2087 1242 ferentes.

478 1278 735 1350 Denique
780 1277 1205 1349 prohibiturum
1246 1276 1358 1330 illic
1394 1276 1762 1330 venationem
1808 1280 1867 1330 et
1917 1276 2093 1347 pisca-

472 1366 697 1421 tionem
728 1383 966 1419 omnem
1012 1368 1179 1433 (l88).
1225 1367 1361 1419 Post
1404 1365 1525 1418 haec
1567 1365 1955 1434 complectens
1994 1382 2091 1418 eos

473 1456 630 1511 tlevit
654 1471 823 1526 super
852 1454 1112 1526 singulos
1144 1470 1263 1525 pra:
1285 1453 1516 1523 gaudio,
1559 1453 1802 1507 laudans
1829 1456 1887 1506 et
1912 1454 2090 1507 bene-

479 1545 672 1599 dicens
704 1545 886 1598 Deum
918 1559 1021 1613 pro
1054 1543 1283 1596 illorum
1316 1541 1588 1607 adventu,
1615 1541 1977 1611 detinuitque
1992 1558 2092 1595 eos

479 1633 632 1705 apud
663 1648 742 1699 se,
769 1634 825 1687 et
852 1648 917 1685 ex
948 1631 1155 1685 itinere
1187 1630 1457 1701 fatigatos
1490 1647 1594 1701 pro
1618 1630 2090 1684 suahumanitate

483 1721 555 1776 ad
585 1720 706 1775 dies
730 1720 944 1792 aliquot
984 1718 1327 1773 reficiendos
1356 1719 1593 1772 curavit.

1122 1920 1345 1976 CAPUT
1385 1922 1448 1976 Il.

481 2058 782 2122 Carthasim
811 2081 1042 2119 eremum
1064 2063 1296 2119 Sanctus
1327 2059 1649 2128 ingreditur,
1675 2077 1738 2113 ex
1759 2061 1877 2123 hac,
1905 2063 1960 2112 in
1986 2076 2093 2129 qua

552 2138 877 2191 sanctissime
904 2139 1052 2202 vivit,
1082 2135 1150 2187 ab
1190 2132 1407 2186 Urbano
1432 2130 1497 2182 ΙΙ
1512 2149 1661 2202 papa”
1679 2140 1947 2191 evocatur,
1984 2130 2092 2182 (lis-

556 2208 762 2277 cipulis,
788 2206 1017 2259 Romam
1041 2200 1162 2258 eum
1189 2200 1592 2277 εοηςρσιιιιᾷςίᾳί
1627 2200 1969 2277 Carthusiam
2010 2216 2091 2253 re-

545 2274 756 2349 petant,
787 2277 992 2338 suadet,
1024 2275 1367 2349 Rhegiensem
1399 2274 1907 2349 archiepiscopatum
1942 2289 2091 2349 recu-

555 2343 658 2413 sat,
709 2366 770 2401 ac
805 2347 991 2401 deinde
1022 2365 1054 2400 α
1074 2343 1327 2417 pontiﬁce
1354 2344 1646 2411 repetendae
1678 2343 1975 2397 solitudinis
2004 2343 2096 2412 fa-

556 2420 808 2473 cultatem
839 2421 1106 2489 impetrat.

556 2558 640 2610 19.
670 2554 738 2608 lis
756 2554 967 2631 exactis
991 2555 1210 2623 diebus,
1229 2557 1614 2612 ascenderunt
1640 2553 1696 2608 in
1724 2554 2100 2617 montem,at-

487 2661 598 2716 que
625 2640 873 2699 incolere
901 2650 1196 2715 cceperunt
1220 2647 1532 2701 Carthusiae
1550 2641 1919 2698 solitudinem
1948 2641 2098 2694 circa

481 2733 658 2788 solem
671 2732 909 2786 nitatem
926 2733 1239 2789 nativitatis
1256 2734 1432 2788 sancti
1454 2731 1695 2788 Joannis
1713 2730 1985 2801 Baptistae
2000 2746 2099 2782 an-

488 2836 562 2875 no
581 2819 776 2874 salutis
792 2824 1001 2875 nostrae
1017 2821 1321 2877 millesimo
1338 2821 1691 2893 octogesimo
1709 2821 1912 2890 quarto
1931 2819 2095 2888 (189),

487 2907 886 2971 antecedente,
918 2907 1230 2963 comitante
1263 2926 1327 2963 ac
1368 2909 1653 2981 dirigente
1694 2912 1752 2961 et
1792 2906 2098 2976 adjuvante

489 3012 588 3050 eos
614 2994 672 3048 in
705 2996 995 3062 omnibus,
1029 3014 1119 3051 res
1144 3014 1374 3069 quoque
1405 2996 1752 3052 necessarias
1782 2994 1861 3048 eis
1892 3010 2098 3065 suppe-

2196 569 2297 623 sed
2323 567 2435 623 suis
2466 567 2743 622 duntaxat
2778 568 2948 622 rebus
2967 568 3266 622 studerent
3294 570 3459 637 (192).

2266 677 2354 730 20.
2385 673 2585 728 Solent
2607 673 2767 727 enim
2804 673 3057 744 imperiti
3088 673 3356 728 homines
3386 690 3482 728 eos
3512 673 3732 729 otiosos
3766 678 3829 728 et

2192 766 2403 817 sancta:
2441 763 2701 816 Ecclesiae
2740 778 2949 832 parum
2990 761 3157 815 utiles
3204 761 3553 827 existimare,
3586 762 3709 833 qui,
3747 763 3824 816 ab

2192 851 2524 905 hominibus
2558 850 2831 921 separati,
2873 850 2979 905 soli
3020 851 3137 905 Deo
3178 853 3237 903 et
3276 850 3383 904 sibi
3409 851 3688 905 duntaxat
3721 867 3823 905 va-

2195 942 2350 994 cent.
2382 939 2655 993 Nesciunt
2686 939 2843 993 enim
2891 939 2948 993 id
2994 956 3175 1010 genus
3216 938 3562 1010 spiritalium
3616 959 3821 997 rerum

2194 1027 2384 1099 ignari
2417 1031 2475 1081 et
2504 1027 2696 1095 rudes,
2729 1030 3014 1098 quantum
3042 1027 3262 1099 possint
3292 1028 3443 1099 apud
3470 1031 3655 1084 Deum
3686 1032 3822 1086 effi-

2195 1133 2323 1170 cere
2347 1132 2544 1187 preces
2575 1119 2907 1170 sanctorum
2958 1116 3289 1182 hominum,
3331 1116 3505 1172 etiam
3551 1119 3610 1173 in
3652 1120 3821 1174 abdi-

2192 1204 2426 1259 tissimis
2476 1204 2880 1258 solitudinibus
2936 1204 3449 1273 commorantium,
3510 1207 3683 1278 idque
3741 1209 3820 1263 ob

2192 1293 2319 1347 vitae
2350 1293 2663 1364 puritatem
2692 1296 2750 1346 et
2781 1292 3197 1358 innocentiam,
3230 1310 3405 1364 quam
3433 1295 3652 1350 facilius
3666 1297 3820 1351 tueri

2192 1384 2451 1453 possunt,
2487 1379 2583 1451 qui
2608 1383 2769 1434 extra
2799 1380 3067 1434 homines
3094 1381 3311 1447 vivunt,
3346 1399 3522 1452 quam
3565 1384 3664 1454 qui
3706 1384 3818 1439 ho-

2194 1469 2420 1523 minum
2454 1469 2632 1523 turbis
2661 1468 3071 1534 admiscentur,
3119 1470 3225 1523 nisi
3265 1475 3480 1538 sancta,
3528 1476 3591 1527 ut
3636 1473 3695 1527 id
3727 1473 3817 1528 fa-

2194 1556 2368 1623 ciant,
2404 1573 2503 1611 eos
2529 1561 2699 1629 cogat
2726 1557 3073 1624 obedientia,
3091 1559 3324 1629 quando
3349 1560 3525 1614 etiam
3547 1561 3818 1624 ethnicus

2195 1644 2431 1715 quidam
2469 1645 2663 1700 dicere
2695 1645 2901 1715 potuit,
2934 1662 2993 1699 se
3019 1664 3315 1718 nunquam
3340 1648 3510 1703 fuisse
3530 1649 3684 1702 inter
3705 1650 3815 1704 ho-

2197 1733 2405 1800 mines,
2439 1734 2575 1805 quin
2600 1733 2784 1804 seipse
2816 1734 3010 1789 minor
3035 1735 3267 1789 rediret.
3303 1736 3417 1791 Sed
3452 1739 3651 1791 tamen
3684 1755 3820 1792 san-

2122 1799 2173 1858 B
2197 1799 2432 1877 ctissimi
2454 1799 2655 1877 l’atres
2684 1799 2889 1889 nostri,
2915 1823 3010 1895 qui
3040 1823 3430 1879 Carthusianae
3458 1825 3585 1879 vitae
3621 1826 3819 1898 prima

2189 1912 2381 1982 jecere
2411 1910 2811 1979 fundamenta,
2830 1911 2969 1966 nihil
3000 1912 3111 1966 tale
3143 1912 3248 1966 sibi
3275 1912 3610 1980 tribuentes,
3632 1914 3817 1969 etiam

2194 1999 2354 2053 libris
2373 1999 2688 2054 scribendis
2718 2016 2956 2070 operam
2984 2000 3120 2054 dare
3152 2001 3479 2069 voluerunt,
3508 2006 3587 2069 et,
3623 2007 3687 2056 ut
3728 2003 3817 2057 sui

2194 2104 2547 2143 successores
2568 2087 2625 2141 id
2652 2088 2929 2147 facerent.
2961 2088 3175 2142 hortati
3198 2092 3348 2155 sunt,
3378 2093 3440 2144 ut
3456 2092 3660 2146 saltem
3686 2108 3815 2145 ma-

2195 2176 2362 2230 nibus
2398 2175 2638 2230 verbum
2681 2176 2780 2230 Dei
2830 2177 3230 2247 praedicarent,
3275 2168 3506 2249 quando
3548 2195 3649 2233 ore
3693 2196 3817 2234 non

2194 2267 2449 2335 possent.
2480 2264 2571 2320 Sic
2602 2266 2760 2319 enim
2791 2266 3106 2336 loquuntur
3138 2268 3351 2319 statuta
3382 2267 3616 2321 Patrum
3669 2267 3820 2321 anti-

2195 2369 2443 2424 quorum
2479 2355 2640 2420 (193).

2267 2463 2356 2514 2t.
2388 2462 2584 2532 Itaque
2620 2460 2709 2514 his
2750 2465 2807 2514 et
2845 2460 2969 2515 aliis
3013 2461 3120 2532 piis
3162 2461 3443 2516 exercitiis
3480 2480 3601 2517 sese
3644 2480 3815 2518 occu-

2197 2552 2419 2620 pantes,
2454 2565 2692 2603 omnem
2706 2565 2903 2603 curam
2926 2552 3195 2620 suam,fut
3211 2550 3511 2604 Psalmista
3532 2550 3817 2604 admonet

2198 2639 2360 2708 (194),
2390 2652 2561 2707 super
2585 2637 2898 2691 Dominum
2921 2638 3243 2708 jactabant,
3272 2656 3375 2693 nec
3404 2639 3723 2710 quidquam
3743 2639 3815 2693 de

2198 2724 2445 2779 crastino
2478 2724 2697 2779 solliciti
2731 2729 2898 2779 erant
2929 2743 3127 2780 earum
3160 2743 3376 2792 rerum,
3411 2744 3538 2798 quae
3560 2728 3633 2781 ad
3657 2727 3814 2782 diem

2199 2813 2511 2867 crastinum
2534 2814 2917 2884 pertinerent,
2942 2814 3293 2885 cogitatione
3327 2815 3488 2869 omni
3520 2816 3577 2869 in
3610 2816 3814 2870 Domi-

2201 2919 2341 2955 num
2368 2901 2602 2972 rejecta,
2638 2918 2757 2957 non
2801 2903 3135 2973 ignorantes
3176 2902 3315 2957 illud
3358 2904 3765 2974 propheticum
3800 2921 3812 2959 :

2202 2991 2320 3061 Ego
2343 2993 2535 3044 autem
2569 2991 2866 3045 mendicus
2894 3008 3017 3045 sum
3051 2995 3108 3045 et
3141 3007 3376 3062 pauper,
3404 2991 3503 3046 sed
3532 2992 3818 3047 Dominus

488 3083 709 3138 ditante
737 3083 905 3137 beato
934 3085 1172 3155 Hugone
1212 3086 1502 3156 episcopo.
1536 3086 1832 3138 Exstructa
1874 3086 1995 3135 tum
2030 3082 2101 3136 ab
2128 3081 2174 3140 C
2203 3078 2475 3135 sollicitus
2504 3083 2589 3132 est
2623 3078 2758 3143 mei,
2792 3079 2954 3149 cujus
2984 3084 3067 3134 est
3096 3083 3251 3135 terra
3274 3083 3331 3134 et
3350 3080 3650 3152 plenitudo
3670 3081 3815 3151 ejus,

485 3170 596 3224 illis
618 3173 702 3224 est
732 3169 790 3224 in
819 3171 1043 3226 editiori
1076 3174 1291 3227 montis
1321 3177 1504 3245 parte,
1538 3189 1666 3243 quae
1698 3188 1851 3224 nunc
1897 3170 2103 3223 dicitur

489 3257 562 3311 ad
594 3258 825 3311 Beatam
851 3258 1086 3312 Mariam
1116 3259 1186 3313 de
1217 3260 1527 3325 Casalibus,
1559 3258 1815 3322 ecclesia,
1841 3261 1898 3310 et
1928 3274 2103 3327 parva

489 3344 781 3399 domicilia
808 3348 895 3400 vel
940 3348 1158 3401 cellulm
1201 3348 1353 3418 apud
1392 3349 1638 3413 fontem,
1688 3346 1783 3417 qui
1834 3362 2011 3416 usque
2043 3346 2101 3399 in

486 3447 740 3502 praesens
768 3431 897 3486 fons
923 3436 1104 3489 sancti
1123 3434 1403 3489 Brunonis
1431 3435 1756 3505 appellatur
1781 3433 2103 3502 ll90‘,haud

486 3520 687 3591 procul
719 3520 793 3574 ab
816 3536 885 3574 ea
913 3521 1152 3575 ecclesia
1182 3522 1480 3589 distantes,
1515 3522 1617 3576 sed
1647 3521 1798 3575 inter
1821 3537 1878 3574 se
1900 3523 2100 3574 tamen

490 3606 618 3661 alia;
648 3608 719 3661 ab
752 3606 875 3661 aliis
905 3612 1203 3678 separatas,
1237 3627 1310 3663 ne
1342 3610 1487 3664 alter
1516 3608 1748 3664 alterius
1773 3608 2028 3680 quietem
2048 3612 2105 3661 et

490 3694 863 3749 solitudinem
895 3694 1329 3751 interturbaret.
1363 3699 1550 3769 Atque
1575 3697 1634 3751 in
1657 3696 1724 3750 iis
1745 3696 1963 3750 cellutis
1988 3695 2102 3748 sin-

489 3782 637 3854 gulis
666 3781 787 3837 bini
812 3782 1018 3837 fratres
1035 3783 1504 3855 degebant(i9l),
1522 3787 1580 3839 et
1608 3783 2101 3856 quemadmodum

487 3869 655 3941 prisci
696 3870 777 3925 illi
815 3871 1040 3942 Egypti
1080 3872 1373 3939 monachi,
1426 3872 1677 3938 silentio,
1715 3870 1986 3935 orationi,
2020 3871 2099 3923 le-

489 3957 688 4024 ctioni,
729 3958 916 4012 cordis
956 3958 1210 4028 puritati,
1246 3964 1303 4013 et
1351 3976 1549 4014 rerum
1596 3957 1918 4011 divinarum
1964 3972 2099 4011 con-

489 4046 856 4116 templationi
887 4048 1188 4113 vacabant,
1225 4047 1394 4101 certis
1424 4047 1598 4101 etiam
1632 4045 1787 4099 horis
1809 4045 1968 4116 operi
1986 4062 2104 4099 ma-

488 4150 694 4201 nuum,
722 4134 1042 4204 praesertim
1070 4135 1497 4188 conscribendis
1546 4134 1726 4195 libris,
1760 4133 2098 4188 incumben-

489 4223 594 4289 tes,
623 4224 748 4276 tum
771 4224 833 4275 ut
857 4238 973 4277 sum
1000 4222 1213 4294 inopiae
1237 4224 1625 4291 consulerent,
1654 4225 1777 4276 tum
1803 4223 2001 4290 etiam,
2036 4225 2100 4276 ut

2203 3168 2300 3237 qui
2328 3167 2426 3220 dat
2449 3166 2730 3237 jumentis
2761 3184 2953 3222 escam
2998 3168 3255 3240 ipsorum
3304 3171 3363 3223 et
3412 3168 3584 3240 pullis
3623 3186 3822 3225 corvo-

2203 3271 2333 3308 rum
2362 3255 2762 3309 invocantibus
2792 3273 2923 3310 eum
2962 3258 3124 3327 (195).
3158 3278 3185 3305 ››
3229 3257 3411 3312 Tanta
3439 3273 3574 3311 vero
3614 3257 3675 3311 in
3712 3257 3822 3311 illis

2205 3344 2452 3397 Charitas
2488 3343 2695 3409 inerat,
2729 3345 2895 3398 utalii
2927 3345 3066 3400 alios
3094 3345 3306 3399 mutuis
3328 3345 3823 3400 ofﬁciisinterver-

2206 3432 2324 3483 tere
2357 3435 2728 3498 conarentur,
2763 3435 3037 3504 tantaque
3090 3431 3403 3500 Sumilitas,
3446 3437 3509 3486 ut
3554 3433 3822 3487 certatim

2205 3534 2428 3586 eorum,
2465 3537 2593 3591 quas
2617 3524 2769 3574 recte
2800 3520 3090 3587 fecissent,
3125 3521 3357 3575 laudem
3397 3524 3456 3576 et
3484 3521 3734 3592 gloriam
3764 3522 3822 3576 in

2206 3608 2348 3661 alios
2382 3608 2692 3661 transferre
2721 3607 2928 3678 singuli
2957 3612 3258 3679 cuperent.
3284 3609 3396 3663 Sed
3419 3610 3497 3662 ita
3518 3609 3715 3677 fiebat,
3738 3612 3821 3675 ut,

2206 3696 2343 3750 dum
2377 3696 2614 3767 quisque
2645 3697 2763 3749 vult
2808 3697 2910 3749 sub
2942 3696 3175 3751 alterius
3211 3698 3418 3751 umbra
3463 3697 3821 3766 delitescere,

2205 3800 2567 3855 repercussus
2610 3784 2886 3838 virtutum
2923 3785 3199 3858 splendor
3239 3803 3443 3841 omnes
3488 3787 3821 3859 praeclarius

2205 3871 2533 3925 illustraret.
2561 3873 2693 3925 Erat
2718 3872 2771 3926 in
2789 3874 3277 3944 cunctisspectata
3304 3891 3533 3929 morum
3566 3876 3820 3947 gravitas

2203 3963 2259 4014 et
2287 3959 2608 4026 maturitas,
2640 3963 2697 4013 et
2724 3960 3101 4015 nihilominus
3131 3962 3285 4017 inter
3308 3966 3394 4017 tot
3421 3964 3698 4018 virtutum
3723 3981 3815 4019 or-

2204 4050 2478 4102 namenta
2524 4048 2732 4102 horror
2780 4053 2837 4102 et
2885 4052 3250 4122 contemptus
3297 4050 3563 4106 vanitatis
3600 4054 3812 4122 omnis,

2201 4153 2350 4207 quae,
2370 4135 2526 4191 haud
2556 4153 2716 4191 secus
2742 4153 2807 4192 ac
2819 4136 2978 4192 tinea
3008 4153 3252 4208 pannos,
3279 4140 3516 4195 virtutes
3529 4144 3586 4195 et
3603 4142 3814 4198 merita

2200 4225 2400 4279 omnia
2429 4225 2637 4279 exedit.
2678 4226 2908 4281 Licebat
2953 4226 3011 4280 in
3052 4228 3133 4282 eis
3174 4228 3495 4301 angelicam
3533 4230 3810 4285 admirari

488 4326 561 4364 ne
608 4325 784 4380 quam
820 4308 1026 4364 darent
1068 4310 1430 4365 occasionem
1485 4311 1616 4378 illis,
1680 4310 1778 4382 qui
1829 4314 2098 4382 quierunt
2120 4363 2172 4390 ῃ
2197 4312 2394 4368 vitam.
2428 4313 2706 4367 Vivebant
2736 4313 2793 4368 in
2822 4315 3005 4369 multa
3032 4316 3333 4387 patientia,
3373 4317 3432 4371 in
3488 4317 3717 4390 vigiliis,
3750 4320 3807 4375 in

487 4396 870 4465 occasionem,
889 4400 1150 4453 sanctum
1174 4415 1375 4454 eorum
1392 4399 1718 4455 institutum
1742 4399 2100 4454 calumnian-

483 4694 520 4734 Π
557 4610 708 4676 (187)
736 4609 844 4665 Adi
894 4610 1309 4668 Commentarii
1335 4612 1531 4685 praevii
1576 4630 1739 4669 num.
1788 4618 1890 4671 503
1921 4618 1979 4669 et
2006 4611 2092 4667 bi-

527 4696 588 4736 os
612 4697 774 4736 seua.

563 4697 588 4735 s
612 4697 774 4753 seqq.

556 4772 704 4842 (188)
734 4769 967 4846 Vid_esis,
997 4788 1125 4842 qua:
1156 4772 1214 4827 in
1249 4773 1562 4829 secundum
1593 4774 1733 4830 Vitae
1759 4776 2090 4846 praeceden-

479 4841 552 4896 tis
572 4841 752 4915 eaput
776 4841 851 4896 ad
882 4841 1097 4897 110894-
1122 4846 1414 4900 Annotata
1439 4850 1589 4901 sunt.

550 4931 701 5000 (189)
731 4930 1042 5008 Carthusiaa
1061 4948 1322 5008 eremum
1339 4950 1469 4988 vere
1494 4951 1647 4990 anno
1660 4934 1753 4989 hic
1776 4935 2086 5008 assignato,

479 5017 794 5078 mensaque
832 5001 1021 5078 Junio_,
1052 5004 1210 5078 cujus
1253 5004 1373 5059 dies
1422 5011 1625 5077 quarta
1664 5022 1835 5075 supra
1883 5001 2085 5078 vigesiL

475 5088 638 5149 {uagi
666 5072 723 5126 S.
750 5073 957 5127 Joanni
979 5073 1243 5149 [Baptista
1272 5072 1567 5149 saera—est,
1594 5072 1924 5149 ingressum
1940 5072 2085 5132 vesse

477 5143 920 5219 S.__Brunonem,
972 5143 1390 5219 Commentarii
1430 5148 1626 5219 praevii
1668 5143 1839 5202 hum.
1884 5151 1988 5204 470
2026 5152 2083 5203 et

471 5213 656 5270 tribus
682 5230 841 5285 seqq.
876 5214 1083 5270 invicte
1115 5213 1447 5288 probatum'
1466 5218 1619 5273 dedi.

543 5302 589 5424 gl
604 5303 690 5361 90)
706 5302 785 5355 Ibi
804 5302 980 5357 modo
993 5303 1111 5372 (adi
1127 5304 1542 5360 Commentarii
1561 5306 1754 5376 praevii
1774 5324 1934 5361 num.
1952 5309 2075 5376 447,

506 5374 539 5424 In:
601 5375 659 5424 et
685 5374 810 5424 477)
856 5377 1037 5424 exstat
1081 5376 1372 5424 sacellum-
1418 5376 1475 5424 S-
1528 5377 1778 5424 Rrunnni
1825 5394 2070 5424 sacrum-

467 5373 575 5427 448
601 5375 659 5426 et
685 5374 810 5435 477)
856 5377 1037 5428 exstat
1081 5376 1373 5443 sacellum,
1418 5376 1475 5431 S.
1528 5373 1781 5431 Brunoni
1825 5373 2072 5447 sacrum,

466 5443 628 5525 cujus
658 5459 787 5522 cum
817 5459 921 5498 nec
947 5444 1145 5525 sarius
1173 5446 1295 5525 hic,
1321 5449 1879 5525 nechomenvenna
1896 5452 1953 5503 et
1970 5451 2075 5525 Pu-

464 5515 671 5599 teanus
704 5515 761 5599 ip
779 5515 1118 5599 conscriptis
1132 5532 1241 5595 ase
1264 5516 1456 5572 Sancti
1472 5518 1609 5599 γῆξ-ε
1632 5519 2073 5599 uspiammemi-

462 5582 677 5656 nerint,
710 5582 882 5640 fuisse
918 5582 1059 5642 illud
1095 5586 1353 5666 primum
1392 5591 1522 5664 post
1556 5582 1728 5662 Surii‘,
1770 5593 1870 5646 aut
1912 5596 2066 5652 certe

2119 4363 2173 4422 D

2194 4528 2323 4597 post
2353 4527 2798 4582 Blomenvennaa
2839 4530 2897 4583 et
2940 4529 3179 4585 Puteani
3227 4533 3460 4587 aetatem
3510 4534 3803 4587 construc-

2193 4600 2340 4662 tum,
2373 4598 2634 4667 conjicio.
3798 4633 3803 4636 -

2266 4672 2404 4750 (191)
2432 4669 2593 4723 Haud
2619 4668 2716 4751 diu
2742 4670 2966 4751 post_S._
2993 4672 3275 4751 Brunonis
3303 4674 3801 4751 obitum__Cartl_1u-

2193 4739 2334 4826 siani
2361 4740 2485 4826 jam
2509 4757 2627 4826 non
2639 4739 2780 4826 bini,
2803 4742 2903 4796 sed
2924 4743 3134 4826 singuli
3164 4744 3418 4826 singulas
3443 4746 3613 4826 cellas
3640 4745 3803 4826 inha-

2193 4809 2610 4885 bitabant._Adi
2632 4809 3061 4885 _Commentarii
3085 4809 3456 4885 prwviinum.
3481 4818 3584 4871 475
3600 4820 3659 4870 et
3673 4820 3797 4872 486.

2261 4885 2409 4968 (192)
2437 4881 2670 4968 vivendi
2702 4884 2965 4968 modum,
2988 4881 3167 4968 quéin
3196 4885 3435 4968 Sanctus
3460 4886 3699 4968 ejusque
3714 4904 3803 4943 so-

2189 4951 2342 5029 ciiin
2365 4951 2669 5029 Acarttiusia
2700 4957 2958 5023 tenuere,
2985 4951 3399 5029 Commentarii
3420 4951 3795 5029 praeviinum.

2186 5025 2292 5097 485
2325 5027 2382 5078 et
2410 5023 2556 5097 binis
2575 5042 2735 5097 seqq.
2769 5025 3020 5097 exposui.

2259 5095 2397 5166 (193)
2422 5095 2876 5172 consuetudines
2919 5114 3150 5172 nempe,
3183 5116 3217 5153 a
3257 5098 3514 5172 Guigone
3543 5101 3795 5156 conscri-

2328 5182 2453 5236 cap.
2486 5169 2574 5233 28,
2610 5167 2691 5220 uti
2713 5167 3131 5248 Commentarii
3158 5167 3566 5241 praevii'num.
3600 5174 3707 5228 487
3741 5177 3798 5229 et

2225 5254 2332 5290 ims
2360 5253 2518 5290 seua.
2548 5253 2829 5290 exnosu1..

2225 5236 2336 5322 inis
2346 5253 2518 5322 “seqq.
2548 5238 2800 5322 exposui.
2820 5284 2829 5295 .

2251 5309 2395 5375 (193)
2423 5309 2877 5384 (ὲοῃξιιθιιιᾴἱηᾷθε
2908 5327 3139 5384 nempe,
3170 5329 3209 5384 ra
3245 5312 3502 5384 Guigone
3537 5314 3792 5370 conscri-

2174 5381 2290 5503 pta:
2327 5394 2467 5459 .cap.
2516 5380 2605 5444 28,
2655 5380 2737 5433 uti
2788 5380 3204 5447 Commentarii
3256 5380 3453 5457 praivii
3486 5400 3650 5439 num.
3686 5387 3793 5446 487

2215 5467 2361 5503 οοω.

2215 5467 2361 5505 00111.

2241 5522 2386 5586 (194)
2408 5520 2633 5575 Psalmo
2674 5538 2784 5590 LIv,
2819 5525 2906 5578 23.

2240 5592 2384 5657 (195)
2414 5592 2642 5653 Psalmo
2669 5609 2854 5665 xxxxx,
2887 5595 2971 5653 18.
