4014 6030
274 304 379 359 537

1823 288 2005 354 ACTA

3488 297 3591 351 538

269 426 508 500 jejunis,
540 428 601 483 in
625 427 906 494 castitate,
941 427 1000 482 in
1034 425 1293 493 scientia,
1326 425 1387 481 in
1415 423 1889 497 longanimitate,
1912 427 1967 485 Α
1991 422 2166 478 divini
2188 422 2403 477 amoris
2434 425 2586 477 totus
2613 418 2845 476 arderet
2887 418 3186 485 incendiis,
3249 435 3365 474 non
3427 420 3595 476 aliter

278 517 335 571 in
364 517 661 584 suavitate,
709 517 769 571 in
816 516 1027 587 Spirito
1083 515 1316 582 Sancto,
1349 514 1407 568 in
1438 515 1717 569 charitate
1772 529 1888 568 non

280 606 432 674 ﬁcta,
465 606 525 661 in
555 606 732 661 verbo
762 605 1036 673 veritatis,
1068 603 1127 659 in
1156 604 1364 658 virtute
1393 604 1516 658 Dei.

349 752 437 804 22.
473 747 640 803 Initio
656 746 1050 819 quidem,cum
1067 747 1124 801 in
1145 763 1276 801 eam
1296 743 1669 801 solitudinem
1690 758 1893 815 perve-

280 837 428 893 nisse
436 841 682 903 nt,casas
693 835 878 890 verius
891 852 1067 908 quam
1084 834 1386 903 cellas,sibi
1403 832 1892 888 extruxerunt.ln-

279 931 367 983 ter
388 942 486 981 eos
499 929 693 979 autem
717 924 934 996 degens
956 925 1041 978 vir
1059 923 1450 978 sanctissimus
1468 924 1747 987 Bruno,et
1767 920 1893 974 fun-

280 1015 558 1070 damenta
588 1014 981 1068 Carthusianm
1011 1012 1312 1084 religionis
1332 1011 1577 1081 jaciens,
1613 1008 1801 1063 verbis
1835 1011 1892 1062 et

281 1103 560 1174 exemplis
576 1102 848 1173 praaclare
864 1118 961 1156 eos
975 1099 1563 1155 instituebat.Utenim
1580 1098 1728 1152 inter
1741 1100 1894 1151 astra

281 1194 389 1257 sol,
418 1192 496 1245 sic
522 1191 614 1245 ille
642 1190 794 1244 inter
819 1189 960 1244 alios
979 1190 1105 1244 vitae
1126 1188 1426 1243 sanctitate
1454 1187 1728 1241 excellere
1744 1185 1894 1239 vide-

282 1280 475 1335 batur.
507 1280 566 1332 In
601 1279 724 1350 ejus
752 1281 984 1351 pectore
1008 1280 1227 1333 (eterna
1253 1276 1434 1331 Patris
1451 1273 1888 1344 zeternisapien-

282 1368 367 1423 tia
399 1367 651 1423 Christus
687 1366 965 1422 Dominus
994 1371 1273 1438 tanquam
1307 1366 1365 1420 in
1394 1363 1623 1419 sublimi
1645 1380 1779 1418 arca
1806 1380 1893 1418 re-

285 1456 534 1523 sidebat,
563 1459 621 1510 et
651 1455 896 1526 Spiritus
912 1458 1145 1509 “sanctus
1175 1454 1283 1509 sibi
1320 1452 1717 1525 gratissimum
1752 1469 1890 1506 con-

285 1545 516 1600 diderat
542 1544 899 1599 domicilium
923 1562 938 1612 ;
962 1543 1221 1599 sublimis
1254 1544 1411 1598 enim
1442 1545 1499 1596 et
1528 1541 1693 1596 ardui
1726 1541 1886 1595 insti-

284 1634 396 1689 tuti
426 1633 632 1689 futuris
658 1637 715 1688 et
741 1633 1083 1688 architectus
1098 1620 1387 1705 ~singulari
1426 1631 1623 1685 debuit
1655 1629 1896 1685 cmlestis

1989 515 2189 567 tamen
2211 512 2284 566 ad
2296 510 2609 581 disciplinas
2628 510 2870 565 caelestis
2894 508 3163 564 exercitia
3175 523 3378 562 eorum
3403 524 3594 562 exem-

1989 600 2098 672 plis
2126 603 2184 654 et
2213 598 2599 653 familiaritate
2632 598 2927 665 inferbuit,
2962 613 3137 668 quam
3184 595 3229 649 si
3260 594 3589 649 ﬂammanti

1990 688 2116 760 quis
2147 688 2254 742 faci
2279 689 2470 759 plures
2508 687 2909 758 circumponat
2938 685 3076 739 alias
3133 683 3422 738 ardentes.
3458 684 3596 737 Era-

1990 781 2127 849 tque
2158 792 2289 831 cum
2323 774 2402 829 eis
2433 791 2549 829 non
2584 776 2647 828 ut
2679 774 2949 829 dominus
2970 775 3069 827 aut
3091 770 3601 844 episcopus,sedut

1991 866 2175 921 socius
2194 867 2251 919 et
2279 865 2460 920 frater
2487 862 2843 918 humillimus
2869 866 2926 917 et
2946 861 3020 916 ad
3050 863 3599 930 cunctorum,quan-

1991 957 2115 1009 tum
2143 954 2201 1008 in
2232 953 2354 1024 ipso
2385 956 2529 1017 erat,
2558 951 2831 1022 obsequia
2844 947 3408 1022 paratissimus,adeo
3442 946 3601 1001 utvir

1992 1042 2334 1097 venerabilis
2359 1040 2735 1106 Guilhelmus,
2762 1039 2920 1110 prior
2964 1041 3101 1093 tunc
3134 1035 3315 1091 sancti
3348 1036 3599 1090 Lauren-

1992 1130 2237 1200 tii(197),
2292 1133 2493 1200 postea
2522 1128 2578 1182 S.
2613 1126 2917 1181 Theofredi
2943 1127 3140 1192 abbas,
3165 1123 3441 1195 magistro
3467 1124 3603 1177 Bru-

1986 1218 2133 1289 noni
2159 1219 2336 1273 etiam
2370 1218 2488 1288 ipse
2521 1215 2792 1286 religiosa
2815 1214 3120 1270 devotione
3146 1230 3265 1268 non
3298 1210 3600 1267 mediocri-

1992 1311 2080 1363 ter
2110 1304 2819 1378 alligatus,beatiHugonis
2835 1301 3261 1358 contubernalis
3277 1300 3415 1370 (bini
3432 1299 3601 1370 quip-

1993 1413 2064 1467 pe
2087 1399 2221 1450 tunc
2234 1411 2337 1467 per
2355 1393 2607 1465 singulas
2624 1392 3026 1447 inhabitabant
3042 1390 3229 1451 cellas)
3247 1389 3398 1459 apud
3414 1387 3600 1459 magi-

1993 1486 2175 1538 strum
2197 1484 2527 1537 Brunonem
2549 1497 2665 1535 non
2690 1480 2887 1535 leviter
2898 1481 3302 1550 conqueratur,
3328 1475 3483 1547 quod
3501 1491 3600 1548 pe-

1994 1590 2068 1628 ne
2100 1572 2317 1637 omnia,
2350 1572 2423 1625 ad
2452 1569 2845 1624 humilitatem
2863 1567 3202 1639 spectantia,
3230 1565 3605 1619 intracellam

1997 1660 2103 1715 sibi
2124 1660 2461 1731 praeriperet
2487 1657 2694 1723 officia,
2730 1661 2787 1711 et
2815 1657 3110 1729 episcopus
3129 1671 3247 1709 non
3278 1669 3472 1708 secum
3494 1652 3605 1706 salo

285 1726 492 1816 giath
519 1725 903 1816 “8330339”?
924 1722 1481 1816 er_nu_"_3_r§'_Appam,t
1506 1722 1702 1773 antem
1730 1735 1891 1816 δεξηξδν
1922 1731 1975 1790 Β
1996 1722 2202 1803 tem-ut
2230 1722 2432 1812 socius,
2464 1746 2561 1801 sed
2592 1722 2780 1816 potius
2808 1722 3241 1798 conversaretur
3269 1744 3333 1795 ut
3357 1740 3607 1794 famulus

286 1810 468 1865 etiam
497 1813 631 1865 ante
647 1810 957 1866 Carthusiae
974 1809 1396 1865 habitationem
1412 1807 1598 1862 virum
1619 1823 1755 1860 eum
1768 1806 1900 1860 fuis-

285 1914 350 1951 se
363 1915 509 1953 raras
536 1898 833 1969 cujusdam
851 1896 1546 1969 prohitatis,intcgritatis,
1572 1898 1630 1949 et
1651 1895 1896 1959 gravita-

285 1986 363 2040 tis
388 1986 565 2057 (l96),
588 1986 744 2058 quod
759 1986 974 2058 partim
988 1988 1274 2040 testantur
1290 2001 1377 2051 ea,
1408 2000 1535 2056 qua:
1552 1999 1725 2055 supra
1749 1982 1900 2037 dicta

288 2077 509 2137 sunt,et
530 2074 1148 2129 conﬁrmabuntetiam
1167 2074 1433 2144 alia,quse
1454 2072 1658 2127 dicturi
1677 2088 1895 2126 sumus.

290 2162 433 2216 Inde
454 2179 592 2235 ergo
625 2162 815 2235 colligi
842 2161 1008 2217 facile
1060 2164 1267 2235 potest,
1297 2161 1528 2232 qualem
1559 2160 1653 2215 ille
1685 2176 1745 2213 se
1775 2163 1899 2214 tum

286 2250 624 2322 praebuerit,
648 2268 782 2305 cum
805 2251 955 2322 jam,
1004 2253 1126 2305 toto
1159 2250 1380 2304 mundo
1426 2251 1783 2320 contempto,
1817 2248 1897 2302 vi-

288 2342 413 2394 tam
442 2339 618 2395 voluit
655 2339 864 2395 ducere
897 2338 1281 2405 eremiticam,
1312 2337 1371 2391 id
1400 2339 1505 2403 est,
1539 2337 1711 2391 rebus
1730 2328 1901 2406 hujus

292 2427 500 2482 mundi
529 2430 877 2495 emortuam,
911 2430 969 2483 et
996 2428 1134 2483 solis
1162 2424 1487 2481 coelestibus
1536 2424 1895 2479 inhiantem.

366 2554 455 2606 23.
490 2550 597 2615 Qui
618 2550 799 2618 enim,
831 2551 985 2606 inter
1013 2550 1282 2605 homines
1340 2549 1558 2620 degens
1607 2551 1665 2601 et
1696 2546 1899 2602 mundi

291 2640 466 2711 huius
517 2639 808 2711 prosperis
864 2638 1213 2694 successibus
1264 2640 1498 2703 ﬂorens,
1531 2636 1752 2691 virtutis
1782 2640 1900 2691 stu-

295 2728 489 2783 diosus
518 2727 648 2794 fuit,
696 2728 880 2782 multo
921 2744 1058 2781 sane
1106 2724 1434 2798 prmclarius
1489 2728 1547 2778 et
1602 2725 1904 2779 sublimius

297 2816 357 2870 in
382 2815 619 2871 horrida
674 2816 773 2870 illa
817 2815 1125 2870 solitudine
1179 2814 1258 2869 ita
1297 2830 1357 2868 se
1404 2813 1781 2884 comparavit,
1844 2815 1907 2867 ut

298 2921 417 2960 non
449 2906 638 2959 solum
668 2903 891 2959 virtutis
934 2902 1239 2968 studiosus,
1281 2901 1381 2955 sed
1420 2901 1596 2956 etiam
1627 2900 1905 2955 virtutum

2000 1854 2116 1893 non
2140 1837 2309 1891 licere
2339 1835 2465 1901 sibi,
2488 1834 2665 1889 tristis
2690 1848 2969 1899 asserens,
2997 1848 3065 1886 ex
3092 1829 3386 1885 servilibus
3416 1827 3604 1900 cperi—

1999 1927 2105 1981 bus
2134 1924 2450 1997 quidquam
2494 1923 2799 1993 attingere,
2841 1937 2969 1991 quas
2986 1920 3151 1990 juxta
3178 1930 3407 1973 morem
3433 1916 3606 1970 debe-

2001 2014 2143 2068 bant
2173 2029 2278 2085 per
2302 2012 2452 2065 vices
2485 2010 2735 2075 efﬁcere,
2759 2025 2828 2064 eo
2857 2007 2958 2063 sibi
2980 2008 3185 2062 cuncta
3216 2002 3605 2076 praeripiente.

2000 2103 2061 2156 In
2093 2104 2322 2156 tantum
2346 2103 2540 2154 autem
2573 2113 2838 2152 eremum
2866 2096 3105 2151 devotus
3133 2092 3425 2149 incolebat
3451 2094 3509 2145 et
3529 2106 3614 2143 se-

2002 2192 2188 2257 dulus,
2222 2192 2284 2242 ut
2314 2204 2450 2242 eum
2482 2186 2760 2257 magister
2790 2186 2981 2238 Bruno
3014 2195 3436 2252 nonnunquam
3455 2177 3609 2232 exire

2002 2279 2395 2349 compelleret,
2418 2277 2497 2330 ite
2524 2276 2740 2342 dicens,
2770 2273 2845 2328 ite
2867 2273 2942 2327 ad
2966 2288 3098 2328 oves
3121 2273 3356 2336 vestras,
3391 2268 3608 2338 eisque,

2003 2368 2157 2441 quod
2184 2366 2404 2421 debetis
2435 2363 2722 2419 exsolvite.

2071 2472 2406 2546 25.Volebat
2427 2470 2603 2525 etiam
2622 2486 2688 2524 eo
2705 2472 2991 2539 tempore,
3010 2481 3240 2537 magnae
3255 2458 3610 2536 paupertatis

2003 2565 2062 2618 et
2090 2560 2429 2616 humilitatis
2475 2559 2681 2613 ardore
2734 2572 3059 2622 succensus,
3101 2552 3452 2625 equitaturas
3482 2563 3614 2603 suas

2004 2654 2237 2705 cunctas
2257 2648 2530 2715 vendere,
2565 2650 2623 2701 et
2651 2645 2827 2701 diviso
2855 2643 3203 2716 pauperibus
3228 2638 3443 2711 precio,
3475 2652 3608 2708 pro-

2004 2739 2143 2811 priis
2164 2738 2405 2811 pedibus
2420 2736 2480 2790 in
2508 2732 2919 2807 prmdicatione
2952 2725 3412 2785 discurrere.Sed
3432 2725 3609 2779 homo

2014 2810 2309 2899 profundi.
2335 2823 2523 2879 cordis
2554 2822 2831 2893 magister
2852 2822 3042 2874 Bruno
3065 2835 3183 2872 non
3208 2812 3516 2880 consensit,
3548 2811 3615 2866 ti-

2006 2932 2173 2970 mens
2205 2931 2277 2967 ne
2300 2912 2453 2983 apud
2484 2928 2542 2965 se
2564 2911 2756 2985 forsan
2779 2909 3168 2971 extolleretur,
3200 2907 3300 2958 aut
3330 2920 3364 2957 a
3393 2899 3615 2955 caeteris

299 2992 566 3048 omnium
631 2991 841 3046 θιίηλίο
888 2990 1193 3063 splendore
1257 2992 1493 3044 ornatas
1547 2988 1726 3042 νίάθτί
1771 2988 1905 3059 iure
1929 3016 1975 3075 C
2007 3003 2077 3058 de
2093 3002 2429 3074 singularite
2448 2998 2808 3070 judicaretur
2830 2995 3149 3067 episcopus,
3180 2993 3278 3047 aut
3307 2988 3491 3061 (quod
3517 2987 3619 3041 du-

295 3084 512 3154 posset.
545 3081 658 3135 Nec
688 3080 927 3135 dubium
955 3079 1093 3151 quin
1125 3078 1184 3133 in
1209 3078 1280 3133 ab
1307 3078 1428 3148 ejus
1450 3076 1748 3131 excellenti
1773 3094 1904 3131 san-

299 3170 499 3224 ctitate
544 3169 602 3224 in
655 3169 854 3224 omnia
879 3166 1238 3223 Carthusiani
1270 3165 1516 3220 instituti
1554 3166 1908 3220 monasteria

301 3257 544 3313 illustria
618 3257 895 3312 virtutum
942 3256 1298 3311 dimanarint
1361 3254 1644 3323 exempla,
1704 3254 1906 3324 quibus

303 3345 572 3401 effectum
606 3346 698 3413 sit,
733 3350 794 3400 ut
825 3345 1233 3400 Carthusianus
1279 3342 1420 3397 ordo
1462 3341 1747 3412 hodieque
1787 3359 1907 3413 prae

303 3434 549 3501 caeteris,
583 3434 741 3506 quod
776 3436 976 3488 tamen
1017 3449 1155 3504 pace
1188 3430 1453 3487 omnium
1487 3429 1704 3484 dictum
1750 3432 1906 3485 volu-

304 3540 454 3590 mus,
484 3522 735 3595 priscum
778 3522 938 3577 illum
970 3521 1224 3593 rigorem
1244 3535 1411 3574 suum
1432 3517 1684 3572 retinere
1717 3518 1907 3573 videa-

306 3614 422 3677 tur,
460 3627 577 3664 non
607 3610 763 3681 quod
794 3610 935 3663 nihil
958 3609 1029 3664 de
1061 3626 1128 3664 eo
1146 3606 1455 3673 remiserit,
1485 3605 1585 3660 sed
1600 3606 1757 3677 quod
1790 3624 1908 3661 non

306 3700 478 3754 abeo
526 3698 605 3753 sic
653 3698 971 3764 deﬂexerit,
1025 3700 1088 3751 ut
1148 3713 1426 3767 magnum
1480 3694 1733 3767 aliquam
1792 3695 1909 3748 rui-

309 3803 450 3842 nam
480 3787 679 3842 fecisse
704 3786 1023 3840 censendus
1054 3786 1144 3840 sit.
1195 3787 1463 3843 Remissaa
1508 3788 1643 3842 sunt
1701 3784 1909 3839 nonni-

308 3877 394 3932 hil
422 3876 617 3949 paucis
649 3875 978 3931 tolerabiles
1017 3874 1357 3930 abstilentiaz
1412 3876 1544 3942 illae,
1583 3874 1684 3929 sed
1716 3877 1912 3927 tamen

312 3968 516 4021 manet
549 3967 860 4037 perpetuus
888 3962 1127 4035 piscium
1156 3980 1304 4031 esus,
1322 3966 1506 4019 multa
1516 3963 1759 4035 jejunia,
1781 3978 1913 4032 pro-

311 4055 444 4109 lixae
474 4053 701 4125 vigiliae,
725 4052 1011 4107 diuturnae
1042 4067 1259 4124 preces,
1288 4054 1583 4124 multaque
1617 4052 1729 4106 alia
1758 4050 1914 4104 carni

284 4143 456 4198 'sane
492 4143 754 4197 molesta.
784 4142 962 4196 Porro
995 4140 1355 4195 beatissimus
1403 4142 1564 4213 Hugo
1595 4140 1913 4212 episcopus,

313 4232 478 4302 cujus
508 4230 823 4286 sanctitatis
870 4229 1029 4283 fama
1079 4228 1318 4283 celebris
1339 4229 1467 4299 jam
1506 4229 1567 4283 in
1606 4244 1809 4283 omnes
1858 4243 1917 4280 se

314 4321 585 4392 regiones
616 4319 917 4386 effuderat,
946 4318 1176 4373 tametsi
1227 4334 1325 4373 eos
1356 4335 1580 4385 omnes,
1637 4317 1735 4389 qui
1787 4332 1919 4371 cum
1943 4299 1994 4359 D

315 4412 516 4465 sancto
552 4410 823 4464 Brunone
875 4407 935 4461 in
995 4405 1307 4461 Carthusia:
1359 4423 1557 4462 eremo
1609 4406 1916 4477 degebant,

276 4562 283 4566 _
313 4498 501 4552 multo
536 4512 737 4552 amore
760 4499 818 4551 et
840 4494 1212 4550 veneratione
1240 4495 1716 4567 prosequebatur,
1751 4498 1809 4549 at
1833 4494 1918 4565 ip-

311 4603 446 4641 sum
474 4589 673 4641 tamen
698 4587 1050 4652 Brunonem,
1082 4584 1238 4655 quod
1268 4583 1326 4638 in
1357 4600 1425 4639 eo
1458 4583 1685 4654 majora
1720 4599 1920 4636 cerne-

312 4678 408 4730 ret
438 4674 645 4729 divinm
674 4674 875 4746 gratia:
903 4675 1270 4739 ornamenta,
1311 4671 1369 4726 in
1413 4673 1574 4726 tanto
1614 4671 1837 4725 honore
1865 4672 1924 4724 et

310 4746 909 4833 reverentia’habuit,
966 4763 1029 4815 ut
1075 4760 1199 4831 ejus
1247 4759 1498 4815 consiliis
1551 4776 1671 4815 non
1733 4758 1918 4827 aliter,

312 4869 492 4927 quam
519 4851 820 4923 prmeeptis
851 4849 1095 4918 abbatis,
1128 4849 1578 4920 obtemperaret.

386 4942 478 4998 24.
512 4942 579 4996 Et
606 4941 760 5010 licet,
791 4944 854 4996 ut
878 4939 958 4994 ait
980 4938 1041 4993 in
1071 4939 1195 5011 ejus
1220 4938 1348 4994 Vita
1363 4936 1749 5010 Guigo,etiam
1764 4935 1923 5009 prius

388 5155 533 5283 3.1%)
552 5156 737 5222 Quam
852 5149 1117 5229 apprime
1152 5150 1379 5209 veritati
1408 5153 1709 5236 consonet,
1741 5148 1923 5279 liquet
1948 5181 1956 5189 -

388 5262 389 5269 η
420 5245 680 5283 issimum
698 5244 765 5283 ex
793 5244 881 5283 ns.
914 5242 1042 5283 aute
1076 5226 1489 5281 Commentarn
1518 5241 1709 5283 prtem
1744 5226 1772 5283 §
1865 5227 1923 5278 et

310 5224 680 5301 potissimum
698 5244 765 5283 ex
793 5224 1042 5301 iisfquze
1076 5225 1489 5301 Commentarii
1517 5224 1709 5297 praevii
1744 5226 1772 5292 §
1802 5224 1836 5279 4
1865 5227 1923 5278 et

312 5298 564 5373 quatuor
593 5315 753 5372 seqq.
790 5298 943 5353 dicta
971 5300 1122 5352 sunt.

387 5390 533 5460 (197)
555 5388 662 5443 Adi
696 5403 823 5459 quae
854 5386 928 5441 ad
957 5388 1080 5441 not.
1118 5389 1181 5441 15
1221 5384 1280 5439 in
1311 5385 1501 5440 Vitam
1533 5384 1921 5457 antiquiorem

311 5476 488 5533 supra
517 5462 737 5514 annota
776 5460 931 5512 sunt.

384 5549 531 5624 (198)
558 5548 627 5603 Et
654 5546 809 5622 apud
834 5561 940 5603 nos
954 5545 1138 5602 tom.l
1159 5542 1391 5619 Aprilis,
1413 5543 1502 5602 cui
1515 5542 1722 5602 eadem
1743 5544 1924 5603 sancti

2006 3091 2164 3145 bium
2182 3106 2298 3144 non
2318 3089 2461 3159 erat)
2495 3086 2551 3141 id
2581 3086 2769 3159 ipsum
2790 3086 3030 3156 propter
3061 3079 3432 3153 asperitatem
3449 3079 3506 3130 et
3527 3074 3613 3129 in-

2008 3179 2398 3252 aequalitatem
2427 3190 2832 3230 consummare
2852 3189 2968 3226 non
3002 3166 3500 3242 possetitinerum.
3533 3165 3617 3217 ita

2009 3250 2243 3339 quidem
2274 3267 2333 3320 in
2357 3263 2511 3319 beati
2543 3261 2795 3334 llugonis
2829 3260 2971 3326 Vita,
3001 3274 3178 3331 quam
3208 3257 3389 3311 lector
3429 3250 3613 3307 offen-

2009 3357 2125 3423 det,
2156 3356 2346 3427 primo
2360 3352 2569 3424 Aprilis
2592 3352 2683 3406 die
2715 3350 2883 3423 (198),
2918 3347 3114 3402 scribit
3144 3346 3209 3412 is,
3238 3359 3413 3416 quem
3473 3339 3616 3396 dixi-

2009 3462 2157 3511 mus,
2181 3444 2382 3515 Guigo,
2413 3440 2602 3512 gravis
2632 3440 2693 3493 in
2719 3438 2923 3512 primis
2950 3439 3150 3491 auctor
3174 3436 3233 3488 et
3262 3427 3620 3500 fidevdignis-

2008 3532 2204 3586 simus.
2241 3533 2432 3585 Potest
2452 3533 2646 3583 autem
2672 3544 2737 3581 ex
2770 3527 2857 3581 his
2885 3524 3183 3597 perspicue
3213 3517 3617 3585 animadverti,

2009 3622 2244 3692 quantae
2276 3616 2631 3672 auctoritatis
2652 3619 2710 3669 et
2743 3611 3179 3669 existimationis
3209 3608 3385 3663 fuerit
3418 3607 3621 3661 beatus

2012 3711 2201 3763 Bruno
2229 3707 2382 3779 apud
2410 3711 2531 3760 tam
2562 3704 2851 3774 insignem
2896 3702 3250 3773 episcopum,
3293 3700 3356 3751 ut
3410 3694 3508 3767 qui
3565 3694 3620 3748 ei

2010 3798 2166 3853 haud
2192 3812 2370 3861 secus,
2404 3798 2576 3866 atque
2597 3808 2697 3847 suo
2730 3791 2945 3856 abbati,
2972 3805 3104 3843 raro
3132 3785 3355 3841 eximite
3384 3782 3618 3838 humili-

2018 3888 2147 3942 tatis
2177 3886 2442 3957 exemplo
2474 3881 2775 3947 obedierit,
2801 3880 2874 3934 ob
2892 3879 3012 3949 ejus
3025 3872 3410 3948 proculdubio
3443 3872 3623 3925 excel-

2014 3976 2232 4030 lentem
2265 3972 2630 4027 sanctitatem
2670 3972 2727 4023 et
2780 3965 3143 4039 sapientiam.
3177 3961 3342 4028 Sunt,
3365 3959 3463 4032 qui
3491 3956 3623 4013 scri-

2016 4061 2464 4130 bant,eumdem
2493 4059 2825 4130 episcopum
2845 4056 3058 4110 abeato
3088 4054 3354 4107 Brunone
3389 4047 3624 4103 Carthu—

2017 4152 2159 4207 siani
2175 4150 2417 4206 instituti
2434 4148 2698 4203 habitum
2724 4143 3108 4201 monasticum
3137 4139 3419 4210 accepisse
3451 4136 3619 4209 (199).

2090 4280 2178 4334 26.
2213 4276 2291 4331 Eo
2314 4290 2542 4347 quoque
2564 4272 2812 4327 instante
2840 4272 2897 4325 et
2922 4256 3624 4333 efﬁciente,circumvicini

2020 4380 2242 4433 omnes,
2276 4369 2398 4419 tam
2425 4359 2806 4427 ecclesiastici,
2836 4374 3011 4431 quam
3060 4355 3283 4410 nobiles
3307 4355 3365 4407 et
3392 4348 3625 4422 plebeii,

2020 4471 2204 4529 prona
2228 4453 2519 4508 voluntate
2550 4449 2760 4503 dedere
2782 4448 2951 4502 beato
2976 4442 3231 4500 Brunoni
3256 4445 3314 4496 et
3357 4436 3629 4529 fratribus

2022 4524 2164 4617 ejus,
2196 4543 2495 4614 perspecta
2524 4554 2727 4593 eorum
2760 4540 2882 4590 tam
2912 4536 3128 4599 sancta,
3150 4531 3394 4586 honesta
3422 4529 3480 4582 et
3499 4524 3630 4581 reli-

2022 4613 2184 4706 giosa
2199 4613 2664 4695 conversatione,
2710 4623 2991 4698 quidquid
3030 4620 3175 4694 juris
3206 4617 3539 4675 obtinerent
3568 4613 3627 4668 in

2023 4699 2334 4778 Carthusiae
2362 4716 2680 4784 montibus,
2726 4717 2784 4769 et
2832 4713 2986 4767 intra
3030 4709 3241 4766 limites
3266 4708 3388 4777 ejus
3417 4699 3630 4759 deserti

2024 4812 2198 4883 (200).
2229 4806 2343 4862 Etsi
2365 4809 2561 4861 autem
2588 4805 2794 4859 beatus
2813 4803 3025 4868 Bruno,
3060 4798 3197 4853 olim
3222 4796 3283 4850 in
3298 4791 3517 4883 mundo
3534 4805 3629 4883 ce-

2020 4875 2216 4967 lebris,
2237 4897 2363 4969 jam
2395 4893 2559 4950 omni
2610 4892 2816 4948 mundi
2842 4890 3013 4960 hujus
3040 4887 3258 4943 calcata
3315 4878 3520 4954 gloria,
3567 4875 3628 4932 in

2022 5111 2173 5172 illius
2201 5102 2717 5182 Gratianopolitani
2746 5102 2995 5179 episcOpi
3024 5099 3152 5156 Vita
3180 5098 3362 5156 exstat
3387 5093 3625 5159 inserta,

2023 5185 2555 5261 Pagtlfo’Pumzu
2590 5183 2836 5261 etsqqq'
2980 5244 3013 5261 η
3098 5246 3135 5261 γι
3204 5238 3462 5261 1-----.
3531 5226 3626 5261 Aa:

2144 5228 2156 5240 .
2191 5204 2280 5252 Iw,
2316 5204 2555 5238 num.“
2590 5204 2648 5234 ei.
2674 5204 2734 5233 se
2780 5204 2836 5249 q.
3614 5226 3626 5242 .

2100 5204 2243 5329 €199)
2276 5257 2324 5330 Α
2350 5253 2609 5330 veritate,
2629 5204 2865 5330 .qui‘hoc
2888 5244 3162 5330 scribunt,
3194 5238 3488 5299 aberrant.
3520 5230 3634 5286 Adi

2023 5318 2441 5385 commentarii
2470 5318 2861 5395 praeviinum.
2891 5318 2987 5370 501
3017 5319 3226 5395 e_t_seq.

2094 5374 2873 5470 (ablaféhartaln—i—publicam,
2906 5403 3021 5459 qua
3047 5386 3106 5470 id
3127 5374 3282 5468 anno

2022 5456 2181 5538 runt,
2212 5456 2502 5539 integram
2523 5456 2689 5539 intuli
2714 5460 2777 5517 in
2807 5456 3313 5517 Conimentarium
3358 5456 3640 5523 premam

2024 5534 2190 5599 num.
2223 5540 2326 5594 303
2342 5534 2416 5594 'et
2438 5534 2588 5593 binis
2608 5547 2774 5605 seqq.
