4010 6032
258 374 356 430 Ml

1841 366 2022 424 ΑσΓΑ

3473 386 3579 448 512

254 496 319 552 id
352 495 567 568 Spiritu
600 496 722 563 Dei,
777 496 984 551 fratres
1036 511 1259 561 omnes,
1314 511 1458 567 quos
1488 495 1545 550 in
1579 493 1882 551 Carthusia
1907 495 1962 555 Α
1984 494 2112 549 vita:
2139 494 2419 564 instituto,
2452 497 2610 569 cuius
2636 498 3015 560 fundamenta
3039 510 3160 563 tum
3191 508 3593 569 substrueban-

261 585 416 657 apud
435 602 493 639 se
506 585 1029 655 habuerat{207),ct
1046 586 1227 639 multo
1244 584 1441 639 dolore
1462 586 1521 638 af
1522 585 1608 639 fici
1625 600 1870 655 coepere,

260 675 388 747 ipso
420 675 506 727 vel
534 673 785 729 maxime
818 674 1070 739 dolente,
1095 674 1251 745 quod
1284 674 1595 729 Cill'thllSltC
1616 675 1875 729 solitudi-

262 777 424 825 nem,
453 779 628 833 quam
663 764 940 818 Dominus
963 763 1363 834 sibielegerat,
1400 764 1787 835 reliquissent.
1816 767 1875 819 In

253 854 519 904 mentem
547 852 705 905 enim
727 853 806 906 eis
832 852 1162 918 veniebant,
1190 870 1306 906 non
1332 870 1555 918 carnes,
1576 858 1672 907 aut
1700 871 1866 908 cucu-

258 956 450 994 nieres
468 942 527 993 et
558 958 832 1013 popenes,
857 941 1038 995 utillis
1067 941 1590 996 murmuratoribus
1612 943 1876 997 lsraelitis

259 1030 317 1083 in
350 1030 599 1096 deserto,
624 1030 723 1084 sed
742 1034 953 1085 sancta:
982 1030 1414 1096 meditationes,
1435 1030 1723 1086 ferventes
1744 1049 1872 1086 ora-

259 1119 467 1184 tiones,
500 1119 767 1173 studiosze
796 1119 1087 1186 lectiones,
1116 1122 1174 1173 et
1198 1119 1517 1190 spirituales
1539 1122 1875 1175 consolatio-

255 1208 601 1279 nes,quibus
623 1208 681 1261 in
705 1207 1084 1262 Carthusiano
1118 1208 1345 1261 deserto
1390 1209 1652 1277 perfruiti
1674 1214 1861 1277 erant,

257 1312 364 1349 nec
398 1299 668 1368 poterant
689 1301 1058 1367 erumpentes
1083 1297 1353 1350 cohibere
1405 1298 1706 1368 lacrymas,
1742 1315 1872 1352 cum

258 1388 565 1438 cernerent
590 1402 653 1438 ex
670 1388 788 1439 tam
816 1386 931 1438 alta
945 1384 1136 1457 quiete
1165 1389 1221 1437 et
1245 1386 1555 1457 tranquillo
1576 1386 1800 1440 silentio
1817 1386 1873 1439 in

258 1473 985 1543 molestissimosstrepitus
1006 1476 1063 1525 et
1078 1472 1262 1527 varios
1287 1489 1480 1527 rerum
1510 1475 1789 1527 tumultus
1815 1492 1872 1527 se

264 1560 555 1630 conjectos
589 1578 729 1615 esse.

328 1651 416 1702 31.
452 1648 565 1703 Sed
587 1665 718 1704 cum
743 1650 946 1704 beatus
976 1650 1167 1704 Druno
1198 1667 1230 1703 a
1260 1650 1533 1721 pontiﬁce
1559 1649 1864 1704 recedendi

258 1736 491 1808 copiam"
522 1738 767 1792 necdum
793 1739 1108 1810 impetrare
1140 1742 1350 1809 posset,
1380 1740 1659 1810 persuasit
1687 1738 1873 1793 fratri-

1984 586 2078 636 tur
2112 583 2487 641 immodicam
2519 588 2627 641 illis
2660 590 2929 646 fratribus
2964 593 3497 663 pusillanimitatem
3535 604 3592 656 et

1981 675 2421 743 perplexitatem
2460 676 2674 747 injecit,
2711 665 2982 736 adhibitis
3010 684 3081 738 ad
3122 702 3249 741 eam
3282 704 3427 755 rem,
3456 693 3584 744 tan-

1981 778 2153 832 quam
2169 764 3298 841 aptissimisinstrumentis,quorumdam
3314 777 3594 849 maligno-

1981 865 2107 903 rum
2130 851 2437 907 hominum
2452 854 2661 925 linguis
2676 857 3052 915 fraudulentis
3070 866 3125 916 et
3141 864 3587 939 fallaciosis,qui,

1979 939 2246 993 novitatis
2274 957 2369 995 eos
2400 941 2821 1010 insimulantes,
2855 947 3107 1016 aiebant,
3144 952 3270 1007 illos
3297 954 3353 1008 in
3388 957 3590 1011 mortis

1978 1025 2285 1083 discrimen
2308 1047 2428 1085 sese
2475 1034 2777 1104 conjicere.
2813 1035 2880 1089 Et
2918 1038 3185 1095 effectum
3218 1059 3354 1098 sane
3403 1049 3488 1101 est
3516 1045 3588 1100 ab

1977 1114 2107 1181 illis,
2136 1120 2197 1169 ut
2223 1119 2426 1188 optimi
2452 1124 2646 1190 patres
2668 1138 2899 1191 prorsus
2926 1127 3276 1198 dubitarent,
3302 1130 3583 1203 quidnam

1978 1204 2599 1278 agendumipsisessct,
2623 1214 2747 1264 tum
2768 1216 3007 1283 propter
3021 1220 3293 1289 suscepta:
3326 1220 3453 1275 vitae
3484 1237 3583 1276 au-

1978 1292 2319 1361 steritatem,
2352 1299 2473 1350 tum
2510 1301 2745 1369 prepter
2776 1300 2984 1356 deserti
3012 1303 3159 1359 illius
3189 1308 3494 1363 horrorem
3527 1313 3585 1363 et

1979 1380 2323 1448 vastitatem,
2347 1383 2405 1436 in
2425 1401 2557 1455 qua,
2582 1385 2810 1440 illorum
2836 1404 3085 1460 nequam
3103 1394 3407 1450 hominum
3438 1396 3581 1452 moti

1978 1470 2363 1536 sermonibus,
2405 1471 2463 1524 in
2498 1472 2624 1527 vita:
2657 1474 2973 1545 periculum
3011 1496 3069 1532 se
3108 1486 3375 1538 venturos
3405 1485 3582 1541 etiam

1977 1556 2080 1626 ipsi
2100 1558 2225 1627 jam
2249 1559 2661 1615 formidabant.
2690 1564 2901 1618 Contra
2924 1568 3116 1621 autem
3134 1586 3247 1624 non
3269 1587 3475 1642 parum
3491 1590 3582 1627 ve-

1975 1646 2328 1713 rebantur,si
2362 1649 2496 1703 inde
2524 1652 2882 1719 recederent,
2908 1672 2965 1708 se
2989 1658 3171 1712 Deum
3196 1663 3253 1713 et
3272 1661 3461 1715 stellas
3478 1661 3579 1715 du-

1974 1748 2084 1799 ces,
2110 1752 2250 1806 quas
2270 1737 2566 1807 episcopus
2600 1739 2761 1809 Hugo
2792 1740 3033 1811 viderat,
3062 1746 3401 1803 offensuros.

258 1807 381 1890 bus,
415 1830 478 1880 ut
502 1827 573 1881 ad
601 1807 962 1882 Carthusiam
976 1807 1253 1893 redirent,
1276 1807 1638 1899 obtinuitque
1664 1846 1695 1881 a
1726 1845 1868 1899 pon-
1899 1807 1950 1867 Β
2048 1826 2134 1915 33.
2172 1825 2265 1915 His
2292 1807 2761 1915 perplexitatibus
2788 1807 3119 1902 aliquandiu
3150 1834 3300 1889 bene
3332 1838 3579 1894 multum
3626 1902 3639 1915 .

255 1913 406 1967 tifice
428 1915 647 1969 litteras
664 1916 736 1970 ad
758 1917 1027 1971 abbatem
1048 1916 1352 1988 Signinum
1373 1919 1542 1986 (208),
1562 1920 1621 1969 ut
1636 1917 1870 1970 Carthu-

256 2000 353 2055 sia:
382 2020 647 2057 eremum
694 2003 828 2076 ipsis
854 2005 1200 2060 restitueret.
1238 2004 1498 2059 Prasfecit
1531 2020 1757 2075 quoque
1790 2004 1869 2059 eis

253 2107 354 2145 suo
382 2092 508 2147 loco
532 2093 787 2164 priorem
837 2094 1224 2160 Landuinum,
1249 2111 1361 2165 quo
1397 2094 1538 2148 duce
1572 2109 1773 2148 omnes
1797 2093 1869 2147 ad

256 2179 621 2235 Carthusiam
645 2182 856 2236 reversi
880 2187 1011 2237 sunt
1031 2184 1199 2253 (209).
1224 2182 1649 2237 Animadvertit
1684 2199 1747 2236 ex
1782 2181 1869 2235 his

252 2283 483 2339 quoque
518 2270 716 2337 lector,
750 2272 877 2341 quis
904 2271 991 2324 vir
1019 2270 1194 2325 fuerit
1225 2272 1426 2325 beatus
1445 2272 1658 2336 Bruno,
1693 2286 1867 2341 quem

251 2356 396 2409 tanti
430 2357 632 2411 fecerit
662 2358 782 2428 ipse
822 2359 994 2413 totius
1025 2363 1220 2429 pastor
1268 2359 1550 2425 Ecclesizr,
1578 2373 1866 2429 quemque

244 2446 485 2501 tantum
520 2446 676 2517 apud
697 2464 756 2500 se
782 2446 1189 2502 familiaritatis
1210 2452 1265 2502 et
1295 2448 1650 2502 auctoritatis
1673 2449 1861 2501 locum

243 2533 464 2587 habere
494 2534 757 2588 voluerit.
805 2536 916 2589 Nos
946 2536 1215 2590 nolumus
1245 2552 1594 2607 exaggerare
1617 2535 1860 2605 singula,

244 2636 315 2675 ne
340 2621 547 2691 prolixi
567 2622 765 2676 simus.
794 2610 1109 2694 Postquam
1129 2627 1321 2677 autem
1342 2624 1549 2677 fratres
1565 2639 1693 2677 cum
1715 2624 1860 2676 Lan-

243 2709 430 2765 duino
462 2710 521 2763 in
555 2710 917 2765 Carthusiam
968 2727 1198 2776 venere,
1246 2715 1303 2764 et
1331 2711 1616 2782 pontificis
1648 2710 1863 2763 litteras

245 2797 489 2870 Signino
515 2799 707 2853 abbati
731 2800 1132 2866 exhibuerunt,
1157 2800 1430 2855 fratribus
1470 2802 1593 2871 ejus
1619 2799 1863 2854 ccenobii

240 2887 711 2954 assentientibus,
741 2892 1025 2957 praesente
1063 2887 1119 2941 S.
1170 2888 1408 2959 Hugone
1436 2887 1857 2958 Gratianopoli-

244 2980 378 3031 tano
404 2976 1003 3048 episcopo,etHugone
1028 2977 1392 3047 Lugdunensi
1408 2977 1860 3048 archiepiscopo,

243 3064 425 3118 libere
454 3064 537 3118 eis
567 3064 859 3119 desertum
907 3065 1352 3119 Carthusianum
1381 3065 1622 3131 remisit,
1656 3071 1714 3119 et
1738 3069 1860 3119 tum

236 3152 366 3207 illis.
411 3155 539 3206 tum
590 3153 1005 3207 successoribus
1060 3170 1262 3207 eorum
1320 3158 1599 3225 perpetuo
1626 3153 1865 3208 tradidit

170 3308 177 3315 ο
237 3241 651 3313 possidendum
678 3243 843 3304 (210).
864 3243 931 3295 Et
960 3242 1048 3296 has
1080 3242 1314 3315 quidem
1338 3243 1539 3313 prima:
1570 3243 1730 3297 fuere
1758 3244 1864 3298 Ro-

242 3330 402 3383 mani
431 3330 937 3400 pontificislitterzn
953 3331 1022 3385 de
1045 3330 1422 3385 Carthusiano
1447 3331 1859 3403 instituto,qute

242 3434 461 3489 magno
489 3423 621 3473 sunt
651 3419 1023 3486 documento,
1051 3420 1121 3474 ab
1150 3420 1284 3490 ipsis
1304 3420 1692 3475 Carthusianm
1726 3422 1857 3475 reli-

239 3506 430 3577 gionis
462 3507 660 3573 initiis,
690 3524 821 3562 eam
865 3524 899 3561 a
927 3509 1061 3562 sede
1110 3508 1425 3579 apostolica
1473 3511 1857 3581 approbatam

240 3610 363 3648 esse
387 3598 552 3665 (211).

309 3685 395 3748 32,
430 3683 503 3737 ab
536 3699 605 3737 eo
631 3688 824 3739 autem
843 3684 935 3738 die
954 3683 1331 3739 Carthusiana
1351 3684 1599 3739 solitudo
1628 3701 1858 3756 semper

235 3770 299 3823 in
330 3770 846 3826 Carthusianorum
903 3772 1131 3826 ditione‘
1168 3771 1509 3843 permansit,
1566 3772 1854 3843 simulque

237 3857 619 3913 Carthusiana
648 3859 853 3931 religio
872 3877 1048 3931 usque
1067 3860 1124 3913 in
1147 3877 1401 3930 praesens
1426 3860 1539 3914 illic
1557 3861 1851 3932 perducat.

236 3947 342 4001 Ubi
376 3964 511 4002 vero
538 3951 768 4002 sanctus
800 3950 1011 4016 Bruno,
1031 3948 1087 4002 in
1116 3948 1404 4021 pontificis
1432 3950 1590 4003 curia
1611 3949 1848 4019 degens,

230 4035 441 4090 fratres
478 4036 609 4091 illos
670 4037 986 4092 incolumes
1017 4037 1090 4091 ad
1129 4037 1488 4091 Carthusiam
1523 4038 1847 4103 revertisse,

230 4125 541 4195 locumque
559 4126 719 4180 illum
737 4126 1086 4192 obtinere,et
1101 4126 1409 4198 tranquilla
1426 4143 1562 4196 pace
1577 4142 1640 4180 ac
1658 4127 1848 4197 quiete

230 4212 343 4266 frui
373 4215 664 4283 cognovit,
699 4215 899 4269 crebro
932 4215 1005 4269 ad
1037 4232 1135 4269 eos
1162 4215 1406 4287 scripsit,
1442 4217 1678 4270 hortans
1702 4216 1846 4284 illos,

1973 1913 2271 1983 exagitatis
2302 1913 2428 1981 illis,
2454 1930 2605 1980 ecce,
2638 1916 3079 1988 benignissimus
3110 1924 3277 1988 Deus,
3311 1924 3407 1995 qui
3440 1943 3582 1981 nun-

1972 2017 2145 2072 quam
2178 2000 2389 2071 deserit
2411 2006 2709 2072 sperantes
2743 2004 2799 2059 in
2833 2023 2912 2073 se,
2937 2008 3115 2062 mittit
3139 2009 3212 2063 ad
3244 2026 3361 2078 eos,
3388 2012 3474 2066 his
3508 2014 3580 2068 de

1972 2088 2143 2142 rebus
2173 2089 2325 2142 inter
2354 2107 2413 2144 se
2444 2091 2857 2163 colloquentes,
2921 2096 3107 2151 virum
3166 2101 3577 2169 venerabilem,

1971 2192 2116 2231 cano
2144 2178 2557 2250 capite,crispo
2594 2181 2818 2251 capillo,
2865 2184 2960 2254 qui
3003 2185 3082 2238 ait
3123 2186 3196 2240 ad
3228 2202 3363 2242 eos:
3391 2210 3418 2239 «
3449 2190 3582 2244 Per-

1970 2265 2120 2335 plexi
2153 2266 2305 2328 estis,
2339 2266 2565 2333 fratres,
2599 2272 2793 2323 utrum
2820 2271 2928 2325 hoc
2962 2271 3018 2326 in
3054 2274 3178 2328 loco
3210 2290 3577 2346 permanere,

1969 2354 2055 2407 vel
2077 2371 2143 2407 ex
2157 2370 2223 2409 eo
2242 2355 2514 2410 excedere
2538 2357 2816 2412 debeatis.
2849 2358 2961 2415 Sed
2988 2378 3096 2432 ego
3120 2362 3247 2417 dico
3263 2364 3420 2418 vobis
3451 2382 3576 2420 ver-

1967 2441 2053 2495 bis
2075 2443 2491 2514 omnipotentis
2526 2445 2622 2499 Dei
2654 2446 3022 2515 Genitricem,
3050 2450 3347 2521 Virginem
3371 2469 3575 2525 perpe-

1969 2533 2150 2597 tuam,
2179 2547 2278 2585 vos
2308 2532 2365 2585 in
2394 2532 2501 2587 hoc
2528 2533 2754 2588 deserto
2774 2536 2898 2590 loco
2927 2542 3417 2609 conservaturam,
3443 2543 3487 2597 si
3513 2542 3572 2596 in

1967 2618 2089 2689 ejus
2118 2620 2401 2675 honorem
2429 2621 2887 2695 quotidielegere
2904 2625 3086 2680 velitis
3107 2640 3304 2699 preces
3325 2630 3446 2700 ejus
3472 2631 3573 2687 ho-

1966 2709 2164 2762 rarias.
2186 2729 2217 2761 »
2254 2710 2346 2764 His
2376 2711 2562 2777 dictis,
2597 2717 2835 2782 repente
2881 2715 2953 2767 ab
2986 2731 3187 2770 eorum
3216 2719 3393 2772 oculis
3417 2720 3572 2775 abla-

1965 2800 2055 2850 tus
2086 2800 2188 2851 est.
2212 2800 2282 2851 At
2310 2798 2409 2865 illi,
2440 2798 2762 2853 incredibili
2803 2800 2987 2855 affecti
3022 2804 3258 2873 gaudio,
3290 2805 3450 2861 illam
3482 2825 3569 2863 sa-

1966 2889 2327 2940 crosanctam
2348 2887 2667 2957 Virginem,
2693 2888 2781 2941 cui
2812 2889 3027 2943 scirent
3071 2891 3191 2961 ejus
3223 2893 3451 2963 Filium,
3479 2912 3574 2950 re-

1967 2989 2103 3044 gem
2128 2973 2518 3029 immortalem
2540 2976 2803 3029 omnium
2820 2979 3180 3047 smculorum,
3201 2980 3339 3035 nihil
3359 3000 3573 3055 negare

1966 3078 2153 3132 posse,
2207 3065 2514 3133 patronam
2567 3064 2741 3118 totius
2780 3065 3142 3121 Carthusiani
3184 3069 3429 3125 instituti
3461 3072 3568 3126 sibi

1967 3149 2328 3221 delegerunt,
2366 3155 2423 3205 et
2464 3151 2863 3208 beatissimum
2890 3155 3120 3210 Domini
3152 3174 3571 3228 prmcursorem

1962 3238 2245 3291 Joannem
2272 3239 2926 3307 patronum.Hominem
2950 3247 3144 3297 autem
3172 3245 3468 3318 illum,qui
3490 3247 3573 3301 eis

1965 3326 2249 3396 apparuit,
2285 3330 2546 3380 sanctum
2570 3329 2894 3399 apostolum
2918 3332 3152 3385 Petrum
3183 3333 3377 3401 fuisse,
3430 3334 3566 3389 inde

1961 3416 2047 3467 vel
2082 3415 2333 3469 maxime
2364 3416 2770 3487 conjicicbant,
2800 3419 2953 3489 quod
2995 3420 3116 3489 ejus
3155 3438 3444 3477 successor
3466 3424 3568 3478 Ur-

1961 3502 2145 3556 banus
2174 3504 2453 3557 secundus
2486 3504 2543 3558 in
2578 3506 2820 3561 concilio
2874 3507 3333 3564 Claromontensi
3362 3511 3569 3566 beatis-

1959 3591 2119 3644 simae
2147 3592 2343 3645 matris
2374 3592 2473 3646 Dei
2504 3609 2703 3663 preces
2722 3595 2984 3648 horarias
3013 3613 3046 3650 a
3070 3600 3189 3651 toto
3211 3600 3361 3653 clero
3382 3600 3573 3654 dicen-

1961 3680 2061 3733 das
2088 3679 2349 3734 instituit.
2386 3681 2461 3734 Ex
2485 3682 2589 3735 hac
2622 3686 2816 3735 autem
2848 3684 3064 3737 visione
3099 3686 3242 3740 adeo
3275 3689 3409 3741 sunt
3435 3705 3570 3743 con-

1958 3768 2152 3821 fortati
2184 3768 2241 3821 in
2274 3768 2543 3836 Domino,
2574 3773 2633 3822 ut
2666 3787 2852 3841 neque
2872 3787 3051 3838 mors,
3085 3789 3273 3845 neque
3297 3774 3410 3829 vita
3438 3776 3565 3832 illos

1958 3872 2224 3929 separare
2257 3860 2449 3927 posset
2481 3874 2515 3909 a
2535 3857 2814 3911 charitate
2847 3858 3051 3912 Christi
3086 3861 3252 3932 (212).

2027 3947 2113 3998 54.
2137 3944 2279 3998 Cum
2309 3946 2505 3998 autem
2546 3944 2745 3999 beatus
2802 3947 2991 4001 Bruno
3027 3964 3254 4003 summo
3304 3948 3564 4022 pontifici

1954 4032 2027 4086 ad
2043 4049 2227 4087 annos
2257 4049 2466 4103 paucos
2496 4036 2796 4088 strenuam
2829 4035 3092 4089 navasset
3150 4052 3411 4107 operam,
3458 4055 3564 4095 nec

1950 4137 2157 4191 parum
2184 4121 2444 4176 Ecclesia:
2464 4122 2560 4176 Dei
2583 4122 2886 4194 profuisset
2904 4124 3159 4192 consilio,
3181 4125 3490 4196 prudentia
3507 4129 3565 4183 et

1950 4208 2230 4279 sapientia
2244 4208 2773 4277 sua,molestissime
2786 4210 3017 4265 interim
3032 4212 3223 4267 ferens
3240 4214 3409 4269 curize
3427 4218 3568 4272 stre-

232 4301 367 4355 utin
400 4302 496 4355 via
523 4303 752 4357 Domini
784 4306 1117 4357 constanter
1148 4307 1602 4374 perseverarent.
1639 4305 1846 4359 Verum

1968 4297 2099 4352 )itus
2128 4302 2186 4352 et
2210 4300 2508 4367 tumultus,
2532 4298 2733 4369 quibus
2760 4300 3124 4370 posthabitis,
3148 4302 3384 4373 Optabat
3412 4321 3563 4359 sem-

230 4404 350 4445 non
380 4390 568 4445 defuit
623 4392 680 4445 in
714 4393 821 4447 hoc
848 4392 1088 4463 spiritali
1120 4373 1385 4465 paradiso
1426 4396 1714 4449 tortuosus
1752 4394 1845 4449 ille

1968 4401 2053 4438 )er
2063 4386 2250 4439 redire
2264 4388 2336 4440 ad
2354 4387 2727 4458 tranquillum
2742 4387 2868 4441 vitae
2887 4388 3154 4443 solitaria;
3170 4393 3426 4461 portum,
3443 4394 3567 4446 tan-

227 4479 468 4533 coluber
481 4484 539 4534 et
568 4497 806 4554 serpens
825 4482 1113 4554 antiquus.
1141 4483 1518 4538 Praesentiens
1545 4483 1843 4554 enimjam

1968 4475 2083 4528 lem
2118 4475 2267 4529 ultra
2301 4475 2454 4528 ferre
2488 4490 2604 4529 non
2637 4474 2921 4529 sustinens
2936 4476 3082 4530 tanti
3111 4476 3377 4533 desiderii
3392 4480 3561 4535 ﬂam-

228 4570 388 4635 tunc,
412 4573 631 4641 quanta
657 4570 731 4625 ad
762 4571 945 4642 ipsum
1004 4572 1263 4627 reditura
1293 4575 1483 4627 essent
1533 4572 1749 4626 damna
1778 4589 1844 4627 ac
1951 4566 2451 4634 mam,antequam
2480 4561 2737 4634 pontifex
2759 4580 2788 4616 e
2819 4563 3110 4619 Placentia
3136 4565 3322 4621 abiret
3352 4567 3411 4622 in
3442 4567 3566 4623 Gal-

225 4656 583 4713 detrimema
613 4676 680 4714 ex
738 4659 835 4714 ίιιο
868 4661 1148 4731 ΡινωοΙειιῸ
1179 4660 1439 4715 sublimis
1480 4664 1538 4714 et
1568 4660 1846 4733 angelica;
1948 4652 2052 4706 lias
2082 4653 2264 4706 multa
2284 4666 2522 4722 precum
2552 4650 2824 4705 instantia
2847 4650 2934 4706 vix
2964 4653 3200 4708 tandem
3213 4654 3462 4711 obtinuit
3490 4657 3565 4713 ad

295 4818 682 4902 (g92)yidesis
711 4819 1037 4902 Comment.
1056 4836 1239 4902 praey.
1275 4837 1442 4902 nam.
1469 4824 1601 4902 _527.
1674 4895 1687 4902 _
1949 4884 1986 4902 η
2019 4814 2178 4902 (21ολ
2192 4810 2421 4902 νξάβξίῆ
2436 4828 2586 4902 ﬁlia
2616 4810 2686 4902 de
2706 4809 3165 4902 ξᾶονςξτριιιείίφ
3195 4814 3560 4902 restitutione

298 4883 1377 4966 (gpsjcqmmeptagifprmﬁanimas
1401 4893 1657 4966 integras
1674 4895 1842 4952 hasce
1947 4884 2364 4966 Commeptarii
2394 4883 2590 4955 prtevii
2621 4898 2786 4939 num.
2821 4884 2923 4937 529
2955 4887 3013 4937 et
3046 4900 3165 4955 seq.
3205 4886 3266 4939 in
3294 4887 3554 4942 medium

222 4955 706 5036 studiosolectpri
738 4955 991 5036 exhibui.
1239 5034 1248 5036 A
1474 5034 1480 5036 Α
1525 4955 1556 4966 ν
1942 4956 2103 5036 fuere
2117 4955 2413 5036 agi-ducta;

293 5035 441 5098 (209‘
475 5032 839 5087 Landuinum
866 5050 899 5087 a
930 5034 1197 5089 Brunone
1225 5034 1538 5090 Carthasim
1569 5036 1841 5093 fratribus

2012 5031 2156 5094 (211)
2181 5025 2416 5080 Vivendi
2443 5096 2451 5098 Α
2474 5025 2736 5093 modum,

222 5096 359 5177 ιμέιο
386 5102 663 5177 prunam,
685 5120 815 5177 cum
841 5104 899 5158 hi
932 5104 1175 5159 Romam
1200 5106 1273 5159 ad
1299 5106 1574 5161 Sanctum
1588 5108 1715 5177 jam
1745 5125 1835 5163 ve-
1941 5099 2075 5177 seAcii
2102 5098 2179 5177 in_
2197 5096 2494 5177 Carthusia
2523 5096 3034 5177 tenuerepUrbano
3058 5097 3122 5161 ll,
3148 5096 3381 5177 summo
3406 5096 3552 5177 pen-

221 5169 1217 5250 pissent,Cartbusiamque‘repetere
1231 5169 1671 5250 consensissebt,
1694 5196 1839 5249 prse-

1968 5170 2096 5235 iﬁci,
2126 5169 2422 5241 placuisse,
2471 5172 2816 5250 argumento
2846 5182 3006 5250 sane“
3033 5171 3165 5221 sunt
3212 5169 3422 5250 litteras
3462 5171 3552 5226 hic

1938 5238 2276 5321 memorata:
2303 5255 2544 5321 {verum
2568 5239 2642 5321 in.
2658 5239 2811 5321 hisce
2832 5238 2946 5321 (adi
2969 5238 3389 5321 Commentarii
3409 5257 3555 5321 prag-

1935 5313 2007 5366 vii
2045 5328 2206 5371 num.
2236 5313 2357 5375 528)
2414 5310 2569 5363 cella:
2611 5310 2908 5363 dumtaxat
2957 5325 3055 5361 seu
3114 5310 3449 5365 monasterii
3490 5313 3547 5369 S.

1935 5384 2239 5447 Brunonis,
2269 5398 2385 5436 non
2415 5380 2660 5434 instituti
2692 5378 3075 5445 Carthusiani,
3106 5381 3327 5436 mentio
3356 5384 3439 5437 fit.

2005 5458 2154 5519 (212)
2183 5452 2395 5525 Videsis
2421 5468 2568 5525 qua:
2606 5450 2675 5505 de
2708 5451 2924 5525 visione
2963 5451 3071 5505 hac
3101 5453 3545 5525 _adjunctisque,

1934 5542 2065 5581 eam
2082 5524 2387 5595 comitatis,
2406 5521 2558 5576 dicta
2571 5525 2705 5576 sunt
2716 5521 3134 5577 Commentarii
3154 5521 3353 5595 pi'aavii
3381 5521 3549 5584 num.

1936 5600 2041 5654 605
2070 5600 2129 5652 et
2146 5594 2405 5669 quinque
2438 5608 2599 5665 seqq.

2771 5041 2943 5100 quem
2995 5025 3279 5100 S.__Bruno
3312 5026 3360 5097 ej
3370 5042 3549 5100 usque

220 5244 436 5298 fectum
464 5245 657 5312 fuisse,
678 5244 918 5299 innuere
941 5244 1037 5300 hic
1050 5246 1273 5301 videtur
1300 5247 1524 5315 Surius;
1544 5244 1742 5303 verum
1773 5251 1833 5305 id

214 5315 341 5390 jam
377 5314 511 5369 inde
538 5316 610 5369 ab
641 5332 709 5371 eo
758 5320 1040 5390 tempore,
1064 5334 1185 5390 quo
1220 5318 1480 5390 Sanctus,
1512 5314 1829 5390 pontificio

220 5386 634 5457 obtemperans
664 5386 963 5453 mandato,
994 5386 1192 5442 relicta
1234 5386 1550 5456 Carthusia,
1585 5392 1829 5446 Romam

220 5458 407 5532 petiit,
442 5458 668 5532 factum
687 5475 820 5532 esss,
845 5459 1023 5532 fidem
1040 5459 1175 5512 facit
1206 5460 1519 5532 publicum,
1549 5479 1662 5532 quo
1686 5462 1830 5517 San-

218 5527 292 5607 cti
312 5528 615 5611 discipulis
630 5528 942 5611 Carthasim
970 5527 1233 5611 eremuni
1266 5530 1538 5611 Signinus
1558 5527 1827 5611 restituit,

217 5596 693 5724 astrum'entum,
727 5599 1142 5656 Commentarii
1166 5596 1362 5672 praevii
1377 5616 1540 5658 num.
1561 5606 1664 5659 529
1693 5596 1833 5661 reci-

306 5685 431 5724 um.

306 5685 431 5728 um.
