4014 6030
448 342 550 397 543

1302 335 1359 389 S.
1382 331 1729 389 BRUNONIS
1770 324 2404 385 CARTHUSIANORUM
2440 324 2907 381 INSTITUTORIS

3664 332 3775 385 {irit

438 473 612 529 suam
644 473 908 515 eremum
937 455 1267 523 recedendi,
1298 460 1396 511 aut
1425 460 1577 510 certe
1604 453 1855 519 aliam,si
1879 452 1955 504 sic
1973 450 2054 503 vi-
2074 454 2127 511 Α
2159 448 2337 502 cubiis
2355 448 2720 519 persistentes
2745 444 2971 511 divinis,
3006 450 3343 516 exspectant
3368 446 3619 503 reditum
3656 450 3776 504 Do-

442 563 571 601 sum
588 546 1086 617 esset,expetendi,
1111 546 1337 618 copiam
1388 550 1443 597 ct
1475 545 1826 598 facultatem.
1862 543 1971 595 Per
1996 539 2052 592 id

440 638 689 705 tempus,
724 640 1016 690 annuente
1042 635 1248 690 eodem
1282 634 1573 706 pontiﬁce,
1602 634 1813 687 electus
1840 630 1947 684 fuit
1970 628 2054 681 vir

440 723 833 778 sanctissimus
873 723 1251 794 Rheginensis
1278 723 1556 788 Ecclesiae,
1605 738 1732 791 quae
1754 723 1839 773 est
1863 718 2053 789 prima

439 812 613 867 totius
630 812 904 866 Calabria:
934 812 1289 884 metropolis,
1308 811 1791 881 archiepiscopus,
1816 808 2053 861 multus-

441 916 552 972 que
586 899 647 954 in
670 916 737 955 eo
771 904 894 954 erat
917 900 1178 954 Urbanus
1212 900 1487 973 pontifex,
1517 902 1577 953 ut
1606 915 1739 953 eum
1773 897 1830 950 in
1865 912 1934 949 ea
1966 894 2051 948 di-

441 987 665 1060 gnitate
690 989 1093 1057 confirmaret;
1129 989 1227 1043 sed
1259 1006 1375 1043 non
1426 989 1706 1060 ignorans
1738 986 1850 1050 ille,
1912 985 2054 1055 quot

439 1077 729 1147 periculis,
760 1081 900 1149 quot
929 1078 1077 1131 curis
1108 1082 1163 1131 et
1194 1077 1471 1132 molestiis
1492 1075 1777 1147 ejusmodi
1798 1072 2056 1127 ecclesia-

442 1166 598 1219 sticae
628 1166 953 1221 functiones
979 1166 1240 1221 obnoxias
1268 1166 1401 1231 sint,
1424 1165 1604 1219 noluit
1622 1162 1887 1217 electioni
1909 1178 2053 1232 prir-

441 1253 581 1309 bere
604 1271 898 1308 assensum
939 1256 1105 1318 (213).
1142 1255 1335 1325 Neque
1359 1254 1417 1308 id
1443 1252 1813 1324 pertinaciter
1836 1254 2053 1316 tamen,

443 1342 545 1396 sed
576 1343 837 1396 modeste
862 1346 919 1397 et
948 1343 1266 1409 humiliter,
1289 1343 1409 1396 solo
1456 1341 1664 1412 quietis
1687 1356 1907 1403 amore,
1935 1354 2053 1391 ser-

443 1434 575 1485 vata
600 1448 738 1502 erga
768 1431 1101 1501 pontificem
1126 1430 1457 1485 obedientia
1482 1434 1540 1483 et
1571 1428 1970 1492 submissione,
2004 1430 2061 1479 et

447 1534 591 1589 erga
618 1519 911 1590 proximos
941 1518 1241 1573 charitate.

520 1610 607 1661 35.
637 1607 894 1661 Tandem
935 1624 1064 1661 cum
1114 1608 1267 1661 bona
1326 1606 1492 1661 venia
1551 1608 1608 1660 et
1654 1604 2060 1676 benedictione

449 1695 736 1768 pontificis
764 1713 794 1749 a
828 1696 985 1749 curia
1024 1695 1341 1761 discedens,
1387 1694 1662 1749 Calabriae
1710 1694 1934 1748 deserta
1977 1694 2061 1746 lo-

2154 538 2297 591 mini
2325 538 2431 603 sui,
2454 540 2535 599 ut,
2566 552 2696 589 cum
2718 534 3063 606 pulsalverit,
3080 535 3382 590 confestim
3404 536 3642 608 aperian
3670 538 3774 603 tei,

2151 642 2412 679 eremum
2437 624 2645 687 incolo,
2671 624 2742 678 ab
2768 623 3076 677 hominum
3101 623 3456 679 habitatione
3473 625 3612 680 satis
3662 644 3776 680 un-

2153 713 2323 785 dique
2352 718 2664 769 remotam.
2691 714 2769 766 De
2786 713 2945 783 cujus
2974 712 3311 767 amoenitate
3337 714 3601 785 aerisque
3618 718 3774 769 tem-

2153 804 2310 875 perie
2329 807 2387 857 et
2417 803 2709 874 sospitate,
2726 802 2813 856 vel
2832 800 3068 873 planitie
3092 802 3287 873 ampla
3312 805 3369 856 et
3408 807 3595 872 grata,
3620 804 3781 859 inter

2153 896 2380 948 montes
2406 893 2463 947 in
2497 893 2737 963 longum
2765 895 3048 963 porrecta,
3070 891 3163 944 ubi
3188 895 3321 945 sunt
3350 891 3783 965 virentiaprata

2154 986 2212 1036 et
2242 981 2450 1035 florida
2472 997 2700 1052 pascua,
2734 980 2872 1051 quid
2889 979 3130 1050 dignum
3151 980 3340 1034 dicam
3355 980 3382 1034 ?
3402 984 3515 1035 Aut
3534 982 3778 1036 collium

2154 1070 2408 1140 undique
2439 1069 2645 1123 leniter
2661 1085 2718 1122 se
2755 1068 3106 1138 erigentium
3126 1075 3521 1139 prospectum,
3556 1087 3775 1140 opaca-

2153 1176 2399 1230 rumque
2426 1158 2657 1211 vallium
2689 1174 2998 1223 recessum,
3021 1174 3152 1211 cum
3177 1159 3413 1213 amabili
3437 1160 3775 1225 ﬂuminum,

2159 1248 2430 1311 rivorum,
2466 1246 2826 1317 fontiumque
2846 1247 3032 1317 copia,
3054 1247 3181 1319 quis
3211 1248 3563 1302 sufficienter
3591 1249 3777 1321 expli-

2158 1336 2285 1389 cet?
2318 1337 2426 1388 Nec
2449 1334 2649 1405 irrigui
2671 1335 2877 1389 desunt
2908 1335 3085 1401 horti,
3119 1335 3583 1407 iiversarumque
3609 1338 3779 1391 arbo-

2157 1441 2289 1477 rum
2323 1424 2603 1477 fertilitas.
2642 1445 2667 1471 ››

2233 1515 2319 1567 37.
2357 1512 2563 1565 Verum
2594 1511 2732 1583 quid
2758 1510 2846 1566 nis
2868 1511 3078 1566 diutius
3107 1512 3393 1569 immoror
3412 1513 3440 1568 ‘I
3470 1513 3599 1568 Alia
3615 1514 3783 1585 quip-

2161 1619 2232 1675 pe
2264 1605 2397 1656 sunt
2427 1601 2857 1656 oblectamenta
2907 1602 3011 1656 viri
3060 1603 3381 1675 prudentis,
3429 1604 3690 1675 gratiora
3721 1606 3780 1657 et

2162 1692 2395 1745 utiliora
2414 1690 2597 1757 valde,
2660 1692 2794 1761 quia
2826 1690 3040 1745 divina.
3078 1692 3493 1746 Verumtamen
3536 1691 3776 1746 arctiori

447 1801 514 1838 ca
546 1784 800 1854 expetiit,
838 1784 1123 1855 adjunctis
1150 1784 1256 1837 sibi
1286 1783 1505 1854 aliquot
1548 1782 1805 1853 ejusdem
1852 1795 2064 1852 prepo-
2087 1775 2137 1834 B
2163 1778 2463 1850 disciplina
2490 1778 2805 1850 studiisque
2837 1779 3185 1850 spiritalibus
3215 1780 3443 1834 animus
3476 1779 3773 1834 inﬁrmior

446 1872 538 1927 siti
570 1872 722 1937 viris,
756 1873 1042 1943 quosjam
1096 1873 1225 1926 vita:
1259 1873 1381 1941 ejus
1433 1872 1579 1926 odor
1627 1871 1812 1925 bonus
1854 1873 1912 1923 et
1946 1870 2058 1922 fer-

449 1965 650 2016 ventes
678 1961 1108 2016 exhortationes
1129 1961 1200 2015 ad
1232 1960 1432 2015 mundi
1459 1963 1858 2030 contemptum
1887 1958 2064 2013 addu-

444 2052 652 2103 xerant
672 2049 747 2116 (21
761 2048 1128 2103 4¹.Ι)ἰ(1ἰοει·δὶ
1144 2048 1298 2102 enim
1314 2047 1653 2102 inCalabriae
1667 2046 1904 2117 regione
1924 2046 2064 2098 mul-

449 2138 538 2190 tas
565 2153 684 2191 esse
703 2136 1060 2202 solitudines,
1085 2136 1325 2208 agenda:
1343 2135 1693 2207 posuitentiae
1707 2139 1764 2188 et
1786 2134 1913 2187 vita:
1938 2132 2066 2186 soli-

451 2224 612 2279 taria:
631 2224 1027 2279 consectandte
1052 2224 1393 2299 aptissimas,
1415 2223 1696 2277 Maluioset
1718 2222 1811 2275 ille
1827 2220 2063 2292 quidem

454 2312 612 2384 quod
641 2311 816 2365 etiam
838 2313 1038 2367 crebro
1069 2312 1222 2383 apud
1253 2329 1310 2365 se
1342 2310 1737 2375 constituerat,
1765 2308 1955 2363 redire
2004 2308 2063 2361 in

450 2398 811 2455 Carthusiam
825 2400 897 2454 ad
919 2399 1127 2454 fratres
1141 2399 1524 2464 charissimos,
1559 2414 1700 2469 quos
1730 2413 1798 2452 eo
1826 2396 2063 2451 remise-

447 2491 573 2556 rat;
603 2488 702 2542 sed
725 2487 860 2559 quia
888 2504 1149 2542 summus
1175 2486 1431 2559 pontifex
1458 2502 1591 2540 cum
1621 2501 1722 2539 sua
1750 2485 1908 2539 curia
1938 2499 2066 2556 pro-

450 2575 811 2630 ﬁciscebatur
864 2576 923 2630 in
973 2576 1211 2630 Galliam
1235 2576 1295 2629 in
1326 2574 1486 2645 cujus
1514 2574 1724 2628 finibus
1765 2571 2065 2627 Carthusia

453 2663 564 2718 sita
585 2666 689 2729 est,
717 2664 1039 2730 verebatur,
1077 2663 1119 2717 si
1154 2663 1275 2733 ipse
1307 2679 1535 2734 quoque
1558 2678 1625 2716 eo
1660 2678 1717 2715 se
1750 2660 2061 2725 conferret,

454 2769 528 2808 ne
560 2754 659 2806 aut
688 2751 907 2806 curiam
937 2752 1223 2806 declinare
1247 2767 1361 2806 non
1390 2753 1601 2822 posset,
1637 2749 1908 2803 autillam
1944 2764 2063 2802 non

450 2839 767 2912 reliquisse,
800 2840 901 2894 sed
925 2840 1085 2911 sequi
1110 2839 1419 2895 videretur.
1448 2838 1642 2893 Potius
1666 2837 1841 2908 igitur
1879 2836 2063 2890 visum

454 2931 540 2983 est
557 2928 879 2983 Calabriam
901 2927 1264 2999 petere,nihil
1287 2926 1521 2981 interim
1537 2929 1758 2979 mutata
1774 2925 2064 2979 voluntate

453 3031 585 3071 suos
615 3016 672 3070 in
701 3016 997 3071 Carthusia
1045 3015 1346 3081 revisendi;
1392 3013 1723 3086 compositis
1743 3011 2064 3082 sedatisque

454 3104 626 3159 rebus
679 3108 845 3170 (215).
885 3102 1032 3158 Satis
1061 3103 1170 3159 hoc
1221 3103 1771 3170 declarantlitterzr,
1809 3119 1957 3174 quas,
1998 3116 2064 3154 ex

456 3190 732 3246 Calabria:
761 3192 1069 3247 solitudine
1091 3192 1363 3246 fratribus
1392 3192 1450 3244 in
1478 3191 1777 3245 Carthusia
1800 3188 2063 3259 degenti-

453 3278 560 3335 bus
584 3280 892 3352 scripsit,in
910 3296 1154 3351 quarum
1169 3281 1320 3333 calce
1335 3280 1411 3331 sic
1427 3279 1600 3332 habet
1620 3296 1632 3333 :
1656 3280 1734 3332 De
1760 3294 1853 3331 me
1870 3281 2063 3330 autem

456 3368 681 3434 fratres,
705 3368 926 3433 scitote,
964 3366 1241 3437 quoniam
1272 3366 1505 3420 unicum
1553 3365 1693 3419 mihi
1727 3368 1854 3437 post
1885 3367 2063 3419 Deum

457 3458 545 3510 est
561 3454 909 3509 desiderium
936 3452 1199 3507 veniendi
1224 3454 1295 3508 ad
1310 3457 1471 3507 voset
1492 3452 1734 3518 vivendi,
1755 3457 1812 3507 et
1833 3451 2063 3523 quando

454 3547 683 3615 potero,
711 3559 885 3615 Opere
913 3542 986 3596 ad
1018 3542 1292 3614 implebo,
1320 3543 1434 3596 Deo
1466 3541 1771 3611 adjuvante
1803 3539 1973 3609 (216).

530 3632 619 3688 36.
647 3632 710 3685 In
743 3630 866 3702 ipsa
907 3634 1102 3685 autem
1136 3630 1403 3685 Calabria
1424 3629 1581 3685 venit
1630 3631 1703 3684 ad
1749 3630 2064 3702 quamdam

456 3735 744 3787 eremum,
767 3719 856 3773 cui
877 3718 1069 3773 Turris
1091 3735 1306 3774 nomen
1326 3721 1428 3786 est,
1472 3719 1527 3773 in
1558 3718 1786 3773 dioecesi
1821 3718 2062 3789 Squilla-

460 3809 614 3864 censi
643 3813 818 3876 (21³7),
842 3809 1035 3881 ibique
1067 3826 1185 3864 non
1227 3810 1396 3863 cellas
1427 3809 1662 3879 alicujus
1689 3808 1878 3880 pretii.
1911 3806 2066 3879 quod

455 3903 716 3972 sumptus
743 3916 859 3953 non
887 3902 1280 3969 suppeterent,
1300 3898 1400 3952 sed
1421 3914 1577 3952 casas
1602 3897 1849 3951 humiles
1876 3913 1943 3950 ex
1974 3894 2067 3949 vili

459 3988 696 4059 quidem
711 3986 1085 4053 materia,sed
1099 3987 1159 4040 in
1174 3985 1398 4040 Christo
1416 3985 1668 4056 pretiosa
1684 3983 2063 4038 aedificarunt.

458 4073 687 4138 Quanta
710 4077 905 4127 autem
920 4073 1047 4127 vita:
1068 4072 1400 4143 integritate
1416 4075 1472 4125 et
1486 4071 1790 4125 sanctitate
1806 4088 1935 4124 cum
1958 4072 2070 4125 suis

460 4161 576 4216 illic
598 4164 855 4215 versatus
901 4159 993 4225 sit,
1027 4160 1235 4231 quibus
1264 4159 1547 4213 vacaverit
1578 4159 1807 4231 pietatis
1841 4162 1899 4213 et
1936 4159 2067 4213 reli-

461 4248 651 4320 gionis
683 4246 985 4314 exercitiis,
1017 4246 1143 4319 quis
1171 4247 1359 4302 verbis
1384 4247 1668 4317 explicare
1716 4247 1938 4319 queat?
1972 4249 2073 4302 Po-

460 4337 575 4390 test
597 4335 833 4407 quidem
860 4335 919 4389 id
951 4335 1140 4405 aliqua
1163 4352 1229 4388 ex
1272 4338 1436 4407 parte
1468 4335 1826 4389 innotescere
1867 4352 1935 4389 ex
1959 4334 2075 4404 cpi-
2095 4330 2148 4389 D

461 4424 629 4490 stola,
672 4439 845 4493 quam
877 4423 961 4477 vir
982 4427 1210 4477 sanctus
1241 4422 1461 4494 scripsit
1482 4423 1555 4477 ad
1582 4423 1947 4494 Radulphum
1974 4424 2077 4477 Re-

460 4509 675 4565 mensis
687 4510 944 4565 Ecclesiae
957 4514 1093 4566 tunc
1108 4511 1704 4584 praepositum,postea
1718 4511 2048 4583 episc0pum
2059 4551 2073 4577 ,

465 4597 563 4653 ubi
585 4598 738 4653 inter
758 4603 968 4654 caetera
995 4599 1102 4654 ait:
1140 4601 1234 4654 nln
1259 4600 1467 4654 finibus
1491 4599 1768 4654 Calabriae
1802 4615 1934 4654 cum
1962 4601 2077 4652 tra-

465 4686 648 4742 tribus
665 4687 1033 4759 religiosis,et
1055 4687 1273 4760 aliquot
1292 4689 1441 4749 bene
1472 4687 1728 4753 eruditis,
1758 4687 1875 4759 qui,
1904 4687 1962 4741 in
1986 4704 2077 4741 ex-

535 4847 685 4918 (213)
730 4847 971 4903 Sanctus
999 4848 1102 4903 sub
1133 4847 1361 4903 concilii
1392 4846 1902 4914 Placentini,anuo
1939 4849 2073 4902 1095

467 4916 764 4992 celebrati,
793 4924 1021 4992 tempus
1048 4936 1165 4992 nec
1198 4919 1452 4990 primum
1484 4919 1556 4972 ad
1579 4918 1961 4989 Rhegiensem
1982 4935 2072 4992 ar:

469 4988 958 5061 chiepiscopatum
980 4990 1086 5061 fuit
1110 4988 1468 5061 electus,nec
1487 4988 1751 5043 eremum
1772 4988 2075 5061 repetendi

467 5059 803 5133 facultatem
823 5079 859 5133 a
879 5060 1117 5133 pontier
1138 5060 1407 5133 obtinuit,
1443 5063 1648 5133 contra
1669 5076 1732 5114 ac
1762 5059 1959 5114 Sui'ius
1986 5060 2077 5114 hic

470 5131 659 5187 docet.
691 5133 799 5187 Adi
831 5130 1250 5188 commentarii
1281 5130 1478 5202 praavii
1503 5134 1805 5199 num.532,
1826 5133 1950 5199 533,
1975 5133 2078 5186 536

468 5205 531 5257 et
555 5218 675 5275 seq.

542 5291 688 5363 (214)
710 5290 974 5357 Consule,
1002 5308 1130 5363 quae
1162 5290 1221 5363 in
1252 5290 1493 5345 tertium
1535 5289 1678 5345 Vitas
1705 5289 1953 5363 prmced.
1989 5306 2081 5345 cav

469 5365 576 5435 put
601 5360 675 5415 ad
705 5365 824 5416 not.
870 5364 971 5416 130
997 5360 1210 5416 notavi.
1669 5394 1673 5398 -

547 5450 692 5520 (215)
726 5450 866 5521 Cum
898 5450 1155 5521 pontifex
1178 5466 1333 5505 anno
1354 5452 1510 5517 1095,
1537 5450 1827 5504 celebrato
1852 5449 2084 5504 Placen-

471 5521 569 5581 tia:
588 5520 917 5593 concilio_,in
936 5521 1175 5576 Galliam
1193 5520 1866 5593 abierit,Calabriamque
1886 5522 2077 5593 Bruno

468 5597 598 5672 jam
629 5589 764 5645 inde
789 5591 861 5646 ab
888 5608 1041 5647 anno
1077 5594 1213 5647 1090
1229 5589 1795 5663 adierit,liquetsané
1820 5608 1941 5648 non
1961 5592 2091 5649 sub-

2162 1866 2452 1934 fatigatus,
2486 1867 2690 1937 smpius
2732 1868 2820 1921 his
2860 1868 3146 1921 relevatur
3175 1885 3240 1921 ac
3297 1868 3561 1940 respirat.
3592 1870 3779 1922 Arcus

2164 1955 2343 2022 enim,
2377 1955 2420 2009 si
2443 1955 2666 2010 assidue
2698 1956 2770 2010 sit
2792 1960 3004 2023 tensus,
3037 1956 3329 2012 remissior
3358 1961 3465 2023 est,
3497 1961 3556 2011 et
3576 1957 3775 2011 minus

2164 2043 2237 2097 ad
2268 2044 2519 2098 officium
2538 2049 2721 2114 aptus.
2756 2044 2903 2109 Quid
2945 2062 3076 2099 vero
3106 2045 3354 2100 solitudo
3384 2046 3685 2117 eremique
3704 2046 3778 2099 si-

2163 2131 2406 2185 lentium
2429 2134 2784 2187 amatoribus
2830 2134 2943 2187 suis
2989 2134 3250 2188 utilitatis
3275 2134 3776 2205 jucunditatisque

2164 2220 2444 2286 conferat,
2478 2224 2693 2275 norunt
2746 2222 2804 2275 bi
2859 2223 3069 2288 solum,
3097 2222 3195 2293 qui
3239 2221 3457 2291 experti
3488 2225 3643 2276 sunt.
3680 2222 3781 2276 Hic

2164 2325 2417 2380 namque
2446 2309 2579 2363 viris
2606 2310 2853 2364 strenuis
2880 2314 2998 2364 tam
3030 2310 3088 2364 in
3120 2327 3178 2364 se
3209 2310 3398 2365 redire
3426 2310 3776 2381 licet,quam

2164 2386 2323 2463 libet,
2372 2400 2430 2451 et
2484 2398 2746 2453 habitare
2800 2416 3014 2464 secum,
3073 2399 3464 2470 virtutumque
3506 2398 3781 2470 germina

2165 2484 2447 2539 instanter
2473 2486 2933 2557 excolere,atque
2947 2486 3016 2541 de
3044 2486 3293 2557 paradisi
3316 2486 3561 2541 feliciter
3584 2486 3781 2542 fructi-

2164 2573 2271 2627 bus
2300 2573 2399 2627 uti.
2434 2574 2531 2628 Hic
2580 2576 2773 2629 oculus
2822 2575 2916 2629 ille
2948 2575 3328 2646 conquiritur,
3362 2575 3523 2646 cujus
3558 2592 3771 2631 sereno

2164 2663 2373 2717 intuitu
2409 2664 2743 2716 vulneratur
2774 2680 3017 2733 sponsus
3060 2680 3281 2731 amore,
3316 2680 3429 2735 quo
3455 2664 3677 2718 mundo
3720 2668 3781 2718 et

2163 2768 2307 2822 puro
2330 2752 2953 2821 conspiciturDeus.Hic
2968 2752 3152 2806 otium
3172 2753 3496 2807 celebratur
3515 2753 3782 2823 negotio-

2165 2843 2387 2907 sum,et
2416 2841 2473 2893 in
2513 2840 2706 2911 quieta
2732 2844 3005 2911 pausatur
3037 2841 3284 2895 actione.
3318 2842 3414 2895 Hic
3451 2858 3555 2911 pro
3586 2846 3776 2895 certa-

2165 2929 2336 2982 minis
2366 2930 2563 2983 labore
2585 2933 2854 2999 repensat
2879 2930 3027 2983 Deus
3057 2929 3285 2983 athletis
3313 2930 3427 2984 suis
3440 2930 3775 2985 mercedem

2166 3021 2447 3087 optatam,
2467 3033 2668 3087 pacem
2685 3005 2970 3085 videlicet,
2996 3033 3170 3088 quam
3186 3016 3417 3088 ignorat
3447 3017 3702 3072 mundus
3717 3023 3778 3072 et

2165 3105 2441 3177 gaudium
2466 3105 2521 3159 in
2554 3104 2768 3175 Spiritu
2798 3109 3017 3159 sancto.
3044 3105 3171 3159 Haac
3203 3108 3288 3159 est
3314 3105 3636 3159 illaRachel
3662 3106 3781 3161 for-

2165 3210 2347 3259 mosa,
2377 3194 2614 3264 pulchra
2640 3196 2942 3264 aspectu,a
2970 3194 3145 3247 Iacob
3177 3194 3301 3263 plus
3332 3193 3562 3260 dilecta,
3581 3194 3780 3247 minus

2166 3283 2413 3337 filiorum
2446 3283 2624 3346 ferax,
2650 3298 2823 3352 quam
2857 3282 2953 3335 Lia
2978 3281 3300 3349 fecundior,
3323 3282 3421 3336 sed
3442 3280 3774 3353 lippa.Pa‘u-

2164 3371 2344 3424 ciores
2356 3370 2512 3423 enim
2526 3372 2658 3423 sunt
2669 3374 2899 3424 contem
2907 3370 3376 3441 plationis,quam
3390 3371 3632 3426 actionis
3650 3371 3776 3426 filii.

2163 3460 2576 3514 Verumtamen
2606 3459 2813 3529 Joseph
2846 3464 2904 3512 et
2920 3459 3219 3529 denjamin
3247 3460 3371 3530 plus
3397 3463 3531 3513 sunt
3549 3460 3777 3515 caeteris

2164 3548 2434 3602 fratribus
2462 3564 2494 3599 a
2526 3550 2685 3617 patre
2708 3546 2918 3600 dilecti.
2946 3548 3073 3600 Haec
3088 3546 3329 3617 parsilla
3345 3548 3779 3619 optima,quam

2162 3636 2334 3692 Maria
2358 3636 2553 3706 elegit,
2595 3652 2722 3705 qua:
2774 3651 2890 3689 non
2941 3635 3251 3688 auferetur.
3306 3635 3433 3689 Haec
3461 3636 3780 3691 Sunamitis

2164 3726 2553 3797 pulcherrima
2573 3722 2767 3777 solain
2783 3723 3054 3777 omnibus
3086 3723 3293 3776 finibus
3317 3725 3485 3777 Israel
3514 3729 3775 3795 reperta,

2167 3830 2293 3885 qua:
2318 3812 2493 3867 David
2511 3812 2730 3866 foveret
2751 3828 2951 3865 senem
2971 3813 3028 3864 et
3053 3811 3412 3865 calefaceret.
3439 3812 3640 3867 Haecin
3666 3813 3782 3868 illis

2167 3902 2370 3956 litteris
2383 3902 2531 3967 (218)
2564 3900 2760 3953 scribit
2788 3900 2873 3954 vir
2886 3902 3180 3966 sanctus,e
3207 3900 3413 3971 quibus
3439 3901 3497 3954 in
3518 3901 3566 3971 ej
3578 3918 3641 3955 us
3658 3903 3778 3955 exi-

2168 3990 2346 4044 miam
2377 3989 2849 4061 praedicationem
2882 3989 3063 4042 multa
3092 3989 3207 4059 peti
3235 3993 3487 4058 possent,
3524 3990 3625 4043 sed
3671 4007 3780 4045 nos

2170 4078 2242 4133 ad
2272 4079 2384 4133 alia
2414 4078 2743 4132 transimus.

2811 4183 3034 4239 CAPUT
3082 4187 3171 4240 III.

2174 4274 2240 4327 In
2274 4274 2573 4327 Turritana
2602 4290 2781 4345 eremo,
2804 4292 2837 4327 ιι
2866 4275 3053 4345 comite
3081 4273 3314 4343 Rogerio
3331 4275 3619 4335 invenitur,
3633 4292 3780 4345 pra-

2243 4348 2535 4398 sentissimo
2572 4344 2810 4415 periculo
2843 4346 2984 4399 hunc
3024 4344 3232 4411 liberat,
3281 4345 3386 4398 duo
3430 4346 3504 4398 ibi
3541 4344 3778 4415 ejusdem

2247 4416 2561 4470 liberalitate
2604 4418 2922 4469 monasteria
2963 4418 3205 4476 exstruit,
3252 4417 3439 4468 horum
3495 4416 3661 4469 altero
3705 4418 3781 4472 ad

2248 4494 2469 4542 mortem
2498 4504 2660 4557 usque
2683 4489 3006 4539 sanctissime
3048 4489 3196 4553 vivit,
3216 4494 3342 4556 post
3372 4488 3573 4539 obitum
3614 4489 3784 4540 mira-

2246 4559 2375 4611 culis
2405 4556 2586 4622 claret,
2610 4558 2944 4628 tandemque,
2951 4559 3203 4626 pontiﬁce
3217 4560 3572 4627 permittente,
3592 4577 3624 4612 α
3644 4556 3783 4613 Cor-

2248 4630 2505 4683 thusianis
2534 4629 2761 4683 cwlitum
2782 4628 3067 4682 honoribus
3083 4629 3346 4697 afﬁcitur.

2248 4738 2334 4791 38.
2370 4737 2679 4808 Postquam
2710 4736 2769 4790 in
2792 4752 2861 4791 ea
2882 4735 3128 4790 turrensi
3146 4752 3345 4791 eremo
3362 4736 3564 4791 beatus
3585 4736 3779 4792 Bruno

2174 4881 2371 4937 sistere
2403 4878 2711 4944 rationem,
2746 4877 2819 4932 ob
2845 4892 3042 4948 quam.
3073 4893 3205 4931 cum
3260 4876 3320 4948 in
3351 4875 3679 4948 Calabriam
3698 4893 3786 4931 se-

2176 4952 2361 5015 cessit,
2394 4950 2755 5004 Carthusiam
2786 4947 2904 5003 non
2934 4949 3228 5018 repetiisse
3258 4947 3350 5001 hic
3380 4947 3670 5001 asseritur.

2250 5024 2395 5093 (216)
2425 5020 2685 5102 Litteras,
2721 5035 2861 5091 quas
2886 5020 2975 5073 hae
2992 5035 3155 5074 voces
3165 5019 3502 5099 terminant,
3526 5034 3786 5143 (ιυειεἙιθ

2250 5142 2253 5143 ν
2280 5093 2589 5143 Carthusia
2620 5092 2826 5143 fratres
2846 5105 2948 5143 ner
2961 5090 3345 5143 Landumum.
3370 5089 3443 5142 ad
3467 5089 3615 5143 hanc
3634 5105 3665 5143 e
3729 5106 3786 5143 a-

2180 5089 2265 5149 ad'
2280 5089 2589 5148 Carthusiaa
2620 5089 2826 5145 fratres
2846 5105 2948 5157 per
2961 5090 3345 5157 Landuinum,
3370 5089 3443 5142 ad
3467 5089 3615 5143 hanc
3634 5105 3665 5143 e
3684 5089 3790 5143 Ca-

2180 5164 2362 5219 labria
2405 5165 2812 5225 revertentem,
2846 5159 3089 5214 Sanctus
3144 5159 3317 5226 misit,
3363 5159 3788 5214 Commentarii

2182 5234 2377 5308 praevii
2407 5250 2569 5308 num.
2603 5235 2706 5286 679
2754 5235 2986 5308 etseqq.
3028 5230 3459 5308 integrasdedi.

2254 5308 2403 5371 (217)
2428 5305 2534 5359 Adi
2554 5306 2866 5358 cemment.
2886 5318 3058 5374 pragv.
3093 5317 3254 5374 num.
3278 5304 3412 5374 552.

2257 5378 2413 5444 (218)
2443 5375 2566 5439 Quo
2590 5390 2723 5429 vera
2737 5374 2829 5427 hic
2854 5372 3154 5444 p‘rmdicari
3185 5372 3785 5444 abiograpbodepre-

2184 5442 2425 5513 hendas,
2454 5445 2547 5499 adi
2579 5442 2992 5499 Commen‘tarii
3023 5443 3216 5514 prtevii
3247 5444 3276 5510 §
3306 5442 3394 5509 41,
3430 5442 3544 5514 quo
3565 5442 3791 5514 litteras

2187 5519 2312 5573 illas
2332 5518 2587 5587 integras
2616 5513 3230 5587 recitavi,eaque,qute
3263 5513 3519 5586 congrua
3550 5513 3790 5583 duxi,in

2178 5588 2410 5646 easdem
2435 5586 2647 5643 notavi.
