4010 6032
246 324 353 387 545

1824 324 2004 387 ACTA

3471 320 3575 398 sic

244 456 507 529 primum
536 456 799 512 habitare
828 454 1001 528 ccepit
1024 472 1157 512 cum
1178 456 1367 523 sociis,
1396 457 1621 524 accidit,
1649 458 1767 512 Deo
1800 455 1861 510 id
1895 460 1948 518 Α
1971 473 2091 511 sem
2124 457 2388 530 Sergium
2410 460 2642 516 natione
2656 457 3271 534 Graecum,principem
3287 480 3459 536 super
3479 465 3580 520 du-

248 544 474 600 efficiet)
485 549 560 610 te,
595 548 657 599 ut
679 544 932 616 quodam
956 545 1050 599 die
1072 546 1350 617 Rogerius
1380 562 1573 601 comes
1594 544 1868 600 Calabriae

246 635 420 705 (219),
444 651 574 688 cum
592 651 708 689 non
724 650 897 706 parvo
910 652 1143 689 suorum
1168 652 1343 706 grege
1376 639 1433 689 et
1456 637 1635 689 multa
1658 650 1868 688 canum

247 724 576 795 frequentia
588 724 646 777 in
665 723 869 777 eadem
882 724 1188 778 solitudine
1202 724 1493 778 venationi
1509 724 1867 789 incumbens,

251 816 327 870 ad
357 832 491 869 eum
524 816 736 879 locum,
771 829 950 886 quem
979 813 1085 867 sibi
1107 804 1477 868 incolendum
1505 814 1872 884 sumpserant

249 904 394 959 servi
429 903 550 970 Dei,
619 903 791 957 totius
822 903 906 957 rei
938 903 1162 957 nescius
1208 902 1555 973 parveniret.
1589 902 1695 956 Ubi
1739 918 1869 955 cum

249 992 721 1065 canessagaciter
752 991 973 1046 diversa
1020 994 1274 1046 ferarum
1313 992 1550 1063 vestigia
1610 992 1869 1063 explora-

250 1085 404 1149 rent,
446 1082 518 1136 ad
539 1098 715 1149 casas,
744 1080 801 1134 in
834 1081 1039 1152 quibus
1063 1081 1264 1136 beatus
1297 1082 1487 1136 Bruno
1521 1097 1652 1135 cum
1676 1080 1869 1134 fratri-

251 1172 359 1226 bus
380 1170 1276 1236 commorabatur,accurrerunt,
1304 1174 1475 1241 atque
1497 1168 1758 1235 illic,fixis
1774 1184 1871 1239 pe-

253 1259 443 1327 dibus,
477 1275 691 1330 magno
716 1260 928 1313 latratu
958 1258 1291 1313 indicabant
1332 1258 1570 1313 domino
1597 1274 1719 1323 suo,
1757 1258 1873 1329 opi-

254 1364 415 1401 mam
446 1363 504 1401 se
527 1347 805 1418 reperisse
832 1346 1113 1417 praedam.
1157 1346 1380 1412 Comes,
1407 1346 1464 1399 id
1491 1346 1870 1419 conSpicatus,

257 1436 415 1490 ocius
445 1452 575 1489 cum
599 1435 711 1489 suis
740 1435 988 1501 advolat,
1015 1434 1255 1489 offendit
1288 1436 1485 1489 Patres
1516 1436 1642 1489 illos
1663 1435 1722 1488 in
1750 1451 1873 1505 spe-

255 1524 438 1579 luncis
464 1524 580 1578 suis
610 1524 771 1578 ﬂexis
800 1524 1064 1594 genibus,
1099 1524 1414 1596 erectisque
1448 1523 1504 1577 in
1518 1526 1723 1579 coelum
1753 1525 1870 1577 vul-

254 1607 409 1661 tibus
439 1623 505 1660 ae
537 1606 805 1659 manibus
836 1605 1002 1659 simul
1026 1610 1260 1659 orantes
1293 1611 1347 1658 et
1381 1605 1678 1659 laudantes
1692 1608 1872 1660 Deum

257 1695 575 1767 (220).Tum
589 1694 925 1765 ille,magna
943 1694 1324 1749 admiratione
1338 1696 1687 1765 repletus,ab
1702 1711 1871 1766 equo,

1971 550 2168 599 centes
2198 548 2519 618 armigeros
2551 549 2804 603 nationis
2842 566 2978 614 suae,
3014 553 3071 603 et
3102 551 3380 606 exercitus
3411 569 3578 607 excu-

1970 634 2191 689 biarum
2224 637 2595 707 magistrum;
2639 639 2733 709 qui
2771 639 3036 693 Satanica
3050 640 3414 712 persuasione
3435 658 3582 712 prae-

1969 727 2188 791 ventus,
2224 726 2378 795 prius
2404 726 2508 797 ipsi
2535 726 2775 797 principi
2802 727 3030 800 Capuae,
3066 728 3428 799 promittenti
3461 730 3585 785 auri

1971 829 2088 866 non
2144 814 2435 868 modicam
2484 816 2893 886 quantitatem,
2935 816 3009 870 ad
3056 817 3447 872 invadendum
3489 835 3585 874 me

1972 917 2284 972 meumque
2319 902 2653 971 exercitum,
2688 908 2865 958 noctu
2895 904 3115 958 aditum
3134 903 3469 975 pollicicitus
3501 908 3588 961 est

1972 1007 2030 1042 se
2062 991 2343 1059 praebere.

2044 1080 2134 1132 41.
2184 1079 2301 1132 Nox
2346 1079 2692 1150 proditionis
2745 1080 3005 1149 advenit;
3058 1080 3325 1153 princeps
3378 1083 3585 1154 Capuae

1974 1167 2210 1239 ejusque
2251 1170 2531 1222 exercitus
2555 1170 2718 1239 juxta
2748 1171 3097 1240 promissum
3143 1176 3226 1225 est
3252 1176 3483 1242 paratus
3512 1173 3587 1227 ad

1974 1272 2157 1319 arma,
2189 1257 2442 1328 dumque
2472 1274 2564 1311 me
2596 1261 2789 1328 sopori
2817 1260 3123 1325 dedissem,
3154 1260 3454 1331 interjecto
3480 1261 3584 1315 ali-

1973 1349 2189 1415 quanto
2218 1347 2403 1400 noctis
2432 1347 2638 1417 spatio,
2666 1348 2845 1402 astitit
2866 1349 3039 1403 cubili
3062 1365 3193 1403 meo
3227 1349 3464 1421 quidam
3506 1366 3588 1405 se-

1973 1450 2082 1488 nex
2113 1435 2412 1489 reverendi
2446 1437 2649 1503 vultus,
2706 1437 2953 1490 vestibus
2981 1437 3185 1504 scissis,
3244 1454 3360 1493 non
3392 1440 3587 1493 valens

1974 1524 2255 1595 lacrymas
2287 1525 2604 1579 continere.
2643 1526 2741 1579 Cui
2761 1542 2891 1579 cum
2924 1525 2981 1579 in
3007 1526 3128 1580 visu
3146 1526 3422 1594 dicerem,
3457 1544 3585 1599 qua:

1973 1628 2141 1665 causa
2171 1613 2424 1683 ploratus
2450 1616 2507 1667 et
2534 1614 2919 1684 lacrymarum
2952 1618 3120 1677 esset,
3154 1615 3302 1669 visus
3332 1618 3416 1669 est
3443 1615 3586 1670 mihi

1974 1700 2170 1755 durius
2212 1701 2538 1772 lacrymari.
2577 1704 2787 1757 lterato
2810 1702 3091 1773 quaerenti
3122 1702 3287 1764 mihi,
3321 1702 3446 1773 quis
3498 1720 3584 1757 es-

255 1784 347 1838 cui
374 1783 680 1848 insidebat,
709 1783 918 1848 desilit,
966 1783 1057 1853 pie
1091 1786 1148 1837 et
1180 1783 1423 1837 comiter
1463 1783 1589 1837 illos
1644 1785 1871 1850 salutat,
1899 1800 1950 1859 Β
1975 1793 2059 1843 set
2096 1791 2352 1861 ploratus
2383 1790 2459 1843 sic
2503 1790 2599 1844 ait:
2646 1791 2778 1844 Fleo
2808 1786 3061 1843 animas
3108 1789 3587 1857 Christianorum,

257 1889 372 1945 qua
402 1889 573 1926 causa
593 1889 660 1927 eo
676 1871 1101 1938 advenerint,et
1123 1889 1250 1943 qua)
1281 1888 1479 1926 eorum
1498 1872 1570 1925 sit
1595 1872 1870 1941 conditio,

256 1965 490 2017 acurate
522 1959 822 2031 perquirit.
875 1962 1186 2031 Postquam
1213 1977 1278 2014 ex
1311 1960 1378 2013 iis
1410 1960 1606 2013 didicit
1654 1961 1872 2028 omnia,

259 2049 523 2121 impense
553 2050 777 2103 laetatus
802 2053 908 2111 est,
941 2050 1186 2104 laudans
1217 2054 1275 2104 et
1313 2051 1641 2121 glorificans
1669 2054 1872 2120 Deum,

257 2140 356 2211 qui
378 2138 679 2209 taliipsum
713 2138 910 2210 praeda
937 2138 1178 2210 dignum
1201 2139 1531 2210 judicasset.

330 2230 420 2283 39.
457 2226 844 2281 Persuadebat
863 2227 1021 2281 enim
1044 2227 1172 2289 sibi,
1203 2245 1391 2299 neque
1440 2229 1497 2282 id
1530 2233 1770 2295 temere,
1819 2246 1877 2282 se

258 2320 593 2387 terramque
626 2332 788 2369 suam
820 2332 1020 2370 eorum
1049 2316 1269 2370 meritis
1323 2322 1379 2370 et
1428 2318 1687 2387 precibus
1726 2318 1879 2388 apud

262 2408 442 2460 Deum
476 2405 738 2476 adjutum
766 2405 901 2459 etin
922 2421 1062 2476 pace
1090 2409 1492 2461 conservatum
1518 2405 1797 2476 iri.Atque
1812 2421 1880 2459 ea

259 2511 450 2561 causa,
475 2498 539 2548 ut
565 2497 799 2565 possent
820 2493 932 2548 illic
962 2494 1211 2565 quietius
1232 2494 1418 2548 vivere
1452 2496 1508 2547 et
1534 2493 1743 2547 diutius
1756 2510 1882 2563 per-

260 2600 523 2650 manere,
551 2582 709 2638 dedit
740 2583 818 2636 eis
851 2583 1150 2637 ecclesiam
1172 2582 1394 2637 Sanctae
1426 2583 1612 2636 Marias
1644 2585 1699 2635 et
1721 2582 1878 2636 Beati

260 2673 537 2744 Stephani
567 2673 636 2727 dc
669 2689 866 2727 eremo
897 2673 1065 2745 (221).
1092 2673 1195 2727 Ubi
1209 2690 1346 2727 sane
1368 2673 1544 2727 etiam
1565 2673 1768 2726 crebro
1784 2688 1881 2726 eos

262 2762 474 2828 invisit,
508 2764 565 2816 et
595 2778 687 2816 res
705 2762 833 2816 vitae
869 2762 1147 2834 degendm
1174 2762 1524 2816 necessarias
1554 2761 1632 2815 eis
1667 2760 1881 2826 tribuit,

264 2854 423 2917 etca,
457 2868 584 2922 qua:
616 2851 690 2905 ad
717 2852 961 2904 salutem
994 2850 1204 2905 animae
1238 2851 1614 2921 pertinerent,
1643 2849 1888 2903 libenter

265 2941 335 2994 ab
362 2939 445 2994 eis
477 2939 709 2993 audivit.
728 2941 917 3010 Ipsum
952 2956 1085 2994 vero
1118 2940 1351 2993 beatum
1369 2940 1719 3004 Brunonem,
1745 2939 1884 2993 alio-

266 3045 394 3083 rum
428 3032 721 3099 pastorem
750 3031 806 3081 et
820 3031 1067 3098 patrem,
1094 3045 1210 3081 non
1227 3029 1411 3081 solum
1436 3044 1554 3098 prae
1568 3026 1787 3081 caeteris
1806 3043 1890 3079 ar-

264 3117 409 3171 ctius
439 3117 953 3186 complectebatur,
982 3116 1081 3171 sed
1109 3115 1285 3170 etiam
1299 3116 1505 3186 saepius
1518 3115 1591 3169 ad
1610 3132 1669 3169 se
1688 3130 1886 3169 evoca-

266 3206 384 3271 bat,
419 3205 784 3276 multamque
818 3204 867 3257 ei
907 3208 1188 3275 praestans
1218 3204 1625 3270 reverentiam,
1660 3220 1889 3275 semper

267 3310 398 3348 eum
426 3293 616 3364 primo
642 3294 766 3347 loco
796 3292 1001 3346 habuit
1032 3294 1090 3347 in
1120 3293 1295 3347 domo
1309 3292 1681 3364 sua,ejusque
1700 3291 1887 3345 consi-

267 3382 356 3435 liis
386 3382 635 3436 libenter
664 3381 927 3451 parebat,
948 3384 1006 3434 et
1029 3381 1313 3451 precibus,
1347 3381 1551 3451 quibus
1573 3380 1888 3450 plurimum

270 3472 507 3536 ﬁdebat,
541 3474 820 3543 perpetuo
839 3487 962 3525 sese
976 3470 1423 3525 commendabat
1443 3471 1605 3540 (222):
1638 3486 1889 3523 neceum

267 3562 471 3615 fefellit
497 3559 714 3632 opinio.
732 3560 864 3631 Ejus
883 3559 1040 3613 enim
1059 3559 1211 3613 beati
1243 3558 1582 3612 virimeritis
1613 3558 1892 3611 Dominus

267 3649 756 3721 apraesentissimo
789 3648 1041 3720 periculo
1074 3652 1130 3702 et
1176 3649 1401 3701 structis
1427 3647 1477 3701 ei
1500 3646 1766 3718 periculis
1824 3646 1889 3699 il-

267 3740 388 3793 lum
420 3738 686 3792 liberavit
717 3756 730 3804 ;
768 3737 825 3792 id
866 3738 1022 3809 quod
1038 3753 1234 3791 comes
1262 3737 1381 3808 ipse
1406 3736 1463 3790 in
1500 3736 1597 3790 Dei
1622 3736 1733 3807 glm
1754 3735 1888 3800 iam,

269 3832 326 3882 et
356 3828 430 3883 ob
459 3827 867 3897 divulgandam
884 3826 1097 3897 ubique
1129 3826 1310 3880 sancti
1330 3824 1609 3879 Brunonis
1631 3823 1895 3877 sanctita-

273 3919 388 3969 tem
412 3914 615 3969 litteris
647 3914 760 3967 suis
792 3917 1065 3969 testatum
1090 3914 1324 3985 reliquit
1344 3914 1542 3967 inhmc
1564 3913 1756 3966 verba:

341 4004 430 4057 40.
468 4026 495 4051 ‹‹
530 4003 647 4075 Ego
682 4002 983 4072 Rogerius,
1036 4002 1229 4056 divina
1274 4000 1671 4055 misericordia
1703 4016 1897 4053 comes

275 4091 553 4146 Calabria:
582 4095 639 4144 et
665 4090 868 4146 Siciliae
889 4093 1028 4145 nota
1059 4108 1180 4145 esse
1198 4091 1326 4145 volo
1348 4089 1618 4144 omnibus
1635 4088 1899 4141 fidelibus

275 4180 616 4235 Christianis
642 4180 945 4247 beneficia,
977 4197 1104 4251 quae
1119 4179 1262 4233 mihi
1298 4178 1585 4251 peccatori
1621 4178 1901 4232 concessit

276 4271 424 4324 Deus
441 4268 797 4324 orationibus
838 4267 1145 4324 reverendi
1205 4268 1322 4323 mei
1369 4268 1563 4322 fratris
1598 4266 1899 4332 Brunonis,

1977 1884 2145 1950 teque
2184 1895 2314 1932 cum
2347 1878 2456 1933 illis
2486 1879 2676 1932 simul.
2696 1880 2945 1949 Exsurge
2964 1878 3587 1949 quamprimum,sume

1977 1985 2159 2035 arma,
2202 1968 2245 2021 si
2278 1969 2528 2023 liberare
2566 1973 2620 2023 te
2662 1970 2808 2022 Deus
2849 1967 3197 2039 permiserit,
3240 1971 3588 2039 tuorumque

1977 2058 2199 2111 animas
2230 2060 2639 2128 pugnatorum.
2672 2057 2770 2111 Hic
2790 2056 2929 2111 mihi
2944 2072 3048 2127 per
3062 2059 3249 2110 totum
3264 2056 3586 2124 videbatur,

1976 2147 2129 2200 velut
2161 2145 2205 2200 si
2227 2150 2371 2200 esset
2402 2162 2504 2217 per
2533 2145 2732 2199 omnia
2764 2144 3105 2199 venerabilis
3157 2146 3321 2215 pater
3378 2145 3588 2199 Bruno.

1981 2235 2420 2305 Expergcfactus
2446 2251 2572 2289 sum
2586 2250 2717 2288 cum
2740 2235 2959 2287 terrore
2987 2232 3215 2303 grandi,
3246 2248 3350 2303 pro
3376 2231 3593 2289 visione

1979 2338 2304 2393 pavescens.
2331 2322 2484 2376 Illico
2506 2323 2721 2393 sumpsi
2750 2338 2934 2388 arma,
2981 2323 3237 2375 clamans
3296 2319 3589 2389 militibus,

1982 2415 2041 2464 ut
2067 2411 2275 2465 armati
2306 2428 2483 2482 equos
2512 2410 2987 2477 conscenderent,
3034 2409 3337 2476 visionem,
3383 2408 3429 2463 si
3459 2424 3593 2465 vera

1982 2502 2147 2565 esset,
2181 2502 2447 2569 satagens
2476 2499 2877 2571 comprobare.

2057 2590 2146 2641 42.
2184 2610 2211 2637 ‹‹
2230 2588 2315 2642 Ad
2342 2604 2513 2659 quem
2545 2586 2846 2658 strepitum
2875 2590 2931 2641 et
2952 2588 3285 2659 clangorem
3309 2586 3595 2658 fugientes

1984 2668 2193 2739 impius
2245 2668 2478 2738 Sergius
2534 2668 2769 2739 ejusque
2825 2685 3096 2739 sequaces
3140 2667 3423 2722 subsecuti
3463 2670 3597 2722 sunt

1987 2757 2307 2828 principem
2325 2758 2554 2827 Capuae,
2580 2760 2878 2826 sperantes
2894 2756 3036 2809 sein
3062 2757 3274 2810 dictam
3305 2756 3593 2811 civitatem

1987 2845 2320 2915 confugium
2350 2844 2637 2898 habuisse.
2659 2844 2948 2915 Ceperunt
2972 2848 3166 2898 autem
3197 2844 3599 2910 milites,inter

1988 2934 2314 2986 vulneratos
2342 2935 2399 2985 et
2429 2948 2617 2999 sanos,
2652 2935 2884 2984 centum
2925 2928 3222 3000 sexaginta
3262 2932 3405 2986 duos
3433 2930 3594 2997 (224),

1990 3038 2023 3076 a
2052 3021 2257 3093 quibus
2286 3020 2564 3074 visionem
2588 3020 2710 3074 fore
2733 3035 2929 3072 veram
2944 3015 3466 3088 comprobavimus.
3487 3017 3595 3071 Re-

1988 3127 2180 3164 versus
2210 3125 2358 3172 sum,
2385 3110 2501 3162 Deo
2528 3110 2775 3173 volente,
2801 3105 3068 3159 vicesima
3099 3120 3255 3158 nona
3277 3104 3407 3157 Julii
3438 3121 3600 3159 men-

1988 3199 2061 3252 sis
2088 3196 2480 3269 Squillacium,
2510 3196 2811 3268 perhabita
2834 3194 2949 3261 [al.,
2995 3194 3335 3266 praehabita]
3393 3192 3599 3265 Capua:

1990 3286 2236 3352 civitate,
2273 3285 2367 3338 ubi
2387 3285 2585 3355 fuiper
2601 3283 2956 3355 quindenam
2981 3282 3319 3336 continuam
3345 3281 3604 3336 infirma-

1989 3379 2100 3430 tus.
2128 3375 2296 3429 Venit
2319 3392 2452 3430 vero
2479 3376 2602 3445 jam
2636 3374 2819 3428 dictus
2868 3372 3209 3427 venerabilis
3239 3373 3429 3427 Bruno
3469 3388 3615 3426 cum

1990 3468 2236 3535 quatuor
2256 3465 2326 3519 de
2353 3463 2626 3518 fratribus
2645 3464 2778 3529 suis,
2814 3462 2910 3534 qui
2940 3479 3034 3516 me
3065 3461 3180 3516 suis
3199 3461 3409 3516 sanctis
3431 3460 3603 3515 devo-

1990 3554 2173 3624 tisque
2194 3552 2491 3623 colloquiis
2522 3551 2801 3605 consolati
2831 3552 2982 3604 sunt.
3019 3549 3117 3604 Cui
3142 3550 3457 3605 reverendo
3481 3550 3603 3605 viro

1992 3642 2270 3695 visionem
2294 3641 2483 3705 retuli,
2518 3644 2575 3694 et
2600 3639 2845 3693 humiles
2874 3638 3089 3710 gratias
3119 3639 3230 3710 egi,
3259 3639 3356 3711 qui
3395 3640 3466 3693 de
3508 3656 3603 3694 me

1995 3730 2169 3785 etiam
2203 3730 2439 3783 absente
2462 3729 2574 3783 suis
2601 3729 2658 3781 in
2692 3727 3047 3782 orationibus
3078 3744 3275 3782 curam
3289 3728 3602 3782 habuisset.

2064 3818 2303 3882 43.«Qui
2349 3834 2407 3871 se
2455 3817 2750 3871 humiliter
2785 3817 3027 3871 asseruit
3070 3833 3189 3870 non
3226 3816 3415 3886 ipsum
3460 3817 3605 3885 fore,

1997 3924 2172 3979 quem
2205 3905 2445 3971 credidi,
2483 3906 2581 3959 sed
2614 3906 2711 3959 Dei
2733 3905 3027 3974 angelum,
3061 3905 3159 3975 qui
3195 3908 3342 3958 astat
3364 3904 3608 3977 principi

1997 4001 2261 4068 tempore
2276 3995 2411 4049 belli
2429 3995 2590 4065 (225).
2613 3994 2825 4064 Rogavi
2841 4009 3070 4064 quoque
3086 3993 3273 4063 ipsum
3290 3993 3605 4059 humiliter,

1998 4089 2062 4139 ut
2086 4088 2395 4155 propterea
2426 4083 2495 4137 de
2525 4083 2696 4137 rebus
2746 4081 2889 4135 meis
2932 4080 2991 4134 in
3046 4084 3201 4135 terra
3259 4080 3609 4152 Squillacen-

2001 4173 2046 4227 si
2078 4188 2305 4226 sumere
2358 4171 2696 4243 dignaretur
2742 4170 2934 4240 largos
2977 4170 3214 4236 reditus,
3255 4187 3400 4241 quos
3430 4170 3611 4225 dona-

2004 4261 2162 4315 bam.
2196 4261 2463 4317 Benuens
2494 4259 2608 4325 ille,
2663 4258 2920 4329 recipere
2963 4259 3118 4312 nolle
3168 4258 3412 4323 dicebat,
3461 4259 3617 4330 quod

278 4357 514 4428 piissimi
552 4358 730 4429 patris
765 4357 1035 4424 fratrum,
1084 4358 1180 4429 qui
1235 4357 1503 4412 habitant
1542 4356 1599 4410 in
1657 4354 1979 4413 ecclesiisD
2005 4349 2453 4404 adhocdomum
2469 4347 2744 4418 suipatris
2764 4362 3072 4417 meamque
3087 4346 3477 4412 dimisorat,ut
3496 4364 3620 4402 om-

277 4446 503 4501 Sanctae
527 4446 719 4502 Maria:
751 4447 821 4502 de
847 4464 1069 4513 eremo,
1108 4450 1165 4501 et
1183 4446 1377 4501 Sancti
1407 4444 1684 4515 Stephani
1716 4447 1907 4514 proto-

276 4535 702 4608 martyris,quze
734 4536 856 4590 sita:
884 4540 1016 4591 sunt
1036 4536 1094 4590 in
1116 4540 1273 4590 terra
1294 4533 1590 4588 meainter
1607 4533 1905 4614 oppidum,

280 4624 436 4694 quod
454 4624 662 4679 dicitur
692 4625 920 4692 Stilum,
947 4627 1007 4680 et
1028 4627 1301 4679 Arenam.
1336 4623 1478 4678 Cum
1511 4639 1691 4676 essem
1715 4622 1772 4675 in
1804 4620 1906 4675 ob-

280 4711 505 4767 sidione
548 4713 756 4785 Capua:
793 4714 935 4785 (223)
964 4713 1238 4768 Kalendis
1268 4711 1471 4779 Martii,
1524 4715 1580 4765 et
1618 4710 1902 4782 prmfecis-

348 4819 496 4887 (219)
516 4823 627 4875 Pro
667 4820 940 4892 principis
968 4820 1138 4891 hujus
1166 4820 1374 4873 notitia
1423 4818 1517 4873 adi
1572 4818 1899 4872 Comment.

283 4905 460 4959 praev.
488 4909 663 4963 num.
685 4895 787 4946 556
810 4897 868 4945 et
898 4908 1019 4963 seq.

353 4965 493 5041 (220)
530 4965 608 5017 De
640 4962 841 5016 fictitia
871 4959 999 5041 hac,
1033 4964 1103 5041 ut
1145 4964 1405 5041 apparet,
1442 4959 1626 5041 sancti
1662 4959 1903 5040 ejusque

284 5030 575 5092 sociorum
598 5050 705 5104 per
734 5034 1008 5087 comitem
1033 5030 1675 5104 Bogerium,venationi
1695 5046 1900 5104 vacan-

280 5112 425 5169 tem,
456 5100 787 5159 inventione
832 5104 1036 5158 videsis
1070 5100 1571 5156 Commentarium
1625 5100 1901 5171 prmvium

284 5196 445 5233 num.
481 5179 574 5230 541
607 5178 665 5229 et
695 5174 844 5246 binis
871 5192 1031 5246 seqq.

353 5250 501 5320 (221}
531 5246 677 5310 Quid
702 5246 772 5300 de
799 5242 1019 5320 duabus
1045 5245 1195 5320 hisce
1227 5243 1494 5320 ecclesiis,
1520 5260 1660 5320 quas
1678 5242 1735 5296 S.
1766 5243 1900 5295 Bru-

284 5313 424 5374 no'ni
449 5317 686 5387 ejusque
731 5317 915 5382 sociis,
943 5316 1137 5371 statim
1185 5319 1354 5387 atque
1385 5316 1552 5387 hosce
1582 5313 1660 5387 _in
1731 5330 1901 5387 specu

282 5384 519 5445 orantes
536 5384 853 5453 iii—venerat,
870 5404 1064 5441 comes
1088 5384 1364 5455 Rogerius
1390 5384 1899 5455 donarit,senlien-

283 5462 425 5516 dum
458 5461 550 5523 sit,
585 5458 999 5512 Commentarii
1032 5454 1225 5529 praevii
1254 5473 1414 5529 nu‘m.
1449 5458 1552 5529 570
1573 5454 1792 5529 aperui.

359 5535 501 5603 (222)
526 5529 683 5596 Vide,
709 5545 835 5600 qua}
866 5530 922 5585 in
962 5526 1102 5585 Vitae
1124 5526 1502 5603 praecedentis
1524 5529 1693 5598 caput
1732 5528 1762 5580 3
1796 5539 1898 5579 no-

287 5603 399 5662 tavi
425 5602 499 5660 ad
531 5605 650 5657 not.
689 5604 807 5659 137.

2008 4437 2148 4492 nino
2180 4438 2251 4491 de
2266 4438 2434 4490 rebus
2445 4436 2730 4490 extraneis
2749 4435 3363 4504 liber,deserviret,Deo
3375 4452 3496 4491 suo.
3522 4436 3620 4491 Hic

2010 4528 2199 4581 fuerat
2220 4526 2277 4579 in
2300 4529 2422 4579 tota
2451 4525 2627 4578 domo
2659 4540 2810 4589 mea,
2841 4522 3000 4595 quasi
3036 4523 3257 4594 primus
3288 4527 3347 4578 et
3371 4540 3618 4596 magnus

2008 4617 2172 4702 (226).
2190 4613 2447 4668 Tandem
2468 4612 2555 4666 vix
2588 4613 2660 4666 ab
2690 4627 2778 4702 eo,
2796 4612 3111 4682 impetrare
3140 4612 3321 4684 potui,
3349 4616 3413 4667 ut
3441 4614 3617 4684 gratis

2006 4700 2393 4777 acquiesceret
2405 4717 2633 4756 sumere
2648 4700 2942 4756 modicum
2957 4718 3167 4756 munus
3178 4701 3621 4757 meum.Donavi

2075 4814 2225 4883 (223)
2244 4808 2473 4883 Obsidio
2490 4809 2632 4883 Ιιτηο,
2662 4808 2822 4878 cujus
2844 4807 3204 4883 occasionem
3244 4805 3616 4883 Commenta-

2004 4877 2301 4955 rii'praevii
2327 4897 2487 4933 num.
2504 4882 2604 4933 635
2625 4877 2857 4948 exposui
2881 4895 3034 4933 anno
3052 4880 3186 4933 1098
3211 4877 3615 4948 evenitquem-

2006 4953 2321 5008 admodum
2356 4950 2773 5005 Commentarii
2794 4949 2985 5013 praevii
3008 4952 3036 5013 ξ
3060 4952 3129 5002 40
3159 4949 3345 5003 docui.

2006 4965 2321 5008 admodum
2356 4965 2773 5005 Commentarii
2794 4966 2985 5016 pI‘83V'll
3060 4965 3129 5002 -Ίιυ
3159 4965 3345 5003 (100111.

2086 4967 2321 5006 modum
2356 4967 2773 5005 Commentarii
2790 4967 2985 5029 prasvn
3008 4967 3035 5016 3
3060 4967 3129 5028 au
3159 4967 3345 5003 nocui.
3476 5017 3486 5027 .

2077 5026 2222 5092 (224)
2250 5026 2335 5076 An
2370 5022 2601 5091 Sergius
2637 5021 2743 5074 hos
2787 5024 2936 5092 inter
2983 5021 3175 5092 fuerit,
3221 5023 3305 5072 est
3355 5018 3613 5073 dubium.

2007 5091 2250 5150 Consule
2282 5110 2409 5164 quae
2438 5092 2497 5145 in
2512 5092 2650 5145 Vitae.
2682 5091 3058 5161 praacedentis
3083 5093 3255 5158 caput
3285 5092 3315 5144 3
3338 5093 3617 5145 aunotata

2006 5170 2139 5220 sunt
2169 5165 2240 5219 ad
2266 5167 2385 5217 not.
2426 5166 2545 5217 140.

2078 5240 2219 5305 1225)
2247 5234 2567 5309 Devisiope
2598 5233 2726 5299 hac,
2772 5230 2981 5309 comiti
3013 5229 3259 5309 Rogerio
3301 5230 3617 5309 insomnis

2003 5301 2217 5373 oblata,
2250 5305 2452 5359 vidcsis
2479 5301 2896 5359 Commentarii
2927 5301 3120 5373 prtevii
3155 5318 3317 5355 num.
3346 5304 3469 5355 641.

2073 5370 2209 5449 (221ῡῂ
2246 5377 2323 5430 Ne
2352 5393 2418 5430 ex
2442 5375 2528 5429 his
2554 5373 2778 5449 comitis
2810 5370 3062 5449 Bogerii,
3107 5372 3293 5425 verbis
3334 5376 3517 5442 putes,

2003 5442 2331 5503 Brinnonem
2360 5450 2493 5500 ante
2525 5461 2690 5499 suum
2723 5444 2780 5496 in
2806 5442 3163 5496 Carthusiam
3195 5460 3478 5497 secessum
3510 5444 3611 5498 ali-

2044 5520 2257 5574 uandiu
2291 5519 2457 5572 fuisse
2472 5517 2529 5569 in
2552 5514 2825 5585 principis
2846 5513 3004 5567 istius
3017 5515 3147 5567 aula
3173 5518 3479 5571 versatum.
3503 5515 3611 5574 Adi

2044 5538 2257 5574 uanum
2291 5538 2457 5572 IUISSB
2473 5538 2529 5569 1n
2552 5538 2825 5585 pl'lllUlplS
2846 5538 3147 5567 lsuusuum
3174 5538 3184 5565 γ

2001 5538 2416 5650 Commentarii
2442 5586 2634 5664 prwvii
2661 5603 2820 5643 num.
2852 5588 2946 5643 571
2984 5588 3041 5643 et
3064 5602 3184 5662 seq.
