4010 6032
238 317 347 373 553

1813 317 1995 375 ACTA

3454 341 3563 399 554

2146 498 3562 542 _.______________

896 654 1718 782 EPISTOLA
1820 658 2896 790 ENCYCLICAW’

225 913 269 960 a
307 893 380 960 S.
421 891 768 961 Brunonis
805 890 1683 1005 obituquuaquaversum
1722 891 2151 1005 nuutiarth
2192 898 2348 999 ejus
2396 898 2469 967 in
2500 904 2885 1005 ‘Tprritana
2937 929 3167 980 eromo
3213 911 3565 1005 discipuli,

981 980 1325 1071 solitaque
1355 1002 1477 1071 pro
1513 980 1703 1050 illius
1738 980 1969 1050 anima
2003 980 2333 1074 suffragia
2361 991 2811 1078 postularunt

298 1271 493 1365 Primo
523 1272 672 1365 loco,
702 1288 878 1365 quem
910 1270 1314 1365 primatumuet
1343 1270 1587 1365 caputin
1599 1270 1846 1365 Ecclesia
1865 1275 1920 1332 Α
1948 1273 2277 1365 sufficimus.
2319 1277 2389 1332 Ut
2414 1283 2607 1335 autem
2648 1283 2837 1339 sciatis
2866 1291 3082 1357 quanta
3128 1290 3354 1359 fiducia,
3383 1246 3581 1365 quam.

226 1360 515 1415 credimus
543 1363 599 1414 et
626 1360 995 1427 conﬁtemur,
1024 1360 1352 1430 apostolica:
1370 1359 1519 1414 sedis
1541 1360 1845 1430 praesulem

223 1450 525 1519 totamque
560 1447 722 1502 illam
754 1448 1133 1519 principalem
1183 1447 1399 1501 curiam
1448 1448 1693 1501 humiles
1731 1464 1850 1501 ere-

225 1536 383 1589 mitze
427 1535 705 1590 Calabria:
737 1536 1075 1591 monasterii
1122 1536 1346 1589 Sancta:
1392 1535 1490 1590 Dei
1547 1535 1848 1589 Genitricis

224 1623 436 1690 Marias,
470 1624 629 1695 cujus
644 1624 920 1679 fundator
940 1627 1105 1696 pater
1136 1624 1325 1677 Bruno
1356 1623 1463 1677 fuit
1477 1626 1533 1677 et
1552 1624 1844 1694 prazlatus,

226 1713 366 1767 dum
398 1712 459 1766 in
487 1729 658 1766 carne
686 1711 919 1777 viveret,
973 1711 1165 1765 debita
1218 1711 1572 1781 subjectione
1605 1728 1845 1765 venera-

224 1817 358 1854 mur
389 1804 447 1855 et
466 1802 800 1865 salutamus,
847 1799 1143 1871 sanctique
1174 1798 1359 1853 Patris
1407 1799 1588 1853 nostri
1621 1798 1843 1853 obitum

231 1888 414 1959 pridie
441 1889 631 1943 Nonas
645 1888 907 1942 Octobris
929 1887 1357 1953 denuntiamus,
1391 1890 1453 1940 ut
1494 1886 1717 1941 meritis
1746 1904 1841 1941 eo-

222 1992 354 2029 rum
378 1979 437 2029 et
464 1975 727 2048 precibus
759 1975 1061 2045 adjuvetur
1088 1975 1237 2045 apud
1282 1976 1484 2029 Deum.
1520 1973 1844 2029 Salutamus

224 2080 456 2135 quoque
478 2063 805 2117 universam
832 2066 1090 2117 sanctam
1114 2061 1420 2117 Ecclesiam
1452 2062 1512 2115 in
1546 2062 1842 2117 ordinibus

225 2155 283 2205 et
314 2151 767 2222 professionibus
808 2151 941 2218 suis,
985 2151 1311 2215 canonicos,
1346 2151 1680 2216 monachos,
1714 2166 1839 2203 ere-

224 2239 418 2306 mitas,
461 2241 576 2294 Deo
614 2239 828 2293 dicatas
852 2242 1076 2293 sanctas
1107 2238 1378 2309 virgines,
1408 2237 1613 2309 quibus
1640 2239 1696 2291 et
1722 2254 1843 2292 om-

225 2327 393 2382 nibus
416 2327 694 2398 spirituali
720 2331 1026 2399 praesentia
1051 2326 1490 2397 prosternimur,
1511 2329 1573 2379 ut
1590 2325 1845 2380 defuncti

222 2415 408 2469 Patris
454 2416 633 2470 nostri
674 2432 965 2469 memores
1010 2432 1129 2469 esse
1161 2414 1368 2481 velint;
1403 2416 1467 2467 ut
1497 2413 1716 2469 dilectas
1765 2414 1845 2468 illi

222 2503 435 2557 animae
463 2504 507 2557 si
530 2503 772 2557 adhaesit
821 2504 1047 2557 macula
1073 2504 1229 2570 (cum
1272 2502 1504 2557 non‘sit
1535 2502 1722 2572 justus
1750 2504 1848 2574 qui

228 2608 345 2645 non
364 2594 581 2661 peccet)
602 2591 993 2662 multiplicatis
1025 2590 1495 2645 intercessoribus
1527 2593 1583 2644 et
1612 2607 1847 2662 precum

222 2679 500 2733 instantia
526 2679 880 2750 detergatur,
910 2683 968 2733 et
998 2682 1252 2733 transeat
1283 2679 1355 2733 ad
1398 2678 1680 2750 requiem.
1713 2681 1846 2733 Pre-

229 2783 432 2821 camur
458 2784 687 2838 quoque
720 2771 781 2821 ut
802 2783 1279 2838 quorumcunque
1309 2768 1570 2821 locorum
1612 2782 1849 2837 congre-

224 2855 510 2927 gationes,
545 2858 641 2909 aut
670 2872 931 2926 personae
955 2854 1259 2927 religiosae,
1283 2854 1405 2924 eius
1421 2857 1600 2926 agant
1623 2871 1846 2909 memo-

224 2944 459 3010 riam,se
482 2943 826 2997 nominatim
849 2960 963 2996 non
982 2943 1175 3014 pigeat
1196 2943 1255 2996 in
1268 2943 1373 2997 hac
1390 2943 1588 2997 charta
1610 2944 1848 2997 subscri-

226 3033 362 3087 bere
382 3049 395 3099 ;
415 3031 728 3101 separatim
750 3047 903 3097 vero,
929 3031 973 3085 si
998 3031 1094 3101 qui
1125 3032 1324 3084 volunt
1348 3030 1395 3099 ej
1407 3047 1468 3084 us
1500 3030 1845 3084 memoriam

225 3119 495 3190 scriptam
519 3122 577 3173 et
598 3119 1054 3174 anniversariam
1072 3119 1397 3184 observare,
1416 3116 1761 3184 scribantur,
1785 3121 1848 3173 ut

224 3223 544 3278 congruam
575 3207 755 3262 vicem
789 3207 1030 3280 singulis
1055 3207 1463 3279 rependamus,
1491 3210 1663 3276 prout
1678 3205 1845 3278 pauci

300 3371 454 3431 (252)
482 3367 749 3439 Epistola:
782 3368 915 3422 huic
942 3382 1404 3439 quaquaversum
1428 3382 1493 3419 ex
1523 3382 1686 3439 more
1712 3368 1848 3420 tunc

227 3439 436 3493 usitato
465 3436 575 3498 (adi
605 3436 1023 3492 Commentarii
1064 3436 1260 3507 praevii
1308 3453 1469 3490 num.
1508 3438 1590 3508 24
1618 3439 1675 3489 et
1692 3439 1845 3508 seq.)

265 3526 329 3563 ro
375 3509 777 3564 annuntiando
808 3509 1088 3563 Bruuonis
1116 3507 1273 3562 obitu
1304 3507 1848 3579 missw,u_titulisque

265 3527 329 3563 ro
375 3527 777 3564 annunuanuo
809 3527 1088 3563 nruuonls
1116 3527 1273 3562 0mm
1304 3527 1515 3572 mlSStB,
1556 3527 1848 3579 lituusque

221 3527 583 3634 gunebribus
604 3596 704 3633 seu
736 3580 881 3633 datis
915 3580 988 3633 ad
1035 3580 1183 3633 hanc
1216 3577 1609 3648 responsoriis,
1634 3579 1849 3648 quaead

228 3651 373 3703 Vitae
405 3650 462 3703 S.
496 3649 800 3715 Brunonis,
826 3666 928 3719 per
954 3651 1275 3703 Puteanum
1308 3648 1530 3719 scripta:
1578 3664 1845 3719 annoque

227 3720 461 3774 circiter
491 3724 624 3774 1515
652 3721 801 3791 typis
823 3718 1236 3773 Basileensibus
1259 3718 1497 3791 ercusie,
1519 3718 1733 3791 calcem
1752 3718 1847 3791 ea-
1868 3729 1915 3788 ο

219 3792 522 3861 jiciuntur,
552 3778 821 3861 praeiiize,
850 3794 1073 3860 septem
1100 3778 1531 3861 praemittuntur
1558 3788 1841 3861 versiculi,

223 3858 321 3932 qui
340 3858 673 3932 ibidem—pro
700 3863 879 3915 altero
898 3858 1089 3915 Sancti
1104 3858 1840 3932 ’epitaphio-obtruduntur;

223 3928 321 3985 alii
352 3935 547 3985 autem
570 3928 800 3985 titulum
834 3928 1162 3995 funebrem,
1184 3928 1296 4001 quo
1315 3931 1385 3983 ab
1410 3928 1544 3999 ipsis
1565 3929 1843 4001 religiosis

220 4002 543 4080 Turritanaz
574 4002 988 4080 eremi_incol_is
1011 3999 1219 4055 Sancto
1244 4004 1616 4080 parentatum
1648 3999 1838 4066 fuerit,

223 4089 345 4126 esse
380 4072 506 4127 illos
526 4073 906 4126 contendunt.
938 4073 1146 4125 Verum
1178 4070 1320 4124 mihi
1354 4086 1456 4123 nec
1500 4086 1702 4135 unum,
1736 4086 1841 4123 nec

223 4143 474 4196 alterum
513 4143 727 4213 placet;
763 4160 878 4197 non
910 4143 1185 4212 primum,
1221 4142 1375 4211 quod
1403 4140 1679 4213 epitaphii
1710 4157 1837 4213 spe:

222 4213 373 4266 ciem
395 4211 665 4283 praeferre
684 4213 836 4267 haud
861 4211 1161 4266 videantur
1181 4229 1194 4276 ;
1215 4227 1329 4265 non
1343 4211 1842 4283 secundum,quod

222 4281 515 4361 versiculis
534 4283 643 4361 illis
663 4284 865 4361 adjam
887 4283 1080 4361 datam
1101 4281 1838 4361 epistolamuquodtapien,

221 4357 287 4407 ut
299 4354 530 4407 titulum
553 4351 856 4407 funebrem
881 4351 1316 4417 constituerent,
1337 4368 1404 4405 ex
1421 4351 1583 4405 dictis
1596 4351 1653 4405 in
1672 4351 1839 4404 Com-

222 4424 513 4477 mentario
538 4424 749 4491 praevio
779 4440 939 4476 num.
976 4425 1042 4477 2t
1069 4426 1216 4476 esset
1252 4438 1568 4488 necessum,
1602 4438 1839 4491 respon-

221 4511 349 4548 sum
376 4494 530 4548 haud
553 4495 743 4547 fuerit.
776 4494 846 4547 Ut
877 4496 938 4546 ut
970 4493 1060 4553 sit,
1093 4493 1461 4563 ethopmiam,
1494 4491 1677 4562 quaS.
1700 4491 1839 4563 Bru-

222 4564 393 4618 nonis
435 4580 624 4617 mores
652 4564 848 4617 lectori
876 4564 948 4616 ob
987 4565 1180 4617 oculos
1214 4562 1527 4634 ponuntur,
1570 4562 1723 4634 haud
1748 4562 1842 4634 in-

222 4638 355 4705 epte
372 4634 602 4705 dixeris,
621 4651 724 4687 nec
740 4635 878 4688 mihi
904 4650 1036 4687 vero
1054 4632 1287 4705 prorsus
1298 4635 1539 4705 apparet
1555 4632 1836 4698 absimile,

222 4703 454 4783 a'sancti
475 4704 781 4783 discipulis,
810 4721 944 4775 quo,
966 4703 1148 4783 qualis
1168 4704 1256 4757 hic
1285 4703 1838 4783 fuissentnutcuiuque

223 4776 520 4840 docerent,
539 4772 794 4845 epistola
818 4772 1115 4845 encyclicae
1127 4775 1249 4843 jam
1270 4774 1417 4845 datae
1444 4772 1613 4845 fuisse
1640 4772 1840 4845 adjun-

1870 2555 1919 2614 B

1939 4632 2042 4695 las,

1950 1364 2107 1416 certa
2141 1380 2239 1434 spe
2274 1365 2631 1423 liberationis
2667 1372 2788 1441 ejus
2826 1391 3021 1445 preces
3060 1376 3332 1447 fundatis,
3376 1364 3559 1436 trans-

1948 1448 2092 1503 itum
2121 1451 2267 1506 illius
2292 1456 2492 1525 [supple
2524 1458 2618 1517 ad]
2651 1460 2956 1516 utilitatem
2992 1463 3148 1519 brevi
3181 1466 3346 1521 titulo
3393 1468 3560 1523 inno-

1948 1539 2238 1607 tescimus,
2260 1546 2321 1595 ut
2340 1542 2397 1596 in
2412 1545 2593 1598 sancti
2618 1546 2719 1600 viri
2744 1552 3242 1609 consummatione
3258 1555 3559 1611 veritatem

1948 1631 2005 1681 et
2034 1629 2449 1700 perfectionem
2490 1636 2793 1691 transacta}
2842 1638 2972 1693 vitae
3013 1642 3311 1714 colligatis.
3366 1644 3560 1700 Sciens

1946 1716 2079 1786 quia
2106 1717 2263 1771 venit
2292 1719 2435 1773 hora
2466 1721 2586 1792 ejus
2616 1726 2679 1776 ut
2710 1726 2962 1780 transeat
2986 1745 3053 1781 ex
3094 1730 3201 1783 hoc
3236 1732 3454 1786 mundo
3487 1732 3562 1788 ad

1945 1806 2198 1872 Patrem,
2227 1808 2550 1863 convocatis
2580 1810 2851 1866 fratribus
2875 1814 3007 1881 suis,
3038 1817 3109 1870 ab
3149 1818 3273 1887 ipsa
3316 1819 3562 1875 infantia

1943 1893 2199 1963 singulas
2227 1899 2425 1949 aetates
2462 1914 2591 1950 suas
2631 1900 2944 1971 replicavit,
2978 1905 3034 1955 et
3076 1903 3251 1958 totius
3279 1906 3559 1977 temporis

1944 1982 2027 2035 sui
2054 1982 2289 2036 scientia
2314 1988 2371 2037 et
2399 1986 2685 2040 sententia
2722 1988 2963 2058 dignum
3010 1992 3403 2059 proclamavit.
3447 1995 3555 2049 Po-

1945 2071 2066 2123 stea
2090 2070 2265 2124 fidem
2295 2088 2457 2125 suam
2482 2073 2553 2126 de
2566 2074 2841 2130 Trinitate
2869 2080 3161 2146 protracto
3190 2083 3245 2133 et
3265 2081 3554 2151 profundo

1944 2174 2214 2211 sermone
2232 2160 2488 2230 exposuit
2501 2165 2557 2214 et
2574 2163 2848 2217 conclusit
2877 2164 2955 2218 sic
2981 2182 3042 2218 :«
3066 2165 3247 2221 Credo
3266 2168 3443 2222 etiam
3474 2186 3559 2224 sa-

1945 2250 2242 2300 cramenta
2272 2264 2400 2317 quae
2422 2251 2618 2302 sancta
2643 2250 2826 2304 credit
2865 2255 2923 2305 et
2953 2257 3263 2307 veneratur
3291 2255 3558 2324 Ecclesia,

1946 2336 2004 2387 et
2024 2332 2373 2387 nominatim
2401 2352 2614 2407 panem
2641 2341 2699 2391 et
2740 2337 2935 2393 vinum
2973 2356 3100 2410 qua:
3148 2345 3559 2397 consecrantur

1945 2420 2007 2473 in
2035 2421 2221 2487 altari,
2256 2425 2385 2492 post
2423 2424 2919 2480 consecrationem
2958 2444 3157 2482 verum
3207 2445 3413 2500 corpus
3443 2447 3564 2486 esse

1948 2510 2179 2563 Domini
2205 2511 2383 2564 nostri
2404 2513 2534 2566 Jesu
2565 2512 2789 2580 Christi,
2810 2530 3005 2569 veram
3032 2533 3266 2571 carnem
3290 2521 3347 2571 et
3362 2535 3561 2575 verum

1948 2598 2289 2668 sanguinem
2322 2615 2448 2671 quin
2480 2603 2537 2653 et
2588 2617 2691 2655 nos
2722 2602 3031 2673 accipimus
3067 2604 3124 2658 in
3165 2605 3589 2663 remissionem’

1948 2689 2316 2755 peccatorum
2349 2691 2679 2743 nostrorum
2709 2692 2767 2743 et
2808 2690 2865 2743 in
2895 2708 2994 2761 spe
3026 2693 3219 2746 salutis
3248 2696 3502 2750 aeternae.
3532 2713 3565 2748 »

1949 2775 2218 2830 Proxima
2249 2777 2340 2831 die
2367 2777 2668 2831 Dominica
2698 2781 2896 2831 sancta
2922 2778 3021 2832 illa
3049 2779 3245 2834 anima
3269 2798 3440 2835 carne
3472 2798 3563 2836 so-

1948 2864 2068 2917 luta
2097 2866 2181 2917 est
2217 2864 2398 2935 pridie
2421 2865 2609 2918 Nonas
2641 2865 2901 2920 Octobris
2932 2882 3084 2920 anno
3112 2868 3343 2922 Domini
3374 2869 3561 2923 mille-

1948 2950 2093 3005 simo
2124 2951 2439 3007 centesimo
2472 2952 2678 3023 primo.
2718 2952 2887 3007 Orate
2918 2970 3022 3025 pro
3057 2970 3124 3009 eo
3173 2957 3231 3008 et
3260 2971 3364 3026 pro
3398 2956 3566 3012 nobis

1948 3040 2363 3110 peccatoribus.
2400 3041 2656 3094 Fratrem
2686 3045 2970 3109 nostrum,
3002 3042 3209 3096 harum
3240 3042 3563 3099 litterarum

1946 3130 2214 3195 latorem,
2248 3128 2590 3183 obedientiaa
2623 3128 2811 3200 gratia
2836 3130 3326 3200 peregrinantem,
3362 3135 3562 3189 vestra:

1952 3216 2217 3271 charitati
2247 3218 2746 3272 commendamus.
2779 3218 2993 3272 Valete.

1951 3376 2143 3448 exigit.
2176 3376 2265 3431 Sic
2294 3377 2511 3432 habent
2544 3394 2557 3431 :

2022 3465 2305 3519 Laudatus
2326 3467 2514 3520 Bruno
2544 3465 2653 3519 fuit
2688 3465 2745 3520 in
2774 3464 2967 3521 multis
2998 3468 3056 3520 et
3081 3466 3140 3520 in
3168 3483 3304 3522 uno.

2018 3535 2115 3608 Yir
2138 3536 2245 3589 fuit
2274 3537 2509 3608 aequalis
2538 3536 2688 3603 vitae,
2736 3536 2822 3590 vir
2851 3536 2909 3590 in
2941 3538 3050 3591 hoc
3083 3537 3362 3608 specialis.

2020 3605 2260 3677 Semper
2289 3605 2412 3660 erat
2437 3607 2581 3661 festo
2615 3608 2790 3674 vultu,
2830 3623 3097 3662 sermone
3112 3605 3414 3662 _modesto.

2018 3675 2174 3730 Cum?
2188 3680 2408 3731 terrore
2438 3678 2615 3747 patris
2645 3678 2987 3732 monstravit
3016 3677 3232 3732 viscera
3260 3679 3482 3733 matris.

2014 3746 2207 3800 Nullus
2266 3764 2398 3801 eum
2440 3746 2777 3818 imagnum,
2836 3747 2936 3801 sed
2988 3748 3195 3803 mitem
3265 3748 3441 3803 sensit
3499 3754 3562 3804 ut

2341 3859 2369 3889 ,γ
2535 3887 2543 3889 _
2846 3888 2852 3889 ί
2900 3887 2907 3889 _
3152 3888 3157 3889 ί
3192 3825 3448 3889 [agnum.

2016 3891 2251 3944 Prorsus
2274 3888 2331 3942 in
2359 3888 2468 3943 hac
2498 3887 2610 3941 vita
2637 3903 2803 3942 verus
2832 3887 2939 3942 fuit
2969 3888 3243 3942 Israelita.

2013 3961 2173 4013 Hunc
2202 3962 2345 4014 Deus
2383 3977 2416 4013 a
2445 3958 2627 4029 poenis
2657 3974 2816 4028 rape,
2849 3958 3077 4013 sedibus
3103 3958 3256 4013 infer
3287 3959 3551 4015 amoenis.

2014 4068 2190 4120 Porro
2233 4063 2711 4119 Adnotationibus
2761 4064 3059 4129 nonnulla,
3102 4080 3231 4134 quae
3276 4064 3337 4118 in
3386 4064 3553 4119 fune-

1941 4137 2140 4191 bribus
2169 4136 2363 4190 Sancti
2403 4135 2622 4191 Titulis.
2651 4135 2774 4205 jam
2808 4150 2939 4188 mox
2970 4134 3064 4205 hic
3093 4134 3422 4201 subdendis,
3458 4152 3551 4189 oc-

1942 4211 2197 4273 currunt,
2258 4204 2672 4259 illustraturum
2725 4221 2840 4271 me,
2879 4204 2939 4257 in
2971 4204 3295 4258 Comment.
3342 4206 3557 4275 praevio.

1943 4294 2105 4332 num.
2153 4278 2221 4331 24
2252 4276 2602 4347 signiﬁcavi;
2638 4292 2709 4329 ne
2740 4279 2935 4347 autem
2966 4275 3354 4347 supposititios
3381 4276 3553 4331 hosce

1944 4365 2063 4403 esse
2090 4348 2215 4418 quis
2241 4350 2421 4417 putet,
2455 4348 2715 4399 locorum
2746 4346 2921 4400 etiam
2958 4361 3274 4418 sacrorum,
3305 4362 3553 4416 quorum

1942 4415 2178 4473 nomine
2199 4415 2520 4488 signantur,
2549 4420 2801 4488 aetatem,
2832 4432 2962 4470 cum
2992 4419 3192 4486 potero
3222 4415 3393 4486 idque
3421 4432 3555 4488 con-

1943 4491 2149 4543 ducere
2176 4486 2522 4551 existimaro,
2552 4487 2836 4551 indicabo,
2876 4490 2975 4539 aut
3003 4490 3175 4549 certe,
3209 4503 3282 4540 an
3323 4489 3381 4539 et
3415 4486 3553 4556 quid

1944 4560 2013 4613 de
2042 4560 2108 4612 iis
2133 4559 2452 4628 comperire
2489 4557 2848 4628 potissimum
2873 4556 3327 4628 potuerim,post
3355 4556 3549 4626 singu-

2111 4627 2280 4682 uibus
2305 4629 2483 4681 dictos
2509 4628 2704 4681 titulos
2735 4627 3077 4679 discreturus
3098 4627 3246 4692 sum,
3271 4628 3552 4681 sectiones

1942 4697 2178 4763 notabo,
2212 4699 2343 4751 licet
2373 4697 2607 4751 interim
2638 4697 2794 4763 vitia,
2829 4697 3034 4767 quibus
3072 4697 3129 4749 lii
3177 4700 3378 4751 contra
3423 4713 3553 4767 pro-

1940 4770 2113 4824 sodize
2142 4772 2425 4848 rectaeque
2470 4768 2910 4848 construction'is
2937 4769 3092 4848 leges
3121 4767 3409 4848 laborant,
3435 4768 3553 4848 ple-

221 4849 362 4900 ctos.
390 4846 459 4899 Ut
483 4832 626 4916 illos
657 4845 823 4906 adeo,
868 4832 1181 4916 antequam
1223 4844 1296 4898 ad
1332 4844 1527 4916 titulos
1565 4832 1839 4916 funebres
1936 4857 2181 4916 rumque
2214 4832 2595 4916 inobservata,
2629 4838 2783 4909 quod
2814 4832 3019 4892 nimis'
3037 4838 3361 4910 frequentia
3397 4832 3548 4906 rsint,

224 4914 597 4988 progrediar,
647 4916 757 4970 huc
811 4915 985 4970 etiam
1022 4909 1207 4970 ’Πιοᾶο
1249 4914 1649 4982 transcribam,
1683 4915 1839 4968 locus
1937 4909 2231 4984 praeterire
2256 4909 2327 4965 sit
2354 4910 2551 4964 ﬁxum.

526 5659 758 5715 Punon.
793 5655 944 5713 CLII.

3130 5655 3201 5711 ,13
