4010 6032
438 336 540 389 563

436 455 494 511 Si
524 456 870 512 tormentari
891 458 1288 529 prohiberent,
1324 464 1495 534 atque
1530 466 1738 533 vorari,

437 546 492 601 Si
525 563 716 617 prosa,
740 548 826 599 vel
858 564 1051 601 versus
1077 553 1315 619 possunt
1342 554 1603 608 conferre
1632 558 1896 611 salutem.

437 635 579 689 Cum
610 635 851 707 strepitu
881 636 1031 690 vocis
1050 641 1215 692 sonet
1246 656 1383 709 ergo
1418 644 1669 698 melodia
1693 647 1898 709 cordis,

437 723 509 776 Ut
529 739 717 793 prosa,
744 726 828 777 vel
862 741 1072 792 versus,
1103 727 1257 797 quod
1287 729 1566 796 continet,
1590 732 1646 785 id
1671 733 2042 801 meditemur,

439 811 715 882 Quodque
729 816 915 878 sonat,
945 813 1067 866 ﬁeri
1092 815 1403 870 Dominum
1428 818 1498 871 de
1526 820 1697 874 corde
1716 838 2040 891 precemur.

438 900 627 953 Bruno
653 899 824 970 digne
848 903 1029 971 pater,
1062 904 1122 954 ut
1149 918 1216 956 eo
1244 904 1475 958 salveris
1498 907 1569 960 ab
1603 907 1757 978 igne,

440 986 545 1051 Qui
578 1004 695 1041 non
716 988 1024 1057 justorum,
1047 989 1146 1043 sed
1172 1008 1401 1061 semper
1427 994 1535 1047 erit
1563 998 1970 1065 reproborum.

440 1076 507 1129 Et
537 1075 581 1128 si
612 1075 747 1146 quid
772 1076 964 1129 minus
991 1080 1092 1142 est,
1127 1079 1280 1148 quod
1314 1097 1429 1135 non
1462 1083 1739 1153 perfectio
1772 1085 1971 1152 donet,

438 1163 499 1217 Id
526 1163 628 1218 tibi
654 1164 858 1217 donari
890 1164 1203 1219 defectibus
1224 1171 1280 1220 et
1309 1172 1656 1240 supperaddi

441 1250 645 1305 Nostra
676 1252 782 1305 luis
810 1252 985 1323 possit
1012 1254 1260 1322 devotio,
1290 1256 1334 1308 si
1368 1259 1515 1313 Deus
1539 1260 1718 1315 audit.

439 1338 551 1393 Sed
572 1341 719 1394 Deus
749 1340 963 1405 audiet,
1002 1344 1059 1394 et
1084 1342 1275 1411 faciet,
1310 1346 1611 1416 quiajusla
1641 1365 1934 1420 rogamus.

438 1428 648 1482 Audiat
678 1445 815 1499 ergo
844 1430 1009 1496 Deus,
1038 1432 1096 1483 et
1116 1430 1212 1484 det
1242 1449 1368 1503 quae
1392 1435 1547 1505 justa
1572 1453 1866 1507 rogamus,

439 1516 513 1571 Ut
541 1516 643 1571 tibi
673 1517 787 1571 ﬁne
818 1534 1021 1571 carens
1046 1520 1289 1574 cmlestis
1338 1522 1429 1576 lux
1478 1524 1735 1578 tibuatur

441 1605 509 1659 Et
538 1608 729 1659 tecum
762 1605 992 1673 nostris,
1024 1610 1081 1660 et
1113 1609 1331 1662 cunctis
1356 1610 1445 1664 hic
1474 1613 1735 1666 titulatis.

750 1692 810 1749 δ’.
846 1692 1107 1748 Germani
1132 1696 1429 1751 Parisiensi
1447 1716 1527 1769 ep.
1561 1702 1733 1771 (293).

439 1782 527 1836 26.
560 1779 838 1834 Mentibus
858 1780 916 1834 in
949 1783 1160 1836 nostris
1184 1784 1419 1839 deberet
1448 1804 1676 1858 semper
1704 1788 1906 1843 haberi

441 1868 576 1935 Lux,
600 1869 658 1923 in
691 1885 804 1940 qua
829 1870 1061 1940 reprobi
1088 1873 1242 1926 mala
1272 1874 1496 1941 tollent,
1530 1893 1629 1929 seu
1682 1877 1837 1932 bona
1882 1875 2043 1947 justi.

439 1956 597 2010 Hanc
627 1956 821 2010 timuit
846 1958 1057 2025 Bruuo,
1098 1960 1312 2029 sophiae
1341 1963 1439 2032 qui
1473 1981 1633 2017 verus
1656 1968 1902 2031 amator,

441 2044 604 2098 Exuit
632 2044 723 2098 hic
753 2048 1006 2099 veterem
1045 2048 1276 2101 mortali
1309 2066 1481 2104 carne
1507 2056 1831 2122 parentem.

439 2133 630 2202 Ipsum
652 2132 722 2187 de
752 2137 909 2187 terra
933 2134 1186 2189 Christus
1213 2137 1438 2191 devexit
1465 2139 1536 2193 ad
1570 2144 1742 2195 astra.

440 2219 611 2274 Serve
639 2220 740 2274 Dei
772 2221 983 2287 Bruno,
1018 2225 1073 2275 te
1095 2224 1361 2294 suscipiat
1388 2230 1515 2279 tuus
1542 2233 1758 2285 auctor.

437 2311 720 2377 Perpetua
746 2309 923 2380 possis
953 2309 1033 2363 uti
1065 2313 1261 2381 requie
1289 2315 1562 2383 paradisi,

439 2396 596 2450 Hanc
624 2397 877 2451 habeant
899 2413 1101 2451 omnes
1126 2401 1305 2454 nostri
1323 2404 1625 2475 cunctique
1649 2406 1863 2460 fideles.

791 2483 855 2541 S.
883 2484 1143 2554 Maglorii
1166 2488 1489 2545 Parisiensis
1521 2493 1686 2562 (294).

435 2576 524 2627 27.
554 2572 815 2627 Occiduis
842 2573 1048 2627 Morbis
1078 2577 1363 2643 resolutis,
1398 2595 1497 2632 cur
1526 2581 1682 2634 dolet
1701 2582 1856 2635 orbis
1876 2583 1904 2637 ?

438 2661 790 2730 Consumpta
821 2676 1010 2731 pcena,
1045 2662 1091 2715 si
1122 2678 1261 2733 pace
1292 2666 1561 2721 fruuntur
1587 2685 1838 2735 amoma,

437 2749 561 2804 Non
595 2765 737 2819 opus
768 2753 853 2804 est
875 2749 1071 2816 ﬂendi,
1105 2752 1238 2822 quia
1268 2755 1524 2825 gaudent
1554 2757 1678 2812 luce
1707 2760 1969 2827 perenni.

436 2838 531 2891 Est
562 2837 736 2893 homo
768 2838 1122 2893 laudandus:
1156 2843 1354 2895 tamen
1369 2846 1453 2896 est
1484 2844 1589 2898 hac
1604 2862 1702 2899 vos
1720 2846 2031 2916 juvandus,

435 2927 611 2981 Parce
642 2926 997 2998 Redemptor
1026 2927 1077 2981 ei
1103 2931 1348 2983 terrena:
1369 2932 1650 2987 materiei.

826 3013 889 3071 δ’.
929 3014 1079 3070 Petri
1113 3014 1439 3072 Fossatensis
1484 3020 1651 3089 (295).

508 3105 597 3159 28.
630 3102 841 3157 Anima
889 3102 1010 3172 ejus
1036 3103 1095 3157 in
1124 3103 1327 3160 Christi
1379 3109 1617 3163 nomine
1641 3110 1960 3181 requiescat
1984 3110 2045 3167 in

1550 3196 1728 3268 [pace.
1761 3201 1968 3253 Amen.

438 3278 527 3333 Nil
559 3280 800 3349 prosunt
831 3278 1061 3347 animm;
1084 3295 1274 3334 versus
1303 3281 1346 3334 si
1379 3282 1569 3337 fecero
1594 3285 1750 3339 mille.
1777 3304 1790 3354 ;

508 3371 620 3426 Vos
650 3376 810 3427 orate
835 3376 1057 3440 tamen,
1089 3391 1230 3445 pace
1259 3376 1533 3447 quiescat,
1566 3396 1760 3433 amen.

511 3528 655 3609 (293)
683 3528 850 3609 Aliud
878 3530 1105 3609 Porisiis
1151 3530 1208 3585 8.
1241 3532 1531 3609 Germani,
1567 3536 1899 3590 Parisiensis
1926 3538 2046 3609 epi—

441 3599 617 3679 scopi,
629 3601 1072 3679 scuntemplum,
1091 3618 1190 3679 seu
1219 3605 1569 3679 monasterio
1592 3623 1710 3661 non
1739 3611 1845 3672 est,
1873 3599 2048 3679 quam

442 3668 603 3751 quod
615 3669 685 3751 δ’.
714 3668 1013 3751 Germanus
1031 3690 1063 3725 a
1081 3672 1271 3751 Pretio
1280 3674 1524 3751 d_i_citur_;
1549 3693 1725 3747 quare
1743 3668 1872 3751 hoc,
1889 3668 2051 3751 quod

431 3740 560 3815 jam
590 3740 788 3815 inde_a
816 3743 1020 3815 saeculo
1054 3746 1213 3815 sexto
1245 3740 2050 3815 fuitfundamentumﬁu‘hac

440 3812 880 3889 Subjectijituli
908 3813 1278 3889 inscriptione
1306 3815 1595 3889 designari
1625 3822 1784 3889 puto.

510 3885 654 3959 (294)
690 3883 1043 3959 Exstinctum
1071 3883 1361 3959 modoest
1390 3883 1519 3959 hoc,
1566 3883 1723 3959 quod
1767 3889 1864 3944 diu
1915 3894 2050 3945 ante

442 3953 500 4009 S.
536 3953 818 4025 Brunonis
861 3958 1094 4009 aetatem
1132 3955 1437 4010 fundatum
1480 3953 1689 4025 fuerat,
1733 3960 2051 4015 Parisiense

441 4024 898 4098 monasterium._
918 4024 1026 4078 Adi
1072 4025 1312 4079 Galliam
1366 4028 1747 4083 Christianam
1798 4035 2047 4098 auctam,

445 4095 690 4173 0016296
708 4097 780 4173 ,θεν
796 4094 989 4173 tribus
1019 4110 1178 4173 seqq:

516 4165 656 4233 (295)
691 4162 934 4233 Additur
955 4164 1012 4216 in
1043 4162 1569 4221 Basileensihorum
1602 4168 1903 4223 titulorum
1937 4171 2053 4224 edi-

444 4231 632 4287 tione:
670 4231 785 4298 Quo
818 4233 925 4286 loco
968 4240 1179 4287 sanctus
1214 4234 1444 4290 Maurus
1483 4239 1625 4292 beati
1663 4238 1943 4294 Benedicti
1967 4241 2050 4295 di-

1291 337 1325 391 S
1381 338 1725 397 BRUNONIS
1766 340 2397 400 CARTHUSIANORUM
2433 343 2898 402 INSTITUTORIS

2060 470 2116 529 Α
2171 463 2174 465 λ

2072 1787 2124 1845 Β

3648 348 3760 403 564-

2252 467 2314 524 S’.
2350 467 2538 523 Crucis
2572 467 2869 541 Sanctique
2903 468 3135 523 Faronis
3162 469 3445 525 Meldensis
3476 472 3642 542 (296).

2146 559 2233 611 29.
2265 557 2537 627 Cognitus
2563 558 2666 611 iste
2692 558 2827 612 satis
2880 559 3144 613 doctrina
3189 564 3312 613 erat
3367 563 3539 631 atque
3572 559 3759 614 beatis

2144 644 2391 698 Moribus
2421 649 2479 698 et
2507 647 2621 700 vita
2652 648 2842 701 Bruno
2875 648 3101 717 sapiens
3132 648 3395 714 eremita,

2146 733 2446 804 Principiis
2473 734 2692 805 primis,
2724 735 2986 803 summis,
3014 737 3273 807 fulgebat
3303 741 3360 790 et
3386 736 3536 790 imis.

2146 822 2281 875 Post
2312 823 2628 876 monachus
2658 823 2858 888 factus,
2885 824 3009 893 jam
3061 825 3251 879 ccelica
3285 824 3496 896 gaudia
3530 827 3755 879 nactus.

2147 910 2287 963 Ecce
2299 910 2458 979 jacet
2486 912 2674 967 Bruno
2704 914 2927 966 tumulo
2955 915 3250 968 conclusus
3274 913 3333 968 in
3366 928 3502 969 uno.

2146 997 2289 1051 Nam
2332 998 2409 1052 sic
2443 1000 2725 1054 tolluntur
2755 1001 3062 1070 sapientes,
3095 1002 3235 1055 dum
3263 1002 3610 1077 moriuntur,

2148 1086 2210 1139 In
2240 1086 2440 1140 domni
2462 1091 2668 1155 castra;
2702 1089 2977 1159 pollentia
3009 1090 3253 1161 desuper
3282 1093 3453 1143 astra.

2149 1174 2345 1227 Nullus
2376 1176 2636 1241 miretur,
2669 1176 2713 1229 si
2744 1178 2933 1231 Bruuo
2966 1182 3194 1232 sanctus
3224 1179 3499 1232 habetur:

2149 1262 2266 1315 Hoc
2297 1263 2510 1316 meruit
2534 1263 2648 1317 vita
2678 1264 2787 1318 dici
2817 1267 3071 1337 semplex
3100 1267 3361 1320 eremita.

2148 1351 2221 1403 At
2245 1350 2291 1403 si
2316 1351 2568 1420 peccavit
2588 1353 2741 1423 quod
2772 1354 3018 1407 necdum
3052 1354 3199 1409 forte
3228 1354 3423 1424 piavit,

2149 1438 2265 1493 Hoc
2286 1439 2392 1493 sibi
2425 1439 2717 1495 condonet
2749 1442 3046 1509 Dominus,
3079 1444 3335 1513 coeloque
3368 1444 3625 1496 coronet.

2431 1527 2492 1583 S.
2528 1528 2683 1582 Petri
2708 1527 3036 1583 Casiacensis
3061 1532 3280 1584 cccnobii
3299 1531 3466 1599 (297).

2149 1616 2235 1669 30.
2273 1614 2377 1678 Qui
2409 1633 2514 1687 pro
2547 1618 2727 1671 salute
2766 1619 3073 1672 hominum
3114 1619 3383 1689 dignatus
3413 1621 3496 1673 est
3525 1618 3649 1672 ﬁeri

2149 1704 2354 1771 Homo,
2379 1704 2651 1775 dignetur
2681 1707 2997 1761 concedere
3022 1707 3251 1761 veniam
3278 1710 3465 1762 vestro
3484 1710 3758 1779 patrono.

2787 1812 3025 1867 SECTlO
3052 1815 3117 1871 ll.

2282 1898 2495 1953 Titulus
2521 1902 2743 1955 ecclesiae
2765 1901 2825 1957 S.
2860 1900 3057 1955 Maria?
3076 1900 3415 1955 Carnotem‘is
3445 1902 3615 1973 (298).

2153 2007 2238 2059 31.
2270 2006 2530 2061 Ecclesiae
2559 2024 2757 2061 murus
2788 2009 2976 2062 Bruuo
3008 2008 3115 2061 fuit
3143 2008 3298 2063 haud
3328 2008 3610 2062 ruiturus:

2152 2094 2296 2148 Nam
2328 2096 2532 2162 bonus,
2558 2101 2728 2167 atque
2750 2096 2858 2167 pize
2904 2096 3114 2150 mentis
3158 2096 3286 2163 fuit,
3312 2101 3483 2167 atque
3516 2096 3761 2166 sophiae.

2153 2184 2363 2237 Doctor
2401 2187 2523 2237 erat
2551 2200 2714 2237 verus
2744 2200 2755 2237 :
2786 2184 2922 2237 ﬂeat
2948 2185 3133 2255 ipsum
3166 2185 3327 2255 plebs
3354 2185 3506 2238 bona
3551 2185 3760 2238 clerus.

2148 2272 2361 2338 Justus,
2394 2272 2667 2339 sincerus,
2705 2289 2935 2327 morum
2962 2273 3240 2344 gravitate
3267 2289 3495 2327 severus

2150 2360 2399 2414 Mortuus
2432 2363 2516 2414 est
2548 2362 2761 2427 Bruno,
2796 2361 3111 2432 pugnando
3143 2377 3278 2431 rege
3307 2362 3409 2415 sub
3442 2378 3576 2415 uno.

2154 2447 2261 2511 Qui
2291 2448 2369 2502 sic
2403 2449 2698 2520 pugnavit,
2733 2449 2897 2503 Ducis
2927 2451 3118 2503 hostes
3156 2449 3311 2520 quod
3339 2450 3648 2520 superavit.

2151 2534 2321 2605 Cujus
2352 2536 2516 2590 miles
2536 2540 2679 2602 erat,
2713 2540 3065 2608 quapropter
3093 2536 3337 2607 prcemia
3361 2540 3581 2608 quaerat

2148 2626 2197 2677 A
2236 2624 2378 2679 duce
2413 2624 2755 2679 Sanctorum
2786 2624 3077 2680 laetissima
3107 2642 3288 2697 regna
3323 2626 3610 2696 polorum.

2150 2713 2219 2766 Et
2240 2730 2344 2767 nos
2371 2713 2529 2767 mille
2552 2714 2757 2780 modis,
2795 2714 3035 2768 Psalmis
3066 2731 3321 2779 oremus,
3345 2716 3403 2767 et
3433 2712 3578 2779 odis,

2151 2800 2223 2853 Ut
2244 2801 2343 2855 det
2374 2801 2622 2855 Chrisius
2652 2802 2702 2856 ei
2734 2804 2921 2857 lucem
2957 2819 3199 2856 summa:
3232 2801 3468 2874 requiei.

2149 2889 2293 2942 Nam
2322 2889 2365 2943 si
2399 2890 2719 2961 promeruit
2743 2891 2891 2944 hanc
2920 2890 3251 2944 mercedem
3282 2889 3408 2961 quis
3444 2888 3682 2955 habere,

2149 2976 2343 3032 Nullus
2373 2979 2705 3033 Brunonem
2730 2981 2892 3049 putet
2911 2978 3033 3032 haac
3064 2978 3329 3033 mercede
3359 2994 3574 3032 carere.

2620 3085 2811 3139 Versus
2840 3085 3097 3139 scholares
3128 3085 3288 3145 (299).

2148 3178 2235 3231 32.
2266 3173 2402 3238 Quis
2430 3172 2605 3227 fuerit
2634 3174 2846 3239 Bruno,
2879 3176 3179 3228 momento
3206 3172 3484 3243 temporis
3507 3189 3645 3241 uno,

2218 3261 2468 3328 Nescius,
2501 3262 2611 3315 huc
2640 3260 2852 3328 veniat,
2884 3262 3101 3316 discere
3132 3262 3176 3316 si
3195 3262 3403 3333 cupiat.

2148 3353 2256 3406 Iste
2286 3350 2395 3404 fuit
2415 3350 2622 3419 justus,
2662 3349 2887 3420 sapiens
2914 3350 3106 3415 nimis,
3140 3353 3311 3420 atque
3343 3355 3646 3419 venustus;

2222 3439 2335 3493 Sed
2367 3438 2507 3493 nulli
2530 3438 2724 3493 nocuit
2760 3438 2979 3492 discere
3010 3438 3164 3509 quod
3195 3438 3400 3509 potuit.

2153 3599 2327 3656 tensis
2352 3598 2604 3653 ecclesiae
2634 3597 2885 3650 Titulum
2915 3596 3007 3671 hic
3033 3596 3758 3671 subjectum,'l_‘itolumque

2151 3672 2493 3741 vigesimum
2527 3672 2840 3741 quartum,_
2877 3668 2972 3741 qui
3014 3668 3759 3741 monasteriiUStPetri,‘in

2155 3737 2490 3797 Caruotensi
2544 3737 2766 3791 civitate
2800 3737 2912 3803 siti,
2966 3742 3069 3803 est,
3124 3737 3384 3792 nonnulli
3419 3739 3513 3792 alii
3565 3740 3758 3807 Tituli,

2154 3812 2418 3865 videlicet
2444 3810 2501 3863 S.
2562 3807 2812 3879 Dionysii
2845 3823 3022 3879 pr0pe
3043 3808 3303 3874 Parisios,
3337 3808 3395 3863 S.
3428 3810 3698 3864 Germani
3729 3827 3764 3864 a

2155 3883 2358 3948 Pratis,
2391 3878 3177 3951 MagloriiParieusiensis,S.
3212 3880 3362 3951 Petri
3394 3880 3759 3951 Fossatensis,

2155 3954 2213 4008 S.
2245 3948 2502 4006 Faronis'
2531 3948 2829 4004 Meldensis
2860 3952 2916 4003 et
2965 3948 3021 4002 8.
3078 3950 3229 4003 Petri
3286 3949 3653 4018 Casiacensis,
3702 3952 3762 4005 in

2155 4022 2381 4079 dioecesi
2421 4019 2811 4075 Suessioneusi
2870 4019 2981 4081 siti,
3010 4019 3457 4087 interjiciantur,
3506 4038 3611 4077 nec
3645 4023 3761 4077 ullo

2154 4094 2329 4148 modo
2346 4092 2669 4146 verosimile
2681 4090 3482 4160 appareat,eremi'l‘urritanze
3495 4093 3733 4147 fratrem
3745 4134 3760 4159 ,

2155 4165 2251 4245 qui
2282 4163 2584 4245 epistolam
2610 4161 2980 4245 encyclicam,
3009 4161 3197 4214 obitus
3222 4160 3765 4245 S'.‘Brunonis_nuu-

2154 4231 2333 4299 tiam,
2351 4232 2720 4298 circumtulit,
2755 4232 2811 4284 in
2847 4231 3071 4296 itinere,
3106 4231 3262 4301 quod
3290 4232 3443 4286 hunc
3475 4233 3534 4286 in
3579 4233 3762 4288 tinem

447 4304 675 4384 scipujus
723 4320 935 4382 corpore
963 4306 1207 4384 .quiescit
1226 4323 1254 4384 ;_
1300 4309 1361 4384 ut
1405 4309 1549 4363 adeo
1608 4312 2047 4378 monasterium,
2074 4316 2127 4375 D
2152 4305 2418 4384 goanCit.
2449 4304 2759 4384 ρὸιζιξοῐιιηὶ
2792 4301 3022 4384 ίῐρηυηει,
3048 4305 3350 4384 Ρίξδξίίυξὶῐιι
3386 4320 3451 4356 ex
3481 4304 3586 4384 Ιιξίρ
3619 4306 3765 4384 urbe

447 4373 602 4443 quod
648 4375 758 4447 hac
803 4373 1177 4447 inscriptione
1224 4376 1576 4447 designatur,
1639 4380 1791 4434 aliud
1837 4398 1954 4436 non
1979 4373 2052 4436 sit

491 4460 622 4518 nam
647 4445 974 4518 Fossatense
1002 4445 1058 4499 S.
1090 4445 1287 4512 Mauri,
1320 4445 1475 4517 quod
1525 4452 1728 4504 smculo
1758 4468 1933 4518 nono,
1968 4453 2051 4507 uti

496 4514 649 4589 galliae
674 4514 1025 4589 Christianas
1046 4520 1224 4589 auctae
1251 4514 1567 4589 Scriptores
1594 4525 1737 4575 tom.
1772 4522 1885 4589 VII,
1917 4514 2045 4578 coll.

446 4585 551 4708 12.92
563 4588 620 4637 et
632 4586 734 4638 284
752 4584 977 4653 docent,
1002 4585 1111 4639 fuit
1133 4584 1483 4643 exstructum
1502 4591 1790 4663 modoque
1808 4584 1893 4647 est
1920 4595 2052 4648 abo-

469 4671 485 4707 1
517 4671 635 4708 um.

469 4671 635 4708 ιιυῐη.

519 4725 661 4802 (296)
678 4726 944 4802 Amplam
962 4726 1131 4802 hujus
1150 4731 1506 4802 monasterii,
1529 4731 1683 4802 quod
1703 4732 1757 4786 8.
1779 4733 2051 4789 Brunone

446 4796 628 4867 multo
676 4797 767 4867 est
804 4796 1113 4867 antiquius,
1154 4800 1420 4854 notitiam
1458 4796 1896 4857 subministrant
1931 4806 2053 4858 Gal-

447 4866 550 4941 lia;
569 4865 921 4941 Christiania;
941 4865 1118 4922 auctce
1136 4867 1452 4940 Scriptores
1473 4876 1617 4926 tom.
1641 4873 1892 4941 Vlll,col.
1917 4877 2051 4930 1688

448 4939 505 4991 et
536 4936 686 4991 binis
716 4940 774 4990 et
800 4954 958 5007 seqq.

479 5076 489 5087 .
518 5008 661 5079 (297)
684 5007 1265 5095 Moc‘monwterium,
1288 5011 1443 5095 quod
1469 5010 1541 5064 ad
1560 5012 1761 5095 latvam
1780 5015 2052 5095 Matronae

442 5077 651 5148 ripam”
688 5077 907 5131 duabus
937 5079 1279 5134 leucisiufro
1303 5077 1945 5138 Castrum-Theodorici
1991 5085 2050 5137 in

446 5147 668 5228 dioecesi
718 5147 1110 5228 Suessionensi
1141 5151 1313 5228 situm
1351 5154 1455 5228 est,
1484 5154 1689 5228 saeculo
1722 5154 2049 5228 n_ono,_imo

444 5222 681 5291 octavo,
702 5218 955 5291 creditur
994 5220 1302 5291 antiquius.
1341 5220 1447 5273 Adi
1489 5221 1678 5277 Gallim
1713 5218 2048 5278 Christiana:

442 5292 638 5374 auctio
652 5289 967 5374 scriptores
993 5289 1247 5374 tomfl‘x,
1271 5292 1384 5374 col.
1402 5293 1518 5374 [@927
1551 5296 1607 5374 et
1637 5311 1795 5374 seqq.

512 5360 661 5424 (298)
692 5359 936 5413 Ecclesia
995 5360 1337 5415 cathedralis
1398 5359 1775 5417 Caruotensis'
1812 5364 2045 5418 beatam

439 5428 672 5483 Mariam
695 5429 754 5482 in
785 5430 954 5500 coalos
981 5435 1357 5500 assumptam,
1409 5432 1487 5485 uti
1515 5433 1693 5486 Gallia
1723 5433 2045 5488 Christiana

441 5502 608 5552 aucta
640 5503 782 5552 tom.
832 5498 968 5562 Vlll,
1026 5502 1133 5553 col.
1175 5498 1342 5568 71091,
1383 5518 1476 5555 me
1518 5502 1704 5568 docet,
1740 5509 2046 5558 veneratur

438 5572 777 5642 patronam;
812 5584 987 5642 quare
1020 5585 1150 5642 non"
1169 5570 1342 5624 aliam
1374 5572 1465 5625 hic
1495 5589 1668 5642 quam
1699 5574 1867 5628 istam
1900 5575 2045 5628 desi-

2154 4375 2418 4440 Parisios,
2452 4374 2772 4443 Meldasque
2817 4372 3025 4443 deinde
3069 4374 3127 4424 et
3146 4372 3461 4440 Casiacum,
3508 4374 3766 4429 dioecesis

2154 4445 2576 4501 Suessioueusis
2626 4442 2984 4507 ccenohium,
3042 4458 3101 4495 se
3174 4445 3533 4509 contulisset,
3590 4445 3763 4500 fuisse

2152 4533 2466 4582 reversum,
2498 4519 2717 4568 certum
2737 4516 2996 4583 apparet,
3014 4512 3229 4567 Titulos
3248 4514 3517 4569 funebres
3539 4532 3762 4581 omnes,

2198 4588 2251 4641 ui
2282 4588 2493 4641 charta:
2524 4588 2821 4657 separatze,
2852 4583 2909 4636 in
2931 4583 3249 4649 Adnotatis,
3277 4585 3521 4657 sectioni
3558 4603 3769 4657 praece-

2198 4606 2251 4641 ΠΙ
2282 4606 2493 4641 οΠᾶΓιὶΒ
2524 4606 2821 4656 separatae,
2852 4606 2909 4636 Ill
2931 4606 3249 4649 Λυιιυιᾶιιδ,
3277 4606 3514 4639 θεοιιοηι
3558 4606 3768 4657 prince-

2155 4606 2315 4713 denti
2339 4655 2622 4719 subnexis,
2648 4657 2847 4708 notam
2869 4657 2971 4708 258
2988 4656 3344 4720 memoratae,
3367 4672 3482 4710 non
3502 4656 3662 4710 fuere
3682 4657 3768 4710 in-

2155 4728 2520 4804 scrip_ti,__non
2546 4728 2811 4804 accurate
2842 4740 2909 4778 eo
2944 4724 3167 4804 ordine,
3210 4741 3324 4804 quo
3377 4726 3438 4779 in
3477 4727 3765 4804 ΔΒριειιιιῐῐι

2156 4794 2512 4853 εθιιἮοΗυῐη
2539 4795 2655 4865 (adi
2688 4796 3013 4866 Comment.
3048 4794 3243 4866 przevii
3272 4813 3431 4849 num.
3466 4798 3553 4865 24)
3600 4798 3764 4852 fuere

2156 4868 2424 4938 conjecti,
2508 4867 2565 4938 in
2614 4865 2941 4938 Basileensi,
2979 4881 3165 4938 quam
3229 4882 3457 4936 sequor,
3507 4868 3763 4923 editione

2158 4936 2443 4993 recenseri
2475 4956 2491 4990 :
2524 4937 2561 4990 ii
2593 4939 2809 5002 autem,
2843 4936 2940 5006 qui
2977 4936 3125 4989 hanc
3158 4941 3452 5003 curarunt,
3493 4938 3765 4993 ordinem

2157 5010 2318 5064 illum
2348 5009 2620 5078 maxime,
2654 5010 2716 5059 ut
2733 5010 2992 5078 apparet,
3041 5006 3403 5078 interrupere
3440 5008 3766 5064 Titulorum

2157 5081 2571 5149 nonnullorum
2602 5076 3058 5149 interpositione,
3082 5077 3179 5149 qui
3210 5078 3423 5149 chartis
3460 5079 3762 5149 separatis,

2156 5150 2312 5221 quod
2338 5149 2404 5201 iis
2435 5146 2837 5221 anniversaria;
2864 5146 3251 5221 sanctislucis
3283 5146 3590 5221 celebratio
3614 5146 3761 5221 pro;

2153 5216 2712 5288 mitteretur,|eraut
2752 5216 3028 5287 inscripti.
3070 5217 3179 5270 Res
3227 5234 3292 5271 ex
3334 5219 3398 5272 iis
3437 5237 3563 5288 quae
3608 5216 3764 5275 infra

2153 5290 2266 5344 suis
2292 5289 2426 5343 locis
2450 5287 2885 5342 annotabuntur
2910 5288 3093 5357 magis
3119 5292 3389 5358 patescat.

2224 5363 2374 5429 (299)
2402 5359 2643 5413 Cuilibet
2675 5358 2812 5429 olim
2845 5358 3157 5412 cathedrali
3189 5360 3440 5414 ecclesiae
3486 5377 3588 5414 sua
3632 5364 3761 5414 erat

2150 5427 2362 5496 schola,
2397 5429 2453 5482 in
2487 5445 2627 5499 qua,
2653 5427 2749 5498 qui
2794 5428 3082 5499 volebant,
3133 5429 3384 5498 politiori
3435 5430 3759 5486 litteratura

2148 5502 2385 5581 aliisque
2416 5498 2664 5581 scientiis
2695 5498 3119 5581 imbuebantur.
3151 5499 3366 5581 Titulus
3397 5500 3613 5581 itaque,
3655 5502 3754 5581 qui

2145 5567 2664 5641 huic-inscriptioni
2694 5568 3213 5641 subditur,eorumi
3230 5573 3315 5623 est
3360 5571 3458 5641 qui
3496 5567 3753 5627 ecclesia:

438 5637 606 5712 gnari
631 5641 769 5711 puto
786 5637 1104 5695 ecclesiam.
1120 5640 1298 5697 Porro
1317 5658 1449 5697 cum
1459 5637 1614 5725 inter
1638 5644 1807 5715 hujus
1829 5645 2045 5702 Carno-
2140 5637 2879 5698 cathedralis'Carnotensis
2909 5640 3165 5697 scholam
3189 5637 3663 5719 frequentabant.
