4010 6032
332 280 441 336 565

1908 289 2089 345 ACTA

3552 304 3657 359 566

331 405 434 460 Cui
463 405 558 476 pia
575 408 1577 480 votadamus,nostrumquepatrem
1606 403 1946 484 rogitamus,
1972 415 2142 474 Astis
2184 431 2286 485 pro
2338 418 2505 470 Patre
2553 422 2758 485 vestro,
2814 422 3025 475 sanctae
3077 421 3491 480 recordationis
3534 426 3655 482 viro

405 495 475 548 Ut
501 495 726 567 fugiens
754 495 998 563 rabiem,
1027 498 1314 567 possideat
1344 500 1625 569 requiem.

328 580 391 635 Si
422 584 611 637 B‘runo
640 584 774 637 vixit
804 584 947 637 sicut
967 585 1163 640 vixisse
1187 588 1441 656 putatur,

325 669 490 725 Vivat
512 671 570 726 in
602 676 887 726 internum
920 673 1172 743 paradisi
1197 674 1332 728 sede
1357 673 1602 729 fruatur.

326 760 455 813 Flos
480 762 605 813 erat
628 760 720 816 hic
741 764 999 831 patrum,
1030 762 1313 829 solamen,
1344 764 1533 833 glorsa
1561 763 1831 830 fratrum,

323 846 457 901 Veri
482 850 751 914 sectator,
791 848 998 917 divinae
1031 849 1171 919 legis
1196 853 1448 916 amator,

324 934 548 989 Semita
567 935 971 1006 justitize,fons
998 936 1110 1003 hic,
1145 940 1201 991 et
1222 938 1385 1007 origo
1416 938 1652 1008 sophiae,

324 1023 466 1088 Lux,
519 1025 817 1095 speculum
876 1024 1097 1089 mundi,
1132 1041 1330 1080 rerum
1360 1026 1604 1080 sublime
1639 1043 1936 1094 cacumen,

328 1110 654 1164 Lahentum
676 1112 930 1177 baculus,
950 1112 1294 1166 miscrorum
1328 1114 1491 1167 dulce
1519 1116 1781 1169 levamen
1803 1133 1816 1183 ;

322 1198 439 1251 Nec
472 1215 636 1252 mens
670 1199 850 1253 fracta
881 1200 1067 1265 malis,
1098 1217 1202 1254 nec
1237 1204 1361 1254 erat
1391 1202 1563 1255 nimis
1584 1204 1699 1256 alta
1736 1219 1937 1256 secun-

1806 1290 1933 1360 [dis.

322 1375 421 1428 Hic
448 1375 554 1429 sibi
587 1391 703 1429 nou
736 1376 888 1442 vixit,
920 1376 1021 1429 sed
1048 1377 1290 1441 mundo,
1325 1394 1499 1447 quem
1531 1379 1679 1432 bene
1711 1378 1875 1433 rexit.

323 1462 450 1517 Non
472 1463 584 1531 hic,
618 1464 718 1517 sed
748 1463 864 1517 vita
890 1464 1133 1534 spoliata
1164 1465 1262 1518 flet
1292 1467 1402 1519 hoc
1426 1465 1689 1520 eremita.

322 1551 450 1604 Vita
484 1568 600 1605 non
632 1552 808 1623 eguit,
840 1553 935 1622 qui
968 1552 1213 1617 mundo,
1243 1569 1359 1606 non
1390 1555 1514 1621 sibi,
1549 1555 1702 1607 vixit.

322 1640 397 1692 Ut
426 1656 659 1693 narrem
691 1640 958 1707 breviter,
993 1641 1118 1711 quis
1145 1645 1343 1694 narret
1370 1642 1721 1696 sufﬁcienter
1742 1642 1770 1696 ‘I

2045 503 2283 557 domino
2312 505 2597 571 Brunone,
2632 507 2943 560 clementia
2974 509 3205 562 Domini
3241 516 3513 581 prompto
3533 514 3653 568 ani-

2041 605 2139 645 mo
2173 592 2555 646 exorabimus.

2396 678 2458 734 S.
2494 679 2734 749 Benigm'
2756 681 3096 737 Divionensis
3138 684 3301 756 (303).

2044 767 2130 820 35.
2166 768 2258 821 Est
2284 768 2419 839 quia
2446 770 2827 839 surgendum,
2862 789 2979 826 non
3011 775 3097 826 est
3128 772 3200 827 de
3229 775 3417 829 morte
3464 774 3659 830 dolen-

3466 862 3652 932 [dum.

2041 942 2281 998 Parcere
2306 960 2459 998 mors
2486 946 2687 1012 nescit,
2708 946 2897 1015 justus
2918 948 3067 1001 bene
3105 951 3296 1002 morte
3325 947 3582 1020 quiescit.

2038 1030 2227 1085 Mutua
2260 1036 2391 1086 vota
2423 1033 2625 1087 damus
2657 1035 2867 1089 nostris
2898 1036 3221 1106 eademque
3250 1052 3545 1107 rogamus.

2392 1120 2454 1174 S.
2488 1120 2752 1191 Stephani
2771 1123 3104 1176 Dz'vz'onensis
3128 1124 3295 1193 (304).

2040 1208 2126 1259 36.
2163 1208 2267 1271 Qui
2298 1209 2445 1279 regit
2475 1226 2650 1263 omne
2683 1210 2838 1281 quod
2869 1214 2973 1275 est,
3001 1211 3153 1264 hunc
3184 1228 3335 1266 noxa
3363 1214 3544 1267 solvat
3579 1216 3652 1270 ab

3440 1298 3626 1364 [omni
3718 1324 3723 1327 -

2108 1384 2266 1438 Hunc
2291 1384 2466 1438 societ
2481 1385 2669 1455 justis,
2700 1385 2798 1456 qui
2818 1385 2968 1456 regit
2993 1402 3166 1440 omne
3202 1386 3356 1457 quod
3388 1390 3491 1440 est.

2037 1469 2173 1532 Quze
2206 1473 2396 1541 petitis
2434 1473 2632 1527 vestris
2661 1474 2869 1527 eadem
2894 1474 3201 1545 persolvite
3233 1472 3440 1528 nostris

2037 1557 2339 1629 Obsequia,
2374 1562 2629 1628 psalmos
2661 1562 2903 1627 cantica,
2938 1565 3089 1627 vota,
3127 1578 3344 1631 preces.

2036 1646 2276 1716 Spiritus
2296 1647 2355 1700 in
2388 1650 2528 1702 ccelo
2558 1648 2841 1703 Brunonis
2870 1649 3209 1720 suscipiatur

324 1726 535 1793 Quam,
578 1727 783 1797 phoebe
831 1729 1038 1797 phmbo
1084 1745 1259 1799 quam
1290 1732 1498 1782 uetera
1528 1731 1732 1799 sydera
1759 1732 1932 1796 lunm,
1956 1739 2006 1796 B
2036 1734 2102 1787 Et
2132 1734 2201 1787 sit
2233 1751 2362 1788 cum
2382 1734 2625 1802 Christo,
2650 1737 2789 1789 dum
2813 1736 2967 1800 vixit,
3005 1753 3178 1805 quem
3208 1737 3572 1806 sequebatur.

319 1815 643 1882 Tam,totus
687 1816 938 1869 mundus
972 1816 1110 1869 ascit
1141 1816 1263 1881 tibi,
1296 1816 1502 1870 Gallice
1538 1818 1726 1871 Bruno
1761 1818 1931 1889 (300).

692 1902 756 1957 S.
788 1903 1114 1973 Margaritae
1149 1904 1369 1957 ccrnobz'z'
1406 1907 1565 1973 (301).

320 1993 411 2046 33.
447 1992 590 2046 Cum
624 1992 791 2045 Patre
807 1992 879 2045 sit
906 1993 1048 2045 Nato
1080 1994 1202 2045 laus
1231 1995 1288 2045 et
1318 2009 1449 2045 cum
1476 1992 1730 2047 Flamine
1751 2011 1933 2063 sacro,

318 2080 598 2134 Mundum
630 2082 934 2146 sustentat,
959 2082 1167 2134 coelum
1201 2079 1419 2134 ditione
1451 2081 1753 2151 gubernat.

2034 1822 2309 1891 Impetret
2339 1825 2395 1874 et
2426 1823 2608 1890 nobis,
2643 1823 2797 1893 quod
2827 1840 2885 1876 se
2908 1824 3191 1892 possimus
3219 1824 3399 1892 adire,

2037 1908 2187 1972 Quos
2217 1910 2374 1979 cupit
2412 1910 2501 1963 hic
2538 1910 2787 1963 mundus
2808 1910 3028 1979 peccati
3059 1910 3198 1964 faece
3222 1910 3432 1980 perire.

2458 1996 2521 2051 S.
2558 1997 2710 2052 Petri
2747 1996 3028 2051 Besuensis
3051 2000 3218 2066 (305).

2038 2088 2124 2139 37.
2149 2085 2374 2139 Transit
2405 2086 2477 2140 ah
2506 2087 2611 2140 hac
2642 2086 2757 2139 vita
2801 2088 2990 2139 Bruno
3022 2102 3281 2140 summus
3311 2086 3573 2153 eremita,

321 2168 526 2240 Angeli
558 2185 689 2221 cum
728 2168 1041 2237 seraphim,
1073 2167 1402 2238 pariterque
1432 2168 1601 2222 beata
1637 2171 1934 2225 cherubim
2038 2173 2220 2236 Quem
2255 2174 2473 2227 deﬂent
2502 2174 2700 2227 cunct'r
2722 2174 3006 2243 sapientes
3037 2177 3208 2244 atque
3234 2173 3424 2243 periti.
3524 2250 3527 2251 ν

323 2256 467 2309 Cum
497 2256 719 2310 caeteris
748 2256 977 2321 sanctis,
1005 2257 1193 2326 justis,
1226 2257 1394 2310 simul
1430 2261 1601 2327 atque
1626 2258 1824 2313 beatis.

322 2344 641 2399 Occurrant
670 2344 750 2397 illi
782 2344 953 2397 simul
984 2346 1350 2407 exsultantes,
1384 2348 1441 2397 et
1470 2344 1606 2398 laeti.

322 2432 391 2485 Et
434 2436 631 2486 tamen
680 2448 811 2485 cum
858 2431 1011 2503 ipsis,
1060 2433 1374 2486 astantibus
1415 2434 1669 2503 undique
1708 2435 1931 2503 turmis,

320 2520 611 2575 Virtutum
644 2521 887 2586 thronis,
928 2524 987 2574 et
1014 2520 1391 2591 potestatibus
1415 2521 1581 2591 justis

321 2609 464 2662 Vere
486 2608 816 2663 beatiﬁcent
834 2609 1170 2673 Dominum,
1195 2626 1394 2680 regem
1421 2626 1649 2680 quoque
1676 2612 1931 2679 laudent,

326 2697 527 2767 lnclyti
560 2696 843 2751 Brunonis
864 2697 1057 2751 adsint
1086 2697 1412 2767 animaeque
1444 2698 1647 2767 parati.

320 2785 615 2839 Abraham
640 2801 796 2851 mox,
830 2786 1005 2851 Isaac,
1043 2788 1100 2838 et
1128 2786 1325 2851 Jacob,
1356 2786 1461 2839 Job
1489 2789 1547 2839 et
1575 2787 1778 2852 Helias,

321 2875 512 2939 Isaias,
543 2860 761 2939 Daniel,
794 2874 993 2940 David,
1025 2874 1414 2928 sanctissimus
1445 2874 1628 2941 Johel,

319 2963 569 3027 Abacuc,
601 2961 835 3028 Abdias,
871 2961 1194 3032 Sophonias
1218 2964 1276 3015 et
1304 2962 1621 3016 Hieremias

321 3049 462 3103 Cum
490 3053 688 3103 vatum
720 3048 940 3103 caeteris
971 3049 1171 3102 sistent
1204 3049 1494 3104 obtutibus
1527 3049 1749 3103 Christi.

320 3137 635 3209 Supplices,
671 3140 728 3192 et
760 3138 873 3191 laeti
909 3138 1228 3208 deposcant
1259 3138 1412 3192 dono
1446 3138 1636 3202 ditari,

318 3226 385 3279 Et
416 3243 521 3281 nos
548 3242 679 3279 cum
712 3224 843 3296 ipsis
876 3226 1077 3279 demus
1109 3226 1203 3296 pia
1234 3225 1455 3279 cantica
1474 3226 1657 3279 laudis

319 3312 590 3376 Quamvis
616 3312 863 3383 indigni,
900 3317 1194 3366 mereatur
1222 3314 1345 3366 luce
1376 3312 1564 3379 beari;

317 3402 568 3455 Exsultat
598 3402 826 3466 ccelum,
858 3404 1015 3454 terra
1047 3401 1246 3471 gemit,
1280 3418 1452 3467 nunc,
1478 3404 1535 3454 et
1562 3401 1818 3454 resultat.

612 3488 671 3542 S.
707 3489 904 3543 Mariae
930 3489 1077 3542 Novi
1102 3488 1425 3541 Monasterz'i
1454 3490 1623 3557 (302i.

388 3578 475 3631 34.
510 3578 620 3631 Nos
666 3576 874 3631 fratres
920 3578 1057 3631 Novi
1106 3577 1451 3644 Monasterii,
1490 3576 1634 3630 sicut
1674 3576 1926 3646 postula-

388 3737 540 3805 (300)
590 3736 668 3789 Ne
713 3736 845 3789 hinc
895 3735 1131 3801 inferas,
1188 3736 1245 3789 S.
1300 3737 1634 3790 Brunonem
1692 3735 1926 3789 natione

318 3806 544 3860 Gallum
576 3806 766 3861 fuisse.
802 3805 1421 3861 AdiCommentarium
1454 3806 1731 3876 praevium
1762 3822 1921 3859 num.

314 3879 405 3931 42.
1082 3890 1087 3893 “

387 3950 530 4014 (301)
557 3947 802 4001 Additur
831 3946 890 4000 in
922 3947 1173 4001 editione
1203 3945 1533 4001 Basileensi:
1566 3945 1720 4012 Quod
1761 3950 1926 4000 situm

313 4025 387 4070 est
408 4020 463 4070 in
504 4036 693 4071 eremo.
721 4018 934 4071 Verum
967 4035 1073 4071 nec
1105 4018 1453 4083 emnobium,
1488 4034 1593 4071 nec
1625 4018 1924 4071 ecclesiam

313 4088 527 4159 inveni,
547 4089 637 4142 cui
657 4089 777 4141 haec
800 4088 1092 4159 inscriptio
1125 4089 1568 4159 conveniat.Nec
1596 4088 1923 4159 coenobium

312 4157 465 4212 istud
497 4175 819 4212 asseverare
853 4157 1035 4213 ansiin
1050 4158 1218 4211 autin
1235 4159 1459 4213 dioecesi
1475 4158 1813 4213 Carnotensi
1828 4162 1925 4212 aut

312 4244 496 4353 prope
526 4230 685 4283 illam
700 4229 870 4283 situm
888 4230 1075 4282 fuisse.
1094 4229 1369 4283 Neutrum
1391 4229 1547 4283 enim
1575 4246 1641 4282 ex
1659 4246 1748 4293 eo,
1770 4230 1925 4299 quod

356 4300 528 4353 itulus
561 4301 681 4353 eius
710 4300 801 4353 hic
843 4299 1028 4353 Titulo
1065 4300 1315 4353 ecclesia:
1346 4299 1690 4353 cathedralis
1717 4301 1925 4353 Carno-

356 4295 528 4373 itulus
561 4301 681 4373 ejus
710 4300 801 4353 hic
843 4299 1028 4353 Titulo
1065 4300 1315 4353 ecclesia:
1346 4299 1690 4373 cathedralis
1717 4295 1926 4373 Οέςηρτ
1947 4314 2000 4373 D
2025 4300 2278 4373 exordia,
2306 4302 2392 4373 _ut
2444 4297 2635 4373 Calliae
2672 4295 3013 4373 Christianae
3063 4300 3242 4373 aucta:

314 4371 488 4423 tensis
545 4370 949 4440 subjungatur,
1008 4373 1197 4440 potest
1244 4371 1527 4436 concludi,
1577 4386 1707 4423 cum
1755 4369 1923 4423 Tituli

314 4442 608 4503 funebres,
630 4441 842 4494 chartae
856 4443 1153 4511 separatae,
1170 4442 1240 4495 de
1259 4441 1440 4510 quain
1454 4440 1778 4505 Annotatis,
1803 4457 1921 4493 sec-

313 4512 457 4565 tioni
480 4511 827 4580 praecedenti
846 4512 1131 4575 subnexis,
1161 4514 1359 4565 notam
1382 4513 1627 4577 S.‘58,non
1644 4511 1920 4580 inscripti,

314 4599 382 4654 eo
412 4582 638 4647 ordine,
669 4598 781 4654 quo
799 4582 871 4654 in
903 4583 1120 4654 Rotulo‘
1144 4581 1390 4654 funebri,
1424 4582 1724 4654 epistolam
1758 4598 1923 4650 ency-

313 4652 542 4717 clicam,
568 4650 772 4706 mortis
793 4651 848 4705 S.
872 4650 1152 4706 Brunonis
1180 4650 1474 4719 nuntiam,
1501 4653 1921 4722 complectente

312 4723 483 4792 positi
522 4724 705 4787 fuere,
743 4740 858 4776 non
891 4739 1123 4792 semper
1162 4726 1592 4789 recenseantur,
1641 4722 1920 4792 quemad-

311 4794 554 4847 modum
584 4794 656 4847 ad
687 4797 887 4846 notam
926 4797 1029 4848 253
1050 4793 1199 4861 jam.
1235 4792 1420 4847 docui.

408 4867 530 4929 302)
546 4864 656 4917 Nisi
689 4864 759 4916 ad
786 4863 1224 4934 Novigentiuam
1251 4862 1508 4934 dioecesis
1536 4861 1922 4934 Laudunensis

313 4932 630 4997 abbatiam,
677 4932 1015 4987 santissimze
1049 4933 1149 4988 Dei
1181 4932 1472 5003 genitricis
1514 4932 1751 4985 nomine
1784 4932 1924 5003 insi-

313 5005 562 5074 gnitam,
591 5021 861 5074 annoque
882 5007 944 5057 ut
971 5004 1163 5057 Galliae
1197 5004 1527 5058 Christianae.
1560 5006 1738 5074 aucta;
1771 5002 1919 5057 Scri-

314 5073 510 5145 ptores
541 5079 685 5129 tom.
720 5073 803 5139 1X,
836 5075 943 5128 col.
988 5076 1110 5141 603,
1157 5074 1387 5139 docent,
1427 5076 1567 5145 1076A
1592 5073 1918 5138 fundatam,

312 5143 534 5215 spectet
560 5146 778 5199 Titulus
826 5145 1132 5215 subjectus,
1177 5144 1418 5198 deﬁnire
1448 5143 1665 5214 pariter
1696 5159 1919 5213 nequeo

312 5214 611 5286 quodnam
641 5215 732 5269 hic
758 5214 1173 5286 monaSterium
1192 5215 1541 5286 designetur,
1556 5217 1921 5284 autquonam

313 5284 540 5340 circiter
570 5288 716 5346 loco.
765 5286 919 5356 quod
964 5285 1054 5339 hic
1101 5285 1248 5337 Novi
1281 5284 1342 5339 S.
1384 5285 1581 5339 Maria:
1619 5286 1926 5356 monasteri_z'

311 5357 478 5411 titulo
511 5354 853 5427 insignitur,
881 5356 1052 5409 situm
1093 5355 1284 5427 fuerit.
1323 5356 1505 5427 Causa
1537 5359 1815 5425 quantum
1850 5354 1923 5427 ad

312 5427 428 5552 ἒςΜὶ
452 5424 813 5551 postrtémum
844 5426 1025 5498 liquet
1055 5443 1123 5479 ex
1153 5425 1219 5480 iis
1252 5442 1379 5497 qua:
1413 5425 1487 5479 ad
1520 5424 1643 5480 not.
1671 5424 1918 5495 praeced.

354 5514 400 5552 1c
431 5514 466 5551 a
496 5515 601 5552 sun
636 5539 649 5551 .
1732 5526 1737 5531 ι

354 5496 470 5552 icta
496 5501 649 5552 sunt.
904 5496 926 5498 ﬁ
1268 5496 1287 5497 7'
1732 5526 1737 5531 ι

386 5569 531 5639 (303)
552 5567 981 5637 Monasterium,
1015 5566 1071 5622 S.
1117 5565 1357 5637 Benigni
1402 5564 1640 5621 nomine
1690 5563 1925 5636 insigni-

2037 2261 2135 2314 Hic
2155 2261 2382 2333 sapiens
2413 2261 2565 2327 vixit,
2592 2260 2820 2331 sapiens
2845 2265 2901 2314 et
2926 2263 3041 2315 alta
3073 2261 3359 2331 migravit.

2035 2349 2160 2402 Jam
2194 2350 2399 2403 coelum
2431 2353 2648 2415 teneat,
2667 2349 2792 2419 jam
2826 2348 3050 2403 Christo
3076 2349 3308 2402 sedulus
3337 2351 3502 2417 astet,

2038 2438 2145 2490 Pro
2167 2437 2269 2490 sibi
2298 2436 2515 2490 devotis
2536 2453 2769 2490 securus
2798 2436 3071 2490 fratribus
3095 2453 3286 2491 orans.

2352 2523 2415 2580 S.
2459 2523 2658 2577 Maria;-
2695 2523 3119 2578 Castellz'onensis
3149 2523 3323 2594 (306).

2034 2614 2121 2665 38.
2162 2613 2348 2665 Bruno
2390 2612 2474 2665 vir
2512 2612 2603 2666 hic
2650 2629 2896 2683 magnus
2937 2611 3045 2666 fuit
3085 2628 3150 2667 ac
3188 2611 3448 2683 simplex,
3491 2615 3644 2668 velut

3414 2703 3639 2771 [agnus,

2034 2786 2140 2851 Qui
2172 2788 2474 2841 mumdum
2496 2804 2738 2841 cernens
2750 2786 3015 2841 vilescere
3029 2790 3344 2858 cunctaque
3366 2803 3641 2859 spernens

2031 2875 2217 2928 Vitam
2251 2874 2494 2928 mutavit
2523 2888 2844 2945 corpusque
2879 2874 3034 2928 fame
3069 2874 3397 2928 maceravit.

2033 2964 2166 3016 Post
2198 2962 2515 3016 monachus
2542 2963 2745 3029 factus,
2781 2961 2965 3015 eremi
2987 2961 3306 3015 vastissima
3330 2965 3549 3028 nactus,

1940 3020 2003 3127 ,C
2031 3052 2184 3105 Hanc
2218 3051 2481 3121 linquens
2513 3050 2707 3103 sedem
2743 3048 2867 3104 coeli
2896 3048 3226 3102 conscendit
3256 3049 3329 3104 ad
3358 3049 3564 3116 eadem,

2031 3141 2093 3192 In
2121 3157 2233 3210 qua
2265 3139 2432 3192 detur
2462 3138 2513 3192 ei
2544 3139 2702 3192 locus
2734 3139 2962 3208 optatus
2994 3136 3237 3208 requiei,

2030 3228 2099 3280 Et
2127 3226 2170 3279 si
2203 3243 2375 3297 quem
2404 3225 2547 3280 lasit
2577 3227 2664 3279 vel
2692 3225 2737 3279 si
2769 3224 2923 3296 quod
2944 3224 3183 3279 crimine
3215 3223 3474 3291 adhaesit,

2100 3315 2215 3368 Hoc
2244 3315 2536 3368 condonet
2568 3313 2619 3366 ei
2651 3313 2838 3384 gratia
2869 3328 3085 3383 magna
3116 3312 3236 3367 Dei.

2313 3401 2662 3471 Lz'ngonensis
2680 3400 2903 3453 ecclesiae
2934 3401 3159 3470 episc0pi
3187 3398 3350 3470 (307).

2102 3488 2887 3558 39.Roberlus,Lingonensis
2899 3488 3149 3542 ecclesia:
3165 3504 3377 3554 servus,
3392 3487 3638 3558 rogabat

2030 3578 2289 3648 ejusdem
2322 3576 2571 3631 ecclesiae
2606 3576 2913 3630 canonicos
2953 3579 3011 3629 et
3050 3576 3396 3644 sacerdotes,
3431 3592 3634 3631 mona-

2026 3740 2174 3801 tum,
2209 3736 2368 3805 cujus
2407 3736 2528 3788 haec
2553 3736 2637 3787 est
2667 3732 2963 3805 inscriptio
2975 3733 3302 3805 Titulusque
3324 3734 3632 3805 subjectus,

2027 3808 2085 3861 in
2118 3803 2342 3860 dioecesi
2376 3804 2724 3873 Lingonensi
2764 3803 2938 3857 situm
2969 3808 3072 3857 est.
3106 3803 3441 3859 Adi—Galliae
3479 3803 3635 3858 Chri-

2024 3878 2226 3931 stianae
2279 3879 2458 3930 auctae
2503 3875 2807 3945 scriptores
2847 3875 3113 3945 tom.AIV,
3144 3875 3252 3929 col.
3287 3875 3427 3945 668,
3446 3874 3543 3945 qui
3572 3875 3632 3929 id

2027 3961 2180 4002 anno
2213 3946 2440 4000 circiter
2471 3948 2573 3999 500
2603 3943 2907 3998 fundatum
2933 3943 3122 4010 fuisse,
3146 3945 3366 3999 Ibidem
3399 3943 3628 3999 docent.

2095 4019 2243 4087 (304)
2276 4018 2446 4070 Vetus
2471 4014 2757 4087 saecularis
2781 4014 2840 4087 S.
2875 4014 3151 4084 Stephani
3182 4014 3545 4087 Divionensis
3570 4015 3628 4067 in

2027 4083 2249 4143 dioecesi
2276 4086 2624 4158 Lingonensi
2646 4085 2903 4158 ecclesia,
2937 4083 3064 4155 quae
3092 4101 3245 4158 anno
3281 4087 3416 4158 1113
3437 4083 3494 4139 S.
3523 4085 3632 4138 Au-

2026 4158 2238 4229 gustini
2270 4157 2533 4229 regulam
2554 4157 2836 4226 amplexa,
2874 4172 3026 4209 anno
3061 4157 3187 4209 16H
3223 4173 3257 4209 a
3284 4157 3433 4229 statu
3464 4172 3631 4229 regu-

2025 4224 2129 4283 l'ari
2169 4229 2244 4282 ad
2282 4224 2613 4282 saicularem
2646 4224 2730 4279 est
2761 4240 3008 4290 reversa,
3042 4242 3143 4279 sua
3176 4224 3406 4295 proprie
3450 4224 3630 4279 neScit

3330 4295 3625 4364 criptores,

2025 4370 2121 4441 qui
2151 4370 2271 4422 haec
2304 4367 2637 4441 interimab
2669 4366 2904 4441 ineunte
2934 4366 3139 4441 saeculo
3167 4381 3320 4420 nono
3354 4365 3631 4420 duntaxat

2023 4437 2315 4511 repetunt,
2350 4443 2493 4511 tom.
2528 4437 2737 4511 lV,_col
2768 4440 2909 4511 731:2,
2927 4437 3154 4490 docent.

2095 4505 2235 4579 (305)
2274 4508 2499 4563 Ordinis
2530 4507 2586 4560 S.
2623 4505 2913 4579 Benedicti
2946 4505 3370 4579 monasterium
3390 4506 3624 4579 hocest,

2022 4580 2081 4633 in
2101 4575 2337 4635 'dicecesi
2356 4576 2703 4646 Lingonensi
2727 4579 2974 4647 quatuor
2998 4577 3069 4631 ab
3090 4577 3231 4630 urbe
3254 4575 3489 4631 Divione
3507 4576 3626 4629 leu-

2022 4651 2101 4703 cis
2131 4651 2323 4714 situm,
2357 4648 2512 4719 quod
2548 4646 2764 4719 saeculo
2822 4646 3067 4716 septimo
3117 4647 3227 4700 fuit
3277 4650 3622 4719 extructum.

2021 4720 2127 4774 Adi
2159 4717 2396 4773 Galliam
2430 4718 2813 4772 Christianam
2844 4720 3072 4770 auctam
3094 4720 3236 4772 tom.
3271 4717 3359 4782 IV,
3383 4718 3471 4770 col
3500 4719 3622 4771 703.

2097 4792 2241 4858 (306)
2289 4792 2350 4843 In
2408 4788 2737 4842 suburbana
2786 4788 2916 4858 (adi
2953 4787 3193 4841 Galliam
3241 4786 3625 4858 Christianam

2024 4855 2252 4914 auctam
2286 4863 2427 4913 tom.
2462 4860 2548 4924 IV,
2580 4859 2687 4912 col.
2722 4861 2841 4911 770~
2873 4857 3116 4911 civitatis
3167 4855 3625 4911 Castellionensis

2023 4930 2277 4994 ecclesia,
2297 4948 2422 5001 quae
2447 4930 2503 4984 S.
2528 4929 2715 4982 Maria:
2749 4928 2985 5001 nomine
3017 4927 3418 5001 decorabatur,
3450 4941 3622 5001 cano-

2024 5001 2135 5079 nici
2167 4996 2358 5079 primo
2384 5018 2420 5079 _a
2450 5003 2715 5079 Brunone
2738 4999 3005 5079 episcopo
3021 4996 3457 5079 Lingonensigin
3483 4996 3623 5079 dias:

2024 5072 2134 5125 cesi
2158 5066 2315 5142 enim
2340 5070 2692 5142 Lingonensi
2720 5066 2920 5142 civitas
2936 5066 3035 5142 illa
3060 5067 3172 5142 sita
3194 5067 3295 5133 est)
3310 5067 3413 5120 sub
3434 5066 3625 5142 saeculi

2024 5141 2229 5196 decimi
2260 5136 2645 5195 finem'fuere
2682 5138 2945 5203 instituti,
2980 5136 3532 5208 indequeiparochia
3561 5152 3626 5208 ac

2021 5213 2261 5266 tandem
2291 5212 2525 5266 abbatia
2561 5208 2788 5265 exstitit.
2841 5209 2942 5261 Illa
2986 5208 3106 5261 hud
3136 5206 3325 5261 ﬁdubie
3355 5207 3446 5261 hic
3478 5206 3626 5261 desi-

2065 5287 2251 5336 natur.
3710 5336 3713 5337 ν

2022 5300 2251 5427 “(ait)”;
2270 5354 2348 5427 De
2380 5353 2488 5427 hoc
2519 5346 2867 5427 Lingonensi
2900 5347 3193 5427 episcopo,
3226 5348 3385 5419 cujus
3405 5347 3625 5427 subjec-

2020 5417 2111 5477 tus
2165 5417 2361 5477 titulus
2405 5426 2508 5488 est,
2555 5417 2759 5475 videsis
2799 5417 3306 5475 Commentarium'
3348 5417 3628 5491 praevium

2025 5511 2186 5549 num.
2217 5496 2283 5550 96
2314 5494 2371 5548 et
2399 5509 2514 5565 seq.
