4014 6030
174 210 175 213 ‘
216 224 332 278 569

294 350 485 403 Bruno
518 347 602 402 vir
631 349 876 420 sapiens,
894 351 1053 421 jussa
1080 351 1180 406 Dei
1200 352 1433 407 faciens.
1496 399 1503 404 .

214 434 445 507 Sprevit
471 452 609 508 opes
634 440 864 504 multas,
897 440 1001 493 sibi
1035 457 1140 495 nec
1172 442 1278 495 fuit
1307 443 1421 496 ulla
1454 442 1709 507 facultas,

290 523 401 578 Sed
431 524 709 596 quidquid
734 528 936 597 potuit,
970 529 1164 583 fratris
1196 531 1469 585 exhibuit.

213 612 383 683 Fugit
402 613 474 667 ab
498 614 606 667 hac
632 614 765 680 vita,
799 618 1115 671 monachus
1146 618 1209 671 tit
1236 622 1294 671 et
1322 620 1457 673 hinc
1478 618 1754 684 eremita;

289 703 435 756 Dum
456 702 535 756 sic
565 704 858 771 abstinuit,
885 721 1065 777 regna
1094 707 1209 777 poli
1238 708 1468 761 meruit.

213 789 328 844 Sed
360 791 493 861 quia
511 792 643 861 jure
664 792 789 864 pari
817 794 981 847 decet
1012 796 1118 850 hoc
1151 812 1252 867 pro
1280 796 1459 849 fratre
1491 794 1733 867 precari,

286 879 579 934 Poscimus
600 884 662 934 ut
690 880 917 952 requies
945 882 1015 937 sit
1036 883 1137 938 tibi
1159 901 1401 955 quasque
1437 883 1574 937 dies.

497 1021 559 1077 S.
592 1023 751 1078 Petri
774 1024 960 1078 insula:
992 1024 1330 1080 Germanica)
1361 1026 1521 1095 (318)Δ

209 1127 309 1181 48.
336 1126 576 1194 Mortua,
607 1145 785 1196 mors,
814 1130 1037 1185 utinam
1052 1149 1118 1186 ve
1138 1149 1364 1187 carcere
1393 1132 1581 1185 clausa
1608 1130 1827 1194 fuisses,

210 1214 329 1267 Nec
362 1218 589 1270 tantum
616 1218 836 1272 mundo
869 1220 1174 1274 Doctorem
1207 1220 1601 1291 subripuisses,

213 1302 327 1357 Pro
359 1320 473 1375 quo
507 1320 610 1358 nos
636 1305 885 1376 petimus
915 1307 1227 1375 Christum,
1276 1308 1503 1363 fontem
1534 1305 1826 1371 bonitatis,

211 1394 286 1447 Ut
314 1394 415 1448 det
446 1397 697 1450 Brunoni
724 1414 937 1451 munus
963 1398 1141 1452 solitae
1170 1398 1415 1469 pietatis.

211 1481 457 1549 Christe,
474 1486 939 1551 PatrisVerbum,
964 1505 1210 1557 regnum
1231 1488 1481 1541 concede
1515 1501 1827 1558 supernum

211 1572 470 1626 Brunoni
502 1574 740 1631 famulo.
772 1574 868 1645 qui
896 1592 954 1629 se
982 1576 1083 1629 tibi
1114 1579 1342 1647 pectore
1376 1592 1517 1646 puro

208 1659 415 1714 Vivens
440 1662 736 1731 conjunxit
758 1663 1167 1735 mundanaque
1199 1664 1409 1735 gaudia
1437 1662 1666 1735 sprevit.

208 1748 321 1803 Vos
353 1749 548 1820 igitur,
581 1751 811 1817 fratres,
839 1751 1137 1807 eremitica
1168 1755 1415 1806 claustra
1445 1752 1717 1815 colentes,

210 1835 379 1900 Quod
412 1853 514 1891 nos
541 1854 645 1907 pro
676 1839 877 1893 vestris
893 1840 1149 1906 facimus,
1168 1856 1320 1893 nunc
1342 1838 1567 1892 reddito
1595 1836 1822 1901 nostris,

208 1923 501 1979 Subtracti
530 1927 643 1981 leto
670 1927 969 1997 potiantur
992 1944 1104 1999 quo
1129 1928 1417 2000 paradiso.

425 2068 486 2124 S.
510 2070 773 2140 Stephani
800 2070 1173 2127 Catalmiensis
1192 2073 1417 2127 ecclesiae
1445 2072 1610 2142 (3l9).

206 2174 294 2227 49.
314 2173 619 2231 Commisit
643 2181 1031 2249 protoplastus
1053 2180 1252 2245 homo,
1281 2196 1380 2234 cur
1392 2180 1619 2250 postera
1636 2175 1825 2246 proles

278 2263 468 2317 Patris
506 2265 657 2319 facta
689 2268 853 2321 luens
888 2269 1087 2322 tendat
1116 2269 1172 2321 in
1206 2266 1551 2321 interitum?

208 2349 427 2406 Omnes
461 2351 769 2421 intereunt,
798 2355 897 2409 sed
929 2373 1045 2411 non
1073 2373 1275 2410 omnes
1304 2355 1652 2409 cruciantur.

277 2439 428 2492 Mors
456 2441 609 2495 venit
638 2441 883 2512 injustis,
908 2444 1020 2498 vita
1050 2446 1313 2514 salusque
1342 2442 1527 2498 bonis.

207 2526 305 2580 Hic
332 2527 507 2597 igitur
531 2531 742 2597 Bruno,
777 2531 861 2585 vir
890 2535 1100 2586 sanctae
1133 2531 1447 2602 religionis,

277 2614 557 2671 Mundum
579 2622 978 2686 contemnens,
1009 2620 1202 2675 coalica
1230 2618 1571 2689 promeruit.

205 2702 319 2758 Nos
350 2720 487 2776 ergo
518 2706 830 2761 Dominum
878 2707 1083 2761 devota
1114 2710 1309 2761 mente
1341 2723 1669 2779 precamur,

279 2792 356 2845 Ut
384 2794 480 2864 qui
501 2794 691 2865 justus
714 2797 838 2850 erat
859 2796 1204 2867 justiﬁcetur
1223 2797 1427 2853 adhuc.

517 2937 578 2995 S.
611 2939 767 2994 Petri
786 2939 1010 2995 εαξηοόίί
1035 2940 1098 2995 de
1127 2940 1315 2995 Monte
1338 2940 1507 3010 (320).

207 3044 420 3102 50.Nos
452 3044 623 3115 gessit
646 3046 900 3100 moriens
919 3045 1172 3101 Christus
1191 3047 1260 3102 de
1280 3050 1466 3102 morte
1483 3062 1818 3119 resurgens;

277 3132 426 3204 Spes
457 3132 516 3187 in
546 3138 732 3188 morte
766 3136 931 3200 Deus,
961 3136 1145 3208 gloria
1175 3138 1294 3189 sola
1324 3138 1490 3189 Deus.

204 3221 465 3275 Brunoni
491 3222 751 3292 requiem
775 3226 835 3276 tu
859 3224 1078 3289 confer,
1106 3224 1343 3289 Christe,
1375 3242 1712 3295 perennem,

274 3309 499 3365 Gaudia
523 3328 653 3365 cum
684 3312 895 3365 sanctis
927 3313 1041 3366 sint
1072 3312 1176 3366 sibi
1204 3330 1308 3383 pro
1332 3314 1571 3368 meritis.

782 3452 843 3509 S.
878 3452 1067 3508 Basoli
1092 3458 1251 3521 (321).

209 3562 265 3612 5|
282 3559 501 3613 .Bruno
514 3559 711 3629 polum
736 3560 1136 3631 subeat,quem
1152 3564 1385 3615 strenua
1406 3560 1516 3616 vita
1538 3565 1817 3631 venustat,

280 3646 452 3710 Quod
484 3646 693 3702 merito
726 3647 862 3702 ﬁdei
895 3648 1079 3719 gloria
1110 3652 1326 3702 crescat
1356 3648 1427 3702 ei.

549 3787 611 3843 S.
645 3787 843 3841 Mariae
862 3788 1131 3842 Remensis
1160 3789 1478 3859 metropolis.

212 3897 279 3949 52
340 3893 437 3947 Hic
464 3894 633 3947 Pater
664 3893 904 3948 eximius
938 3894 1211 3949 fundator
1248 3895 1541 3966 religionis

284 3982 593 4051 Exemplar
620 3999 740 4036 sese
770 3982 1038 4036 fratribus
1060 3983 1333 4049 exhibuit,

214 4072 368 4125 Dans
394 4070 503 4124 illis
528 4070 779 4125 formam
812 4073 1120 4142 spernendi
1151 4073 1281 4127 vilia
1303 4073 1526 4140 mundi,

285 4158 540 4216 Calestis
569 4160 768 4230 patria:
803 4161 1044 4233 praemia
1071 4161 1209 4216 dum
1242 4162 1498 4233 sequitur

214 4248 325 4303 Pro
356 4248 517 4319 cujus
547 4251 714 4320 culpa
744 4267 863 4305 non
898 4250 1187 4304 credimus
1216 4267 1336 4304 esse
1368 4252 1747 4321 gemendum,

283 4335 471 4399 Quem
492 4337 617 4407 jam
644 4338 991 4409 gaudentem
1017 4339 1304 4393 credimus
1328 4338 1385 4392 in
1411 4339 1630 4411 requie.

304 4480 428 4554 ἔξω)
459 4479 589 4554 [ioci
607 4480 776 4554 hujus
797 4480 1068 4554 Anotitiaﬂm
1085 4480 1351 4554 nuspiam
1366 4480 1622 4554 invenire
1640 4484 1813 4554 quivi.

306 4549 429 4621 319)
457 4549 825 4605 Catalmlensis
856 4567 959 4621 pro
982 4549 1389 4606 Catalaunensis
1418 4549 1694 4607 mendose
1725 4555 1817 4609 hic

210 4621 485 4693 scriptum
516 4627 653 4693 puto
685 4621 1035 4693 civitatisque
1074 4624 1218 4677 adeo
1262 4624 1691 4679 Catalaunensis
1722 4642 1814 4680 ca-

208 4692 705 4766 thedraleAm,Aquze
732 4692 789 4749 S.
824 4693 1181 4766 Stephanum
1222 4697 1731 4766 protomartyrem,
1755 4699 1818 4750 ut

205 4762 401 4815 Callia:
451 4762 784 4818 Christianae
827 4767 1006 4817 aucta
1052 4762 1369 4835 Scriptores
1406 4762 1559 4819 tom;
1596 4767 1677 4831 IX,
1706 4769 1813 4821 col.

206 4835 326 4957 (8158.
352 4838 410 4886 et
450 4836 553 4915 8539
585 4835 813 4901 docent,
856 4835 1113 4904 agnoscit
1153 4839 1487 4905 patronum,
1519 4838 1816 4892 ecclesiam

246 4920 527 4957 esmnari.

246 4920 503 4973 eslgnari
514 4946 527 4958 .

276 4978 423 5042 (320)
454 4975 639 5030 Situm
669 4977 755 5028 est
784 4975 890 5028 hoc
922 4976 1336 5031 monasterium
1369 4977 1426 5031 in
1455 4977 1682 5032 dioecesi
1714 4979 1815 5033 Ca-

205 5046 551 5112 talaunensi,
579 5049 816 5115 eratque
836 5047 959 5115 jam
994 5046 1127 5100 inde
1155 5049 1359 5101 smculo
1397 5048 1698 5103 undecimo
1720 5066 1815 5102 ex-

205 5063 551 5112 uuaunensn,
579 5063 816 5170 eratque
836 5063 959 5115 jam
994 5063 1127 5100 mue
1155 5063 1359 5101 smculo
1397 5063 1698 5103 unaecnmo
1720 5066 1815 5102 ex-

205 5120 508 5190 structum.
557 5117 662 5170 Adi
748 5116 897 5170 allize
934 5117 1268 5171 Christiana:
1297 5122 1476 5173 aucta:
1499 5118 1818 5190 Scriptores

203 5189 347 5242 tom.
384 5188 467 5250 IX,
496 5190 582 5242 col
614 5191 735 5242 9'27.

272 5260 423 5327 (321)
456 5258 571 5313 Hoc
598 5259 1035 5325 monasterium,
1060 5259 1213 5327 quod
1231 5259 1286 5312 in
1303 5258 1527 5314 dioecesi
1546 5261 1814 5316 Remensi

204 5327 377 5382 situm
415 5332 523 5401 est,
564 5345 597 5383 a
626 5328 683 5382 S.
732 5327 1316 5401 NivardoLRemensi
1360 5331 1810 5401 archiepiscopo,

204 5348 377 5382 suum
415 5348 523 5395 εει,
564 5348 597 5383 8.
626 5348 683 5382 Β.
732 5348 997 5395 ιηιγειῐαο,
1052 5348 1316 5383 nemenSI
1360 5348 1709 5401 BPCDleplSCO
1755 5350 1810 5400 Ο,

203 5399 614 5471 annocirciter
634 5402 761 5465 673,
788 5400 1283 5471 quemadmodum
1311 5400 1383 5455 ad
1413 5401 1667 5471 primum
1711 5348 1810 5457 ge-

204 5470 487 5542 ptembris
508 5470 683 5538 diem,
699 5470 906 5543 quo’de
933 5470 1028 5526 illo
1045 5470 1199 5543 apud
1212 5487 1319 5525 nos
1333 5470 1547 5540 actum,
1563 5473 1812 5529 ostendi-

1794 224 1977 283 ACTA

1848 355 1904 413 Α
1929 351 2071 405 Nam
2102 350 2145 404 si
2178 350 2267 406 cui
2293 353 2492 406 sancto
2518 350 2782 421 requiem
2814 351 2968 405 bona
2997 350 3112 404 vita
3141 353 3418 419 meretur,

1849 1678 1900 1739 B

3438 229 3543 287 370

2002 439 2140 493 Huic
2169 456 2399 510 quoque
2433 456 2536 510 pro
2570 439 2791 492 meritis
2820 455 3049 493 summa
3082 438 3250 492 datur
3278 437 3537 509 requies;

1932 528 2036 591 Qui
2064 545 2196 582 cum
2230 528 2574 583 multimode
2608 530 2805 581 nostra
2835 528 3082 597 polleret
3107 526 3165 580 in
3191 526 3353 594 urbe,

2005 616 2393 687 Solamenque
2423 616 2537 671 suis
2569 620 2741 686 atque
2764 616 2938 671 decus
2966 615 3161 682 fieret;

1933 703 2189 777 Cumque
2221 707 2437 761 faveret
2463 706 2513 760 ei
2539 705 2773 760 fortuna
2800 722 2904 777 per
2929 704 3146 771 omnia,
3169 704 3410 775 jamque

2002 793 2160 848 Hune
2184 795 2590 865 praeferremus
2629 794 2899 849 omnibus
2921 797 2978 848 et
3001 792 3210 848 merito
3241 809 3254 847 :

1929 881 2188 952 Namque
2222 883 2506 953 benignus
2537 884 2659 937 erat
2685 880 2963 952 omnique
2986 881 3204 952 peritus
3224 879 3282 934 in
3313 881 3437 935 arte

2002 970 2412 1041 Facundusque
2443 971 2578 1024 satis
2608 970 2932 1040 divitiisque
2958 973 3183 1041 potens,

1932 1057 2140 1112 Omnia
2174 1060 2493 1130 postposuit
2519 1059 2740 1114 Christo
2765 1059 3105 1128 nudumque
3131 1060 3357 1111 secutus

2001 1144 2307 1213 Christum,
2333 1164 2464 1201 cum
2498 1147 2692 1201 multis
2710 1146 2939 1217 suscipit
2962 1147 3114 1200 hunc
3136 1144 3539 1210 eremus(322l.

1930 1236 2244 1304 Propterea
2274 1236 2537 1307 requiem
2570 1235 2676 1289 sibi
2710 1236 2998 1289 credimus
3020 1251 3143 1289 esse
3173 1236 3457 1305 paratam.

2002 1324 2059 1378 Si
2090 1327 2286 1378 tamen
2318 1326 2433 1379 ulla
2458 1324 2596 1379 levis
2624 1325 2788 1379 haesit
2814 1325 2864 1379 ei
2897 1324 3123 1379 macula

1932 1414 2094 1476 (Nam
2126 1416 2283 1482 patet
2307 1413 2364 1466 in
2387 1412 2554 1466 terris
2586 1414 2805 1467 nullum
2838 1412 2961 1465 sine
2986 1413 3115 1465 labe
3144 1409 3409 1475 morari),

2005 1501 2154 1554 ﬂane
2182 1502 2329 1554 Deus
2349 1501 2643 1570 abstergat
2672 1500 2864 1553 dando
2897 1499 3004 1553 sibi
3035 1498 3285 1553 veniam.

2387 1632 2552 1685 Alius
2578 1630 2807 1701 ejusdem
2830 1630 3071 1683 ecclesia.

1925 1730 2011 1782 53.
2037 1729 2107 1782 Ut
2136 1727 2343 1783 servire
2368 1730 2576 1799 Joseph
2610 1728 2860 1781 dominae
2884 1724 3230 1797 contempsit
3255 1721 3461 1790 amori,

1924 1816 1992 1868 Et
2018 1816 2164 1886 fugit
2194 1817 2490 1886 amplexus
2518 1816 2762 1870 incestos
2791 1817 2985 1868 mente
3016 1812 3180 1878 virili,

1925 1902 2014 1957 Sic
2048 1908 2384 1976 contempta
2404 1904 2580 1974 jacet,
2614 1904 2826 1968 Bruno,
2858 1902 2961 1955 tibi
2990 1899 3174 1971 gloria
3197 1896 3461 1952 munndi.

1925 1992 2210 2064 Amplecti
2235 1993 2374 2047 dum
2406 1996 2461 2045 te
2494 1995 2730 2064 cuperet
2761 1990 2862 2045 tibi
2885 1989 3120 2044 brachia
3149 1987 3395 2041 tendens

1925 2081 2123 2135 Multas
2155 2082 2406 2135 mundus
2431 2098 2568 2153 opes
2601 2082 2811 2134 multos
2851 2077 3114 2135 obtendit
3145 2090 3405 2141 amores;

1922 2170 2117 2241 Tuque
2144 2169 2281 2241 fuga
2311 2171 2519 2239 lapsus,
2547 2169 2801 2241 pompali
2831 2171 2984 2221 veste
3016 2166 3251 2236 rejecta,

1924 2258 2291 2329 Amplectens
2322 2274 2585 2311 eremum
2612 2255 2827 2310 vestiris
2853 2257 3002 2309 sorte
3034 2254 3223 2307 beata.

1928 2344 2084 2399 Hunc
2117 2348 2341 2399 tantum
2376 2346 2550 2399 talem
2582 2344 2903 2399 cmlestibus
2935 2357 3055 2395 esse
3087 2338 3343 2393 sodalem

1926 2433 2246 2501 Credimus,
2274 2434 2426 2487 hunc
2456 2432 2668 2503 rogitat
2698 2431 2943 2485 fratrum
2971 2428 3194 2483 devotio
3228 2428 3370 2493 tota,

1926 2523 1995 2576 Ut
2025 2523 2271 2577 Domino
2302 2540 2407 2594 pro
2440 2539 2499 2576 se
2531 2521 2802 2593 dignetur
2830 2518 3073 2572 fundere
3107 2519 3239 2570 vota
3269 2530 3284 2568 :

1925 2612 2059 2664 Pars
2090 2615 2285 2665 tamen
2318 2610 2557 2664 interior
2582 2610 2625 2664 si
2657 2607 2994 2678 traxerit'ab
3026 2603 3307 2660 exteriore

1925 2697 2071 2763 Quid
2096 2699 2298 2768 sordis,
2329 2700 2493 2766 Deus,
2527 2698 2636 2752 hoc
2660 2696 2887 2768 pietatis
2910 2694 3062 2748 dilue
3092 2708 3246 2746 rore.

2436 2835 2572 2883 [tm
2601 2829 2739 2883 alius
2768 2827 3017 2898 ejusdem.

1844 2955 1892 3015 ρ
1924 2928 2011 2984 54.
2039 2927 2250 2983 Judicis
2279 2942 2522 2982 examen
2554 2924 2783 2980 venturi
2815 2924 3005 2978 Bruno
3026 2933 3334 3015 pavescens

1920 3017 2235 3073 Mundanas
2261 3015 2610 3087 contempsit
2629 3029 2767 3085 opes
2783 3024 3161 3080 eremumque
3183 3002 3535 3079 petivit(323)

1922 3109 2106 3179 Atque
2134 3105 2319 3161 suavis
2350 3105 2427 3159 ibi
2462 3105 2679 3159 fructus
2708 3101 2900 3158 emisit
2928 3099 3141 3165 odoris,

1920 3196 2007 3249 Ad
2032 3194 2319 3249 Christum
2345 3210 2619 3247 revocans
2646 3207 2788 3262 quos
2818 3188 3003 3261 gloria
3029 3202 3179 3240 vana
3202 3180 3426 3237 fefellit.

1921 3283 2095 3337 Nocte
2114 3282 2319 3353 dieque
2351 3281 2451 3336 Dei
2483 3279 2781 3353 praeceptis
2811 3276 3147 3348 invigilabat

1924 3372 2202 3426 Omnibus
2232 3372 2547 3441 exemplar,
2573 3368 2756 3423 eremi
2786 3383 2929 3439 quos
2951 3365 3065 3419 vita
3098 3361 3353 3417 decorat.

1924 3460 1968 3514 O
2000 3477 2176 3532 quam
2207 3460 2360 3514 felici
2385 3459 2574 3513 meriti
2606 3457 2873 3512 mercede
2905 3456 3195 3521 fruuntur,

1924 3548 2029 3612 Qui
2062 3548 2195 3603 socii
2227 3548 2430 3601 turmis
2453 3546 2770 3602 coalestibus
2800 3542 3147 3606 efficiuntur,

1926 3636 2084 3689 Lucis
2105 3639 2162 3689 et
2185 3635 2484 3689 inveniunt
2516 3636 2659 3700 loca,
2693 3650 2821 3704 qum
2848 3634 2981 3685 sunt
3013 3626 3204 3681 nescia
3228 3623 3422 3696 pestis,

1924 3724 1985 3776 In
2016 3724 2221 3795 quibus
2250 3721 2479 3777 aeternis
2500 3721 2865 3775 celebrantur
2896 3715 3104 3788 gaudia
3128 3712 3305 3777 festis,

1922 3812 2009 3866 Ad
2039 3829 2166 3882 quin
2193 3811 2484 3882 suspirans
2508 3810 2599 3863 hic
2630 3807 2856 3861 dissolvi
2888 3803 3173 3874 cupiebat,

1925 3901 2121 3954 Posset
2146 3903 2207 3954 ut
2238 3900 2296 3953 in
2329 3898 2551 3953 Christo
2585 3896 2662 3951 sic
2684 3908 3041 3967 conregnare
3069 3885 3284 3945 beatis!

1925 3989 2181 4061 Denique
2205 3988 2368 4042 ﬁnito
2400 3986 2717 4041 certamine
2742 4001 2914 4039 carne
2946 3982 3163 4037 solutus

1926 4078 2258 4151 Optatisque
2291 4078 2487 4131 fruens
2519 4073 2854 4130 conscendit
2875 4071 2947 4126 ad
2979 4070 3197 4124 aethera
3217 4064 3383 4120 liber.

1922 4146 2134 4220 verum
2165 4146 2210 4219 si
2241 4164 2380 4236 quid
2410 4164 2461 4218 ei
2495 4167 2739 4218 terrenae
2761 4160 2927 4216 sortis
2950 4155 3172 4222 [sordis]
3199 4146 3457 4214 adhaesit,

1842 4239 1896 4300 D
1922 4255 2216 4319 Quatenus
2245 4232 2319 4308 ad
2346 4249 2995 4314 tumulumlcumulum]
3013 4241 3299 4301 mercedis
3320 4237 3403 4293 nil
3422 4232 3531 4292 sibi

3339 4322 3531 4394 [desit,

1917 4501 2044 4549 nus,
2115 4500 2145 4537 e
2208 4481 2347 4535 vivis
2393 4482 2637 4549 sublato,
2684 4482 3034 4536 exstructum
3089 4475 3261 4531 fuisse
3287 4467 3531 4549 “docent

1915 4538 2109 4610 Gallia:
2141 4552 2478 4609 Christianae
2514 4538 2694 4607 auctae
2740 4552 3059 4623 Scriptores
3096 4552 3240 4602 tom.
3287 4542 3373 4607 IX,
3418 4538 3527 4594 col.

1988 4695 2128 4770 (3'22)
2160 4694 2299 4748 Hinc
2329 4694 2554 4770 collige,
2599 4696 2952 4770 Brunonem,
2999 4707 3133 4746 cum
3166 4689 3525 4770 inerelnglil

1917 4752 2166 4831 secessit,
2182 4782 2303 4837 non
2334 4752 2580 4837 Parisiis,
2610 4752 3393 4837 sed_Remis,'summos_inter
3415 4752 3529 4837 ἶρι-

1917 4842 2072 4892 tuna:
2098 4829 2363 4891 secunda:
2394 4829 2617 4891 favores
2646 4835 2818 4890 fuisse
2864 4837 3173 4888 versatum.
3215 4829 3323 4882 Adi
3366 4836 3526 4876 com-

1919 4907 2269 4979 mentarium
2298 4906 2579 4979 praevium
2611 4924 2771 4979 num.
2806 4907 2905 4979 154-
2937 4908 2992 4958 et
3023 4902 3172 4979 binis
3203 4915 3363 4979 seqq.

1993 4921 2269 4961 antarium
2341 4922 2579 4960 ramum
2611 4924 2771 4960 num.
2806 4921 2905 4959 134
2937 4921 2992 4958 et
3023 4921 3172 4957 Dlllls
3203 4921 3363 4979 seqq.

1993 4976 2250 5055 (3‘23)_.Ad
2293 4921 2924 5055 Bari_siense__de_functi,
2952 4973 3053 5055 qui
3085 4986 3256 5055 suam.
3280 4966 3529 5055 ipse???

1918 5034 2358 5103 damnationem
2406 5047 2779 5111 denuntiarit,
2831 5034 3160 5117 prodigium
3202 5034 3525 5117 hic'alludi

1917 5119 2494 5198 conjicitanpnyrnus
2520 5107 2815 5171 Tractatus
2831 5107 2915 5169 'de
2938 5107 3322 5198 ΞΪΒινιμῑιίξῃθἶ
3344 5107 3527 5198 agar-

1896 5181 2196 5243 -thusianis
2242 5181 2532 5258 hujatibus
2572 5204 2800 5241 mecum
2840 5181 3522 5258 commqunicatihauctor.

1915 5260 2125 5314 Verum
2157 5246 2499 5332 conjectum
2520 5258 2617 5332 isti
2642 5272 2746 5326 pro
2774 5255 3081 5332 astruenda
3105 5246 3527 5332 feralihistoria

1916 5332 2165 5384 multum
2201 5325 2424 5384 roboris
2455 5345 2573 5382 non
2605 5325 2791 5382 inesse
2819 5327 3065 5398 ipsemet
3105 5325 3363 5398 fateturis
3393 5326 3529 5373 scn-

1914 5404 2068 5473 ptor.
2091 5400 2338 5456 Consule
2368 5395 2865 5455 Commentariun:
2888 5395 3166 5469 prmvium
3197 5397 3226 5463 δ
3254 5395 3344 5448 2t.

2096 5515 2125 5541 κ
