4014 6030
460 369 556 423 571

1316 366 1374 421 S.
1409 362 1753 420 BRUNONIS
1792 360 2424 418 CARTHUSIANORUM
2462 359 2929 415 INSTITU’I‘ORIS

3688 367 3797 418 572

462 492 763 549 Pulsemus
787 492 1098 546 Dominum
1124 492 1407 563 precibus,
1446 508 1618 562 quem
1644 491 1849 544 cuncta
1877 504 2075 542 veren-
2100 489 2155 548 A
2182 485 2551 558 Quemquam
2575 486 2644 539 de
2672 488 2860 540 morte
2891 485 3041 539 valet
3066 484 3139 538 ad
3166 483 3340 539 vitam
3372 500 3664 553 revocare,

1933 579 2071 641 [tur,

458 666 623 723 Nulla
648 668 803 739 quod
826 667 1036 721 inferni
1059 672 1347 725 tormenta
1368 669 1471 723 sibi
1500 666 1893 723 dominentur.

920 756 1088 811 Alius
1121 760 1311 812 iterum
1362 759 1412 828 ej
1416 758 1611 811 usdcm.

460 848 548 900 55.
582 846 690 897 Iste
717 843 801 898 vir
829 844 962 898 Elia
990 862 1094 916 par
1124 847 1507 919 Baptistaque
1538 843 1807 908 Johanni,

459 931 560 987 Hic
589 932 768 986 eremi
796 932 979 986 cultor
1000 932 1107 988 fuit
1138 938 1195 988 ct
1216 934 1490 989 bonitatis
1515 934 1763 997 amator,

457 1019 558 1075 Hic
586 1021 829 1075 Abraha
860 1020 1058 1074 similis
1086 1022 1210 1093 pius
1231 1023 1442 1077 exstitit
1475 1026 1646 1093 atque
1680 1019 1894 1086 ﬁdelis;

460 1111 567 1162 Iste
599 1111 752 1163 velut
774 1111 973 1162 Petrus
1005 1110 1235 1164 Domini
1269 1111 1546 1164 mandata
1570 1111 1793 1162 secutus

461 1194 667 1250 Omnia
698 1197 1046 1267 contempsit
1076 1202 1134 1251 et
1167 1198 1386 1252 Christo
1421 1214 1640 1269 pauper
1666 1194 1941 1260 adhasit;

456 1283 650 1337 Maluit
671 1284 761 1338 hic
795 1284 1015 1339 Christo
1051 1302 1289 1357 pauper,
1323 1302 1497 1356 quam
1532 1284 1716 1337 vivere
1750 1282 1964 1336 mundo

458 1371 644 1439 Dives,
671 1373 862 1443 sicque
903 1374 1002 1427 Dei
1035 1375 1204 1444 plene
1234 1377 1524 1445 pracepta
1547 1371 1793 1443 peregit.

460 1457 574 1513 Sed
596 1460 749 1531 quia,
785 1477 911 1531 qua
946 1460 1147 1514 mundi
1180 1464 1334 1528 sunt,
1366 1477 1523 1515 mors
1561 1459 1712 1531 rapit
1755 1456 1955 1511 omnia
1983 1472 2069 1508 se-

1891 1557 2067 1616 (cum,

457 1632 665 1688 Mundo
698 1634 985 1689 sublatum
1012 1636 1203 1706 junxit
1229 1638 1549 1691 coelestibus
1579 1636 1771 1692 istum.

458 1720 569 1775 Nos
598 1738 731 1776 vero
765 1722 993 1777 Domini
1030 1724 1405 1794 deposcamus
1437 1726 1734 1797 pietatem,

458 1808 530 1862 Ut
551 1812 713 1864 tanto
745 1812 897 1865 Patri
933 1812 1213 1866 mundani
1241 1814 1287 1867 si
1320 1813 1455 1884 quid
1490 1812 1731 1866 adhasit

458 1895 729 1965 Pulveris,
761 1899 1052 1970 abstergat
1080 1901 1226 1954 Deus
1256 1900 1395 1954 illud
1429 1900 1558 1954 fons
1581 1898 1828 1969 pietatis.

947 1987 1139 2043 Adhuc
1169 1989 1307 2042 alius
1337 1988 1589 2058 ejusdem.

457 2074 546 2126 55.
583 2072 767 2136 Quem
808 2078 1073 2129 tenerum
1108 2076 1301 2131 docuit
1348 2080 1535 2129 mater
1569 2073 1865 2129 Remensis
1892 2074 2074 2127 alum-

1730 2165 1881 2226 [cum
1906 2162 2074 2231 (324),

460 2247 746 2319 Propositi
768 2250 1015 2305 tenuisse
1047 2252 1224 2306 fidem
1256 2253 1448 2306 latata
1480 2253 1832 2317 Brunonem,

458 2334 800 2406 Migrantem
853 2338 927 2391 ad
992 2340 1307 2394 Dominum
1367 2339 1633 2411 lacrymis
1697 2338 2075 2410 precibusque

1819 2426 2071 2486 [salutat.

458 2509 571 2568 88.
605 2511 923 2582 Martyrum
964 2514 1146 2585 Sergii
1174 2522 1221 2569 et
1251 2515 1456 2569 Bacchi
1482 2515 1881 2585 Andegavensis
1908 2516 2071 2581 (325).

457 2602 545 2654 5'7.
572 2600 713 2654 Iusti
745 2603 828 2655 vel
856 2604 1085 2673 reprobi
1118 2608 1318 2658 manet
1341 2604 1511 2657 unica
1530 2619 1654 2657 sors
1680 2602 1965 2657 moriendi

456 2686 524 2739 Et
554 2686 723 2741 simul
745 2689 816 2742 ad
849 2690 1027 2744 linem
1060 2691 1290 2745 deducit
1322 2692 1597 2745 transitus
1629 2691 1821 2759 idem;

457 2772 765 2845 Sedjudex
796 2793 1041 2847 operum
1068 2779 1231 2833 sedes
1262 2778 1536 2832 discernit
1567 2795 1768 2833 eorum
1802 2795 1814 2807 ·

453 2861 550 2917 Vir
579 2863 764 2919 bonus
787 2865 860 2919 ad
890 2867 1152 2937 requiem
1186 2867 1413 2927 transit.
1448 2871 1716 2938 peccator
1748 2867 1819 2921 ad
1852 2866 2068 2938 ignem.

767 2953 828 3012 S.
858 2954 1011 3010 Petri
1023 2957 1242 3009 coenobii
1251 2956 1558 3027 puellarum
1584 2956 1753 3025 (326).

460 3038 548 3096 58.
579 3041 721 3097 Vita
759 3042 953 3097 forma
984 3045 1116 3115 pia,
1146 3044 1322 3099 totius
1352 3061 1553 3099 acerra
1583 3044 1821 3115 sophia,

460 3129 654 3185 Bruno
689 3132 875 3202 pater,
908 3130 1044 3199 vita,
1078 3132 1122 3186 si
1156 3132 1586 3203 transmigravit
1616 3133 1688 3187 ab
1722 3132 1847 3199 ista,

452 3217 542 3272 Ad
572 3218 808 3272 Domini
842 3222 1051 3273 nutum
1084 3219 1266 3291 liquet
1297 3220 1462 3274 illum
1496 3236 1670 3274 carne
1692 3220 1966 3287 solutum,

455 3303 563 3368 Qui
586 3305 811 3375 justum
844 3308 1053 3361 merita
1083 3308 1264 3361 voluit
1293 3308 1508 3361 donare
1541 3324 1791 3375 corona;

457 3390 642 3455 Quem
670 3392 801 3447 licet
832 3394 1096 3448 athereis
1128 3394 1376 3449 fidamus
1408 3395 1591 3448 inesse
1622 3395 1862 3461 choreis,

456 3479 619 3535 Haud
648 3482 849 3535 tamen
890 3481 1150 3553 obsequii
1183 3482 1426 3536 deerunt
1456 3483 1667 3537 solacia
1694 3483 1895 3537 nostri.

525 3566 587 3624 S.
618 3566 1013 3638 Symphoriani
1050 3572 1307 3639 martyris
1335 3573 1390 3623 in
1416 3571 1544 3624 urbe
1567 3571 1816 3625 Remensi
1839 3574 2001 3641 (327).

458 3655 543 3709 59.
580 3653 639 3710 Si
669 3654 809 3727 quid
830 3656 1029 3727 lugere
1053 3657 1123 3711 de
1152 3661 1339 3713 morte
1362 3659 1646 3730 juvetque
1680 3660 1896 3726 dolere,

454 3743 610 3798 Tunc
676 3760 781 3797 nos
844 3743 1164 3811 tristemur,
1228 3762 1401 3816 super
1450 3747 1559 3800 hoc
1617 3763 1847 3818 quoque
1907 3747 2076 3800 Patre

1778 3836 2044 3896 [ﬂeamus
2059 3852 2073 3903 ;

528 3919 642 3975 Sed
668 3920 803 3993 quia
825 3937 931 3975 nec
961 3922 1145 3976 luctus
1165 3940 1271 3977 nec
1294 3924 1515 3977 clamor
1544 3922 1617 3977 ad
1642 3923 1859 3977 aethera
1875 3923 2075 3977 ductus

529 4042 679 4115 (324)
701 4044 842 4115 Hinc
873 4044 1218 4115 colligimus,
1246 4044 1309 4115 VS.
1348 4046 1701 4110 Brunonem,
1752 4044 1937 4099 adhuc
1982 4046 2077 4100 ad-

460 4113 711 4186 mOdum
739 4113 1287 4186 juvenem,__litteris
1329 4131 1567 4186 operam
1606 4115 1664 4186 in
1706 4115 1927 4169 civitate
1966 4118 2072 4171 Re-

461 4182 648 4237 mensi
681 4182 922 4254 dedisse.
965 4183 1072 4254 Adi
1107 4182 1435 4238 Comment.
1473 4185 1747 4254 praevium
1788 4203 1946 4240 num.
1982 4190 2070 4241 54.

533 4256 677 4327 (325)
706 4253 1113 4327 Monasterium
1140 4255 1353 4327 horum
1387 4253 1715 4327 sanctorum
1754 4261 2073 4327 martyrum

2094 3098 2141 3157 C

2180 575 2420 630 Oremus
2452 575 2757 641 Christum,
2786 591 2891 645 pro
2916 574 3083 628 nobis
3112 574 3169 627 in
3196 590 3362 627 cruce
3389 575 3588 642 fixum,

2178 662 2400 717 Caelesti
2433 664 2548 717 vita
2573 664 2826 733 potiatur
2855 666 2916 716 ut
2942 662 3032 716 hic
3062 661 3326 717 ercmita.

2178 750 2489 806 Scribimus
2517 753 2639 806 hac
2658 752 2819 807 vobis
2847 756 2903 806 et
2933 751 3109 821 idem,
3143 752 3414 821 petimus,
3443 753 3575 808 date
3607 753 3796 809 nobis.

2533 867 2785 922 Ecclesiae
2803 867 2911 923 SS.
2947 868 3229 923 Trinitatis
3267 869 3431 940 (328).

2178 958 2265 1010 60.
2300 957 2367 1009 Ut
2406 956 2620 1027 petitis,
2650 957 2876 1023 fratres,
2906 974 2938 1010 a
2970 957 3155 1023 nobis,
3186 956 3261 1011 sic
3288 957 3601 1026 faciemus;

2177 1045 2290 1099 Sed
2322 1048 2509 1100 Bruno
2540 1064 2671 1100 cum
2705 1046 2929 1100 Christo
2982 1048 3212 1116 regnat,
3256 1046 3399 1101 sicut
3434 1051 3796 1120 reputamus,

2177 1135 2359 1199 Quem
2393 1152 2557 1189 cruce
2588 1138 2827 1205 praelata
2859 1138 3105 1189 sectatus
3136 1134 3225 1189 hic
3249 1139 3333 1189 est
3357 1136 3625 1205 eremita,

2174 1224 2454 1279 Illeccbris
2478 1224 2679 1278 mundi
2704 1224 2987 1278 constanti
3020 1228 3213 1277 mente
3244 1225 3500 1295 repulsis.

2559 1337 2622 1393 S.
2647 1339 2901 1405 Dionysii
2928 1338 3202 1393 Remensis
3224 1342 3392 1411 (329).

2175 1428 2263 1479 61.
2290 1427 2533 1481 Cunctas
2558 1427 2723 1497 liquit
2743 1444 2899 1497 opes,
2914 1431 3149 1482 cunctos
3175 1426 3346 1481 simul
3368 1429 3523 1483 orbis
3542 1429 3797 1484 honores

2172 1515 2283 1569 Pro
2313 1518 2393 1580 te,
2428 1516 2647 1569 Christe
2679 1516 2870 1582 Pater,
2904 1532 3008 1585 pro
3033 1516 3158 1571 cali
3190 1532 3435 1570 munere
3464 1533 3687 1588 pauper

2170 1603 2361 1692 Druno
2393 1604 2543 1657 fatus
2578 1603 2706 1668 iter,
2733 1620 2984 1674 quorum
3020 1603 3128 1657 fuit
3172 1607 3305 1657 ante
3353 1606 3627 1676 magister
3648 1610 3794 1692 (330)

2171 1690 2455 1754 Quattuor
2484 1694 2544 1745 ut
2566 1692 2774 1755 fontes,
2806 1708 2871 1745 ex
2903 1709 3016 1745 una
3040 1695 3205 1762 parte
3240 1697 3524 1759 meantes,

2172 1779 2325 1843 Quos
2359 1780 2654 1851 paradisus
2680 1780 2875 1846 habet,
2904 1780 3105 1834 mundi
3134 1797 3237 1851 per
3268 1797 3450 1852 regna
3477 1783 3724 1838 ﬂuentes

2174 1869 2476 1923 Exundant
2500 1872 2703 1936 terras,
2735 1869 2812 1922 sic
2837 1869 2928 1922 hic
2960 1886 3103 1940 quos
3128 1869 3357 1935 imbuit,
3390 1875 3583 1937 ornat,

2177 1958 2382 2027 Implet
2411 1959 2468 2010 et
2500 1956 2797 2025 informat,
2831 1957 3180 2023 inﬂammat,
3216 1958 3432 2029 dirigit,
3466 1963 3679 2027 armat,

2178 2044 2346 2098 Cudit
2383 2048 2441 2098 et
2470 2045 2713 2098 illustrat
2744 2049 2801 2097 et
2824 2044 3010 2098 adhuc
3039 2045 3208 2115 regit,
3241 2046 3467 2109 excolit,
3499 2050 3684 2117 optat.

2178 2132 2407 2203 Syderis
2429 2132 2609 2185 instar
2634 2136 2762 2186 orat
2791 2133 3031 2198 cunctis,
3063 2150 3203 2203 quos
3229 2134 3347 2204 ipse
3381 2134 3648 2190 docebat.

2178 2222 2332 2274 Inter
2360 2220 2642 2275 calicolas
2668 2220 2871 2275 Christi
2901 2221 3223 2291 requiescat
3252 2222 3307 2275 in
3339 2223 3490 2276 aula.

2416 2342 2477 2398 8.
2498 2343 2732 2413 Remigii
2759 2342 3097 2398 Francorum
3125 2344 3349 2414 apostoli
3369 2344 3542 2415 (331).

2176 2435 2268 2487 62.
2295 2432 2372 2485 Ne
2400 2432 2663 2499 doleatis,
2696 2450 2848 2501 oves,
2887 2433 3138 2487 Pastoris
3164 2434 3365 2487 funere
3398 2434 3635 2500 flentes;

2175 2522 2319 2576 Nam
2350 2539 2467 2576 non
2498 2525 2583 2575 est
2614 2521 2860 2588 ﬂendus,
2893 2521 3081 2575 fuerat
3109 2522 3197 2575 cui
3234 2521 3417 2575 vivere
3449 2521 3709 2576 Christus

2173 2611 2358 2680 Atque
2395 2610 2540 2664 mori
2569 2610 2791 2663 lucrum
2816 2610 3140 2680 superando
3164 2609 3443 2664 damonis
3471 2613 3684 2675 astum,

2174 2697 2271 2751 Hic
2304 2699 2471 2752 Pater
2502 2698 2815 2763 eximinus,
2845 2698 3008 2751 nobis
3040 2698 3248 2752 merito
3276 2698 3641 2752 venerandus
3667 2716 3681 2767 ;

2172 2787 2283 2841 Nec
2315 2789 2496 2841 solum
2531 2787 2713 2853 nobis,
2747 2786 2845 2841 sed
2876 2802 3019 2857 quos
3043 2787 3127 2840 sol
3158 2786 3463 2841 ﬂammeus
3491 2787 3625 2841 urit.

2175 2875 2357 2939 Quem
2387 2876 2539 2929 fovet
2565 2875 2683 2945 ipse
2718 2876 2883 2935 Deus.
2916 2891 3089 2945 quem
3110 2874 3234 2944 jam
3262 2875 3474 2929 retinet
3493 2874 3797 2946 paradisus

2174 2966 2235 3018 In
2267 2964 2465 3035 requie
2496 2963 2671 3035 pacis,
2713 2980 2815 3017 cur
2845 2964 3043 3030 talem,
3078 2980 3295 3034 quaso,
3323 2963 3573 3018 doletis?

2174 3055 2390 3125 Raptus
2419 3053 2573 3107 enim
2597 3052 2816 3106 mundo
2849 3052 3099 3106 donatur
3122 3051 3307 3106 vivere
3339 3052 3502 3119 coelo,

2177 3144 2244 3197 Et
2281 3142 2416 3196 vivit
2445 3158 2599 3207 vere,
2634 3140 2848 3194 studuit
2875 3140 3011 3212 quia
3040 3140 3226 3195 vivere
3251 3140 3428 3211 juste.

2179 3231 2545 3301 Conregnare
2576 3228 2700 3294 tibi,
2742 3230 2909 3295 Deus,
2936 3246 3147 3295 annue,
3180 3244 3529 3300 quasumus,
3565 3227 3646 3282 illi

2177 3320 2409 3373 Aiterna
2439 3317 2637 3389 requie
2663 3316 2805 3370 dans
2836 3319 3028 3370 tecum
3061 3315 3416 3388 perpeluari.

2353 3441 2417 3500 8.
2448 3442 2663 3495 Nicasii
2696 3440 2985 3494 Remorum
3022 3441 3405 3511 archiepiscopi
3438 3442 3608 3511 (332).

2179 3535 2266 3587 63.
2298 3533 2465 3595 Deus,
2498 3530 2757 3583 fidelium
2786 3530 2982 3582 lumen
3030 3532 3087 3582 et
3126 3529 3477 3594 animarum,
3526 3528 3794 3583 animam

2178 3620 2346 3689 hujus
2374 3618 2477 3671 viri
2517 3616 2779 3671 catholici
2832 3617 2902 3670 ab
2950 3616 3109 3669 omni
3156 3616 3337 3669 solvat
3376 3615 3600 3669 vinculo
3653 3615 3798 3669 deli-

2178 3711 2423 3761 ctorum.

2292 3827 2399 3883 SS.
2421 3827 2737 3898 Martyrum
2769 3827 3033 3881 Timothei
3063 3834 3111 3880 et
3143 3827 3478 3898 Apollinaris
3510 3827 3679 3900 (333).

2176 3919 2264 3973 64.
2296 3916 2471 3987 Hujus
2496 3915 2755 3970 Doctoris
2781 3914 2890 3969 fuit
2918 3916 3039 3969 hac
3064 3915 3145 3969 vis
3176 3914 3363 3969 cordis
3388 3919 3447 3968 et
3480 3916 3615 3982 oris,

2176 4041 2494 4111 Scriptores
2524 4044 2667 4094 tom.
2698 4040 2780 4105 IX,
2805 4040 2912 4093 col.
2950 4042 3073 4094 807.

2245 4108 2388 4179 (328)
2421 4112 2693 4175 Quisnam
2742 4111 2833 4164 hic
2880 4111 3037 4163 locus
3086 4126 3247 4163 sacer
3290 4108 3640 4179 designetur,
3686 4126 3792 4180 pro

2176 4187 2331 4237 certo
2362 4182 2754 4237 detcrminare
2789 4197 2905 4234 non
2937 4196 3190 4250 possum.

2247 4257 2384 4322 (329)
2412 4255 2691 4306 Remensc
2718 4253 2824 4305 hoc
2856 4249 3275 4304 mOnasterium
3296 4250 3393 4303 diu
3409 4253 3541 4303 ante
3646 4252 3789 4305 Bru-

460 4324 703 4405 nomine
743 4323 1305 4405 insignitumhquod.
1344 4326 1403 4379 in
1447 4326 1690 4380 civitatis
1740 4321 2075 4399 episcopalis
2099 4378 2149 4405 ῃ
2178 4323 2345 4405 nonis
2369 4328 2598 4405 atatem
2622 4322 2743 4405 fuit
2766 4322 3102 4405 conditumn
3130 4323 3226 4405 uti‘
3248 4321 3430 4405 liquet
3463 4321 3627 4405 ex‘iis
3655 4339 3789 4405 quia

458 4394 888 4463 Andegavensis
940 4394 1211 4449 suburbio
1265 4396 1435 4449 situm
1482 4400 1586 4462 cst,
1635 4394 1840 4452 saeculo
1875 4394 2072 4453 octavo

460 4463 632 4537 fuisse
685 4467 1118 4537 cpnstructum,
1151 4465 1313 4520 aiunt
1353 4467 1605 4537 religiosi
1652 4468 1801 4521 illius
1848 4469 2071 4522 incola.

459 4533 568 4610 ,Αᾶί
606 4533 666 4587 in
697 4534 879 4610 Gallia
917 4535 1239 4610 Christiana
1263 4537 1441 4591 veteri
1466 4533 1618 4593 tom.
1652 4539 1737 4605 IV,
1773 4556 1906 4610 pag.
1950 4542 2072 4607 820,

461 4604 938 4659 Sammarthanos
960 4606 1182 4662 fratres.

535 4676 678 4742 (326)
710 4677 832 4731 Duo
858 4677 997 4730 olim
1020 4677 1077 4731 in
1098 4679 1237 4732 urbe
1265 4678 1533 4732 Remensi
1569 4679 1625 4733 S.
1654 4679 1805 4733 Petri
1840 4680 2074 4734 nomine

461 4744 730 4800 distincta
761 4747 1353 4820 exstitere_sacrarum
1394 4749 1652 4820 viginum
1700 4751 2071 4816 monasteria,

461 4832 709 4889 quorum
741 4819 999 4871 alterum
1031 4818 1321 4889 Superius,
1349 4818 1593 4873 alterum
1628 4820 1867 4873 Inferius
1891 4821 2077 4874 nomi-

462 4887 729 4941 nabatur.
755 4887 1128 4943 Postremum
1150 4906 1217 4943 ex
1250 4890 1334 4943 his
1365 4890 1510 4952 (vide
1531 4891 1722 4944 Gallia
1741 4891 2075 4945 Christiana

460 4961 642 5012 aucta
664 4958 991 5030 Scriptores
1020 4964 1165 5014 tom.
1202 4960 1286 5026 IX,
1320 4961 1427 5014 col.
1470 4963 1612 5029 178),
1647 4962 2075 5015 verosimillime

460 5031 629 5101 atate
655 5028 691 5083 S
718 5028 1011 5101 iBr—unonis
1031 5031 1299 5101 jamerat
1313 5028 1613 5101 abolitum;
1630 5032 1884 5101 primum
1908 5033 2074 5098 adeo,

462 5098 617 5181 quod
647 5100 750 5181 sub
782 5098 1175 5181 finem‘saculi
1203 5102 1377 5181 sexti,
1402 5100 1485 5181 uti
1516 5098 1668 5181 apud
1699 5101 1880 5181 dictos
1925 5102 2075 5181 Scri-

461 5171 658 5239 ptores
684 5173 847 5225 tomo
880 5171 1111 5237 eodem,
1131 5171 1239 5225 col.
1257 5173 1381 5238 270,
1400 5175 1487 5225 est
1515 5171 1854 5239 videre,fuit
1866 5177 2079 5228 exstru-

461 5241 642 5319 ctum,
661 5241 946 5321 .quodque
977 5241 1153 5321 modo
1179 5240 1696 5321 _adhuc_s_uperstes
1725 5246 1829 5310 est,
1864 5243 1956 5321 hic
1985 5243 2079 5297 de-

458 5309 674 5385 signari
691 5309 1066 5385 Lcouii'ci_o,n_e_
1080 5312 1229 5385 forte
1250 5312 1407 5385 quod
1428 5309 1627 5385 tamen
1657 5330 1773 5368 non
1804 5318 2076 5385 puto,pro

458 5380 915 5454 puellaritquod
937 5382 1070 5436 alibi
1100 5380 1386 5449 situm‘sit,
1408 5382 1670 5438 canobio
1694 5380 2076 5454 pronuntian-

464 5448 606 5502 dum
631 5448 818 5519 potius
849 5451 940 5505 sit.

536 5520 677 5581 (327)
709 5519 927 5576 Saculo
960 5520 1273 5577 undecimo
1303 5524 1537 5578 condito
1568 5523 1676 5578 fuit
1704 5524 1829 5579 hac
1857 5524 2077 5580 ordinis

466 5584 527 5641 S.
552 5586 842 5643 Benedicti
872 5591 1124 5648 abbatia.
1160 5591 1271 5647 Adi
1304 5591 1496 5651 Gallia
1535 5593 1871 5654 Christiana
1894 5599 2073 5653 aucta

2176 4395 2247 4448 de
2274 4394 2369 4449 illo
2399 4394 2589 4449 Gallia
2618 4393 2951 4447 Christiana
2983 4395 3162 4445 aucta
3196 4392 3514 4463 Scriptores
3540 4396 3662 4446 tom
3702 4394 3788 4459 IX,

2175 4466 2283 4519 col.
2314 4468 2438 4529 228,
2474 4464 2773 4517 memoria
2802 4463 3077 4534 produnt.
3279 4532 3308 4534 ὴ
3368 4476 3379 4485 ’

2250 4540 2394 4605 (330)
2432 4538 2758 4588 Brunoucm
2785 4532 3050 4605 exemplo
3088 4550 3188 4587 suo
3232 4532 3484 4588 effecisse
3527 4537 3592 4586 ut
3638 4551 3788 4588 non-

2177 4607 2336 4673 nulli,
2370 4622 2512 4677 quos
2541 4609 2712 4659 antea
2741 4604 3005 4658 scientias
3033 4621 3155 4677 seu
3173 4621 3359 4677 sacras
3386 4622 3483 4659 seu
3517 4605 3792 4677 profanas

2177 4675 2468 4741 docuerat,
2485 4676 2542 4730 in
2565 4692 2825 4729 eremum
2853 4692 2974 4746 sese
3007 4675 3360 4744 poenitentia
3380 4675 3628 4746 agenda
3645 4692 3789 4745 ergo

2174 4748 2519 4818 receperint,
2541 4764 2656 4801 non
2690 4746 2928 4800 omnino
2957 4745 3151 4817 inepte
3183 4762 3249 4799 ex
3279 4746 3387 4800 hoc
3408 4745 3637 4801 funebri
3666 4746 3793 4816 ejus

2174 4819 2357 4872 Titulo
2384 4817 2716 4872 conieceris.

2220 4834 2357 4872 ιιιιιο
2384 4834 2716 4873 CODIBCBI‘IS.

2249 4836 2357 4872 tuio
2384 4836 2716 4888 conjeceris.

2249 4891 2394 4959 (33l)
2418 4891 2479 4942 In
2512 4890 2651 4943 urb’e
2666 4887 2931 4942 Remensi
2959 4888 3130 4942 situm
3163 4891 3248 4941 est
3279 4888 3503 4960 insigne
3526 4888 3636 4960 hoc
3659 4905 3788 4942 mo-

2176 4960 2511 5026 nasterium,
2546 4976 2652 5014 nec
2678 4976 2993 5029 paucorum
3038 4974 3329 5029 annorum
3359 4958 3527 5013 cursu
3559 4958 3617 5014 S.
3653 4960 3792 5013 Bru—

2177 5030 2346 5084 nonis
2370 5034 2599 5084 atatem
2625 5028 2931 5099 pracessit,
2960 5030 3067 5084 Adi
3096 5028 3288 5085 Gallia
3316 5030 3652 5085 Christiana
3691 5046 3792 5084 au-

2176 5106 2281 5156 cta
2312 5102 2618 5172 scriptores
2649 5103 2790 5155 tom.
2823 5102 2905 5167 IX,
2936 5102 3024 5155 col
3051 5104 3154 5155 2I9
3194 5105 3253 5157 et
3284 5119 3446 5172 seqq.

2248 5173 2391 5243 (332)
2424 5170 2599 5243 Estct
2631 5172 2739 5225 hoc
2771 5172 3211 5243 monasterium-
3232 5172 3292 5225 in
3338 5170 3478 5227 urbe
3515 5170 3797 5243 Remensi

2175 5241 2375 5308 situm,
2410 5259 2473 5296 ac
2505 5242 2561 5297 S.
2598 5242 2881 5313 Brunonis
2921 5246 3089 5296 atate
3128 5246 3300 5313 longe
3334 5241 3649 5313 antiquius.
3682 5241 3794 5313 Adi

2178 5312 2387 5366 iterum
2421 5313 2612 5367 Gallia
2646 5312 2981 5367 Christiana
3013 5318 3193 5369 aucta
3211 5312 3519 5384 scriptores
3539 5317 3683 5368 tom.
3704 5312 3790 5377 IX,

2176 5384 2285 5439 col.
2328 5385 2431 5455 204
2464 5388 2521 5437 et
2549 5400 2709 5455 seqq.

2248 5453 2392 5527 (333)
2423 5451 2851 5527 Remis—existit
2893 5456 3195 5527 collegiate
3242 5454 3500 5527 ecclesia,
3548 5470 3681 5526 qua
3728 5451 3791 5506 S.

2172 5523 2457 5579 Timothei
2489 5525 2717 5581 dicitur.
2748 5526 2899 5594 Hac,
2924 5528 2982 5581 ni
3013 5523 3202 5595 fallar,
3232 5527 3327 5582 hic
3359 5523 3716 5597 designatur.
