  <div class='ocr_page' id='page_1' title='image "/cluster/home/n/w/nwhite01/storage/ocr_20150623/152/hvd.32044054760103/292.png"; bbox 0 0 4014 6030; ppageno 0'>
   <div class='ocr_carea' id='block_1_1' title="bbox 217 248 320 303">
    <p class='ocr_par' dir='ltr' id='par_1_1' title="bbox 217 248 320 303">
     <span class='ocr_line' id='line_1_1' title="bbox 217 248 320 303; baseline -0.019 0"><span class='ocrx_word' id='word_1_1' title='bbox 217 248 320 303; x_wconf 81' lang='lat'>573</span> 
     </span>
    </p>
   </div>
   <div class='ocr_carea' id='block_1_2' title="bbox 216 366 1613 439">
    <p class='ocr_par' dir='ltr' id='par_1_2' title="bbox 216 366 1613 439">
     <span class='ocr_line' id='line_1_2' title="bbox 216 366 1613 439; baseline -0.002 -14"><span class='ocrx_word' id='word_1_2' title='bbox 216 372 290 427; x_wconf 88' lang='lat' dir='ltr'>Ut</span> <span class='ocrx_word' id='word_1_3' title='bbox 319 371 436 423; x_wconf 90' lang='lat' dir='ltr'>toto</span> <span class='ocrx_word' id='word_1_4' title='bbox 464 368 700 423; x_wconf 90' lang='lat' dir='ltr'>cunctos</span> <span class='ocrx_word' id='word_1_5' title='bbox 721 369 1018 439; x_wconf 83' lang='lat' dir='ltr'>superaret</span> <span class='ocrx_word' id='word_1_6' title='bbox 1039 366 1098 421; x_wconf 90' lang='lat' dir='ltr'>in</span> <span class='ocrx_word' id='word_1_7' title='bbox 1124 367 1263 421; x_wconf 88' lang='lat' dir='ltr'>orbe</span> <span class='ocrx_word' id='word_1_8' title='bbox 1288 366 1613 439; x_wconf 89' lang='lat' dir='ltr'>magistros:</span> 
     </span>
    </p>
   </div>
   <div class='ocr_carea' id='block_1_3' title="bbox 217 455 1822 526">
    <p class='ocr_par' dir='ltr' id='par_1_3' title="bbox 217 455 1822 526">
     <span class='ocr_line' id='line_1_3' title="bbox 217 455 1822 526; baseline -0.004 -13"><span class='ocrx_word' id='word_1_9' title='bbox 217 458 305 513; x_wconf 86' lang='lat' dir='ltr'>Sic</span> <span class='ocrx_word' id='word_1_10' title='bbox 336 455 670 511; x_wconf 85' lang='lat' dir='ltr'>meditando</span> <span class='ocrx_word' id='word_1_11' title='bbox 699 455 1005 509; x_wconf 89' lang='lat' dir='ltr'>bonusfuit</span> <span class='ocrx_word' id='word_1_12' title='bbox 1033 458 1205 525; x_wconf 89' lang='lat' dir='ltr'>atque</span> <span class='ocrx_word' id='word_1_13' title='bbox 1239 456 1526 526; x_wconf 89' lang='lat' dir='ltr'>loquendo</span> <span class='ocrx_word' id='word_1_14' title='bbox 1563 456 1822 509; x_wconf 85' lang='lat' dir='ltr'>disertus.</span> 
     </span>
    </p>
   </div>
   <div class='ocr_carea' id='block_1_4' title="bbox 218 543 1506 614">
    <p class='ocr_par' dir='ltr' id='par_1_4' title="bbox 218 543 1506 614">
     <span class='ocr_line' id='line_1_4' title="bbox 218 543 1506 614; baseline -0.002 -15"><span class='ocrx_word' id='word_1_15' title='bbox 218 546 351 599; x_wconf 87' lang='lat' dir='ltr'><strong>Huic</strong></span> <span class='ocrx_word' id='word_1_16' title='bbox 366 562 423 599; x_wconf 91' lang='lat' dir='ltr'>se</span> <span class='ocrx_word' id='word_1_17' title='bbox 451 548 573 598; x_wconf 91' lang='lat' dir='ltr'>tota</span> <span class='ocrx_word' id='word_1_18' title='bbox 602 543 761 598; x_wconf 92' lang='lat' dir='ltr'>dedit</span> <span class='ocrx_word' id='word_1_19' title='bbox 791 543 1071 614; x_wconf 77' lang='lat' dir='ltr'>sapientia</span> <span class='ocrx_word' id='word_1_20' title='bbox 1101 546 1333 614; x_wconf 90' lang='lat' dir='ltr'>totaque</span> <span class='ocrx_word' id='word_1_21' title='bbox 1360 544 1506 597; x_wconf 87' lang='lat' dir='ltr'>sedit</span> 
     </span>
    </p>
   </div>
   <div class='ocr_carea' id='block_1_5' title="bbox 214 631 1560 704">
    <p class='ocr_par' dir='ltr' id='par_1_5' title="bbox 214 631 1560 704">
     <span class='ocr_line' id='line_1_5' title="bbox 214 631 1560 704; baseline -0.003 -16"><span class='ocrx_word' id='word_1_22' title='bbox 214 634 385 704; x_wconf 81' lang='lat' dir='ltr'>Hujus</span> <span class='ocrx_word' id='word_1_23' title='bbox 407 632 465 686; x_wconf 91' lang='lat' dir='ltr'>in</span> <span class='ocrx_word' id='word_1_24' title='bbox 489 631 713 686; x_wconf 89' lang='lat' dir='ltr'>arcanis</span> <span class='ocrx_word' id='word_1_25' title='bbox 732 631 887 685; x_wconf 86' lang='lat' dir='ltr'>dives</span> <span class='ocrx_word' id='word_1_26' title='bbox 914 632 1306 702; x_wconf 81' lang='lat' dir='ltr'>penetralibus</span> <span class='ocrx_word' id='word_1_27' title='bbox 1334 632 1560 702; x_wconf 86' lang='lat' dir='ltr'>hospes.</span> 
     </span>
    </p>
   </div>
   <div class='ocr_carea' id='block_1_6' title="bbox 216 719 1820 792">
    <p class='ocr_par' dir='ltr' id='par_1_6' title="bbox 216 719 1820 792">
     <span class='ocr_line' id='line_1_6' title="bbox 216 719 1820 792; baseline -0.003 -16"><span class='ocrx_word' id='word_1_28' title='bbox 216 721 375 785; x_wconf 84' lang='lat' dir='ltr'>Quod</span> <span class='ocrx_word' id='word_1_29' title='bbox 406 721 554 790; x_wconf 89' lang='lat' dir='ltr'>dico,</span> <span class='ocrx_word' id='word_1_30' title='bbox 587 720 740 786; x_wconf 89' lang='lat' dir='ltr'>novi,</span> <span class='ocrx_word' id='word_1_31' title='bbox 776 736 1006 774; x_wconf 91' lang='lat' dir='ltr'>mecum</span> <span class='ocrx_word' id='word_1_32' title='bbox 1068 737 1296 792; x_wconf 93' lang='lat' dir='ltr'>quoque</span> <span class='ocrx_word' id='word_1_33' title='bbox 1346 721 1586 774; x_wconf 86' lang='lat' dir='ltr'>Francia</span> <span class='ocrx_word' id='word_1_34' title='bbox 1644 719 1820 785; x_wconf 89' lang='lat' dir='ltr'>novit,</span> 
     </span>
    </p>
   </div>
   <div class='ocr_carea' id='block_1_7' title="bbox 220 809 1523 881">
    <p class='ocr_par' dir='ltr' id='par_1_7' title="bbox 220 809 1523 881">
     <span class='ocr_line' id='line_1_7' title="bbox 220 809 1523 881; baseline -0.002 -17"><span class='ocrx_word' id='word_1_35' title='bbox 220 811 280 864; x_wconf 89' lang='lat' dir='ltr'>Et</span> <span class='ocrx_word' id='word_1_36' title='bbox 312 814 460 863; x_wconf 87' lang='lat' dir='ltr'>totus</span> <span class='ocrx_word' id='word_1_37' title='bbox 491 809 651 863; x_wconf 89' lang='lat' dir='ltr'>novit</span> <span class='ocrx_word' id='word_1_38' title='bbox 679 825 782 879; x_wconf 88' lang='lat' dir='ltr'>per</span> <span class='ocrx_word' id='word_1_39' title='bbox 813 809 1038 863; x_wconf 82' lang='lat' dir='ltr'>climata</span> <span class='ocrx_word' id='word_1_40' title='bbox 1056 812 1327 881; x_wconf 82' lang='lat' dir='ltr'>quattuor</span> <span class='ocrx_word' id='word_1_41' title='bbox 1352 809 1523 863; x_wconf 87' lang='lat' dir='ltr'>orbis.</span> 
     </span>
    </p>
   </div>
   <div class='ocr_carea' id='block_1_8' title="bbox 215 896 1577 967">
    <p class='ocr_par' dir='ltr' id='par_1_8' title="bbox 215 896 1577 967">
     <span class='ocr_line' id='line_1_8' title="bbox 215 896 1577 967; baseline -0.002 -15"><span class='ocrx_word' id='word_1_42' title='bbox 215 899 341 952; x_wconf 67' lang='lat' dir='ltr'>Hice</span> <span class='ocrx_word' id='word_1_43' title='bbox 373 897 532 951; x_wconf 91' lang='lat' dir='ltr'>illum</span> <span class='ocrx_word' id='word_1_44' title='bbox 566 897 758 951; x_wconf 87' lang='lat' dir='ltr'>docuit</span> <span class='ocrx_word' id='word_1_45' title='bbox 783 914 872 951; x_wconf 91' lang='lat' dir='ltr'>res</span> <span class='ocrx_word' id='word_1_46' title='bbox 897 898 1066 967; x_wconf 88' lang='lat' dir='ltr'>hujus</span> <span class='ocrx_word' id='word_1_47' title='bbox 1092 913 1362 966; x_wconf 85' lang='lat' dir='ltr'>spernere</span> <span class='ocrx_word' id='word_1_48' title='bbox 1376 896 1577 950; x_wconf 91' lang='lat' dir='ltr'>mundi</span> 
     </span>
    </p>
   </div>
   <div class='ocr_carea' id='block_1_9' title="bbox 214 984 1434 1057">
    <p class='ocr_par' dir='ltr' id='par_1_9' title="bbox 214 984 1434 1057">
     <span class='ocr_line' id='line_1_9' title="bbox 214 984 1434 1057; baseline -0.002 -16"><span class='ocrx_word' id='word_1_49' title='bbox 214 988 278 1041; x_wconf 87' lang='lat' dir='ltr'>Et</span> <span class='ocrx_word' id='word_1_50' title='bbox 310 987 495 1040; x_wconf 89' lang='lat' dir='ltr'>solum</span> <span class='ocrx_word' id='word_1_51' title='bbox 527 985 662 1039; x_wconf 88' lang='lat' dir='ltr'>fecit</span> <span class='ocrx_word' id='word_1_52' title='bbox 687 984 1019 1056; x_wconf 87' lang='lat' dir='ltr'>perquirere</span> <span class='ocrx_word' id='word_1_53' title='bbox 1051 985 1258 1057; x_wconf 88' lang='lat' dir='ltr'>gaudia</span> <span class='ocrx_word' id='word_1_54' title='bbox 1290 985 1434 1040; x_wconf 70' lang='lat' dir='ltr'>cmli.</span> 
     </span>
    </p>
   </div>
   <div class='ocr_carea' id='block_1_10' title="bbox 211 1070 1541 1144">
    <p class='ocr_par' dir='ltr' id='par_1_10' title="bbox 211 1070 1541 1144">
     <span class='ocr_line' id='line_1_10' title="bbox 211 1070 1541 1144; baseline -0.002 -15"><span class='ocrx_word' id='word_1_55' title='bbox 211 1076 348 1129; x_wconf 87' lang='lat' dir='ltr'>Huic</span> <span class='ocrx_word' id='word_1_56' title='bbox 380 1075 425 1127; x_wconf 89' lang='lat' dir='ltr'>si</span> <span class='ocrx_word' id='word_1_57' title='bbox 456 1073 595 1144; x_wconf 91' lang='lat' dir='ltr'>quid</span> <span class='ocrx_word' id='word_1_58' title='bbox 622 1070 804 1128; x_wconf 90' lang='lat' dir='ltr'>sordis</span> <span class='ocrx_word' id='word_1_59' title='bbox 835 1074 905 1127; x_wconf 92' lang='lat' dir='ltr'>de</span> <span class='ocrx_word' id='word_1_60' title='bbox 938 1074 1125 1127; x_wconf 88' lang='lat' dir='ltr'>carnis</span> <span class='ocrx_word' id='word_1_61' title='bbox 1156 1075 1282 1144; x_wconf 89' lang='lat' dir='ltr'>lege</span> <span class='ocrx_word' id='word_1_62' title='bbox 1308 1073 1541 1127; x_wconf 58' lang='lat' dir='ltr'>cohaesit</span> 
     </span>
    </p>
   </div>
   <div class='ocr_carea' id='block_1_11' title="bbox 213 1161 1608 1236">
    <p class='ocr_par' dir='ltr' id='par_1_11' title="bbox 213 1161 1608 1236">
     <span class='ocr_line' id='line_1_11' title="bbox 213 1161 1608 1236; baseline -0.002 -19"><span class='ocrx_word' id='word_1_63' title='bbox 213 1166 374 1236; x_wconf 82' lang='lat' dir='ltr'>(Nam</span> <span class='ocrx_word' id='word_1_64' title='bbox 411 1162 601 1216; x_wconf 85' lang='lat' dir='ltr'>cuncti</span> <span class='ocrx_word' id='word_1_65' title='bbox 624 1161 853 1233; x_wconf 88' lang='lat' dir='ltr'>penitus</span> <span class='ocrx_word' id='word_1_66' title='bbox 876 1162 1092 1216; x_wconf 82' lang='lat' dir='ltr'>carnali</span> <span class='ocrx_word' id='word_1_67' title='bbox 1125 1163 1250 1233; x_wconf 91' lang='lat' dir='ltr'>lege</span> <span class='ocrx_word' id='word_1_68' title='bbox 1281 1161 1608 1233; x_wconf 90' lang='lat' dir='ltr'>gravamur)</span> 
     </span>
    </p>
   </div>
   <div class='ocr_carea' id='block_1_12' title="bbox 213 1250 1676 1322">
    <p class='ocr_par' dir='ltr' id='par_1_12' title="bbox 213 1250 1676 1322">
     <span class='ocr_line' id='line_1_12' title="bbox 213 1250 1676 1322; baseline -0.003 -16"><span class='ocrx_word' id='word_1_69' title='bbox 213 1251 590 1322; x_wconf 88' lang='lat' dir='ltr'>Omnipotens</span> <span class='ocrx_word' id='word_1_70' title='bbox 616 1251 797 1315; x_wconf 86' lang='lat' dir='ltr'>tollat,</span> <span class='ocrx_word' id='word_1_71' title='bbox 824 1250 921 1321; x_wconf 88' lang='lat' dir='ltr'>qui</span> <span class='ocrx_word' id='word_1_72' title='bbox 949 1250 1191 1304; x_wconf 82' lang='lat' dir='ltr'>crimina</span> <span class='ocrx_word' id='word_1_73' title='bbox 1219 1255 1416 1305; x_wconf 88' lang='lat' dir='ltr'>nostra</span> <span class='ocrx_word' id='word_1_74' title='bbox 1442 1252 1676 1316; x_wconf 81' lang='lat' dir='ltr'>relaxat,</span> 
     </span>
    </p>
   </div>
   <div class='ocr_carea' id='block_1_13' title="bbox 214 1336 1817 1410">
    <p class='ocr_par' dir='ltr' id='par_1_13' title="bbox 214 1336 1817 1410">
     <span class='ocr_line' id='line_1_13' title="bbox 214 1336 1817 1410; baseline -0.002 -17"><span class='ocrx_word' id='word_1_75' title='bbox 214 1340 453 1409; x_wconf 89' lang='lat' dir='ltr'>Impleat</span> <span class='ocrx_word' id='word_1_76' title='bbox 484 1342 655 1409; x_wconf 88' lang='lat' dir='ltr'>atque</span> <span class='ocrx_word' id='word_1_77' title='bbox 702 1338 807 1392; x_wconf 88' lang='lat' dir='ltr'>sibi</span> <span class='ocrx_word' id='word_1_78' title='bbox 837 1342 1058 1405; x_wconf 91' lang='lat' dir='ltr'>votum,</span> <span class='ocrx_word' id='word_1_79' title='bbox 1102 1338 1255 1410; x_wconf 93' lang='lat' dir='ltr'>quod</span> <span class='ocrx_word' id='word_1_80' title='bbox 1308 1355 1537 1409; x_wconf 84' lang='lat' dir='ltr'>semper</span> <span class='ocrx_word' id='word_1_81' title='bbox 1587 1336 1817 1391; x_wconf 88' lang='lat' dir='ltr'>amavit.</span> 
     </span>
    </p>
   </div>
   <div class='ocr_carea' id='block_1_14' title="bbox 342 1451 1642 1522">
    <p class='ocr_par' dir='ltr' id='par_1_14' title="bbox 342 1451 1642 1522">
     <span class='ocr_line' id='line_1_14' title="bbox 342 1451 1642 1522; baseline -0.002 -16"><span class='ocrx_word' id='word_1_82' title='bbox 342 1451 404 1507; x_wconf 89' lang='lat' dir='ltr'>S.</span> <span class='ocrx_word' id='word_1_83' title='bbox 431 1451 815 1505; x_wconf 70' lang='lat' dir='ltr'>Bartholomazi</span> <span class='ocrx_word' id='word_1_84' title='bbox 838 1451 1066 1522; x_wconf 77' lang='lat' dir='ltr'>apostoli</span> <span class='ocrx_word' id='word_1_85' title='bbox 1077 1453 1134 1505; x_wconf 71' lang='lat' dir='ltr'>in</span> <span class='ocrx_word' id='word_1_86' title='bbox 1160 1459 1337 1505; x_wconf 86' lang='lat' dir='ltr'>monte</span> <span class='ocrx_word' id='word_1_87' title='bbox 1370 1451 1447 1505; x_wconf 83' lang='lat' dir='ltr'>0r</span> <span class='ocrx_word' id='word_1_88' title='bbox 1481 1453 1642 1521; x_wconf 59' lang='lat'>(334).</span> 
     </span>
    </p>
   </div>
   <div class='ocr_carea' id='block_1_15' title="bbox 214 1539 1823 1612">
    <p class='ocr_par' dir='ltr' id='par_1_15' title="bbox 214 1539 1823 1612">
     <span class='ocr_line' id='line_1_15' title="bbox 214 1539 1823 1612; baseline -0.002 -16"><span class='ocrx_word' id='word_1_89' title='bbox 214 1544 300 1597; x_wconf 76' lang='lat'>65.</span> <span class='ocrx_word' id='word_1_90' title='bbox 336 1541 500 1596; x_wconf 90' lang='lat' dir='ltr'>Orbis</span> <span class='ocrx_word' id='word_1_91' title='bbox 532 1557 893 1594; x_wconf 87' lang='lat' dir='ltr'>amarescens</span> <span class='ocrx_word' id='word_1_92' title='bbox 950 1540 1259 1594; x_wconf 89' lang='lat' dir='ltr'>claudescit</span> <span class='ocrx_word' id='word_1_93' title='bbox 1298 1541 1551 1612; x_wconf 90' lang='lat' dir='ltr'>pondere</span> <span class='ocrx_word' id='word_1_94' title='bbox 1600 1539 1823 1605; x_wconf 84' lang='lat' dir='ltr'>mortis,</span> 
     </span>
    </p>
   </div>
   <div class='ocr_carea' id='block_1_16' title="bbox 215 1628 1682 1700">
    <p class='ocr_par' dir='ltr' id='par_1_16' title="bbox 215 1628 1682 1700">
     <span class='ocr_line' id='line_1_16' title="bbox 215 1628 1682 1700; baseline -0.001 -17"><span class='ocrx_word' id='word_1_95' title='bbox 215 1631 281 1684; x_wconf 91' lang='lat' dir='ltr'>Et</span> <span class='ocrx_word' id='word_1_96' title='bbox 306 1629 483 1683; x_wconf 86' lang='lat' dir='ltr'>trahit</span> <span class='ocrx_word' id='word_1_97' title='bbox 500 1629 571 1682; x_wconf 90' lang='lat' dir='ltr'>ad</span> <span class='ocrx_word' id='word_1_98' title='bbox 601 1628 851 1700; x_wconf 90' lang='lat' dir='ltr'>speciem</span> <span class='ocrx_word' id='word_1_99' title='bbox 882 1628 1153 1682; x_wconf 72' lang='lat' dir='ltr'>humanae</span> <span class='ocrx_word' id='word_1_100' title='bbox 1184 1646 1287 1700; x_wconf 91' lang='lat' dir='ltr'>per</span> <span class='ocrx_word' id='word_1_101' title='bbox 1314 1628 1476 1683; x_wconf 85' lang='lat' dir='ltr'>devia</span> <span class='ocrx_word' id='word_1_102' title='bbox 1496 1628 1682 1695; x_wconf 85' lang='lat' dir='ltr'>sortis,</span> 
     </span>
    </p>
   </div>
   <div class='ocr_carea' id='block_1_17' title="bbox 215 1716 1717 1789">
    <p class='ocr_par' dir='ltr' id='par_1_17' title="bbox 215 1716 1717 1789">
     <span class='ocr_line' id='line_1_17' title="bbox 215 1716 1717 1789; baseline -0.002 -17"><span class='ocrx_word' id='word_1_103' title='bbox 215 1718 416 1789; x_wconf 76' lang='lat' dir='ltr'>Margit</span> <span class='ocrx_word' id='word_1_104' title='bbox 441 1719 498 1771; x_wconf 92' lang='lat' dir='ltr'>et</span> <span class='ocrx_word' id='word_1_105' title='bbox 527 1716 722 1770; x_wconf 88' lang='lat' dir='ltr'>exsilio</span> <span class='ocrx_word' id='word_1_106' title='bbox 736 1716 1106 1789; x_wconf 89' lang='lat' dir='ltr'>propriorum</span> <span class='ocrx_word' id='word_1_107' title='bbox 1139 1733 1379 1787; x_wconf 68' lang='lat' dir='ltr'>quinque</span> <span class='ocrx_word' id='word_1_108' title='bbox 1406 1717 1717 1771; x_wconf 86' lang='lat' dir='ltr'>tabescens.</span> 
     </span>
    </p>
   </div>
   <div class='ocr_carea' id='block_1_18' title="bbox 1792 234 1974 295">
    <p class='ocr_par' dir='ltr' id='par_1_18' title="bbox 1792 234 1974 295">
     <span class='ocr_line' id='line_1_18' title="bbox 1792 234 1974 295; baseline 0 -1"><span class='ocrx_word' id='word_1_109' title='bbox 1792 234 1974 295; x_wconf 83' lang='lat' dir='ltr'>ACTA</span> 
     </span>
    </p>
   </div>
   <div class='ocr_carea' id='block_1_19' title="bbox 1846 362 3213 436">
    <p class='ocr_par' dir='ltr' id='par_1_19' title="bbox 1846 362 3213 436">
     <span class='ocr_line' id='line_1_19' title="bbox 1846 362 3213 436; baseline 0.004 -18"><span class='ocrx_word' id='word_1_110' title='bbox 1846 371 1901 427; x_wconf 84' lang='grc' dir='ltr'><strong>Α</strong></span> <span class='ocrx_word' id='word_1_111' title='bbox 1929 362 2039 419; x_wconf 92' lang='lat' dir='ltr'>Sed</span> <span class='ocrx_word' id='word_1_112' title='bbox 2052 366 2359 435; x_wconf 89' lang='lat' dir='ltr'>postquam</span> <span class='ocrx_word' id='word_1_113' title='bbox 2390 365 2591 417; x_wconf 88' lang='lat' dir='ltr'>nostra</span> <span class='ocrx_word' id='word_1_114' title='bbox 2620 363 2835 436; x_wconf 85' lang='lat' dir='ltr'>delegit</span> <span class='ocrx_word' id='word_1_115' title='bbox 2854 365 3057 422; x_wconf 86' lang='lat' dir='ltr'>cedere</span> <span class='ocrx_word' id='word_1_116' title='bbox 3079 369 3213 435; x_wconf 89' lang='lat' dir='ltr'>vita,</span> 
     </span>
    </p>
   </div>
   <div class='ocr_carea' id='block_1_20' title="bbox 3412 246 3520 305">
    <p class='ocr_par' dir='ltr' id='par_1_20' title="bbox 3412 246 3520 305">
     <span class='ocr_line' id='line_1_20' title="bbox 3412 246 3520 305; baseline 0.009 -2"><span class='ocrx_word' id='word_1_117' title='bbox 3412 246 3520 305; x_wconf 75' lang='grc'>574</span> 
     </span>
    </p>
   </div>
   <div class='ocr_carea' id='block_1_21' title="bbox 1927 450 3150 521">
    <p class='ocr_par' dir='ltr' id='par_1_21' title="bbox 1927 450 3150 521">
     <span class='ocr_line' id='line_1_21' title="bbox 1927 450 3150 521; baseline 0.005 -18"><span class='ocrx_word' id='word_1_118' title='bbox 1927 452 2123 505; x_wconf 86' lang='lat' dir='ltr'>Vester</span> <span class='ocrx_word' id='word_1_119' title='bbox 2152 451 2371 521; x_wconf 81' lang='lat' dir='ltr'>collega</span> <span class='ocrx_word' id='word_1_120' title='bbox 2396 450 2707 521; x_wconf 87' lang='lat' dir='ltr'>vestrisque</span> <span class='ocrx_word' id='word_1_121' title='bbox 2739 452 2878 506; x_wconf 92' lang='lat' dir='ltr'>locis</span> <span class='ocrx_word' id='word_1_122' title='bbox 2900 454 3150 510; x_wconf 90' lang='lat' dir='ltr'>eremita</span> 
     </span>
    </p>
   </div>
   <div class='ocr_carea' id='block_1_22' title="bbox 1927 539 3181 611">
    <p class='ocr_par' dir='ltr' id='par_1_22' title="bbox 1927 539 3181 611">
     <span class='ocr_line' id='line_1_22' title="bbox 1927 539 3181 611; baseline 0.004 -18"><span class='ocrx_word' id='word_1_123' title='bbox 1927 540 2199 609; x_wconf 88' lang='lat' dir='ltr'>Deposuit</span> <span class='ocrx_word' id='word_1_124' title='bbox 2224 554 2421 592; x_wconf 88' lang='lat' dir='ltr'>curam</span> <span class='ocrx_word' id='word_1_125' title='bbox 2453 539 2698 609; x_wconf 71' lang='lat' dir='ltr'>poenitus</span> <span class='ocrx_word' id='word_1_126' title='bbox 2726 540 2900 594; x_wconf 86' lang='lat' dir='ltr'>totius</span> <span class='ocrx_word' id='word_1_127' title='bbox 2920 541 3181 611; x_wconf 89' lang='lat' dir='ltr'>honoris,</span> 
     </span>
    </p>
   </div>
   <div class='ocr_carea' id='block_1_23' title="bbox 1926 626 3225 698">
    <p class='ocr_par' dir='ltr' id='par_1_23' title="bbox 1926 626 3225 698">
     <span class='ocr_line' id='line_1_23' title="bbox 1926 626 3225 698; baseline 0.005 -19"><span class='ocrx_word' id='word_1_128' title='bbox 1926 627 2295 698; x_wconf 87' lang='lat' dir='ltr'>Amplectens</span> <span class='ocrx_word' id='word_1_129' title='bbox 2320 643 2522 679; x_wconf 88' lang='lat' dir='ltr'>curum</span> <span class='ocrx_word' id='word_1_130' title='bbox 2553 626 2756 680; x_wconf 89' lang='lat' dir='ltr'>Christi</span> <span class='ocrx_word' id='word_1_131' title='bbox 2784 629 2957 683; x_wconf 91' lang='lat' dir='ltr'>solius</span> <span class='ocrx_word' id='word_1_132' title='bbox 2989 632 3225 686; x_wconf 90' lang='lat' dir='ltr'>amoris.</span> 
     </span>
    </p>
   </div>
   <div class='ocr_carea' id='block_1_24' title="bbox 1924 714 3288 788">
    <p class='ocr_par' dir='ltr' id='par_1_24' title="bbox 1924 714 3288 788">
     <span class='ocr_line' id='line_1_24' title="bbox 1924 714 3288 788; baseline 0.007 -22"><span class='ocrx_word' id='word_1_133' title='bbox 1924 715 2033 768; x_wconf 90' lang='lat' dir='ltr'>Vos</span> <span class='ocrx_word' id='word_1_134' title='bbox 2063 714 2261 785; x_wconf 84' lang='lat' dir='ltr'>igitur,</span> <span class='ocrx_word' id='word_1_135' title='bbox 2294 714 2520 779; x_wconf 87' lang='lat' dir='ltr'>fratres,</span> <span class='ocrx_word' id='word_1_136' title='bbox 2548 716 2729 768; x_wconf 90' lang='lat' dir='ltr'>eremi</span> <span class='ocrx_word' id='word_1_137' title='bbox 2762 715 2988 772; x_wconf 90' lang='lat' dir='ltr'>deserta</span> <span class='ocrx_word' id='word_1_138' title='bbox 3015 720 3288 788; x_wconf 89' lang='lat' dir='ltr'>colentes,</span> 
     </span>
    </p>
   </div>
   <div class='ocr_carea' id='block_1_25' title="bbox 1925 802 3398 877">
    <p class='ocr_par' dir='ltr' id='par_1_25' title="bbox 1925 802 3398 877">
     <span class='ocr_line' id='line_1_25' title="bbox 1925 802 3398 877; baseline 0.005 -21"><span class='ocrx_word' id='word_1_139' title='bbox 1925 802 2206 856; x_wconf 91' lang='lat' dir='ltr'>Fallacem</span> <span class='ocrx_word' id='word_1_140' title='bbox 2238 802 2542 856; x_wconf 88' lang='lat' dir='ltr'>mumdum</span> <span class='ocrx_word' id='word_1_141' title='bbox 2569 803 2647 856; x_wconf 92' lang='lat' dir='ltr'>sic</span> <span class='ocrx_word' id='word_1_142' title='bbox 2666 804 2790 874; x_wconf 90' lang='lat' dir='ltr'>jam</span> <span class='ocrx_word' id='word_1_143' title='bbox 2822 823 3115 877; x_wconf 88' lang='lat' dir='ltr'>superasse</span> <span class='ocrx_word' id='word_1_144' title='bbox 3142 808 3398 864; x_wconf 85' lang='lat' dir='ltr'>videntes</span> 
     </span>
    </p>
   </div>
   <div class='ocr_carea' id='block_1_26' title="bbox 1926 891 3269 964">
    <p class='ocr_par' dir='ltr' id='par_1_26' title="bbox 1926 891 3269 964">
     <span class='ocr_line' id='line_1_26' title="bbox 1926 891 3269 964; baseline 0.005 -21"><span class='ocrx_word' id='word_1_145' title='bbox 1926 891 2237 961; x_wconf 87' lang='lat' dir='ltr'>Egregium</span> <span class='ocrx_word' id='word_1_146' title='bbox 2271 891 2522 956; x_wconf 87' lang='lat' dir='ltr'>Patrem,</span> <span class='ocrx_word' id='word_1_147' title='bbox 2558 907 2629 945; x_wconf 91' lang='lat' dir='ltr'>ne</span> <span class='ocrx_word' id='word_1_148' title='bbox 2658 892 2815 946; x_wconf 88' lang='lat' dir='ltr'>triste</span> <span class='ocrx_word' id='word_1_149' title='bbox 2842 893 3040 948; x_wconf 87' lang='lat' dir='ltr'>faratis</span> <span class='ocrx_word' id='word_1_150' title='bbox 3067 895 3269 964; x_wconf 89' lang='lat' dir='ltr'>obisse,</span> 
     </span>
    </p>
   </div>
   <div class='ocr_carea' id='block_1_27' title="bbox 1926 978 3342 1052">
    <p class='ocr_par' dir='ltr' id='par_1_27' title="bbox 1926 978 3342 1052">
     <span class='ocr_line' id='line_1_27' title="bbox 1926 978 3342 1052; baseline 0.004 -20"><span class='ocrx_word' id='word_1_151' title='bbox 1926 978 2109 1042; x_wconf 87' lang='lat' dir='ltr'>Quem</span> <span class='ocrx_word' id='word_1_152' title='bbox 2140 995 2244 1032; x_wconf 92' lang='lat' dir='ltr'>nos</span> <span class='ocrx_word' id='word_1_153' title='bbox 2277 995 2459 1049; x_wconf 89' lang='lat' dir='ltr'>regna</span> <span class='ocrx_word' id='word_1_154' title='bbox 2476 979 2589 1048; x_wconf 91' lang='lat' dir='ltr'>poli</span> <span class='ocrx_word' id='word_1_155' title='bbox 2619 979 2810 1035; x_wconf 89' lang='lat' dir='ltr'>divina</span> <span class='ocrx_word' id='word_1_156' title='bbox 2836 986 3107 1052; x_wconf 89' lang='lat' dir='ltr'>putamus</span> <span class='ocrx_word' id='word_1_157' title='bbox 3138 984 3342 1038; x_wconf 89' lang='lat' dir='ltr'>adisse.</span> 
     </span>
    </p>
   </div>
   <div class='ocr_carea' id='block_1_28' title="bbox 1924 1066 3359 1140">
    <p class='ocr_par' dir='ltr' id='par_1_28' title="bbox 1924 1066 3359 1140">
     <span class='ocr_line' id='line_1_28' title="bbox 1924 1066 3359 1140; baseline 0.006 -20"><span class='ocrx_word' id='word_1_158' title='bbox 1924 1066 2066 1120; x_wconf 90' lang='lat' dir='ltr'>Cum</span> <span class='ocrx_word' id='word_1_159' title='bbox 2085 1066 2156 1119; x_wconf 88' lang='lat' dir='ltr'>sit</span> <span class='ocrx_word' id='word_1_160' title='bbox 2190 1066 2462 1133; x_wconf 77' lang='lat' dir='ltr'>ccelicola,</span> <span class='ocrx_word' id='word_1_161' title='bbox 2495 1068 2681 1137; x_wconf 89' lang='lat' dir='ltr'>potuit</span> <span class='ocrx_word' id='word_1_162' title='bbox 2705 1069 2843 1139; x_wconf 90' lang='lat' dir='ltr'>quid</span> <span class='ocrx_word' id='word_1_163' title='bbox 2869 1071 3055 1140; x_wconf 86' lang='lat' dir='ltr'>majus</span> <span class='ocrx_word' id='word_1_164' title='bbox 3097 1072 3311 1127; x_wconf 91' lang='lat' dir='ltr'>habere</span> <span class='ocrx_word' id='word_1_165' title='bbox 3330 1071 3359 1127; x_wconf 84' lang='lat'><strong>?</strong></span> 
     </span>
    </p>
   </div>
   <div class='ocr_carea' id='block_1_29' title="bbox 1924 1154 3097 1221">
    <p class='ocr_par' dir='ltr' id='par_1_29' title="bbox 1924 1154 3097 1221">
     <span class='ocr_line' id='line_1_29' title="bbox 1924 1154 3097 1221; baseline 0.005 -14"><span class='ocrx_word' id='word_1_166' title='bbox 1924 1155 2071 1208; x_wconf 89' lang='lat' dir='ltr'>Dum</span> <span class='ocrx_word' id='word_1_167' title='bbox 2091 1154 2199 1208; x_wconf 86' lang='lat' dir='ltr'>fuit</span> <span class='ocrx_word' id='word_1_168' title='bbox 2230 1154 2286 1207; x_wconf 93' lang='lat' dir='ltr'>in</span> <span class='ocrx_word' id='word_1_169' title='bbox 2310 1154 2496 1221; x_wconf 88' lang='lat' dir='ltr'>terris,</span> <span class='ocrx_word' id='word_1_170' title='bbox 2530 1155 2744 1209; x_wconf 62' lang='lat' dir='ltr'>haecilli</span> <span class='ocrx_word' id='word_1_171' title='bbox 2776 1159 3097 1213; x_wconf 82' lang='lat' dir='ltr'>votafuere.</span> 
     </span>
    </p>
   </div>
   <div class='ocr_carea' id='block_1_30' title="bbox 2491 1243 2931 1314">
    <p class='ocr_par' dir='ltr' id='par_1_30' title="bbox 2491 1243 2931 1314">
     <span class='ocr_line' id='line_1_30' title="bbox 2491 1243 2931 1314; baseline 0.009 -18"><span class='ocrx_word' id='word_1_172' title='bbox 2491 1243 2651 1296; x_wconf 79' lang='lat' dir='ltr'>Alius</span> <span class='ocrx_word' id='word_1_173' title='bbox 2681 1244 2931 1314; x_wconf 77' lang='lat' dir='ltr'>ejusdem.</span> 
     </span>
    </p>
   </div>
   <div class='ocr_carea' id='block_1_31' title="bbox 1925 1337 3540 1410">
    <p class='ocr_par' dir='ltr' id='par_1_31' title="bbox 1925 1337 3540 1410">
     <span class='ocr_line' id='line_1_31' title="bbox 1925 1337 3540 1410; baseline 0.004 -20"><span class='ocrx_word' id='word_1_174' title='bbox 1925 1338 2013 1393; x_wconf 87' lang='grc'>67.</span> <span class='ocrx_word' id='word_1_175' title='bbox 2038 1337 2302 1392; x_wconf 89' lang='lat' dir='ltr'>Gaudens</span> <span class='ocrx_word' id='word_1_176' title='bbox 2332 1339 2652 1405; x_wconf 89' lang='lat' dir='ltr'>doctorem,</span> <span class='ocrx_word' id='word_1_177' title='bbox 2699 1356 2873 1410; x_wconf 89' lang='lat' dir='ltr'>quem</span> <span class='ocrx_word' id='word_1_178' title='bbox 2904 1340 3163 1410; x_wconf 89' lang='lat' dir='ltr'>Francia,</span> <span class='ocrx_word' id='word_1_179' title='bbox 3211 1342 3421 1410; x_wconf 90' lang='lat' dir='ltr'>Bruno,</span> <span class='ocrx_word' id='word_1_180' title='bbox 3454 1358 3540 1397; x_wconf 87' lang='lat' dir='ltr'>re-</span> 
     </span>
    </p>
   </div>
   <div class='ocr_carea' id='block_1_32' title="bbox 3340 1427 3537 1500">
    <p class='ocr_par' dir='ltr' id='par_1_32' title="bbox 3340 1427 3537 1500">
     <span class='ocr_line' id='line_1_32' title="bbox 3340 1427 3537 1500; baseline -0.005 -16"><span class='ocrx_word' id='word_1_181' title='bbox 3340 1427 3537 1500; x_wconf 89' lang='lat' dir='ltr'>[cepit,</span> 
     </span>
    </p>
   </div>
   <div class='ocr_carea' id='block_1_33' title="bbox 1929 1513 3322 1584">
    <p class='ocr_par' dir='ltr' id='par_1_33' title="bbox 1929 1513 3322 1584">
     <span class='ocr_line' id='line_1_33' title="bbox 1929 1513 3322 1584; baseline 0.004 -18"><span class='ocrx_word' id='word_1_182' title='bbox 1929 1513 2222 1567; x_wconf 90' lang='lat' dir='ltr'>Clauderis</span> <span class='ocrx_word' id='word_1_183' title='bbox 2252 1513 2310 1567; x_wconf 91' lang='lat' dir='ltr'>in</span> <span class='ocrx_word' id='word_1_184' title='bbox 2340 1517 2495 1568; x_wconf 90' lang='lat' dir='ltr'>terra</span> <span class='ocrx_word' id='word_1_185' title='bbox 2520 1515 2854 1569; x_wconf 88' lang='lat' dir='ltr'>Calabrinus</span> <span class='ocrx_word' id='word_1_186' title='bbox 2878 1533 3030 1571; x_wconf 91' lang='lat' dir='ltr'>nunc</span> <span class='ocrx_word' id='word_1_187' title='bbox 3060 1517 3322 1584; x_wconf 88' lang='lat' dir='ltr'>eremita;</span> 
     </span>
    </p>
   </div>
   <div class='ocr_carea' id='block_1_34' title="bbox 2036 1602 3333 1677">
    <p class='ocr_par' dir='ltr' id='par_1_34' title="bbox 2036 1602 3333 1677">
     <span class='ocr_line' id='line_1_34' title="bbox 2036 1602 3333 1677; baseline 0.002 -22"><span class='ocrx_word' id='word_1_188' title='bbox 2036 1602 2199 1665; x_wconf 84' lang='lat' dir='ltr'>Quod</span> <span class='ocrx_word' id='word_1_189' title='bbox 2231 1604 2481 1656; x_wconf 88' lang='lat' dir='ltr'>clamant</span> <span class='ocrx_word' id='word_1_190' title='bbox 2512 1619 2734 1669; x_wconf 87' lang='lat' dir='ltr'>omnes,</span> <span class='ocrx_word' id='word_1_191' title='bbox 2768 1608 2830 1657; x_wconf 94' lang='lat' dir='ltr'>ut</span> <span class='ocrx_word' id='word_1_192' title='bbox 2860 1604 2960 1657; x_wconf 89' lang='lat' dir='ltr'>tibi</span> <span class='ocrx_word' id='word_1_193' title='bbox 2988 1605 3057 1657; x_wconf 90' lang='lat' dir='ltr'>sit</span> <span class='ocrx_word' id='word_1_194' title='bbox 3089 1607 3333 1677; x_wconf 89' lang='lat' dir='ltr'>requies.</span> 
     </span>
    </p>
   </div>
   <div class='ocr_carea' id='block_1_35' title="bbox 2143 1706 3320 1782">
    <p class='ocr_par' dir='ltr' id='par_1_35' title="bbox 2143 1706 3320 1782">
     <span class='ocr_line' id='line_1_35' title="bbox 2143 1706 3320 1782; baseline 0.005 -23"><span class='ocrx_word' id='word_1_195' title='bbox 2143 1706 2468 1760; x_wconf 63' lang='lat' dir='ltr'>dlonialium</span> <span class='ocrx_word' id='word_1_196' title='bbox 2492 1710 2554 1760; x_wconf 74' lang='lat' dir='ltr'>S.</span> <span class='ocrx_word' id='word_1_197' title='bbox 2584 1708 2812 1761; x_wconf 79' lang='lat' dir='ltr'>Joannis</span> <span class='ocrx_word' id='word_1_198' title='bbox 2861 1709 3120 1778; x_wconf 62' lang='lat' dir='ltr'>Baptista</span> <span class='ocrx_word' id='word_1_199' title='bbox 3150 1711 3320 1782; x_wconf 87' lang='lat'>(337).</span> 
     </span>
    </p>
   </div>
   <div class='ocr_carea' id='block_1_36' title="bbox 217 1796 3363 1872">
    <p class='ocr_par' dir='ltr' id='par_1_36' title="bbox 217 1796 3363 1872">
     <span class='ocr_line' id='line_1_36' title="bbox 217 1796 3363 1872; baseline -0.001 -12"><span class='ocrx_word' id='word_1_200' title='bbox 217 1806 372 1861; x_wconf 88' lang='lat' dir='ltr'>Unde</span> <span class='ocrx_word' id='word_1_201' title='bbox 396 1803 874 1872; x_wconf 89' lang='lat' dir='ltr'>tumescis,homo</span> <span class='ocrx_word' id='word_1_202' title='bbox 902 1804 1097 1869; x_wconf 90' lang='lat' dir='ltr'>miser,</span> <span class='ocrx_word' id='word_1_203' title='bbox 1120 1804 1226 1857; x_wconf 92' lang='lat' dir='ltr'>hac</span> <span class='ocrx_word' id='word_1_204' title='bbox 1272 1808 1441 1857; x_wconf 67' lang='lat' dir='ltr'>relate</span> <span class='ocrx_word' id='word_1_205' title='bbox 1482 1821 1782 1859; x_wconf 87' lang='lat' dir='ltr'>senescens</span> <span class='ocrx_word' id='word_1_206' title='bbox 1802 1805 1829 1859; x_wconf 84' lang='lat'><strong>?</strong></span> <span class='ocrx_word' id='word_1_207' title='bbox 1931 1797 2019 1849; x_wconf 75' lang='lat'>68-</span> <span class='ocrx_word' id='word_1_208' title='bbox 2057 1797 2244 1849; x_wconf 72' lang='lat' dir='ltr'>BPUDO</span> <span class='ocrx_word' id='word_1_209' title='bbox 2271 1796 2540 1861; x_wconf 66' lang='lat' dir='ltr'>lalldal‘iS,</span> <span class='ocrx_word' id='word_1_210' title='bbox 2560 1800 2660 1850; x_wconf 68' lang='lat' dir='ltr'>tua</span> <span class='ocrx_word' id='word_1_211' title='bbox 2678 1796 2792 1850; x_wconf 71' lang='grc' dir='ltr'>νίιᾶ</span> <span class='ocrx_word' id='word_1_212' title='bbox 2814 1797 3021 1851; x_wconf 75' lang='lat' dir='ltr'>decens</span> <span class='ocrx_word' id='word_1_213' title='bbox 3052 1802 3363 1852; x_wconf 68' lang='lat' dir='ltr'>renovatur</span> 
     </span>
    </p>
   </div>
   <div class='ocr_carea' id='block_1_37' title="bbox 215 1892 1564 1962">
    <p class='ocr_par' dir='ltr' id='par_1_37' title="bbox 215 1892 1564 1962">
     <span class='ocr_line' id='line_1_37' title="bbox 215 1892 1564 1962; baseline -0.002 -14"><span class='ocrx_word' id='word_1_214' title='bbox 215 1893 392 1948; x_wconf 83' lang='lat' dir='ltr'>Fonte</span> <span class='ocrx_word' id='word_1_215' title='bbox 417 1892 760 1947; x_wconf 90' lang='lat' dir='ltr'>Caribdineo</span> <span class='ocrx_word' id='word_1_216' title='bbox 792 1892 1071 1962; x_wconf 86' lang='lat' dir='ltr'>mergeris</span> <span class='ocrx_word' id='word_1_217' title='bbox 1100 1892 1171 1946; x_wconf 92' lang='lat' dir='ltr'>ad</span> <span class='ocrx_word' id='word_1_218' title='bbox 1192 1892 1394 1945; x_wconf 90' lang='lat' dir='ltr'>ultima</span> <span class='ocrx_word' id='word_1_219' title='bbox 1416 1892 1564 1958; x_wconf 81' lang='lat' dir='ltr'>finis,</span> 
     </span>
    </p>
   </div>
   <div class='ocr_carea' id='block_1_38' title="bbox 210 1979 1683 2046">
    <p class='ocr_par' dir='ltr' id='par_1_38' title="bbox 210 1979 1683 2046">
     <span class='ocr_line' id='line_1_38' title="bbox 210 1979 1683 2046; baseline -0.001 -11"><span class='ocrx_word' id='word_1_220' title='bbox 210 1983 285 2035; x_wconf 81' lang='lat' dir='ltr'>Ac</span> <span class='ocrx_word' id='word_1_221' title='bbox 313 1980 458 2034; x_wconf 90' lang='lat' dir='ltr'>cinis</span> <span class='ocrx_word' id='word_1_222' title='bbox 480 1980 538 2033; x_wconf 92' lang='lat' dir='ltr'>in</span> <span class='ocrx_word' id='word_1_223' title='bbox 569 1980 789 2034; x_wconf 91' lang='lat' dir='ltr'>cineres</span> <span class='ocrx_word' id='word_1_224' title='bbox 821 1979 1073 2046; x_wconf 88' lang='lat' dir='ltr'>solveris,</span> <span class='ocrx_word' id='word_1_225' title='bbox 1098 1983 1159 2032; x_wconf 90' lang='lat' dir='ltr'>ut</span> <span class='ocrx_word' id='word_1_226' title='bbox 1190 1981 1397 2034; x_wconf 89' lang='lat' dir='ltr'>umbra</span> <span class='ocrx_word' id='word_1_227' title='bbox 1419 1979 1683 2034; x_wconf 91' lang='lat' dir='ltr'>lucernis.</span> 
     </span>
    </p>
   </div>
   <div class='ocr_carea' id='block_1_39' title="bbox 212 2066 1557 2137">
    <p class='ocr_par' dir='ltr' id='par_1_39' title="bbox 212 2066 1557 2137">
     <span class='ocr_line' id='line_1_39' title="bbox 212 2066 1557 2137; baseline 0.001 -16"><span class='ocrx_word' id='word_1_228' title='bbox 212 2068 302 2122; x_wconf 87' lang='lat' dir='ltr'>Est</span> <span class='ocrx_word' id='word_1_229' title='bbox 330 2068 499 2121; x_wconf 90' lang='lat' dir='ltr'>labor</span> <span class='ocrx_word' id='word_1_230' title='bbox 529 2067 650 2137; x_wconf 90' lang='lat' dir='ltr'>ejus</span> <span class='ocrx_word' id='word_1_231' title='bbox 673 2083 840 2121; x_wconf 89' lang='lat' dir='ltr'>amor</span> <span class='ocrx_word' id='word_1_232' title='bbox 868 2070 925 2120; x_wconf 90' lang='lat' dir='ltr'>et</span> <span class='ocrx_word' id='word_1_233' title='bbox 949 2066 1355 2121; x_wconf 86' lang='lat' dir='ltr'>inextricabilis</span> <span class='ocrx_word' id='word_1_234' title='bbox 1376 2085 1557 2135; x_wconf 91' lang='lat' dir='ltr'>error,</span> 
     </span>
    </p>
   </div>
   <div class='ocr_carea' id='block_1_40' title="bbox 215 2155 1609 2226">
    <p class='ocr_par' dir='ltr' id='par_1_40' title="bbox 215 2155 1609 2226">
     <span class='ocr_line' id='line_1_40' title="bbox 215 2155 1609 2226; baseline -0.001 -15"><span class='ocrx_word' id='word_1_235' title='bbox 215 2156 448 2211; x_wconf 83' lang='lat' dir='ltr'>Defectu</span> <span class='ocrx_word' id='word_1_236' title='bbox 482 2158 641 2226; x_wconf 89' lang='lat' dir='ltr'>cujus</span> <span class='ocrx_word' id='word_1_237' title='bbox 674 2155 932 2210; x_wconf 88' lang='lat' dir='ltr'>animam</span> <span class='ocrx_word' id='word_1_238' title='bbox 946 2157 1347 2226; x_wconf 85' lang='lat' dir='ltr'>complectitur</span> <span class='ocrx_word' id='word_1_239' title='bbox 1383 2159 1609 2224; x_wconf 90' lang='lat' dir='ltr'>horror,</span> 
     </span>
    </p>
   </div>
   <div class='ocr_carea' id='block_1_41' title="bbox 213 2244 1544 2316">
    <p class='ocr_par' dir='ltr' id='par_1_41' title="bbox 213 2244 1544 2316">
     <span class='ocr_line' id='line_1_41' title="bbox 213 2244 1544 2316; baseline 0 -17"><span class='ocrx_word' id='word_1_240' title='bbox 213 2245 521 2316; x_wconf 88' lang='lat' dir='ltr'>Postquam</span> <span class='ocrx_word' id='word_1_241' title='bbox 552 2245 767 2299; x_wconf 88' lang='lat' dir='ltr'>nudata</span> <span class='ocrx_word' id='word_1_242' title='bbox 794 2244 968 2299; x_wconf 87' lang='lat' dir='ltr'>fuerit</span> <span class='ocrx_word' id='word_1_243' title='bbox 998 2245 1068 2298; x_wconf 89' lang='lat' dir='ltr'>de</span> <span class='ocrx_word' id='word_1_244' title='bbox 1099 2261 1326 2299; x_wconf 88' lang='lat' dir='ltr'>carcere</span> <span class='ocrx_word' id='word_1_245' title='bbox 1357 2246 1544 2299; x_wconf 90' lang='lat' dir='ltr'>carnis</span> 
     </span>
    </p>
   </div>
   <div class='ocr_carea' id='block_1_42' title="bbox 211 2332 1814 2403">
    <p class='ocr_par' dir='ltr' id='par_1_42' title="bbox 211 2332 1814 2403">
     <span class='ocr_line' id='line_1_42' title="bbox 211 2332 1814 2403; baseline 0.002 -18"><span class='ocrx_word' id='word_1_246' title='bbox 211 2332 303 2386; x_wconf 85' lang='lat' dir='ltr'>Vel</span> <span class='ocrx_word' id='word_1_247' title='bbox 353 2332 587 2387; x_wconf 74' lang='lat' dir='ltr'>Satanae</span> <span class='ocrx_word' id='word_1_248' title='bbox 634 2333 891 2400; x_wconf 90' lang='lat' dir='ltr'>ducibus,</span> <span class='ocrx_word' id='word_1_249' title='bbox 923 2333 1035 2386; x_wconf 92' lang='lat' dir='ltr'>heu</span> <span class='ocrx_word' id='word_1_250' title='bbox 1071 2332 1082 2385; x_wconf 78' lang='grc' dir='ltr'><strong>Ι</strong></span> <span class='ocrx_word' id='word_1_251' title='bbox 1134 2333 1514 2403; x_wconf 88' lang='lat' dir='ltr'>circumsepta</span> <span class='ocrx_word' id='word_1_252' title='bbox 1551 2334 1814 2390; x_wconf 84' lang='lat' dir='ltr'>catervis.</span> 
     </span>
    </p>
   </div>
   <div class='ocr_carea' id='block_1_43' title="bbox 208 2419 1822 2484">
    <p class='ocr_par' dir='ltr' id='par_1_43' title="bbox 208 2419 1822 2484">
     <span class='ocr_line' id='line_1_43' title="bbox 208 2419 1822 2484; baseline 0.001 -10"><span class='ocrx_word' id='word_1_253' title='bbox 208 2419 363 2484; x_wconf 90' lang='lat' dir='ltr'>Quod</span> <span class='ocrx_word' id='word_1_254' title='bbox 406 2425 668 2476; x_wconf 91' lang='lat' dir='ltr'>metuens</span> <span class='ocrx_word' id='word_1_255' title='bbox 696 2420 988 2475; x_wconf 89' lang='lat' dir='ltr'>animosus</span> <span class='ocrx_word' id='word_1_256' title='bbox 1019 2420 1076 2473; x_wconf 92' lang='lat' dir='ltr'>in</span> <span class='ocrx_word' id='word_1_257' title='bbox 1106 2421 1215 2475; x_wconf 90' lang='lat' dir='ltr'>hoc</span> <span class='ocrx_word' id='word_1_258' title='bbox 1250 2421 1580 2475; x_wconf 86' lang='lat' dir='ltr'>discrimine</span> <span class='ocrx_word' id='word_1_259' title='bbox 1632 2422 1822 2476; x_wconf 91' lang='lat' dir='ltr'>Bruno</span> 
     </span>
    </p>
   </div>
   <div class='ocr_carea' id='block_1_44' title="bbox 208 2509 1578 2582">
    <p class='ocr_par' dir='ltr' id='par_1_44' title="bbox 208 2509 1578 2582">
     <span class='ocr_line' id='line_1_44' title="bbox 208 2509 1578 2582; baseline 0 -17"><span class='ocrx_word' id='word_1_260' title='bbox 208 2509 450 2565; x_wconf 85' lang='lat' dir='ltr'>Servitio</span> <span class='ocrx_word' id='word_1_261' title='bbox 484 2514 749 2582; x_wconf 88' lang='lat' dir='ltr'>penetrat</span> <span class='ocrx_word' id='word_1_262' title='bbox 780 2526 1043 2564; x_wconf 90' lang='lat' dir='ltr'>eremum</span> <span class='ocrx_word' id='word_1_263' title='bbox 1065 2510 1399 2563; x_wconf 75' lang='lat' dir='ltr'>certaminis</span> <span class='ocrx_word' id='word_1_264' title='bbox 1427 2527 1540 2565; x_wconf 93' lang='lat' dir='ltr'>uno</span> <span class='ocrx_word' id='word_1_265' title='bbox 1565 2529 1578 2578; x_wconf 88' lang='lat'><strong>;</strong></span> 
     </span>
    </p>
   </div>
   <div class='ocr_carea' id='block_1_45' title="bbox 212 2598 1683 2671">
    <p class='ocr_par' dir='ltr' id='par_1_45' title="bbox 212 2598 1683 2671">
     <span class='ocr_line' id='line_1_45' title="bbox 212 2598 1683 2671; baseline 0.003 -20"><span class='ocrx_word' id='word_1_266' title='bbox 212 2598 439 2670; x_wconf 87' lang='lat' dir='ltr'>Linquit</span> <span class='ocrx_word' id='word_1_267' title='bbox 466 2614 602 2669; x_wconf 89' lang='lat' dir='ltr'>opes</span> <span class='ocrx_word' id='word_1_268' title='bbox 623 2598 938 2669; x_wconf 90' lang='lat' dir='ltr'>mundique</span> <span class='ocrx_word' id='word_1_269' title='bbox 971 2598 1161 2666; x_wconf 90' lang='lat' dir='ltr'>decus,</span> <span class='ocrx_word' id='word_1_270' title='bbox 1197 2615 1269 2652; x_wconf 90' lang='lat' dir='ltr'>ne</span> <span class='ocrx_word' id='word_1_271' title='bbox 1302 2598 1487 2669; x_wconf 88' lang='lat' dir='ltr'>gloria</span> <span class='ocrx_word' id='word_1_272' title='bbox 1512 2616 1683 2671; x_wconf 61' lang='lat' dir='ltr'>pugna</span> 
     </span>
    </p>
   </div>
   <div class='ocr_carea' id='block_1_46' title="bbox 209 2685 1611 2753">
    <p class='ocr_par' dir='ltr' id='par_1_46' title="bbox 209 2685 1611 2753">
     <span class='ocr_line' id='line_1_46' title="bbox 209 2685 1611 2753; baseline 0.002 -14"><span class='ocrx_word' id='word_1_273' title='bbox 209 2685 325 2741; x_wconf 89' lang='lat' dir='ltr'>Fiat</span> <span class='ocrx_word' id='word_1_274' title='bbox 354 2687 419 2740; x_wconf 90' lang='lat' dir='ltr'>in</span> <span class='ocrx_word' id='word_1_275' title='bbox 448 2686 766 2753; x_wconf 88' lang='lat' dir='ltr'>interitum,</span> <span class='ocrx_word' id='word_1_276' title='bbox 803 2687 905 2741; x_wconf 92' lang='lat' dir='ltr'>sed</span> <span class='ocrx_word' id='word_1_277' title='bbox 934 2702 1170 2740; x_wconf 86' lang='lat' dir='ltr'>currens</span> <span class='ocrx_word' id='word_1_278' title='bbox 1204 2689 1435 2742; x_wconf 88' lang='lat' dir='ltr'>nectare</span> <span class='ocrx_word' id='word_1_279' title='bbox 1467 2704 1611 2742; x_wconf 90' lang='lat' dir='ltr'>vena</span> 
     </span>
    </p>
   </div>
   <div class='ocr_carea' id='block_1_47' title="bbox 214 2774 1576 2846">
    <p class='ocr_par' dir='ltr' id='par_1_47' title="bbox 214 2774 1576 2846">
     <span class='ocr_line' id='line_1_47' title="bbox 214 2774 1576 2846; baseline -0.001 -16"><span class='ocrx_word' id='word_1_280' title='bbox 214 2776 504 2830; x_wconf 86' lang='lat' dir='ltr'>Dulcescat</span> <span class='ocrx_word' id='word_1_281' title='bbox 537 2777 742 2829; x_wconf 90' lang='lat' dir='ltr'>ﬂuctus</span> <span class='ocrx_word' id='word_1_282' title='bbox 772 2774 952 2829; x_wconf 87' lang='lat' dir='ltr'>animi</span> <span class='ocrx_word' id='word_1_283' title='bbox 975 2774 1276 2846; x_wconf 89' lang='lat' dir='ltr'>cordisque</span> <span class='ocrx_word' id='word_1_284' title='bbox 1310 2778 1576 2829; x_wconf 91' lang='lat' dir='ltr'>tenorem</span> 
     </span>
    </p>
   </div>
   <div class='ocr_carea' id='block_1_48' title="bbox 207 2860 1822 2933">
    <p class='ocr_par' dir='ltr' id='par_1_48' title="bbox 207 2860 1822 2933">
     <span class='ocr_line' id='line_1_48' title="bbox 207 2860 1822 2933; baseline 0.001 -18"><span class='ocrx_word' id='word_1_285' title='bbox 207 2862 267 2916; x_wconf 84' lang='lat' dir='ltr'>In</span> <span class='ocrx_word' id='word_1_286' title='bbox 295 2880 353 2916; x_wconf 92' lang='lat' dir='ltr'>se</span> <span class='ocrx_word' id='word_1_287' title='bbox 386 2861 792 2933; x_wconf 88' lang='lat' dir='ltr'>constringens</span> <span class='ocrx_word' id='word_1_288' title='bbox 811 2860 1091 2914; x_wconf 89' lang='lat' dir='ltr'>scelerum</span> <span class='ocrx_word' id='word_1_289' title='bbox 1140 2861 1501 2931; x_wconf 87' lang='lat' dir='ltr'>constringat</span> <span class='ocrx_word' id='word_1_290' title='bbox 1554 2877 1822 2917; x_wconf 91' lang='lat' dir='ltr'>amorem</span> 
     </span>
    </p>
   </div>
   <div class='ocr_carea' id='block_1_49' title="bbox 206 2948 1606 3019">
    <p class='ocr_par' dir='ltr' id='par_1_49' title="bbox 206 2948 1606 3019">
     <span class='ocr_line' id='line_1_49' title="bbox 206 2948 1606 3019; baseline -0.001 -14"><span class='ocrx_word' id='word_1_291' title='bbox 206 2950 311 3005; x_wconf 89' lang='lat' dir='ltr'>Per</span> <span class='ocrx_word' id='word_1_292' title='bbox 337 2966 539 3006; x_wconf 88' lang='lat' dir='ltr'>cursus</span> <span class='ocrx_word' id='word_1_293' title='bbox 564 2949 746 3003; x_wconf 91' lang='lat' dir='ltr'>varios</span> <span class='ocrx_word' id='word_1_294' title='bbox 778 2964 1021 3019; x_wconf 91' lang='lat' dir='ltr'>operum</span> <span class='ocrx_word' id='word_1_295' title='bbox 1051 2948 1257 3002; x_wconf 90' lang='lat' dir='ltr'>virtute</span> <span class='ocrx_word' id='word_1_296' title='bbox 1289 2950 1606 3018; x_wconf 88' lang='lat' dir='ltr'>honorum,</span> 
     </span>
    </p>
   </div>
   <div class='ocr_carea' id='block_1_50' title="bbox 205 3036 1677 3109">
    <p class='ocr_par' dir='ltr' id='par_1_50' title="bbox 205 3036 1677 3109">
     <span class='ocr_line' id='line_1_50' title="bbox 205 3036 1677 3109; baseline -0.001 -16"><span class='ocrx_word' id='word_1_297' title='bbox 205 3037 600 3093; x_wconf 84' lang='lat' dir='ltr'>Mortificando</span> <span class='ocrx_word' id='word_1_298' title='bbox 631 3040 803 3109; x_wconf 88' lang='lat' dir='ltr'>caput</span> <span class='ocrx_word' id='word_1_299' title='bbox 833 3036 1036 3091; x_wconf 87' lang='lat' dir='ltr'>mortis</span> <span class='ocrx_word' id='word_1_300' title='bbox 1061 3053 1191 3092; x_wconf 89' lang='lat' dir='ltr'>cum</span> <span class='ocrx_word' id='word_1_301' title='bbox 1209 3037 1342 3108; x_wconf 89' lang='lat' dir='ltr'>jure</span> <span class='ocrx_word' id='word_1_302' title='bbox 1370 3039 1677 3092; x_wconf 89' lang='lat' dir='ltr'>malorum.</span> 
     </span>
    </p>
   </div>
   <div class='ocr_carea' id='block_1_51' title="bbox 210 3125 1543 3198">
    <p class='ocr_par' dir='ltr' id='par_1_51' title="bbox 210 3125 1543 3198">
     <span class='ocr_line' id='line_1_51' title="bbox 210 3125 1543 3198; baseline -0.001 -17"><span class='ocrx_word' id='word_1_303' title='bbox 210 3125 575 3198; x_wconf 87' lang='lat' dir='ltr'>Quapropter</span> <span class='ocrx_word' id='word_1_304' title='bbox 592 3125 804 3179; x_wconf 91' lang='lat' dir='ltr'>meruit</span> <span class='ocrx_word' id='word_1_305' title='bbox 826 3127 1113 3180; x_wconf 90' lang='lat' dir='ltr'>consortia</span> <span class='ocrx_word' id='word_1_306' title='bbox 1145 3126 1543 3181; x_wconf 77' lang='lat' dir='ltr'>C(elicolarum</span> 
     </span>
    </p>
   </div>
   <div class='ocr_carea' id='block_1_52' title="bbox 212 3213 1634 3285">
    <p class='ocr_par' dir='ltr' id='par_1_52' title="bbox 212 3213 1634 3285">
     <span class='ocr_line' id='line_1_52' title="bbox 212 3213 1634 3285; baseline 0 -17"><span class='ocrx_word' id='word_1_307' title='bbox 212 3215 376 3270; x_wconf 83' lang='lat' dir='ltr'>Liber</span> <span class='ocrx_word' id='word_1_308' title='bbox 406 3215 477 3269; x_wconf 90' lang='lat' dir='ltr'>ab</span> <span class='ocrx_word' id='word_1_309' title='bbox 496 3215 659 3269; x_wconf 88' lang='lat' dir='ltr'>hoste</span> <span class='ocrx_word' id='word_1_310' title='bbox 685 3213 863 3285; x_wconf 86' lang='lat' dir='ltr'>stygis</span> <span class='ocrx_word' id='word_1_311' title='bbox 883 3216 983 3268; x_wconf 89' lang='lat' dir='ltr'>aut</span> <span class='ocrx_word' id='word_1_312' title='bbox 1011 3231 1206 3268; x_wconf 81' lang='lat' dir='ltr'>rerum</span> <span class='ocrx_word' id='word_1_313' title='bbox 1228 3218 1634 3280; x_wconf 89' lang='lat' dir='ltr'>tartarearum,</span> 
     </span>
    </p>
   </div>
   <div class='ocr_carea' id='block_1_53' title="bbox 217 3303 1546 3377">
    <p class='ocr_par' dir='ltr' id='par_1_53' title="bbox 217 3303 1546 3377">
     <span class='ocr_line' id='line_1_53' title="bbox 217 3303 1546 3377; baseline 0 -20"><span class='ocrx_word' id='word_1_314' title='bbox 217 3303 275 3358; x_wconf 87' lang='lat' dir='ltr'>Et</span> <span class='ocrx_word' id='word_1_315' title='bbox 302 3304 557 3359; x_wconf 85' lang='lat' dir='ltr'>sociatur</span> <span class='ocrx_word' id='word_1_316' title='bbox 582 3303 633 3358; x_wconf 91' lang='lat' dir='ltr'>ei</span> <span class='ocrx_word' id='word_1_317' title='bbox 663 3321 765 3377; x_wconf 91' lang='lat' dir='ltr'>per</span> <span class='ocrx_word' id='word_1_318' title='bbox 785 3320 957 3375; x_wconf 89' lang='lat' dir='ltr'>quem</span> <span class='ocrx_word' id='word_1_319' title='bbox 987 3304 1348 3375; x_wconf 89' lang='lat' dir='ltr'>reparabitur</span> <span class='ocrx_word' id='word_1_320' title='bbox 1374 3305 1546 3371; x_wconf 88' lang='lat' dir='ltr'>orbis,</span> 
     </span>
    </p>
   </div>
   <div class='ocr_carea' id='block_1_54' title="bbox 212 3391 1716 3463">
    <p class='ocr_par' dir='ltr' id='par_1_54' title="bbox 212 3391 1716 3463">
     <span class='ocr_line' id='line_1_54' title="bbox 212 3391 1716 3463; baseline -0.001 -16"><span class='ocrx_word' id='word_1_321' title='bbox 212 3392 396 3456; x_wconf 88' lang='lat' dir='ltr'>Quam</span> <span class='ocrx_word' id='word_1_322' title='bbox 426 3394 632 3462; x_wconf 89' lang='lat' dir='ltr'>longus</span> <span class='ocrx_word' id='word_1_323' title='bbox 663 3395 819 3445; x_wconf 89' lang='lat' dir='ltr'>meta</span> <span class='ocrx_word' id='word_1_324' title='bbox 849 3394 967 3444; x_wconf 91' lang='lat' dir='ltr'>tam</span> <span class='ocrx_word' id='word_1_325' title='bbox 1000 3409 1175 3463; x_wconf 83' lang='lat' dir='ltr'>purus</span> <span class='ocrx_word' id='word_1_326' title='bbox 1197 3391 1444 3462; x_wconf 91' lang='lat' dir='ltr'>denique</span> <span class='ocrx_word' id='word_1_327' title='bbox 1478 3391 1716 3459; x_wconf 91' lang='lat' dir='ltr'>morbis,</span> 
     </span>
    </p>
   </div>
   <div class='ocr_carea' id='block_1_55' title="bbox 211 3480 1826 3551">
    <p class='ocr_par' dir='ltr' id='par_1_55' title="bbox 211 3480 1826 3551">
     <span class='ocr_line' id='line_1_55' title="bbox 211 3480 1826 3551; baseline -0.001 -15"><span class='ocrx_word' id='word_1_328' title='bbox 211 3480 327 3544; x_wconf 89' lang='lat' dir='ltr'>Quo</span> <span class='ocrx_word' id='word_1_329' title='bbox 370 3481 697 3551; x_wconf 86' lang='lat' dir='ltr'>requiescat</span> <span class='ocrx_word' id='word_1_330' title='bbox 742 3497 915 3533; x_wconf 89' lang='lat' dir='ltr'>amen</span> <span class='ocrx_word' id='word_1_331' title='bbox 947 3480 1155 3533; x_wconf 87' lang='lat' dir='ltr'>misere</span> <span class='ocrx_word' id='word_1_332' title='bbox 1184 3480 1252 3533; x_wconf 92' lang='lat' dir='ltr'>de</span> <span class='ocrx_word' id='word_1_333' title='bbox 1287 3482 1473 3533; x_wconf 89' lang='lat' dir='ltr'>morte</span> <span class='ocrx_word' id='word_1_334' title='bbox 1520 3496 1826 3551; x_wconf 89' lang='lat' dir='ltr'>resurgens</span> 
     </span>
    </p>
   </div>
   <div class='ocr_carea' id='block_1_56' title="bbox 208 3568 1574 3640">
    <p class='ocr_par' dir='ltr' id='par_1_56' title="bbox 208 3568 1574 3640">
     <span class='ocr_line' id='line_1_56' title="bbox 208 3568 1574 3640; baseline -0.002 -16"><span class='ocrx_word' id='word_1_335' title='bbox 208 3569 314 3623; x_wconf 83' lang='lat' dir='ltr'>Nec</span> <span class='ocrx_word' id='word_1_336' title='bbox 343 3569 523 3624; x_wconf 69' lang='lat' dir='ltr'>lmdat</span> <span class='ocrx_word' id='word_1_337' title='bbox 550 3584 786 3640; x_wconf 89' lang='lat' dir='ltr'>serpens</span> <span class='ocrx_word' id='word_1_338' title='bbox 813 3568 965 3622; x_wconf 76' lang='lat' dir='ltr'>foeda</span> <span class='ocrx_word' id='word_1_339' title='bbox 994 3568 1287 3639; x_wconf 56' lang='lat' dir='ltr'>prurigine</span> <span class='ocrx_word' id='word_1_340' title='bbox 1318 3571 1574 3639; x_wconf 89' lang='lat' dir='ltr'>turgens.</span> 
     </span>
    </p>
   </div>
   <div class='ocr_carea' id='block_1_57' title="bbox 819 3690 1186 3746">
    <p class='ocr_par' dir='ltr' id='par_1_57' title="bbox 819 3690 1186 3746">
     <span class='ocr_line' id='line_1_57' title="bbox 819 3690 1186 3746; baseline -0.008 0"><span class='ocrx_word' id='word_1_341' title='bbox 819 3690 1060 3746; x_wconf 89' lang='lat' dir='ltr'>SECTIO</span> <span class='ocrx_word' id='word_1_342' title='bbox 1099 3692 1186 3745; x_wconf 88' lang='lat' dir='ltr'>III.</span> 
     </span>
    </p>
   </div>
   <div class='ocr_carea' id='block_1_58' title="bbox 422 3795 1548 3868">
    <p class='ocr_par' dir='ltr' id='par_1_58' title="bbox 422 3795 1548 3868">
     <span class='ocr_line' id='line_1_58' title="bbox 422 3795 1548 3868; baseline -0.004 -16"><span class='ocrx_word' id='word_1_343' title='bbox 422 3797 642 3852; x_wconf 76' lang='lat' dir='ltr'>Titulus</span> <span class='ocrx_word' id='word_1_344' title='bbox 669 3795 733 3851; x_wconf 90' lang='lat' dir='ltr'>S.</span> <span class='ocrx_word' id='word_1_345' title='bbox 765 3796 958 3851; x_wconf 73' lang='lat' dir='ltr'>Maria:</span> <span class='ocrx_word' id='word_1_346' title='bbox 988 3796 1355 3851; x_wconf 81' lang='lat' dir='ltr'>Laudunensis</span> <span class='ocrx_word' id='word_1_347' title='bbox 1382 3795 1548 3868; x_wconf 83' lang='lat'>(335).</span> 
     </span>
    </p>
   </div>
   <div class='ocr_carea' id='block_1_59' title="bbox 211 3884 1822 3956">
    <p class='ocr_par' dir='ltr' id='par_1_59' title="bbox 211 3884 1822 3956">
     <span class='ocr_line' id='line_1_59' title="bbox 211 3884 1822 3956; baseline 0 -15"><span class='ocrx_word' id='word_1_348' title='bbox 211 3889 294 3942; x_wconf 85' lang='lat'>66.</span> <span class='ocrx_word' id='word_1_349' title='bbox 328 3887 523 3941; x_wconf 90' lang='lat' dir='ltr'>Bruno</span> <span class='ocrx_word' id='word_1_350' title='bbox 564 3886 736 3939; x_wconf 91' lang='lat' dir='ltr'>decus</span> <span class='ocrx_word' id='word_1_351' title='bbox 757 3884 914 3952; x_wconf 92' lang='lat' dir='ltr'>cleri,</span> <span class='ocrx_word' id='word_1_352' title='bbox 948 3886 1121 3940; x_wconf 84' lang='lat' dir='ltr'>decus</span> <span class='ocrx_word' id='word_1_353' title='bbox 1145 3888 1201 3938; x_wconf 87' lang='lat' dir='ltr'>et</span> <span class='ocrx_word' id='word_1_354' title='bbox 1230 3884 1541 3956; x_wconf 88' lang='lat' dir='ltr'>prudentia</span> <span class='ocrx_word' id='word_1_355' title='bbox 1595 3886 1822 3955; x_wconf 89' lang='lat' dir='ltr'>mundi,</span> 
     </span>
    </p>
   </div>
   <div class='ocr_carea' id='block_1_60' title="bbox 210 3972 1618 4041">
    <p class='ocr_par' dir='ltr' id='par_1_60' title="bbox 210 3972 1618 4041">
     <span class='ocr_line' id='line_1_60' title="bbox 210 3972 1618 4041; baseline -0.004 -11"><span class='ocrx_word' id='word_1_356' title='bbox 210 3977 354 4031; x_wconf 77' lang='lat' dir='ltr'>llum</span> <span class='ocrx_word' id='word_1_357' title='bbox 374 3975 488 4029; x_wconf 81' lang='lat' dir='ltr'>fuit</span> <span class='ocrx_word' id='word_1_358' title='bbox 517 3973 575 4027; x_wconf 89' lang='lat' dir='ltr'>in</span> <span class='ocrx_word' id='word_1_359' title='bbox 606 3973 794 4041; x_wconf 88' lang='lat' dir='ltr'>terris,</span> <span class='ocrx_word' id='word_1_360' title='bbox 831 3973 1073 4027; x_wconf 88' lang='lat' dir='ltr'>ﬂorebat</span> <span class='ocrx_word' id='word_1_361' title='bbox 1098 3973 1363 4027; x_wconf 89' lang='lat' dir='ltr'>acumine</span> <span class='ocrx_word' id='word_1_362' title='bbox 1386 3972 1618 4039; x_wconf 90' lang='lat' dir='ltr'>mentis,</span> 
     </span>
    </p>
   </div>
   <div class='ocr_carea' id='block_1_61' title="bbox 210 4061 1821 4134">
    <p class='ocr_par' dir='ltr' id='par_1_61' title="bbox 210 4061 1821 4134">
     <span class='ocr_line' id='line_1_61' title="bbox 210 4061 1821 4134; baseline -0.003 -16"><span class='ocrx_word' id='word_1_363' title='bbox 210 4064 355 4118; x_wconf 80' lang='lat' dir='ltr'>llum</span> <span class='ocrx_word' id='word_1_364' title='bbox 384 4063 497 4119; x_wconf 83' lang='lat' dir='ltr'>fuit</span> <span class='ocrx_word' id='word_1_365' title='bbox 522 4063 674 4116; x_wconf 91' lang='lat' dir='ltr'>inter</span> <span class='ocrx_word' id='word_1_366' title='bbox 692 4079 798 4131; x_wconf 81' lang='lat' dir='ltr'>nos</span> <span class='ocrx_word' id='word_1_367' title='bbox 822 4062 989 4134; x_wconf 87' lang='lat'>(336),</span> <span class='ocrx_word' id='word_1_368' title='bbox 1014 4062 1259 4115; x_wconf 85' lang='lat' dir='ltr'>ﬂorebat</span> <span class='ocrx_word' id='word_1_369' title='bbox 1284 4061 1414 4115; x_wconf 88' lang='lat' dir='ltr'>etin</span> <span class='ocrx_word' id='word_1_370' title='bbox 1443 4061 1821 4116; x_wconf 88' lang='lat' dir='ltr'>documentis.</span> 
     </span>
    </p>
   </div>
   <div class='ocr_carea' id='block_1_62' title="bbox 207 4149 1821 4222">
    <p class='ocr_par' dir='ltr' id='par_1_62' title="bbox 207 4149 1821 4222">
     <span class='ocr_line' id='line_1_62' title="bbox 207 4149 1821 4222; baseline -0.001 -18"><span class='ocrx_word' id='word_1_371' title='bbox 207 4151 514 4222; x_wconf 77' lang='lat' dir='ltr'>lntegritas</span> <span class='ocrx_word' id='word_1_372' title='bbox 546 4167 778 4205; x_wconf 90' lang='lat' dir='ltr'>morum</span> <span class='ocrx_word' id='word_1_373' title='bbox 810 4151 1108 4203; x_wconf 91' lang='lat' dir='ltr'>cumulum</span> <span class='ocrx_word' id='word_1_374' title='bbox 1158 4149 1442 4220; x_wconf 87' lang='lat' dir='ltr'>supplevit</span> <span class='ocrx_word' id='word_1_375' title='bbox 1505 4150 1821 4217; x_wconf 86' lang='lat' dir='ltr'>honorum;</span> 
     </span>
    </p>
   </div>
   <div class='ocr_carea' id='block_1_63' title="bbox 278 4271 1823 4345">
    <p class='ocr_par' dir='ltr' id='par_1_63' title="bbox 278 4271 1823 4345">
     <span class='ocr_line' id='line_1_63' title="bbox 278 4271 1823 4345; baseline -0.003 -15"><span class='ocrx_word' id='word_1_376' title='bbox 278 4276 422 4345; x_wconf 58' lang='lat'>(334)</span> <span class='ocrx_word' id='word_1_377' title='bbox 440 4274 584 4329; x_wconf 90' lang='lat' dir='ltr'>Cum</span> <span class='ocrx_word' id='word_1_378' title='bbox 617 4272 673 4345; x_wconf 88' lang='lat' dir='ltr'>S.</span> <span class='ocrx_word' id='word_1_379' title='bbox 704 4271 1107 4345; x_wconf 72' lang='lat' dir='ltr'>Bartholomtei</span> <span class='ocrx_word' id='word_1_380' title='bbox 1133 4272 1391 4345; x_wconf 84' lang='lat' dir='ltr'>nomine,</span> <span class='ocrx_word' id='word_1_381' title='bbox 1443 4273 1823 4345; x_wconf 81' lang='lat' dir='ltr'>quemadmo-</span> 
     </span>
    </p>
   </div>
   <div class='ocr_carea' id='block_1_64' title="bbox 210 4343 1820 4412">
    <p class='ocr_par' dir='ltr' id='par_1_64' title="bbox 210 4343 1820 4412">
     <span class='ocr_line' id='line_1_64' title="bbox 210 4343 1820 4412; baseline -0.003 -12"><span class='ocrx_word' id='word_1_382' title='bbox 210 4343 344 4400; x_wconf 88' lang='lat' dir='ltr'>dum</span> <span class='ocrx_word' id='word_1_383' title='bbox 375 4346 571 4400; x_wconf 64' lang='lat' dir='ltr'>Galliaa</span> <span class='ocrx_word' id='word_1_384' title='bbox 598 4344 801 4398; x_wconf 88' lang='lat' dir='ltr'>Christ.</span> <span class='ocrx_word' id='word_1_385' title='bbox 839 4347 1018 4397; x_wconf 68' lang='lat' dir='ltr'>auctae</span> <span class='ocrx_word' id='word_1_386' title='bbox 1068 4343 1374 4412; x_wconf 83' lang='lat' dir='ltr'>scriptores</span> <span class='ocrx_word' id='word_1_387' title='bbox 1403 4346 1549 4397; x_wconf 90' lang='lat' dir='ltr'>tom.</span> <span class='ocrx_word' id='word_1_388' title='bbox 1578 4344 1661 4408; x_wconf 85' lang='lat' dir='ltr'>IX,</span> <span class='ocrx_word' id='word_1_389' title='bbox 1714 4345 1820 4397; x_wconf 88' lang='lat' dir='ltr'>col.</span> 
     </span>
    </p>
   </div>
   <div class='ocr_carea' id='block_1_65' title="bbox 214 4413 1822 4482">
    <p class='ocr_par' dir='ltr' id='par_1_65' title="bbox 214 4413 1822 4482">
     <span class='ocr_line' id='line_1_65' title="bbox 214 4413 1822 4482; baseline -0.002 -12"><span class='ocrx_word' id='word_1_390' title='bbox 214 4418 331 4482; x_wconf 82' lang='grc'>181,</span> <span class='ocrx_word' id='word_1_391' title='bbox 367 4417 601 4481; x_wconf 88' lang='lat' dir='ltr'>docent,</span> <span class='ocrx_word' id='word_1_392' title='bbox 636 4413 1575 4478; x_wconf 89' lang='lat' dir='ltr'>S.Theodoricimonasterium,in</span> <span class='ocrx_word' id='word_1_393' title='bbox 1602 4417 1822 4479; x_wconf 89' lang='lat' dir='ltr'>monte,</span> 
     </span>
    </p>
   </div>
   <div class='ocr_carea' id='block_1_66' title="bbox 207 4484 1822 4554">
    <p class='ocr_par' dir='ltr' id='par_1_66' title="bbox 207 4484 1822 4554">
     <span class='ocr_line' id='line_1_66' title="bbox 207 4484 1822 4554; baseline -0.001 -15"><span class='ocrx_word' id='word_1_394' title='bbox 207 4486 495 4541; x_wconf 88' lang='lat' dir='ltr'>veteribus</span> <span class='ocrx_word' id='word_1_395' title='bbox 522 4486 689 4539; x_wconf 86' lang='lat' dir='ltr'>Gallis</span> <span class='ocrx_word' id='word_1_396' title='bbox 721 4484 797 4539; x_wconf 87' lang='lat' dir='ltr'>0r</span> <span class='ocrx_word' id='word_1_397' title='bbox 844 4487 1193 4554; x_wconf 90' lang='lat' dir='ltr'>nuncupato,</span> <span class='ocrx_word' id='word_1_398' title='bbox 1232 4484 1415 4537; x_wconf 90' lang='lat' dir='ltr'>tribus</span> <span class='ocrx_word' id='word_1_399' title='bbox 1444 4484 1516 4537; x_wconf 91' lang='lat' dir='ltr'>ab</span> <span class='ocrx_word' id='word_1_400' title='bbox 1550 4485 1690 4538; x_wconf 89' lang='lat' dir='ltr'>urbe</span> <span class='ocrx_word' id='word_1_401' title='bbox 1718 4484 1822 4537; x_wconf 84' lang='lat' dir='ltr'>Re-</span> 
     </span>
    </p>
   </div>
   <div class='ocr_carea' id='block_1_67' title="bbox 210 4554 1826 4625">
    <p class='ocr_par' dir='ltr' id='par_1_67' title="bbox 210 4554 1826 4625">
     <span class='ocr_line' id='line_1_67' title="bbox 210 4554 1826 4625; baseline -0.002 -14"><span class='ocrx_word' id='word_1_402' title='bbox 210 4557 395 4611; x_wconf 86' lang='lat' dir='ltr'>mensi</span> <span class='ocrx_word' id='word_1_403' title='bbox 431 4556 771 4610; x_wconf 87' lang='lat' dir='ltr'>milharibus</span> <span class='ocrx_word' id='word_1_404' title='bbox 796 4556 990 4622; x_wconf 91' lang='lat' dir='ltr'>situm,</span> <span class='ocrx_word' id='word_1_405' title='bbox 1016 4571 1283 4625; x_wconf 88' lang='lat' dir='ltr'>annoque</span> <span class='ocrx_word' id='word_1_406' title='bbox 1306 4554 1533 4608; x_wconf 90' lang='lat' dir='ltr'>circiter</span> <span class='ocrx_word' id='word_1_407' title='bbox 1576 4554 1682 4609; x_wconf 74' lang='grc'>500</span> <span class='ocrx_word' id='word_1_408' title='bbox 1735 4572 1826 4608; x_wconf 84' lang='lat' dir='ltr'>ex-</span> 
     </span>
    </p>
   </div>
   <div class='ocr_carea' id='block_1_68' title="bbox 208 4624 1826 4696">
    <p class='ocr_par' dir='ltr' id='par_1_68' title="bbox 208 4624 1826 4696">
     <span class='ocr_line' id='line_1_68' title="bbox 208 4624 1826 4696; baseline -0.001 -15"><span class='ocrx_word' id='word_1_409' title='bbox 208 4630 510 4692; x_wconf 80' lang='lat' dir='ltr'>structum,</span> <span class='ocrx_word' id='word_1_410' title='bbox 541 4626 679 4680; x_wconf 92' lang='lat' dir='ltr'>olim</span> <span class='ocrx_word' id='word_1_411' title='bbox 695 4626 869 4679; x_wconf 90' lang='lat' dir='ltr'>etiam</span> <span class='ocrx_word' id='word_1_412' title='bbox 900 4626 1138 4690; x_wconf 89' lang='lat' dir='ltr'>venerit,</span> <span class='ocrx_word' id='word_1_413' title='bbox 1163 4624 1545 4679; x_wconf 87' lang='lat' dir='ltr'>dubitandum</span> <span class='ocrx_word' id='word_1_414' title='bbox 1579 4641 1698 4679; x_wconf 90' lang='lat' dir='ltr'>non</span> <span class='ocrx_word' id='word_1_415' title='bbox 1729 4641 1826 4696; x_wconf 87' lang='lat' dir='ltr'>ap-</span> 
     </span>
    </p>
   </div>
   <div class='ocr_carea' id='block_1_69' title="bbox 206 4696 1213 4769">
    <p class='ocr_par' dir='ltr' id='par_1_69' title="bbox 206 4696 1213 4769">
     <span class='ocr_line' id='line_1_69' title="bbox 206 4696 1213 4769; baseline -0.004 -17"><span class='ocrx_word' id='word_1_416' title='bbox 206 4702 373 4768; x_wconf 80' lang='lat' dir='ltr'>paret</span> <span class='ocrx_word' id='word_1_417' title='bbox 400 4697 541 4769; x_wconf 90' lang='lat' dir='ltr'>quin</span> <span class='ocrx_word' id='word_1_418' title='bbox 570 4697 661 4769; x_wconf 88' lang='lat' dir='ltr'>hic</span> <span class='ocrx_word' id='word_1_419' title='bbox 688 4696 829 4769; x_wconf 83' lang='lat' dir='ltr'>illud</span> <span class='ocrx_word' id='word_1_420' title='bbox 860 4696 1213 4769; x_wconf 79' lang='lat' dir='ltr'>designetur.</span> 
     </span>
    </p>
   </div>
   <div class='ocr_carea' id='block_1_70' title="bbox 280 4765 1819 4838">
    <p class='ocr_par' dir='ltr' id='par_1_70' title="bbox 280 4765 1819 4838">
     <span class='ocr_line' id='line_1_70' title="bbox 280 4765 1819 4838; baseline -0.002 -15"><span class='ocrx_word' id='word_1_421' title='bbox 280 4765 438 4838; x_wconf 62' lang='lat'>(335)</span> <span class='ocrx_word' id='word_1_422' title='bbox 452 4767 848 4838; x_wconf 85' lang='lat' dir='ltr'>Laudonensis</span> <span class='ocrx_word' id='word_1_423' title='bbox 871 4783 969 4838; x_wconf 87' lang='lat' dir='ltr'>seu</span> <span class='ocrx_word' id='word_1_424' title='bbox 995 4765 1185 4838; x_wconf 82' lang='lat' dir='ltr'>potius</span> <span class='ocrx_word' id='word_1_425' title='bbox 1212 4765 1602 4838; x_wconf 85' lang='lat' dir='ltr'>Laudunensis</span> <span class='ocrx_word' id='word_1_426' title='bbox 1627 4766 1819 4820; x_wconf 88' lang='lat' dir='ltr'>cathe-</span> 
     </span>
    </p>
   </div>
   <div class='ocr_carea' id='block_1_71' title="bbox 209 4835 1817 4904">
    <p class='ocr_par' dir='ltr' id='par_1_71' title="bbox 209 4835 1817 4904">
     <span class='ocr_line' id='line_1_71' title="bbox 209 4835 1817 4904; baseline -0.002 -11"><span class='ocrx_word' id='word_1_427' title='bbox 209 4835 382 4893; x_wconf 85' lang='lat' dir='ltr'>dralis</span> <span class='ocrx_word' id='word_1_428' title='bbox 407 4835 647 4893; x_wconf 83' lang='lat' dir='ltr'>ecclesia</span> <span class='ocrx_word' id='word_1_429' title='bbox 675 4835 1047 4892; x_wconf 65' lang='lat' dir='ltr'>sanctiSsimaa</span> <span class='ocrx_word' id='word_1_430' title='bbox 1080 4837 1178 4890; x_wconf 92' lang='lat' dir='ltr'>Dei</span> <span class='ocrx_word' id='word_1_431' title='bbox 1207 4835 1475 4891; x_wconf 88' lang='lat' dir='ltr'>Genitrici</span> <span class='ocrx_word' id='word_1_432' title='bbox 1506 4853 1665 4891; x_wconf 84' lang='lat' dir='ltr'>sacra</span> <span class='ocrx_word' id='word_1_433' title='bbox 1715 4840 1817 4904; x_wconf 88' lang='lat' dir='ltr'>est;</span> 
     </span>
    </p>
   </div>
   <div class='ocr_carea' id='block_1_72' title="bbox 208 4908 1817 4980">
    <p class='ocr_par' dir='ltr' id='par_1_72' title="bbox 208 4908 1817 4980">
     <span class='ocr_line' id='line_1_72' title="bbox 208 4908 1817 4980; baseline -0.001 -18"><span class='ocrx_word' id='word_1_434' title='bbox 208 4913 268 4980; x_wconf 85' lang='lat' dir='ltr'>ut</span> <span class='ocrx_word' id='word_1_435' title='bbox 285 4910 372 4963; x_wconf 92' lang='lat' dir='ltr'>vel</span> <span class='ocrx_word' id='word_1_436' title='bbox 402 4909 568 4976; x_wconf 88' lang='lat' dir='ltr'>hinc;</span> <span class='ocrx_word' id='word_1_437' title='bbox 602 4912 860 4980; x_wconf 88' lang='lat' dir='ltr'>spectare</span> <span class='ocrx_word' id='word_1_438' title='bbox 890 4908 963 4961; x_wconf 92' lang='lat' dir='ltr'>ad</span> <span class='ocrx_word' id='word_1_439' title='bbox 1014 4908 1163 4962; x_wconf 90' lang='lat' dir='ltr'>hanc</span> <span class='ocrx_word' id='word_1_440' title='bbox 1192 4908 1514 4977; x_wconf 88' lang='lat' dir='ltr'>subjectum</span> <span class='ocrx_word' id='word_1_441' title='bbox 1541 4908 1817 4974; x_wconf 90' lang='lat' dir='ltr'>Titulum,</span> 
     </span>
    </p>
   </div>
   <div class='ocr_carea' id='block_1_73' title="bbox 209 4979 1073 5049">
    <p class='ocr_par' dir='ltr' id='par_1_73' title="bbox 209 4979 1073 5049">
     <span class='ocr_line' id='line_1_73' title="bbox 209 4979 1073 5049; baseline -0.002 -16"><span class='ocrx_word' id='word_1_442' title='bbox 209 4979 595 5034; x_wconf 89' lang='lat' dir='ltr'>dubitandum</span> <span class='ocrx_word' id='word_1_443' title='bbox 628 4979 746 5034; x_wconf 83' lang='lat' dir='ltr'>non</span> <span class='ocrx_word' id='word_1_444' title='bbox 778 4981 1073 5049; x_wconf 89' lang='lat' dir='ltr'>appareat.</span> 
     </span>
    </p>
   </div>
   <div class='ocr_carea' id='block_1_74' title="bbox 274 5047 1820 5131">
    <p class='ocr_par' dir='ltr' id='par_1_74' title="bbox 274 5047 1820 5131">
     <span class='ocr_line' id='line_1_74' title="bbox 274 5047 1820 5131; baseline -0.001 -27"><span class='ocrx_word' id='word_1_445' title='bbox 274 5051 422 5122; x_wconf 92' lang='lat'>(336)</span> <span class='ocrx_word' id='word_1_446' title='bbox 445 5047 892 5131; x_wconf 65' lang='lat' dir='ltr'>Callosscilicet,</span> <span class='ocrx_word' id='word_1_447' title='bbox 940 5051 1056 5115; x_wconf 89' lang='lat' dir='ltr'>aut,</span> <span class='ocrx_word' id='word_1_448' title='bbox 1083 5048 1137 5129; x_wconf 39' lang='lat' dir='ltr'>.si</span> <span class='ocrx_word' id='word_1_449' title='bbox 1170 5047 1369 5128; x_wconf 81' lang='lat' dir='ltr'>mavis,</span> <span class='ocrx_word' id='word_1_450' title='bbox 1403 5048 1820 5131; x_wconf 40' lang='lat' dir='ltr'>archidi‘gzcesis</span> 
     </span>
    </p>
   </div>
   <div class='ocr_carea' id='block_1_75' title="bbox 127 5118 1818 5191">
    <p class='ocr_par' dir='ltr' id='par_1_75' title="bbox 127 5118 1818 5191">
     <span class='ocr_line' id='line_1_75' title="bbox 127 5118 1818 5191; baseline 0 -19"><span class='ocrx_word' id='word_1_451' title='bbox 127 5137 140 5149; x_wconf 89' lang='grc'><strong>·</strong></span> <span class='ocrx_word' id='word_1_452' title='bbox 208 5118 525 5186; x_wconf 63' lang='grc' dir='ltr'>Ηόηιθέιεὶε,</span> <span class='ocrx_word' id='word_1_453' title='bbox 554 5120 713 5190; x_wconf 89' lang='lat' dir='ltr'>cujus</span> <span class='ocrx_word' id='word_1_454' title='bbox 736 5119 1124 5174; x_wconf 89' lang='lat' dir='ltr'>Lauduncnsis</span> <span class='ocrx_word' id='word_1_455' title='bbox 1155 5118 1514 5191; x_wconf 88' lang='lat' dir='ltr'>episcopatus</span> <span class='ocrx_word' id='word_1_456' title='bbox 1543 5118 1818 5189; x_wconf 73' lang='lat' dir='ltr'>suffraga-</span> 
     </span>
    </p>
   </div>
   <div class='ocr_carea' id='block_1_76' title="bbox 208 5192 753 5255">
    <p class='ocr_par' dir='ltr' id='par_1_76' title="bbox 208 5192 753 5255">
     <span class='ocr_line' id='line_1_76' title="bbox 208 5192 753 5255; baseline -0.002 -12"><span class='ocrx_word' id='word_1_457' title='bbox 208 5207 350 5245; x_wconf 85' lang='lat' dir='ltr'>neus</span> <span class='ocrx_word' id='word_1_458' title='bbox 384 5194 491 5255; x_wconf 89' lang='lat' dir='ltr'>est,</span> <span class='ocrx_word' id='word_1_459' title='bbox 520 5192 753 5245; x_wconf 90' lang='lat' dir='ltr'>incolas.</span> 
     </span>
    </p>
   </div>
   <div class='ocr_carea' id='block_1_77' title="bbox 276 5258 1817 5332">
    <p class='ocr_par' dir='ltr' id='par_1_77' title="bbox 276 5258 1817 5332">
     <span class='ocr_line' id='line_1_77' title="bbox 276 5258 1817 5332; baseline 0 -18"><span class='ocrx_word' id='word_1_460' title='bbox 276 5265 420 5332; x_wconf 73' lang='lat'>(337)</span> <span class='ocrx_word' id='word_1_461' title='bbox 450 5262 604 5315; x_wconf 88' lang='lat' dir='ltr'>Intra</span> <span class='ocrx_word' id='word_1_462' title='bbox 628 5260 782 5315; x_wconf 89' lang='lat' dir='ltr'>urbis</span> <span class='ocrx_word' id='word_1_463' title='bbox 803 5258 1508 5332; x_wconf 20' lang='lat' dir='ltr'>Laudunensisiambitum</span> <span class='ocrx_word' id='word_1_464' title='bbox 1562 5259 1673 5325; x_wconf 87' lang='lat' dir='ltr'>(adi</span> <span class='ocrx_word' id='word_1_465' title='bbox 1693 5258 1817 5314; x_wconf 87' lang='lat' dir='ltr'>Gal-</span> 
     </span>
    </p>
   </div>
   <div class='ocr_carea' id='block_1_78' title="bbox 204 5330 1814 5401">
    <p class='ocr_par' dir='ltr' id='par_1_78' title="bbox 204 5330 1814 5401">
     <span class='ocr_line' id='line_1_78' title="bbox 204 5330 1814 5401; baseline 0.001 -17"><span class='ocrx_word' id='word_1_466' title='bbox 204 5330 344 5385; x_wconf 84' lang='lat' dir='ltr'>liam</span> <span class='ocrx_word' id='word_1_467' title='bbox 378 5330 761 5387; x_wconf 83' lang='lat' dir='ltr'>Christianam</span> <span class='ocrx_word' id='word_1_468' title='bbox 793 5335 1019 5386; x_wconf 85' lang='lat' dir='ltr'>auctam</span> <span class='ocrx_word' id='word_1_469' title='bbox 1041 5334 1184 5384; x_wconf 91' lang='lat' dir='ltr'>tom.</span> <span class='ocrx_word' id='word_1_470' title='bbox 1202 5330 1284 5395; x_wconf 85' lang='lat' dir='ltr'>IX,</span> <span class='ocrx_word' id='word_1_471' title='bbox 1303 5331 1410 5383; x_wconf 90' lang='lat' dir='ltr'>col.</span> <span class='ocrx_word' id='word_1_472' title='bbox 1438 5334 1539 5384; x_wconf 75' lang='lat'>587</span> <span class='ocrx_word' id='word_1_473' title='bbox 1566 5334 1622 5383; x_wconf 90' lang='lat' dir='ltr'>et</span> <span class='ocrx_word' id='word_1_474' title='bbox 1644 5337 1814 5401; x_wconf 89' lang='lat' dir='ltr'>seq.).</span> 
     </span>
    </p>
   </div>
   <div class='ocr_carea' id='block_1_79' title="bbox 207 5400 1820 5473">
    <p class='ocr_par' dir='ltr' id='par_1_79' title="bbox 207 5400 1820 5473">
     <span class='ocr_line' id='line_1_79' title="bbox 207 5400 1820 5473; baseline 0 -17"><span class='ocrx_word' id='word_1_475' title='bbox 207 5401 263 5456; x_wconf 70' lang='grc' dir='ltr'>ὃ.</span> <span class='ocrx_word' id='word_1_476' title='bbox 297 5401 614 5473; x_wconf 77' lang='lat' dir='ltr'>Salaberga</span> <span class='ocrx_word' id='word_1_477' title='bbox 647 5402 806 5473; x_wconf 86' lang='lat' dir='ltr'>virgo</span> <span class='ocrx_word' id='word_1_478' title='bbox 832 5404 1039 5456; x_wconf 69' lang='lat' dir='ltr'>saeculo</span> <span class='ocrx_word' id='word_1_479' title='bbox 1059 5417 1132 5453; x_wconf 84' lang='lat' dir='ltr'>vn</span> <span class='ocrx_word' id='word_1_480' title='bbox 1165 5401 1466 5473; x_wconf 71' lang='lat' dir='ltr'>aediﬁcavit</span> <span class='ocrx_word' id='word_1_481' title='bbox 1507 5400 1820 5473; x_wconf 82' lang='lat' dir='ltr'>partheno-</span> 
     </span>
    </p>
   </div>
   <div class='ocr_carea' id='block_1_80' title="bbox 210 5469 1816 5544">
    <p class='ocr_par' dir='ltr' id='par_1_80' title="bbox 210 5469 1816 5544">
     <span class='ocr_line' id='line_1_80' title="bbox 210 5469 1816 5544; baseline 0.002 -19"><span class='ocrx_word' id='word_1_482' title='bbox 210 5488 367 5539; x_wconf 86' lang='lat' dir='ltr'>uem,</span> <span class='ocrx_word' id='word_1_483' title='bbox 397 5471 458 5544; x_wconf 72' lang='lat' dir='ltr'>S.</span> <span class='ocrx_word' id='word_1_484' title='bbox 490 5469 725 5544; x_wconf 58' lang='lat' dir='ltr'>Jo&#39;annis</span> <span class='ocrx_word' id='word_1_485' title='bbox 738 5469 1017 5544; x_wconf 71' lang='lat' dir='ltr'>Baptista:</span> <span class='ocrx_word' id='word_1_486' title='bbox 1036 5470 1274 5525; x_wconf 88' lang='lat' dir='ltr'>nomine</span> <span class='ocrx_word' id='word_1_487' title='bbox 1297 5469 1816 5544; x_wconf 84' lang='lat' dir='ltr'>perlongissimum</span> 
     </span>
    </p>
   </div>
   <div class='ocr_carea' id='block_1_81' title="bbox 204 5540 1815 5615">
    <p class='ocr_par' dir='ltr' id='par_1_81' title="bbox 204 5540 1815 5615">
     <span class='ocr_line' id='line_1_81' title="bbox 204 5540 1815 5615; baseline 0.001 -17"><span class='ocrx_word' id='word_1_488' title='bbox 204 5541 490 5615; x_wconf 83' lang='lat' dir='ltr'>temporis</span> <span class='ocrx_word' id='word_1_489' title='bbox 519 5543 768 5615; x_wconf 82' lang='lat' dir='ltr'>spatium</span> <span class='ocrx_word' id='word_1_490' title='bbox 796 5540 997 5615; x_wconf 76' lang='lat' dir='ltr'>postea</span> <span class='ocrx_word' id='word_1_491' title='bbox 1043 5544 1331 5611; x_wconf 84' lang='lat' dir='ltr'>vocatum,</span> <span class='ocrx_word' id='word_1_492' title='bbox 1373 5540 1433 5598; x_wconf 92' lang='lat' dir='ltr'>in</span> <span class='ocrx_word' id='word_1_493' title='bbox 1487 5540 1601 5612; x_wconf 88' lang='lat' dir='ltr'>quo</span> <span class='ocrx_word' id='word_1_494' title='bbox 1635 5557 1815 5600; x_wconf 60' lang='lat' dir='ltr'>sacras</span> 
     </span>
    </p>
   </div>
   <div class='ocr_carea' id='block_1_82' title="bbox 1851 4221 1903 4278">
    <p class='ocr_par' dir='ltr' id='par_1_82' title="bbox 1851 4221 1903 4278">
     <span class='ocr_line' id='line_1_82' title="bbox 1851 4221 1903 4278; baseline 0 0"><span class='ocrx_word' id='word_1_495' title='bbox 1851 4221 1903 4278; x_wconf 93' lang='lat' dir='ltr'>D</span> 
     </span>
    </p>
   </div>
   <div class='ocr_carea' id='block_1_83' title="bbox 1930 1883 3534 1956">
    <p class='ocr_par' dir='ltr' id='par_1_83' title="bbox 1930 1883 3534 1956">
     <span class='ocr_line' id='line_1_83' title="bbox 1930 1883 3534 1956; baseline 0.004 -22"><span class='ocrx_word' id='word_1_496' title='bbox 1930 1883 2194 1937; x_wconf 87' lang='lat' dir='ltr'>Versibus</span> <span class='ocrx_word' id='word_1_497' title='bbox 2221 1886 2277 1936; x_wconf 90' lang='lat' dir='ltr'>et</span> <span class='ocrx_word' id='word_1_498' title='bbox 2306 1883 2550 1953; x_wconf 89' lang='lat' dir='ltr'>scriptis,</span> <span class='ocrx_word' id='word_1_499' title='bbox 2584 1901 2711 1950; x_wconf 87' lang='lat' dir='ltr'>nec,</span> <span class='ocrx_word' id='word_1_500' title='bbox 2748 1889 2965 1956; x_wconf 88' lang='lat' dir='ltr'>quanta</span> <span class='ocrx_word' id='word_1_501' title='bbox 2996 1886 3121 1953; x_wconf 86' lang='lat' dir='ltr'>fuit,</span> <span class='ocrx_word' id='word_1_502' title='bbox 3158 1889 3534 1941; x_wconf 88' lang='lat' dir='ltr'>memoratur.</span> 
     </span>
    </p>
   </div>
   <div class='ocr_carea' id='block_1_84' title="bbox 1930 1963 3254 2042">
    <p class='ocr_par' dir='ltr' id='par_1_84' title="bbox 1930 1963 3254 2042">
     <span class='ocr_line' id='line_1_84' title="bbox 1930 1963 3254 2042; baseline 0.003 -20"><span class='ocrx_word' id='word_1_503' title='bbox 1930 1971 2052 2042; x_wconf 91' lang='lat' dir='ltr'>Ipse</span> <span class='ocrx_word' id='word_1_504' title='bbox 2074 1969 2216 2040; x_wconf 88' lang='lat' dir='ltr'>pius,</span> <span class='ocrx_word' id='word_1_505' title='bbox 2245 1971 2505 2041; x_wconf 90' lang='lat' dir='ltr'>simplex,</span> <span class='ocrx_word' id='word_1_506' title='bbox 2538 1972 2741 2040; x_wconf 88' lang='lat' dir='ltr'>plenus</span> <span class='ocrx_word' id='word_1_507' title='bbox 2772 1963 3005 2026; x_wconf 87' lang='lat' dir='ltr'>Deitatis</span> <span class='ocrx_word' id='word_1_508' title='bbox 3036 1989 3254 2039; x_wconf 89' lang='lat' dir='ltr'>amore,</span> 
     </span>
    </p>
   </div>
   <div class='ocr_carea' id='block_1_85' title="bbox 1930 2058 3394 2130">
    <p class='ocr_par' dir='ltr' id='par_1_85' title="bbox 1930 2058 3394 2130">
     <span class='ocr_line' id='line_1_85' title="bbox 1930 2058 3394 2130; baseline 0.003 -19"><span class='ocrx_word' id='word_1_509' title='bbox 1930 2058 2184 2129; x_wconf 89' lang='lat' dir='ltr'>Impiger</span> <span class='ocrx_word' id='word_1_510' title='bbox 2201 2061 2257 2111; x_wconf 91' lang='lat' dir='ltr'>et</span> <span class='ocrx_word' id='word_1_511' title='bbox 2277 2059 2530 2112; x_wconf 86' lang='lat' dir='ltr'>mundus</span> <span class='ocrx_word' id='word_1_512' title='bbox 2562 2059 2693 2125; x_wconf 84' lang='lat' dir='ltr'>fuit,</span> <span class='ocrx_word' id='word_1_513' title='bbox 2729 2058 2888 2112; x_wconf 90' lang='lat' dir='ltr'>omni</span> <span class='ocrx_word' id='word_1_514' title='bbox 2916 2059 3122 2130; x_wconf 89' lang='lat' dir='ltr'>dignus</span> <span class='ocrx_word' id='word_1_515' title='bbox 3152 2060 3394 2115; x_wconf 87' lang='lat' dir='ltr'>honore.</span> 
     </span>
    </p>
   </div>
   <div class='ocr_carea' id='block_1_86' title="bbox 1928 2146 3325 2212">
    <p class='ocr_par' dir='ltr' id='par_1_86' title="bbox 1928 2146 3325 2212">
     <span class='ocr_line' id='line_1_86' title="bbox 1928 2146 3325 2212; baseline 0.001 -13"><span class='ocrx_word' id='word_1_516' title='bbox 1928 2146 2272 2199; x_wconf 90' lang='lat' dir='ltr'>Vivitadhuc</span> <span class='ocrx_word' id='word_1_517' title='bbox 2298 2147 2510 2212; x_wconf 91' lang='lat' dir='ltr'>Bruno,</span> <span class='ocrx_word' id='word_1_518' title='bbox 2539 2146 2643 2198; x_wconf 91' lang='lat' dir='ltr'>sibi</span> <span class='ocrx_word' id='word_1_519' title='bbox 2674 2146 2916 2200; x_wconf 88' lang='lat' dir='ltr'>traditur</span> <span class='ocrx_word' id='word_1_520' title='bbox 2946 2164 2980 2200; x_wconf 91' lang='lat' dir='ltr'>a</span> <span class='ocrx_word' id='word_1_521' title='bbox 3001 2148 3166 2201; x_wconf 90' lang='lat' dir='ltr'>Patre</span> <span class='ocrx_word' id='word_1_522' title='bbox 3192 2147 3325 2202; x_wconf 88' lang='lat' dir='ltr'>vita.</span> 
     </span>
    </p>
   </div>
   <div class='ocr_carea' id='block_1_87' title="bbox 1930 2233 3377 2303">
    <p class='ocr_par' dir='ltr' id='par_1_87' title="bbox 1930 2233 3377 2303">
     <span class='ocr_line' id='line_1_87' title="bbox 1930 2233 3377 2303; baseline 0.001 -16"><span class='ocrx_word' id='word_1_523' title='bbox 1930 2234 2176 2288; x_wconf 88' lang='lat' dir='ltr'>Clericus</span> <span class='ocrx_word' id='word_1_524' title='bbox 2206 2234 2323 2303; x_wconf 90' lang='lat' dir='ltr'>ipse</span> <span class='ocrx_word' id='word_1_525' title='bbox 2356 2233 2482 2299; x_wconf 86' lang='lat' dir='ltr'>fuit,</span> <span class='ocrx_word' id='word_1_526' title='bbox 2503 2235 2567 2286; x_wconf 87' lang='lat' dir='ltr'>ﬁt</span> <span class='ocrx_word' id='word_1_527' title='bbox 2587 2235 2924 2302; x_wconf 90' lang='lat' dir='ltr'>monachus,</span> <span class='ocrx_word' id='word_1_528' title='bbox 2948 2234 3083 2288; x_wconf 91' lang='lat' dir='ltr'>hinc</span> <span class='ocrx_word' id='word_1_529' title='bbox 3115 2234 3377 2290; x_wconf 90' lang='lat' dir='ltr'>eremita.</span> 
     </span>
    </p>
   </div>
   <div class='ocr_carea' id='block_1_88' title="bbox 1925 2322 3537 2393">
    <p class='ocr_par' dir='ltr' id='par_1_88' title="bbox 1925 2322 3537 2393">
     <span class='ocr_line' id='line_1_88' title="bbox 1925 2322 3537 2393; baseline 0.002 -16"><span class='ocrx_word' id='word_1_530' title='bbox 1925 2322 2086 2377; x_wconf 89' lang='lat' dir='ltr'>Nunc</span> <span class='ocrx_word' id='word_1_531' title='bbox 2110 2323 2266 2393; x_wconf 89' lang='lat' dir='ltr'>jacet</span> <span class='ocrx_word' id='word_1_532' title='bbox 2292 2338 2581 2393; x_wconf 81' lang='lat' dir='ltr'>exsangue</span> <span class='ocrx_word' id='word_1_533' title='bbox 2608 2338 2835 2393; x_wconf 88' lang='lat' dir='ltr'>corpus,</span> <span class='ocrx_word' id='word_1_534' title='bbox 2868 2326 3066 2377; x_wconf 90' lang='lat' dir='ltr'>tamen</span> <span class='ocrx_word' id='word_1_535' title='bbox 3083 2324 3189 2379; x_wconf 91' lang='lat' dir='ltr'>hoc</span> <span class='ocrx_word' id='word_1_536' title='bbox 3211 2326 3537 2381; x_wconf 85' lang='lat' dir='ltr'>veneratur.</span> 
     </span>
    </p>
   </div>
   <div class='ocr_carea' id='block_1_89' title="bbox 1925 2410 3291 2482">
    <p class='ocr_par' dir='ltr' id='par_1_89' title="bbox 1925 2410 3291 2482">
     <span class='ocr_line' id='line_1_89' title="bbox 1925 2410 3291 2482; baseline 0.002 -19"><span class='ocrx_word' id='word_1_537' title='bbox 1925 2410 2069 2465; x_wconf 89' lang='lat' dir='ltr'>Vivit</span> <span class='ocrx_word' id='word_1_538' title='bbox 2100 2411 2285 2465; x_wconf 90' lang='lat' dir='ltr'>adhuc</span> <span class='ocrx_word' id='word_1_539' title='bbox 2316 2411 2527 2475; x_wconf 91' lang='lat' dir='ltr'>Bruno,</span> <span class='ocrx_word' id='word_1_540' title='bbox 2558 2410 2717 2480; x_wconf 79' lang='lat' dir='ltr'>cujus</span> <span class='ocrx_word' id='word_1_541' title='bbox 2750 2411 2918 2465; x_wconf 89' lang='lat' dir='ltr'>ﬂatus</span> <span class='ocrx_word' id='word_1_542' title='bbox 2948 2413 3291 2482; x_wconf 89' lang='lat' dir='ltr'>gratulatur.</span> 
     </span>
    </p>
   </div>
   <div class='ocr_carea' id='block_1_90' title="bbox 1924 2494 3253 2570">
    <p class='ocr_par' dir='ltr' id='par_1_90' title="bbox 1924 2494 3253 2570">
     <span class='ocr_line' id='line_1_90' title="bbox 1924 2494 3253 2570; baseline 0.001 -17"><span class='ocrx_word' id='word_1_543' title='bbox 1924 2494 2047 2569; x_wconf 84' lang='lat' dir='ltr'>Ipse</span> <span class='ocrx_word' id='word_1_544' title='bbox 2076 2498 2347 2570; x_wconf 89' lang='lat' dir='ltr'>fatigatus</span> <span class='ocrx_word' id='word_1_545' title='bbox 2378 2514 2480 2569; x_wconf 92' lang='lat' dir='ltr'>per</span> <span class='ocrx_word' id='word_1_546' title='bbox 2510 2500 2773 2570; x_wconf 89' lang='lat' dir='ltr'>tempora</span> <span class='ocrx_word' id='word_1_547' title='bbox 2797 2515 3015 2570; x_wconf 90' lang='lat' dir='ltr'>necque</span> <span class='ocrx_word' id='word_1_548' title='bbox 3042 2502 3253 2567; x_wconf 88' lang='lat' dir='ltr'>reatus,</span> 
     </span>
    </p>
   </div>
   <div class='ocr_carea' id='block_1_91' title="bbox 1924 2586 3430 2660">
    <p class='ocr_par' dir='ltr' id='par_1_91' title="bbox 1924 2586 3430 2660">
     <span class='ocr_line' id='line_1_91' title="bbox 1924 2586 3430 2660; baseline 0.002 -19"><span class='ocrx_word' id='word_1_549' title='bbox 1924 2587 2083 2641; x_wconf 90' lang='lat' dir='ltr'>Nunc</span> <span class='ocrx_word' id='word_1_550' title='bbox 2102 2586 2210 2641; x_wconf 89' lang='lat' dir='ltr'>sibi</span> <span class='ocrx_word' id='word_1_551' title='bbox 2241 2586 2518 2640; x_wconf 89' lang='lat' dir='ltr'>concedat</span> <span class='ocrx_word' id='word_1_552' title='bbox 2547 2588 2714 2653; x_wconf 92' lang='lat' dir='ltr'>Deus,</span> <span class='ocrx_word' id='word_1_553' title='bbox 2747 2591 2809 2641; x_wconf 93' lang='lat' dir='ltr'>ut</span> <span class='ocrx_word' id='word_1_554' title='bbox 2834 2603 3064 2657; x_wconf 90' lang='lat' dir='ltr'>semper</span> <span class='ocrx_word' id='word_1_555' title='bbox 3091 2589 3430 2660; x_wconf 88' lang='lat' dir='ltr'>requiescat.</span> 
     </span>
    </p>
   </div>
   <div class='ocr_carea' id='block_1_92' title="bbox 2206 2690 3252 2764">
    <p class='ocr_par' dir='ltr' id='par_1_92' title="bbox 2206 2690 3252 2764">
     <span class='ocr_line' id='line_1_92' title="bbox 2206 2690 3252 2764; baseline 0.002 -20"><span class='ocrx_word' id='word_1_556' title='bbox 2206 2690 2269 2745; x_wconf 89' lang='lat' dir='ltr'>S.</span> <span class='ocrx_word' id='word_1_557' title='bbox 2298 2691 2524 2745; x_wconf 78' lang='lat' dir='ltr'>Nicolai</span> <span class='ocrx_word' id='word_1_558' title='bbox 2550 2691 2613 2743; x_wconf 86' lang='lat' dir='ltr'>de</span> <span class='ocrx_word' id='word_1_559' title='bbox 2645 2691 2807 2747; x_wconf 84' lang='lat' dir='ltr'>Saltu</span> <span class='ocrx_word' id='word_1_560' title='bbox 2851 2692 3068 2746; x_wconf 80' lang='lat' dir='ltr'>Vedocii</span> <span class='ocrx_word' id='word_1_561' title='bbox 3086 2694 3252 2764; x_wconf 87' lang='lat'>(338).</span> 
     </span>
    </p>
   </div>
   <div class='ocr_carea' id='block_1_93' title="bbox 1926 2785 3539 2860">
    <p class='ocr_par' dir='ltr' id='par_1_93' title="bbox 1926 2785 3539 2860">
     <span class='ocr_line' id='line_1_93' title="bbox 1926 2785 3539 2860; baseline 0.002 -18"><span class='ocrx_word' id='word_1_562' title='bbox 1926 2790 2012 2842; x_wconf 88' lang='lat'>69.</span> <span class='ocrx_word' id='word_1_563' title='bbox 2034 2787 2194 2841; x_wconf 87' lang='lat' dir='ltr'>Haud</span> <span class='ocrx_word' id='word_1_564' title='bbox 2216 2786 2409 2841; x_wconf 89' lang='lat' dir='ltr'>doleat</span> <span class='ocrx_word' id='word_1_565' title='bbox 2421 2785 2722 2858; x_wconf 90' lang='lat' dir='ltr'>quisquam</span> <span class='ocrx_word' id='word_1_566' title='bbox 2732 2828 2745 2854; x_wconf 95' lang='lat'>,</span> <span class='ocrx_word' id='word_1_567' title='bbox 2764 2787 2936 2843; x_wconf 89' lang='lat' dir='ltr'>morti</span> <span class='ocrx_word' id='word_1_568' title='bbox 2954 2789 3326 2844; x_wconf 88' lang='lat' dir='ltr'>succumbere</span> <span class='ocrx_word' id='word_1_569' title='bbox 3339 2804 3539 2860; x_wconf 89' lang='lat' dir='ltr'>quem-</span> 
     </span>
    </p>
   </div>
   <div class='ocr_carea' id='block_1_94' title="bbox 3317 2884 3535 2949">
    <p class='ocr_par' dir='ltr' id='par_1_94' title="bbox 3317 2884 3535 2949">
     <span class='ocr_line' id='line_1_94' title="bbox 3317 2884 3535 2949; baseline -0.014 -2"><span class='ocrx_word' id='word_1_570' title='bbox 3317 2884 3535 2949; x_wconf 69' lang='lat' dir='ltr'>mnam.</span> 
     </span>
    </p>
   </div>
   <div class='ocr_carea' id='block_1_95' title="bbox 1926 2961 3323 3034">
    <p class='ocr_par' dir='ltr' id='par_1_95' title="bbox 1926 2961 3323 3034">
     <span class='ocr_line' id='line_1_95' title="bbox 1926 2961 3323 3034; baseline 0.001 -16"><span class='ocrx_word' id='word_1_571' title='bbox 1926 2963 2067 3018; x_wconf 89' lang='lat' dir='ltr'>Cum</span> <span class='ocrx_word' id='word_1_572' title='bbox 2093 2962 2244 3017; x_wconf 88' lang='lat' dir='ltr'>vivat</span> <span class='ocrx_word' id='word_1_573' title='bbox 2269 2961 2590 3033; x_wconf 88' lang='lat' dir='ltr'>potius.Qui</span> <span class='ocrx_word' id='word_1_574' title='bbox 2621 2963 2876 3034; x_wconf 91' lang='lat' dir='ltr'>corporis</span> <span class='ocrx_word' id='word_1_575' title='bbox 2906 2968 3107 3018; x_wconf 89' lang='lat' dir='ltr'>enecat</span> <span class='ocrx_word' id='word_1_576' title='bbox 3132 2968 3323 3034; x_wconf 75' lang='lat' dir='ltr'>testus,</span> 
     </span>
    </p>
   </div>
   <div class='ocr_carea' id='block_1_96' title="bbox 1925 3050 3357 3123">
    <p class='ocr_par' dir='ltr' id='par_1_96' title="bbox 1925 3050 3357 3123">
     <span class='ocr_line' id='line_1_96' title="bbox 1925 3050 3357 3123; baseline 0.001 -17"><span class='ocrx_word' id='word_1_577' title='bbox 1925 3051 2024 3106; x_wconf 81' lang='lat' dir='ltr'>Hic</span> <span class='ocrx_word' id='word_1_578' title='bbox 2048 3050 2105 3104; x_wconf 91' lang='lat' dir='ltr'>in</span> <span class='ocrx_word' id='word_1_579' title='bbox 2133 3053 2473 3123; x_wconf 90' lang='lat' dir='ltr'>perpetuum</span> <span class='ocrx_word' id='word_1_580' title='bbox 2490 3051 2586 3121; x_wconf 91' lang='lat' dir='ltr'>jus</span> <span class='ocrx_word' id='word_1_581' title='bbox 2610 3051 2812 3105; x_wconf 89' lang='lat' dir='ltr'>mortis</span> <span class='ocrx_word' id='word_1_582' title='bbox 2841 3051 2982 3106; x_wconf 88' lang='lat' dir='ltr'>vitat</span> <span class='ocrx_word' id='word_1_583' title='bbox 3036 3053 3310 3108; x_wconf 87' lang='lat' dir='ltr'>acerbum</span> <span class='ocrx_word' id='word_1_584' title='bbox 3342 3069 3357 3121; x_wconf 91' lang='lat'><strong>;</strong></span> 
     </span>
    </p>
   </div>
   <div class='ocr_carea' id='block_1_97' title="bbox 1928 3138 3534 3213">
    <p class='ocr_par' dir='ltr' id='par_1_97' title="bbox 1928 3138 3534 3213">
     <span class='ocr_line' id='line_1_97' title="bbox 1928 3138 3534 3213; baseline 0.003 -21"><span class='ocrx_word' id='word_1_585' title='bbox 1928 3140 1994 3193; x_wconf 87' lang='lat' dir='ltr'>Et</span> <span class='ocrx_word' id='word_1_586' title='bbox 2022 3138 2126 3194; x_wconf 91' lang='lat' dir='ltr'>tibi</span> <span class='ocrx_word' id='word_1_587' title='bbox 2155 3138 2253 3193; x_wconf 89' lang='lat' dir='ltr'>det</span> <span class='ocrx_word' id='word_1_588' title='bbox 2269 3139 2474 3210; x_wconf 87' lang='lat' dir='ltr'>jugem</span> <span class='ocrx_word' id='word_1_589' title='bbox 2507 3155 2638 3193; x_wconf 90' lang='lat' dir='ltr'>cum</span> <span class='ocrx_word' id='word_1_590' title='bbox 2693 3138 2936 3208; x_wconf 89' lang='lat' dir='ltr'>Sanctis,</span> <span class='ocrx_word' id='word_1_591' title='bbox 2970 3141 3202 3211; x_wconf 60' lang='lat' dir='ltr'>(Bruno,</span> <span class='ocrx_word' id='word_1_592' title='bbox 3255 3140 3534 3213; x_wconf 88' lang='lat' dir='ltr'>quietem.</span> 
     </span>
    </p>
   </div>
   <div class='ocr_carea' id='block_1_98' title="bbox 2294 3244 3082 3315">
    <p class='ocr_par' dir='ltr' id='par_1_98' title="bbox 2294 3244 3082 3315">
     <span class='ocr_line' id='line_1_98' title="bbox 2294 3244 3082 3315; baseline 0.003 -17"><span class='ocrx_word' id='word_1_593' title='bbox 2294 3244 2366 3299; x_wconf 88' lang='grc' dir='ltr'><em>Β,</em></span> <span class='ocrx_word' id='word_1_594' title='bbox 2394 3244 2592 3299; x_wconf 66' lang='lat' dir='ltr'>Mariae</span> <span class='ocrx_word' id='word_1_595' title='bbox 2611 3244 2899 3299; x_wconf 87' lang='lat' dir='ltr'>Noniandi</span> <span class='ocrx_word' id='word_1_596' title='bbox 2921 3248 3082 3315; x_wconf 89' lang='lat'>(339).</span> 
     </span>
    </p>
   </div>
   <div class='ocr_carea' id='block_1_99' title="bbox 1926 3333 3391 3405">
    <p class='ocr_par' dir='ltr' id='par_1_99' title="bbox 1926 3333 3391 3405">
     <span class='ocr_line' id='line_1_99' title="bbox 1926 3333 3391 3405; baseline 0.001 -17"><span class='ocrx_word' id='word_1_597' title='bbox 1926 3335 2013 3388; x_wconf 87' lang='lat'>70.</span> <span class='ocrx_word' id='word_1_598' title='bbox 2048 3333 2323 3405; x_wconf 86' lang='lat' dir='ltr'>Egregius</span> <span class='ocrx_word' id='word_1_599' title='bbox 2347 3334 2539 3387; x_wconf 89' lang='lat' dir='ltr'>Bruno</span> <span class='ocrx_word' id='word_1_600' title='bbox 2568 3349 2686 3389; x_wconf 89' lang='lat' dir='ltr'>non</span> <span class='ocrx_word' id='word_1_601' title='bbox 2715 3336 2801 3388; x_wconf 90' lang='lat' dir='ltr'>est</span> <span class='ocrx_word' id='word_1_602' title='bbox 2825 3334 3152 3388; x_wconf 89' lang='lat' dir='ltr'>laudandus</span> <span class='ocrx_word' id='word_1_603' title='bbox 3179 3333 3238 3388; x_wconf 93' lang='lat' dir='ltr'>in</span> <span class='ocrx_word' id='word_1_604' title='bbox 3254 3351 3391 3402; x_wconf 90' lang='lat' dir='ltr'>uno,</span> 
     </span>
    </p>
   </div>
   <div class='ocr_carea' id='block_1_100' title="bbox 1928 3421 3538 3492">
    <p class='ocr_par' dir='ltr' id='par_1_100' title="bbox 1928 3421 3538 3492">
     <span class='ocr_line' id='line_1_100' title="bbox 1928 3421 3538 3492; baseline 0.002 -18"><span class='ocrx_word' id='word_1_605' title='bbox 1928 3421 2034 3485; x_wconf 92' lang='lat' dir='ltr'>Qui</span> <span class='ocrx_word' id='word_1_606' title='bbox 2056 3421 2249 3474; x_wconf 87' lang='lat' dir='ltr'>docuit</span> <span class='ocrx_word' id='word_1_607' title='bbox 2291 3423 2532 3488; x_wconf 90' lang='lat' dir='ltr'>clerum,</span> <span class='ocrx_word' id='word_1_608' title='bbox 2564 3425 2732 3492; x_wconf 87' lang='lat' dir='ltr'>pater</span> <span class='ocrx_word' id='word_1_609' title='bbox 2763 3421 2976 3476; x_wconf 84' lang='lat' dir='ltr'>exstitit</span> <span class='ocrx_word' id='word_1_610' title='bbox 3007 3424 3063 3477; x_wconf 90' lang='lat' dir='ltr'>et</span> <span class='ocrx_word' id='word_1_611' title='bbox 3096 3423 3538 3491; x_wconf 88' lang='lat' dir='ltr'>monachorum,</span> 
     </span>
    </p>
   </div>
   <div class='ocr_carea' id='block_1_101' title="bbox 1923 3509 3326 3580">
    <p class='ocr_par' dir='ltr' id='par_1_101' title="bbox 1923 3509 3326 3580">
     <span class='ocr_line' id='line_1_101' title="bbox 1923 3509 3326 3580; baseline 0.004 -19"><span class='ocrx_word' id='word_1_612' title='bbox 1923 3510 2107 3579; x_wconf 87' lang='lat' dir='ltr'>Atque</span> <span class='ocrx_word' id='word_1_613' title='bbox 2126 3510 2243 3563; x_wconf 92' lang='lat' dir='ltr'>Deo</span> <span class='ocrx_word' id='word_1_614' title='bbox 2273 3509 2610 3578; x_wconf 82' lang='lat' dir='ltr'>charus-per</span> <span class='ocrx_word' id='word_1_615' title='bbox 2630 3510 2812 3563; x_wconf 89' lang='lat' dir='ltr'>claros</span> <span class='ocrx_word' id='word_1_616' title='bbox 2841 3509 3129 3580; x_wconf 88' lang='lat' dir='ltr'>splenduit</span> <span class='ocrx_word' id='word_1_617' title='bbox 3148 3514 3326 3568; x_wconf 87' lang='lat' dir='ltr'>actus.</span> 
     </span>
    </p>
   </div>
   <div class='ocr_carea' id='block_1_102' title="bbox 1927 3595 3456 3667">
    <p class='ocr_par' dir='ltr' id='par_1_102' title="bbox 1927 3595 3456 3667">
     <span class='ocr_line' id='line_1_102' title="bbox 1927 3595 3456 3667; baseline 0.001 -16"><span class='ocrx_word' id='word_1_618' title='bbox 1927 3595 2207 3651; x_wconf 89' lang='lat' dir='ltr'>Omnibus</span> <span class='ocrx_word' id='word_1_619' title='bbox 2227 3595 2319 3649; x_wconf 90' lang='lat' dir='ltr'>hic</span> <span class='ocrx_word' id='word_1_620' title='bbox 2348 3595 2514 3650; x_wconf 90' lang='lat' dir='ltr'>nobis</span> <span class='ocrx_word' id='word_1_621' title='bbox 2534 3596 2606 3648; x_wconf 89' lang='lat' dir='ltr'>sit</span> <span class='ocrx_word' id='word_1_622' title='bbox 2631 3611 2863 3667; x_wconf 89' lang='lat' dir='ltr'>semper</span> <span class='ocrx_word' id='word_1_623' title='bbox 2889 3597 3456 3666; x_wconf 89' lang='lat' dir='ltr'>commemorandus,</span> 
     </span>
    </p>
   </div>
   <div class='ocr_carea' id='block_1_103' title="bbox 1926 3682 3316 3755">
    <p class='ocr_par' dir='ltr' id='par_1_103' title="bbox 1926 3682 3316 3755">
     <span class='ocr_line' id='line_1_103' title="bbox 1926 3682 3316 3755; baseline 0.001 -18"><span class='ocrx_word' id='word_1_624' title='bbox 1926 3682 2104 3755; x_wconf 90' lang='lat' dir='ltr'>Ipsius</span> <span class='ocrx_word' id='word_1_625' title='bbox 2133 3686 2196 3737; x_wconf 90' lang='lat' dir='ltr'>ut</span> <span class='ocrx_word' id='word_1_626' title='bbox 2225 3686 2439 3736; x_wconf 91' lang='lat' dir='ltr'>statum</span> <span class='ocrx_word' id='word_1_627' title='bbox 2461 3683 2650 3753; x_wconf 87' lang='lat' dir='ltr'>capiat</span> <span class='ocrx_word' id='word_1_628' title='bbox 2674 3685 2824 3737; x_wconf 90' lang='lat' dir='ltr'>Deus</span> <span class='ocrx_word' id='word_1_629' title='bbox 2852 3685 3316 3752; x_wconf 87' lang='lat' dir='ltr'>immaculatum,</span> 
     </span>
    </p>
   </div>
   <div class='ocr_carea' id='block_1_104' title="bbox 1925 3769 3166 3842">
    <p class='ocr_par' dir='ltr' id='par_1_104' title="bbox 1925 3769 3166 3842">
     <span class='ocr_line' id='line_1_104' title="bbox 1925 3769 3166 3842; baseline 0.001 -16"><span class='ocrx_word' id='word_1_630' title='bbox 1925 3770 2097 3826; x_wconf 87' lang='lat' dir='ltr'>Missis</span> <span class='ocrx_word' id='word_1_631' title='bbox 2123 3773 2180 3824; x_wconf 89' lang='lat' dir='ltr'>et</span> <span class='ocrx_word' id='word_1_632' title='bbox 2210 3770 2444 3842; x_wconf 89' lang='lat' dir='ltr'>psalmis</span> <span class='ocrx_word' id='word_1_633' title='bbox 2471 3769 2719 3825; x_wconf 91' lang='lat' dir='ltr'>societur</span> <span class='ocrx_word' id='word_1_634' title='bbox 2749 3771 2960 3825; x_wconf 90' lang='lat' dir='ltr'>civibus</span> <span class='ocrx_word' id='word_1_635' title='bbox 2980 3771 3166 3828; x_wconf 86' lang='lat' dir='ltr'>almis.</span> 
     </span>
    </p>
   </div>
   <div class='ocr_carea' id='block_1_105' title="bbox 2520 3877 2981 3948">
    <p class='ocr_par' dir='ltr' id='par_1_105' title="bbox 2520 3877 2981 3948">
     <span class='ocr_line' id='line_1_105' title="bbox 2520 3877 2981 3948; baseline 0.007 -17"><span class='ocrx_word' id='word_1_636' title='bbox 2520 3877 2680 3931; x_wconf 83' lang='lat' dir='ltr'>Alius</span> <span class='ocrx_word' id='word_1_637' title='bbox 2727 3877 2981 3948; x_wconf 83' lang='lat' dir='ltr'>ejusdem.</span> 
     </span>
    </p>
   </div>
   <div class='ocr_carea' id='block_1_106' title="bbox 1926 3964 3540 4038">
    <p class='ocr_par' dir='ltr' id='par_1_106' title="bbox 1926 3964 3540 4038">
     <span class='ocr_line' id='line_1_106' title="bbox 1926 3964 3540 4038; baseline 0.001 -16"><span class='ocrx_word' id='word_1_638' title='bbox 1926 3970 2014 4022; x_wconf 84' lang='grc' dir='ltr'>Ἠ.</span> <span class='ocrx_word' id='word_1_639' title='bbox 2049 3968 2198 4021; x_wconf 92' lang='lat' dir='ltr'>Dum</span> <span class='ocrx_word' id='word_1_640' title='bbox 2227 3964 2362 4019; x_wconf 85' lang='lat' dir='ltr'>vixit</span> <span class='ocrx_word' id='word_1_641' title='bbox 2400 3966 2612 4031; x_wconf 90' lang='lat' dir='ltr'>Bruno,</span> <span class='ocrx_word' id='word_1_642' title='bbox 2670 3966 2900 4020; x_wconf 90' lang='lat' dir='ltr'>monuit</span> <span class='ocrx_word' id='word_1_643' title='bbox 2926 3965 3175 4038; x_wconf 87' lang='lat' dir='ltr'>fecitque</span> <span class='ocrx_word' id='word_1_644' title='bbox 3222 3966 3540 4037; x_wconf 89' lang='lat' dir='ltr'>monendo,</span> 
     </span>
    </p>
   </div>
   <div class='ocr_carea' id='block_1_107' title="bbox 1926 4053 3227 4126">
    <p class='ocr_par' dir='ltr' id='par_1_107' title="bbox 1926 4053 3227 4126">
     <span class='ocr_line' id='line_1_107' title="bbox 1926 4053 3227 4126; baseline -0.001 -16"><span class='ocrx_word' id='word_1_645' title='bbox 1926 4056 1998 4110; x_wconf 88' lang='lat' dir='ltr'>Ut</span> <span class='ocrx_word' id='word_1_646' title='bbox 2028 4054 2194 4109; x_wconf 89' lang='lat' dir='ltr'>nobis</span> <span class='ocrx_word' id='word_1_647' title='bbox 2224 4053 2478 4108; x_wconf 89' lang='lat' dir='ltr'>mundus</span> <span class='ocrx_word' id='word_1_648' title='bbox 2508 4053 2763 4121; x_wconf 89' lang='lat' dir='ltr'>vilescat,</span> <span class='ocrx_word' id='word_1_649' title='bbox 2792 4070 2866 4107; x_wconf 90' lang='lat' dir='ltr'>ne</span> <span class='ocrx_word' id='word_1_650' title='bbox 2897 4070 3227 4126; x_wconf 88' lang='lat' dir='ltr'>pereamus.</span> 
     </span>
    </p>
   </div>
   <div class='ocr_carea' id='block_1_108' title="bbox 1926 4141 3406 4214">
    <p class='ocr_par' dir='ltr' id='par_1_108' title="bbox 1926 4141 3406 4214">
     <span class='ocr_line' id='line_1_108' title="bbox 1926 4141 3406 4214; baseline 0.001 -16"><span class='ocrx_word' id='word_1_651' title='bbox 1926 4143 2165 4199; x_wconf 83' lang='lat' dir='ltr'>Mundus</span> <span class='ocrx_word' id='word_1_652' title='bbox 2191 4142 2368 4196; x_wconf 91' lang='lat' dir='ltr'>habet</span> <span class='ocrx_word' id='word_1_653' title='bbox 2386 4141 2637 4209; x_wconf 82' lang='lat' dir='ltr'>fraudes,</span> <span class='ocrx_word' id='word_1_654' title='bbox 2670 4141 2790 4195; x_wconf 90' lang='lat' dir='ltr'>istis</span> <span class='ocrx_word' id='word_1_655' title='bbox 2813 4142 2940 4213; x_wconf 89' lang='lat' dir='ltr'>conj</span> <span class='ocrx_word' id='word_1_656' title='bbox 2952 4143 3117 4214; x_wconf 86' lang='lat' dir='ltr'>ungit</span> <span class='ocrx_word' id='word_1_657' title='bbox 3151 4146 3210 4198; x_wconf 89' lang='lat' dir='ltr'>et</span> <span class='ocrx_word' id='word_1_658' title='bbox 3234 4147 3406 4199; x_wconf 89' lang='lat' dir='ltr'>artes.</span> 
     </span>
    </p>
   </div>
   <div class='ocr_carea' id='block_1_109' title="bbox 1927 4264 3541 4343">
    <p class='ocr_par' dir='ltr' id='par_1_109' title="bbox 1927 4264 3541 4343">
     <span class='ocr_line' id='line_1_109' title="bbox 1927 4264 3541 4343; baseline 0.006 -25"><span class='ocrx_word' id='word_1_659' title='bbox 1927 4265 2185 4343; x_wconf 81' lang='lat' dir='ltr'>vsrgines</span> <span class='ocrx_word' id='word_1_660' title='bbox 2212 4268 2654 4343; x_wconf 73' lang='lat' dir='ltr'>perseverarunt</span> <span class='ocrx_word' id='word_1_661' title='bbox 2684 4264 2757 4343; x_wconf 81' lang='lat' dir='ltr'>ad</span> <span class='ocrx_word' id='word_1_662' title='bbox 2791 4282 3020 4343; x_wconf 11' lang='lat' dir='ltr'>annum,</span> <span class='ocrx_word' id='word_1_663' title='bbox 3035 4284 3220 4343; x_wconf 78' lang='lat' dir='ltr'>usque</span> <span class='ocrx_word' id='word_1_664' title='bbox 3244 4270 3401 4343; x_wconf 70' lang='lat' dir='ltr'>I128,</span> <span class='ocrx_word' id='word_1_665' title='bbox 3426 4286 3541 4343; x_wconf 90' lang='lat' dir='ltr'>quo</span> 
     </span>
    </p>
   </div>
   <div class='ocr_carea' id='block_1_110' title="bbox 1926 4336 3544 4397">
    <p class='ocr_par' dir='ltr' id='par_1_110' title="bbox 1926 4336 3544 4397">
     <span class='ocr_line' id='line_1_110' title="bbox 1926 4336 3544 4397; baseline 0.004 -7"><span class='ocrx_word' id='word_1_666' title='bbox 1926 4336 2462 4390; x_wconf 89' lang='lat' dir='ltr'>sanctimonialibus</span> <span class='ocrx_word' id='word_1_667' title='bbox 2513 4336 2829 4390; x_wconf 88' lang='lat' dir='ltr'>monachos</span> <span class='ocrx_word' id='word_1_668' title='bbox 2873 4336 3213 4392; x_wconf 77' lang='lat' dir='ltr'>substituere</span> <span class='ocrx_word' id='word_1_669' title='bbox 3258 4339 3316 4393; x_wconf 91' lang='lat' dir='ltr'>in</span> <span class='ocrx_word' id='word_1_670' title='bbox 3346 4336 3544 4397; x_wconf 58' lang='lat' dir='ltr'>coacta</span> 
     </span>
    </p>
   </div>
   <div class='ocr_carea' id='block_1_111' title="bbox 1924 4406 3541 4479">
    <p class='ocr_par' dir='ltr' id='par_1_111' title="bbox 1924 4406 3541 4479">
     <span class='ocr_line' id='line_1_111' title="bbox 1924 4406 3541 4479; baseline 0.004 -19"><span class='ocrx_word' id='word_1_671' title='bbox 1924 4406 2183 4479; x_wconf 71' lang='lat' dir='ltr'>Atrebati</span> <span class='ocrx_word' id='word_1_672' title='bbox 2215 4406 2522 4479; x_wconf 75' lang='lat' dir='ltr'>provinciae</span> <span class='ocrx_word' id='word_1_673' title='bbox 2542 4406 2838 4479; x_wconf 82' lang='lat' dir='ltr'>Remensis</span> <span class='ocrx_word' id='word_1_674' title='bbox 2856 4408 3075 4479; x_wconf 83' lang='lat' dir='ltr'>synodo</span> <span class='ocrx_word' id='word_1_675' title='bbox 3092 4408 3201 4463; x_wconf 90' lang='lat' dir='ltr'>fuit</span> <span class='ocrx_word' id='word_1_676' title='bbox 3220 4409 3541 4467; x_wconf 89' lang='lat' dir='ltr'>decretum.</span> 
     </span>
    </p>
   </div>
   <div class='ocr_carea' id='block_1_112' title="bbox 1926 4476 3545 4558">
    <p class='ocr_par' dir='ltr' id='par_1_112' title="bbox 1926 4476 3545 4558">
     <span class='ocr_line' id='line_1_112' title="bbox 1926 4476 3545 4558; baseline 0.005 -28"><span class='ocrx_word' id='word_1_677' title='bbox 1926 4478 2099 4558; x_wconf 62' lang='lat' dir='ltr'>Ilujus</span> <span class='ocrx_word' id='word_1_678' title='bbox 2129 4476 2321 4558; x_wconf 81' lang='lat' dir='ltr'>itaque</span> <span class='ocrx_word' id='word_1_679' title='bbox 2354 4477 2730 4558; x_wconf 73' lang='lat' dir='ltr'>parthenonis</span> <span class='ocrx_word' id='word_1_680' title='bbox 2754 4476 3009 4558; x_wconf 40' lang='lat' dir='ltr'>.indubie</span> <span class='ocrx_word' id='word_1_681' title='bbox 3057 4482 3141 4558; x_wconf 73' lang='lat' dir='ltr'>est</span> <span class='ocrx_word' id='word_1_682' title='bbox 3175 4480 3394 4558; x_wconf 78' lang='lat' dir='ltr'>Titulus</span> <span class='ocrx_word' id='word_1_683' title='bbox 3418 4483 3545 4538; x_wconf 89' lang='lat' dir='ltr'>sub-</span> 
     </span>
    </p>
   </div>
   <div class='ocr_carea' id='block_1_113' title="bbox 1918 4546 3537 4621">
    <p class='ocr_par' dir='ltr' id='par_1_113' title="bbox 1918 4546 3537 4621">
     <span class='ocr_line' id='line_1_113' title="bbox 1918 4546 3537 4621; baseline 0.004 -20"><span class='ocrx_word' id='word_1_684' title='bbox 1918 4546 2273 4621; x_wconf 7' lang='lat' dir='ltr'>jcctus,pqui,</span> <span class='ocrx_word' id='word_1_685' title='bbox 2304 4546 2459 4621; x_wconf 81' lang='lat' dir='ltr'>quod</span> <span class='ocrx_word' id='word_1_686' title='bbox 2486 4548 2664 4621; x_wconf 85' lang='lat' dir='ltr'>etiam</span> <span class='ocrx_word' id='word_1_687' title='bbox 2710 4546 2802 4601; x_wconf 91' lang='lat' dir='ltr'>hic</span> <span class='ocrx_word' id='word_1_688' title='bbox 2856 4549 3333 4621; x_wconf 33' lang='lat' dir='ltr'>notandum,‘per</span> <span class='ocrx_word' id='word_1_689' title='bbox 3365 4553 3537 4621; x_wconf 91' lang='lat' dir='ltr'>hunc,</span> 
     </span>
    </p>
   </div>
   <div class='ocr_carea' id='block_1_114' title="bbox 1967 4618 3542 4694">
    <p class='ocr_par' dir='ltr' id='par_1_114' title="bbox 1967 4618 3542 4694">
     <span class='ocr_line' id='line_1_114' title="bbox 1967 4618 3542 4694; baseline 0.004 -22"><span class='ocrx_word' id='word_1_690' title='bbox 1967 4635 2098 4673; x_wconf 90' lang='lat' dir='ltr'>uem</span> <span class='ocrx_word' id='word_1_691' title='bbox 2118 4618 2397 4694; x_wconf 64' lang='lat' dir='ltr'>includit,</span> <span class='ocrx_word' id='word_1_692' title='bbox 2427 4618 2769 4694; x_wconf 78' lang='lat' dir='ltr'>versiculum</span> <span class='ocrx_word' id='word_1_693' title='bbox 2783 4623 3142 4694; x_wconf 83' lang='lat' dir='ltr'>sequentem,</span> <span class='ocrx_word' id='word_1_694' title='bbox 3167 4618 3415 4694; x_wconf 68' lang='lat' dir='ltr'>Clericus</span> <span class='ocrx_word' id='word_1_695' title='bbox 3434 4618 3542 4694; x_wconf 72' lang='lat' dir='ltr'>ipse</span> 
     </span>
    </p>
   </div>
   <div class='ocr_carea' id='block_1_115' title="bbox 1919 4635 3539 4764">
    <p class='ocr_par' dir='ltr' id='par_1_115' title="bbox 1919 4635 3539 4764">
     <span class='ocr_line' id='line_1_115' title="bbox 1967 4635 3539 4694; baseline 0.004 -22"><span class='ocrx_word' id='word_1_696' title='bbox 1967 4635 2098 4673; x_wconf 90' lang='lat' dir='ltr'>uem</span> <span class='ocrx_word' id='word_1_697' title='bbox 2136 4635 2397 4684; x_wconf 75' lang='lat' dir='ltr'>molunu,</span> <span class='ocrx_word' id='word_1_698' title='bbox 2427 4635 2769 4671; x_wconf 79' lang='lat' dir='ltr'>vers1cu1um</span> <span class='ocrx_word' id='word_1_699' title='bbox 2783 4635 3142 4690; x_wconf 79' lang='lat' dir='ltr'>sequentem,</span> <span class='ocrx_word' id='word_1_700' title='bbox 3179 4635 3539 4694; x_wconf 65' lang='lat' dir='ltr'>clericuszpse</span> 
     </span>
     <span class='ocr_line' id='line_1_116' title="bbox 1919 4635 3539 4764; baseline 0.003 -21"><span class='ocrx_word' id='word_1_701' title='bbox 1919 4635 2068 4764; x_wconf 58' lang='lat' dir='ltr'>2am},</span> <span class='ocrx_word' id='word_1_702' title='bbox 2098 4689 2159 4757; x_wconf 80' lang='lat' dir='ltr'>ﬁt</span> <span class='ocrx_word' id='word_1_703' title='bbox 2178 4690 2485 4750; x_wconf 81' lang='lat' dir='ltr'>monachus,</span> <span class='ocrx_word' id='word_1_704' title='bbox 2514 4689 2636 4741; x_wconf 82' lang='lat' dir='ltr'>hinc</span> <span class='ocrx_word' id='word_1_705' title='bbox 2660 4691 2899 4764; x_wconf 60' lang='lat' dir='ltr'>eremita,</span> <span class='ocrx_word' id='word_1_706' title='bbox 2919 4690 3181 4764; x_wconf 83' lang='lat' dir='ltr'>Opinioni</span> <span class='ocrx_word' id='word_1_707' title='bbox 3207 4693 3539 4764; x_wconf 90' lang='lat' dir='ltr'>eorum,qui</span> 
     </span>
    </p>
   </div>
   <div class='ocr_carea' id='block_1_116' title="bbox 1923 4759 3535 4827">
    <p class='ocr_par' dir='ltr' id='par_1_116' title="bbox 1923 4759 3535 4827">
     <span class='ocr_line' id='line_1_117' title="bbox 1923 4759 3535 4827; baseline 0.002 -13"><span class='ocrx_word' id='word_1_708' title='bbox 1923 4760 1979 4814; x_wconf 91' lang='lat' dir='ltr'>S.</span> <span class='ocrx_word' id='word_1_709' title='bbox 2009 4762 2356 4825; x_wconf 88' lang='lat' dir='ltr'>Brunonem,</span> <span class='ocrx_word' id='word_1_710' title='bbox 2393 4775 2523 4812; x_wconf 88' lang='lat' dir='ltr'>cum</span> <span class='ocrx_word' id='word_1_711' title='bbox 2548 4759 2765 4814; x_wconf 90' lang='lat' dir='ltr'>mundo</span> <span class='ocrx_word' id='word_1_712' title='bbox 2808 4759 3092 4827; x_wconf 85' lang='lat' dir='ltr'>valedixit,</span> <span class='ocrx_word' id='word_1_713' title='bbox 3121 4778 3240 4815; x_wconf 89' lang='lat' dir='ltr'>non</span> <span class='ocrx_word' id='word_1_714' title='bbox 3268 4759 3424 4816; x_wconf 84' lang='lat' dir='ltr'>recta</span> <span class='ocrx_word' id='word_1_715' title='bbox 3454 4759 3535 4818; x_wconf 56' lang='lat' dir='ltr'>&#39;in</span> 
     </span>
    </p>
   </div>
   <div class='ocr_carea' id='block_1_117' title="bbox 1923 4830 3532 4903">
    <p class='ocr_par' dir='ltr' id='par_1_117' title="bbox 1923 4830 3532 4903">
     <span class='ocr_line' id='line_1_118' title="bbox 1923 4830 3532 4903; baseline 0.001 -18"><span class='ocrx_word' id='word_1_716' title='bbox 1923 4831 2312 4903; x_wconf 89' lang='lat' dir='ltr'>Carthus_iam_</span> <span class='ocrx_word' id='word_1_717' title='bbox 2375 4830 2668 4903; x_wconf 77' lang='lat' dir='ltr'>secessisse</span> <span class='ocrx_word' id='word_1_718' title='bbox 2761 4833 3081 4903; x_wconf 28' lang='lat' dir='ltr'>astruunt,‘</span> <span class='ocrx_word' id='word_1_719' title='bbox 3145 4831 3532 4903; x_wconf 77' lang='lat' dir='ltr'>suffragatur,</span> 
     </span>
    </p>
   </div>
   <div class='ocr_carea' id='block_1_118' title="bbox 1924 4900 3538 4982">
    <p class='ocr_par' dir='ltr' id='par_1_118' title="bbox 1924 4900 3538 4982">
     <span class='ocr_line' id='line_1_119' title="bbox 1924 4900 3538 4982; baseline 0.003 -27"><span class='ocrx_word' id='word_1_720' title='bbox 1924 4900 2418 4982; x_wconf 74' lang='lat' dir='ltr'>quemadmodum</span> <span class='ocrx_word' id='word_1_721' title='bbox 2450 4901 2868 4955; x_wconf 90' lang='lat' dir='ltr'>Commentarii</span> <span class='ocrx_word' id='word_1_722' title='bbox 2893 4900 3087 4972; x_wconf 60' lang='lat' dir='ltr'>pravii</span> <span class='ocrx_word' id='word_1_723' title='bbox 3112 4918 3273 4956; x_wconf 91' lang='lat' dir='ltr'>num.</span> <span class='ocrx_word' id='word_1_724' title='bbox 3297 4900 3405 4958; x_wconf 53' lang='lat'>4-16</span> <span class='ocrx_word' id='word_1_725' title='bbox 3436 4900 3538 4959; x_wconf 50' lang='lat' dir='ltr'>do;-</span> 
     </span>
    </p>
   </div>
   <div class='ocr_carea' id='block_1_119' title="bbox 1923 4989 2031 5026">
    <p class='ocr_par' dir='ltr' id='par_1_119' title="bbox 1923 4989 2031 5026">
     <span class='ocr_line' id='line_1_120' title="bbox 1923 4989 2031 5026; baseline 0 -1"><span class='ocrx_word' id='word_1_726' title='bbox 1923 4989 2031 5026; x_wconf 82' lang='lat' dir='ltr'>CIII.</span> 
     </span>
    </p>
   </div>
   <div class='ocr_carea' id='block_1_120' title="bbox 1994 5039 3539 5111">
    <p class='ocr_par' dir='ltr' id='par_1_120' title="bbox 1994 5039 3539 5111">
     <span class='ocr_line' id='line_1_121' title="bbox 1994 5039 3539 5111; baseline 0.002 -15"><span class='ocrx_word' id='word_1_727' title='bbox 1994 5044 2136 5106; x_wconf 75' lang='lat'>(338)</span> <span class='ocrx_word' id='word_1_728' title='bbox 2163 5042 2278 5096; x_wconf 91' lang='lat' dir='ltr'>Hoc</span> <span class='ocrx_word' id='word_1_729' title='bbox 2305 5041 2652 5107; x_wconf 88' lang='lat' dir='ltr'>coenobium,</span> <span class='ocrx_word' id='word_1_730' title='bbox 2678 5041 2841 5111; x_wconf 89' lang='lat' dir='ltr'>quod</span> <span class='ocrx_word' id='word_1_731' title='bbox 2860 5039 3055 5111; x_wconf 83' lang='lat' dir='ltr'>tribus</span> <span class='ocrx_word' id='word_1_732' title='bbox 3086 5039 3313 5097; x_wconf 89' lang='lat' dir='ltr'>circiter</span> <span class='ocrx_word' id='word_1_733' title='bbox 3361 5044 3539 5100; x_wconf 87' lang='lat' dir='ltr'>leucis</span> 
     </span>
    </p>
   </div>
   <div class='ocr_carea' id='block_1_121' title="bbox 1922 5110 3537 5185">
    <p class='ocr_par' dir='ltr' id='par_1_121' title="bbox 1922 5110 3537 5185">
     <span class='ocr_line' id='line_1_122' title="bbox 1922 5110 3537 5185; baseline 0.002 -19"><span class='ocrx_word' id='word_1_734' title='bbox 1922 5115 1993 5185; x_wconf 89' lang='lat' dir='ltr'>ab</span> <span class='ocrx_word' id='word_1_735' title='bbox 2018 5111 2481 5185; x_wconf 74' lang='lat' dir='ltr'>urbe_L_auduno</span> <span class='ocrx_word' id='word_1_736' title='bbox 2539 5112 2597 5185; x_wconf 81' lang='lat' dir='ltr'>in</span> <span class='ocrx_word' id='word_1_737' title='bbox 2644 5110 3249 5185; x_wconf 31' lang='lat' dir='ltr'>silva‘Vedogia,_seu</span> <span class='ocrx_word' id='word_1_738' title='bbox 3300 5114 3537 5185; x_wconf 84' lang='lat' dir='ltr'>Voegia,</span> 
     </span>
    </p>
   </div>
   <div class='ocr_carea' id='block_1_122' title="bbox 1923 5180 3539 5252">
    <p class='ocr_par' dir='ltr' id='par_1_122' title="bbox 1923 5180 3539 5252">
     <span class='ocr_line' id='line_1_123' title="bbox 1923 5180 3539 5252; baseline -0.001 -12"><span class='ocrx_word' id='word_1_739' title='bbox 1923 5184 2108 5240; x_wconf 76' lang='lat' dir='ltr'>Saltus</span> <span class='ocrx_word' id='word_1_740' title='bbox 2148 5183 2364 5237; x_wconf 84' lang='lat' dir='ltr'>Vedocii</span> <span class='ocrx_word' id='word_1_741' title='bbox 2393 5181 2739 5252; x_wconf 80' lang='lat' dir='ltr'>nominehic</span> <span class='ocrx_word' id='word_1_742' title='bbox 2757 5180 3049 5252; x_wconf 80' lang='lat' dir='ltr'>dictincta,</span> <span class='ocrx_word' id='word_1_743' title='bbox 3068 5181 3241 5237; x_wconf 88' lang='lat' dir='ltr'>situm</span> <span class='ocrx_word' id='word_1_744' title='bbox 3271 5180 3539 5252; x_wconf 68' lang='grc' dir='ltr'>εει,ᾶῇηό</span> 
     </span>
    </p>
   </div>
   <div class='ocr_carea' id='block_1_123' title="bbox 1922 5250 3539 5312">
    <p class='ocr_par' dir='ltr' id='par_1_123' title="bbox 1922 5250 3539 5312">
     <span class='ocr_line' id='line_1_124' title="bbox 1922 5250 3539 5312; baseline 0.001 -5"><span class='ocrx_word' id='word_1_745' title='bbox 1922 5255 2144 5308; x_wconf 86' lang='lat' dir='ltr'>circiter</span> <span class='ocrx_word' id='word_1_746' title='bbox 2178 5256 2313 5307; x_wconf 82' lang='grc'>1080</span> <span class='ocrx_word' id='word_1_747' title='bbox 2345 5254 2563 5306; x_wconf 89' lang='lat' dir='ltr'>natales</span> <span class='ocrx_word' id='word_1_748' title='bbox 2594 5250 2818 5305; x_wconf 90' lang='lat' dir='ltr'>videtur</span> <span class='ocrx_word' id='word_1_749' title='bbox 2859 5250 3031 5305; x_wconf 87' lang='lat' dir='ltr'>fuisse</span> <span class='ocrx_word' id='word_1_750' title='bbox 3063 5250 3369 5312; x_wconf 72' lang='lat' dir='ltr'>sortitum.</span> <span class='ocrx_word' id='word_1_751' title='bbox 3427 5253 3539 5309; x_wconf 83' lang='lat' dir='ltr'>Adi</span> 
     </span>
    </p>
   </div>
   <div class='ocr_carea' id='block_1_124' title="bbox 1921 5322 3328 5394">
    <p class='ocr_par' dir='ltr' id='par_1_124' title="bbox 1921 5322 3328 5394">
     <span class='ocr_line' id='line_1_125' title="bbox 1921 5322 3328 5394; baseline -0.001 -16"><span class='ocrx_word' id='word_1_752' title='bbox 1921 5324 2160 5378; x_wconf 86' lang='lat' dir='ltr'>Galliam</span> <span class='ocrx_word' id='word_1_753' title='bbox 2191 5324 2397 5377; x_wconf 90' lang='lat' dir='ltr'>Christ.</span> <span class='ocrx_word' id='word_1_754' title='bbox 2432 5326 2561 5376; x_wconf 89' lang='lat' dir='ltr'>auct</span> <span class='ocrx_word' id='word_1_755' title='bbox 2587 5325 2708 5394; x_wconf 82' lang='lat' dir='ltr'>tom</span> <span class='ocrx_word' id='word_1_756' title='bbox 2732 5323 2815 5387; x_wconf 84' lang='lat' dir='ltr'>IX,</span> <span class='ocrx_word' id='word_1_757' title='bbox 2851 5322 2970 5394; x_wconf 65' lang='lat' dir='ltr'>col.</span> <span class='ocrx_word' id='word_1_758' title='bbox 2996 5323 3100 5394; x_wconf 81' lang='grc'>610</span> <span class='ocrx_word' id='word_1_759' title='bbox 3122 5326 3180 5376; x_wconf 88' lang='lat' dir='ltr'>et</span> <span class='ocrx_word' id='word_1_760' title='bbox 3206 5340 3328 5394; x_wconf 89' lang='lat' dir='ltr'>seq.</span> 
     </span>
    </p>
   </div>
   <div class='ocr_carea' id='block_1_125' title="bbox 1994 5389 3544 5474">
    <p class='ocr_par' dir='ltr' id='par_1_125' title="bbox 1994 5389 3544 5474">
     <span class='ocr_line' id='line_1_126' title="bbox 1994 5389 3544 5474; baseline -0.003 -26"><span class='ocrx_word' id='word_1_761' title='bbox 1994 5395 2134 5474; x_wconf 67' lang='lat'>(333)</span> <span class='ocrx_word' id='word_1_762' title='bbox 2160 5394 2336 5474; x_wconf 64' lang='lat' dir='ltr'>Locus</span> <span class='ocrx_word' id='word_1_763' title='bbox 2354 5409 2530 5474; x_wconf 68' lang='lat' dir='ltr'>sacer,</span> <span class='ocrx_word' id='word_1_764' title='bbox 2549 5389 2785 5474; x_wconf 48' lang='lat' dir='ltr'>qui‘hoc</span> <span class='ocrx_word' id='word_1_765' title='bbox 2814 5392 3062 5471; x_wconf 43' lang='lat' dir='ltr'>nomine.</span> <span class='ocrx_word' id='word_1_766' title='bbox 3083 5392 3257 5448; x_wconf 91' lang='lat' dir='ltr'>hodie</span> <span class='ocrx_word' id='word_1_767' title='bbox 3284 5389 3544 5474; x_wconf 49' lang='lat' dir='ltr'>appella:</span> 
     </span>
    </p>
   </div>
   <div class='ocr_carea' id='block_1_126' title="bbox 1918 5460 3546 5587">
    <p class='ocr_par' dir='ltr' id='par_1_126' title="bbox 1918 5460 3546 5587">
     <span class='ocr_line' id='line_1_127' title="bbox 1918 5460 3546 5587; baseline -0.002 -68"><span class='ocrx_word' id='word_1_768' title='bbox 1918 5460 2033 5549; x_wconf 76' lang='lat' dir='ltr'>tur,</span> <span class='ocrx_word' id='word_1_769' title='bbox 2058 5460 2263 5587; x_wconf 45' lang='lat' dir='ltr'>oiimve</span> <span class='ocrx_word' id='word_1_770' title='bbox 2286 5463 2463 5519; x_wconf 84' lang='lat' dir='ltr'>fuerit</span> <span class='ocrx_word' id='word_1_771' title='bbox 2498 5460 2844 5533; x_wconf 84' lang='lat' dir='ltr'>appellatus,</span> <span class='ocrx_word' id='word_1_772' title='bbox 2900 5461 3172 5533; x_wconf 84' lang='lat' dir='ltr'>nuspiam</span> <span class='ocrx_word' id='word_1_773' title='bbox 3218 5480 3253 5519; x_wconf 82' lang='lat' dir='ltr'>a</span> <span class='ocrx_word' id='word_1_774' title='bbox 3300 5460 3399 5522; x_wconf 67' lang='lat' dir='ltr'>ma</span> <span class='ocrx_word' id='word_1_775' title='bbox 3433 5461 3546 5517; x_wconf 78' lang='lat' dir='ltr'>fuit</span> 
     </span>
     <span class='ocr_line' id='line_1_128' title="bbox 1918 5550 2205 5587; baseline 0 0"><span class='ocrx_word' id='word_1_776' title='bbox 1918 5551 2093 5587; x_wconf 87' lang='lat' dir='ltr'>mven</span> <span class='ocrx_word' id='word_1_777' title='bbox 2121 5550 2205 5587; x_wconf 88' lang='lat' dir='ltr'>us.</span> 
     </span>
    </p>
   </div>
   <div class='ocr_carea' id='block_1_127' title="bbox 1917 5550 2205 5593">
    <p class='ocr_par' dir='ltr' id='par_1_127' title="bbox 1917 5550 2205 5593">
     <span class='ocr_line' id='line_1_129' title="bbox 1917 5550 2205 5593; baseline -0.01 0"><span class='ocrx_word' id='word_1_778' title='bbox 1917 5555 1937 5593; x_wconf 90' lang='lat' dir='ltr'><strong>l</strong></span> <span class='ocrx_word' id='word_1_779' title='bbox 1946 5550 2205 5590; x_wconf 80' lang='lat' dir='ltr'>nventus.</span> 
     </span>
    </p>
   </div>
  </div>
