4010 6032
389 295 492 350 575

381 418 641 491 Denique
664 415 893 472 mellitis
923 415 1182 472 incautos
1212 419 1475 473 vulnerat
1505 416 1700 483 armis,

378 507 770 576 Melliﬁcatque
799 505 977 567 dolos,
1005 508 1068 559 ut
1087 505 1162 559 sic
1194 507 1398 577 perdat
1426 508 1575 560 male
1594 507 1808 559 cautos.

380 593 580 648 Nestro
613 592 864 647 Brunoni
897 610 1195 665 nunquam
1227 594 1413 665 potuit
1447 592 1769 659 dominari;

380 681 461 735 Ne
490 681 820 735 dominetur
851 680 922 746 ei,
956 681 1141 735 nudus
1172 682 1396 735 deserta
1423 682 1641 751 petivit,

379 769 579 824 Mansit
608 773 665 823 et
690 770 747 823 in
778 785 937 840 pace,
970 787 1077 840 pax
1105 774 1165 823 ut
1197 770 1301 823 sibi
1330 772 1504 840 longa
1533 770 1815 824 maneret.

838 856 1087 910 Ecclesiae
1130 857 1535 913 Suessionensis.

453 949 540 1001 72.
578 945 918 1000 Suessorum
949 948 1138 999 mater
1166 946 1403 999 ecclesia
1458 948 1576 1010 340‘,
1604 944 1881 999 fratribus
1906 943 1991 997 di-

380 1034 722 1101 lectissimis,
748 1037 803 1088 et
831 1036 949 1088 Deo
979 1034 1165 1087 charis
1190 1034 1636 1088 consistentibus
1666 1032 1724 1086 in
1773 1049 1991 1097 eremo,

383 1138 509 1192 quae
536 1121 742 1176 dicitur
758 1121 970 1187 Turris,
1001 1121 1503 1175 conversationem
1535 1137 1847 1191 supernam
1898 1121 1994 1173 ha-

379 1209 516 1263 bere
548 1226 774 1280 semper
805 1225 906 1279 per
934 1209 1243 1266 Christum.
1278 1209 1517 1263 Piissimi
1553 1226 1615 1263 ac
1640 1212 1755 1263 Deo
1801 1208 1991 1262 dilecti

382 1296 582 1362 Patris,
616 1313 746 1350 vere
792 1297 1137 1351 venerabilis
1165 1297 1470 1361 Brunonis,
1534 1296 1764 1361 cognito
1796 1299 1990 1349 sancto

381 1400 447 1438 ac
472 1384 722 1455 glorioso
781 1385 1036 1449 decessu,
1073 1385 1315 1438 dulciter
1345 1402 1516 1456 super
1552 1385 1669 1448 tali,
1718 1388 1991 1453 tantoque

379 1471 498 1526 viro
532 1472 809 1526 commoti
848 1472 1094 1538 fuimus;
1150 1473 1416 1526 Ofﬁcium
1445 1476 1637 1525 autem
1670 1472 1791 1541 ejus
1845 1471 1993 1524 felici

382 1560 592 1614 animm
626 1560 881 1614 ﬁdelium
916 1561 1501 1631 moreimpendimus,
1532 1564 1587 1614 et
1615 1562 1685 1614 ad
1718 1560 1838 1627 ejus
1868 1560 1992 1612 bea-

379 1651 501 1702 tam
533 1649 879 1702 memoriam
900 1648 1290 1702 anniversaria
1314 1648 1681 1702 recolendam
1707 1648 1857 1701 diem
1881 1663 1993 1718 quo

1208 293 1265 349 S.
1335 289 1680 348 BRUNONIS
1733 287 2362 352 CARTHUSIANORUM
2404 288 2873 345 INSTITUTORIS

2020 420 2076 478 A

381 1736 567 1791 carnis
597 1752 823 1791 carcere
846 1754 1107 1807 egressus
1138 1740 1241 1801 est,
1292 1736 1585 1807 quomodo
1626 1754 1659 1789 a
1707 1736 1864 1789 vobis
1895 1736 1993 1789 de-
2020 1731 2068 1788 B

382 1825 708 1879 nuntiatam
733 1825 1059 1895 accepimus
1080 1829 1337 1879 sanctam
1357 1825 1476 1893 ejus
1495 1823 1994 1889 resolutionem,in

381 1915 582 1967 nostra
606 1912 909 1966 matricula
939 1913 1290 1983 scripsimus,
1315 1916 1567 1975 orantes,
1600 1915 1655 1965 et
1683 1912 1995 1982 deprecan-

381 2003 487 2069 tes,
512 2004 575 2054 ut
600 2001 721 2071 ejus
752 2001 1122 2054 sanctissimis
1148 2000 1461 2071 vestrisque
1484 2000 1747 2072 precibus
1774 1999 2000 2070 adjuve-

381 2105 515 2142 mur
545 2091 668 2141 tam
684 2089 791 2141 vivi
817 2106 991 2159 quam
1015 2089 1286 2143 defuncti.
1324 2091 1530 2142 Amen.

488 2174 596 2231 SS.
630 2175 885 2229 Medardi
913 2182 962 2229 et
1001 2176 1311 2231 Sebastiani
1349 2177 1627 2231 Suessionc
1679 2177 1842 2242 (341).

382 2265 471 2317 73.
505 2264 671 2317 Plebs
694 2262 789 2334 pia
812 2264 1085 2330 Medardi,
1104 2264 1312 2334 regalis
1337 2266 1394 2317 et
1422 2263 1635 2333 inclyta
1657 2262 1871 2329 Sancti,

383 2350 674 2405 Flentibus
704 2356 761 2404 et
794 2351 1008 2405 maestis
1036 2351 1320 2405 solamina
1353 2355 1517 2422 grata
1545 2351 1763 2404 salutis.

385 2437 493 2501 Qui
511 2437 740 2508 gemitis
768 2437 1048 2504 functum,
1071 2438 1251 2491 functi
1279 2438 1551 2508 deponite
1584 2439 1819 2503 luctum,

384 2524 472 2579 Nil
495 2526 657 2595 juvat
671 2525 1009 2578 exstinctum
1034 2525 1266 2591 deffere,
1293 2525 1487 2579 dolere
1513 2526 1818 2596 sepultum.

385 2611 499 2667 Sed
524 2612 712 2684 potius
737 2615 869 2667 voto
890 2613 1113 2683 prosint
1142 2613 1421 2667 libamina
1452 2616 1669 2669 sancta.

383 2700 515 2754 Haec
539 2699 867 2754 tribuantur
892 2700 965 2767 ei,
990 2702 1313 2772 quicunque
1342 2700 1595 2771 pericula
1620 2701 1820 2755 mortis

383 2786 679 2854 Pertimet,
700 2789 999 2854 horrescit,
1019 2790 1389 2860 pereuntibus
1420 2789 1690 2843 omnibus
1718 2788 1872 2843 orbis

385 2875 682 2930 Continuis
709 2876 972 2948 precibus
1000 2881 1310 2944 succurrat,
1343 2880 1400 2931 et
1425 2878 1745 2931 auxilietur.

382 2963 532 3019 Dum
568 2964 712 3034 petit
748 2967 807 3018 et
846 2964 1080 3035 rogitat,
1106 2982 1210 3036 pro
1258 2982 1316 3019 se
1361 2981 1590 3036 quoque
1622 2965 1860 3036 quisque
1912 2966 1994 3018 la-

1781 3054 1990 3113 [borat.

383 3138 527 3195 Cum
556 3139 771 3211 Moyses
800 3142 948 3207 orat,
978 3132 1209 3212 supe’rat
1239 3141 1402 3212 plebs
1451 3142 1724 3207 Israelita,

382 3227 531 3281 Dum
562 3230 742 3285 ceasat
761 3227 927 3293 votis,
961 3227 1113 3281 cadit
1140 3227 1308 3294 illico,
1338 3228 1514 3282 vincit
1546 3233 1602 3282 et
1625 3228 1823 3283 hostis.

384 3314 497 3369 Nos
524 3314 693 3368 simul
722 3330 975 3380 oremus,
1001 3331 1107 3368 nec
1128 3319 1308 3369 cesset
1328 3316 1558 3387 spiritus
1590 3317 1753 3369 ullus.

381 3402 526 3456 Vota
542 3402 746 3472 juvant
763 3402 1087 3468 hominem,
1117 3402 1256 3456 dum
1290 3404 1421 3458 vivit
1443 3408 1500 3458 et
1529 3404 1643 3457 exit
1673 3404 1743 3457 ad
1765 3404 1991 3457 horam.

385 3490 521 3557 Quae.
550 3491 785 3562 perimit
814 3492 1013 3557 vitam,
1038 3493 1163 3547 tulit
1198 3492 1460 3563 improba
1489 3511 1644 3548 mors
1667 3493 1994 3558 eremitam,

385 3578 521 3643 Quae
542 3582 713 3639 nocet
733 3583 789 3634 et
818 3580 974 3633 laedit
997 3581 1240 3650 justum,
1265 3581 1400 3634 satis
1420 3580 1599 3652 impia
1626 3581 1800 3635 laedit.

382 3668 514 3723 Haec
534 3671 657 3724 tam
687 3667 930 3727 crudelis
953 3672 1119 3722 necat
1142 3668 1413 3723 insatiata
1435 3669 1711 3736 Caribdis,

385 3754 536 3819 Quos
565 3760 729 3812 vovet
756 3756 1131 3828 omniparens
1166 3758 1389 3811 nullum
1439 3758 1711 3811 miserata
1746 3757 1993 3822 dolores,

383 3842 572 3898 Salvet
599 3844 671 3898 ab
689 3845 793 3899 hac
823 3844 1148 3910 hominem,
1184 3845 1279 3915 qui
1310 3846 1546 3917 pertulit
1566 3846 1625 3899 in
1649 3861 1812 3899 cruce
1839 3860 1995 3897 mor-

1835 3934 1993 3995 [tem,

384 4019 453 4079 Et
476 4019 654 4079 vitam
685 4020 924 4087 tribuat,
964 4036 1143 4092 quam
1190 4036 1308 4074 non
1341 4020 1686 4091 Proserpina
1733 4022 1990 4090 rumpat.

457 4160 598 4230 (340)
643 4159 704 4212 Id
750 4162 833 4213 est
883 4159 1121 4213 ecclesia
1173 4160 1535 4230 cathedralis.
1598 4159 1779 4223 Quam
1828 4176 1999 4230 porro

387 4229 729 4311 vocabulum
751 4230 1060 4311 Matrieula,
1086 4230 1141 4311 in
1167 4229 1468 4311 hoc‘T‘itulo
1492 4229 2003 4311 ⁸οειειιιίὀξηε,Ξςξέῖζηὶτ

2022 3011 2069 3071 C

3602 293 3712 346 576

2517 413 2581 468 S.
2613 414 2809 468 Maria:
2848 413 3113 470 Blesensis
3145 412 3315 484 (342).

2097 504 2182 556 74.
2219 504 2428 569 Bruno,
2458 503 2541 557 vir
2566 504 2812 573 egregim
2847 502 3408 574 probitatis,gemma
3466 502 3709 574 sophize,

2096 590 2265 661 Cujus
2292 592 2605 646 honestatis
2627 593 2695 645 sit
2726 609 2975 661 praesens
2991 593 3251 645 chartula
3282 591 3458 645 testis.

2096 680 2253 733 Pacis
2279 681 2451 734 habet
2476 681 2649 735 Iidem
2684 681 2808 734 coeli
2846 682 3151 735 translatus
3171 681 3244 734 ad
3274 680 3481 735 aedem.

2096 769 2241 839 Ergo
2265 769 2561 822 laudemus
2587 769 2921 835 Dominum,
2953 785 3315 833 veneremur,
3353 785 3635 835 amemus,

2095 857 2203 909 Per
2228 874 2401 927 quem
2429 873 2727 911 servorum
2759 856 3063 911 decoratur
3091 857 3205 910 vita
3234 872 3493 911 suorum.

2661 944 2709 998 A
2723 946 2822 997 [ius
2848 944 3102 1014 ejus-dem.

2096 1034 2183 1084 75.
2218 1033 2357 1085 Usus
2388 1049 2512 1086 eras
2540 1048 2758 1093 eremo,
2793 1032 3005 1103 liquisti
3038 1036 3245 1098 terrea,
3280 1026 3523 1099 Bruno,

2094 1119 2205 1173 Nec
2233 1137 2388 1173 mors
2410 1124 2596 1174 morte
2627 1124 2721 1173 tua
2750 1121 2935 1173 tonuit
2966 1120 3194 1190 penitus
3228 1121 3495 1191 tuajura.

2095 1207 2343 1261 Solvitur
2364 1208 2420 1261 in
2450 1208 2669 1273 cineres
2699 1224 2925 1277 corpus,
2959 1208 3024 1261 fit
3056 1208 3282 1262 C(elicus
3309 1207 3512 1262 limrcs.

2515 1294 2577 1348 S.
2596 1295 2659 1347 Κ
2658 1295 2787 1364 rz'le/
2781 1296 2819 1362 ﬁ
2840 1294 3099 1347 Blesensis
3121 1296 3284 1363 (311-3).

2094 1386 2180 1438 76.
2218 1384 2513 1438 Contrahit
2539 1384 2728 1437 omnis
2753 1385 2928 1438 homo
2971 1383 3144 1454 primi
3197 1381 3533 1437 discrimina
3582 1382 3714 1448 fati,

2096 1474 2160 1525 Et
2186 1477 2403 1526 cunctae
2428 1473 2624 1527 vitium
2656 1477 2825 1526 nocet
2856 1475 2979 1526 Evze
3012 1472 3354 1542 posteritati.

2097 1561 2374 1615 Exercens
2397 1562 2571 1630 igitur
2593 1562 2843 1615 studium
2880 1577 3034 1614 mors
3059 1560 3377 1630 impietatis

2095 1650 2463 1720 Aggreditur,
2493 1650 2770 1720 solvitque
2804 1649 2988 1702 virum
3012 1652 3189 1701 tantae
3217 1647 3540 1717 probitatis.

2518 1737 2580 1793 S.
2614 1737 2811 1791 ᾹῙανίίῑλ
2848 1737 3271 1805 Βρνηαείωῇ).

2098 1832 2185 1880 77.
2206 1828 2416 1880 Doctor
2442 1827 2741 1880 doctorum
2770 1827 3321 1899 fuit,exemplarque
3348 1828 3639 1882 bonorum

2167 1915 2384 1967 Nostris
2421 1915 2776 1985 temporibus
2808 1915 2995 1969 Bruno
3024 1915 3109 1968 vir
3130 1915 3390 1981 eximius,

2100 2003 2343 2074 Esseque
2376 2004 2615 2073 poenalis
2646 2004 2824 2073 culpa).
2847 2004 2926 2056 nil
2949 2003 3353 2069 credimusilli,

2205 2095 2326 2163 Ipse
2358 2094 2538 2145 Deum
2574 2092 2739 2146 nobis
2770 2091 3037 2146 conciliet
3064 2091 3306 2144 meritis.

2434 2179 2497 2235 S.
2544 2178 2731 2234 Crucis
2768 2181 3173 2235 Aurelianensis
3205 2179 3371 2251 (345).

2100 2273 2187 2324 78.
2215 2270 2520 2323 Summum
2553 2271 2741 2323 Bruno
2774 2270 2943 2324 decus
2987 2274 3043 2324 et
3070 2269 3253 2340 gloria
3297 2269 3575 2341 temporis
3604 2269 3713 2322 hu-

3580 2356 3712 2426 Eius,

2101 2447 2282 2501 Carne
2305 2447 2480 2517 jaces,
2514 2447 2614 2501 sed
2636 2450 2795 2517 parte
2814 2464 3014 2501 manes
3036 2447 3274 2501 meliore
3295 2449 3599 2517 superstes,

2100 2536 2167 2589 Et
2191 2537 2330 2605 justi
2358 2536 2564 2606 recipis
2599 2553 2750 2589 nunc
2775 2535 3013 2605 praemia
3035 2538 3202 2606 grata
3230 2535 3463 2602 laboris,

2100 2624 2394 2678 Praeclaris
2426 2624 2634 2677 merito
2663 2624 2991 2677 doctoribus
3022 2624 3350 2678 associatus.

2098 2713 2302 2766 Vivens
2332 2714 2389 2765 in
2416 2713 2635 2767 Christo
2666 2712 2868 2778 nostri,
2898 2712 2984 2765 vir
3013 2716 3225 2777 sancte,
3254 2714 3549 2766 memento

2098 2802 2500 2872 Doctrinazque
2523 2804 2656 2868 tuae,
2687 2818 2812 2871 quae
2836 2802 2956 2854 toto
2984 2801 3167 2872 fulget
3196 2800 3254 2853 in
3284 2799 3447 2866 orbo,

2099 2888 2318 2942 Christo
2358 2888 2533 2942 funde
2566 2904 2782 2959 preces,
2837 2904 3167 2941 mereamur
3220 2890 3282 2940 ut
3340 2903 3458 2942 esse
3510 2903 3711 2957 sequa-

3444 3042 3453 3051 .
3562 2984 3706 3046 tces.

2097 3064 2317 3136 Quique
2351 3067 2531 3120 Deum
2559 3082 2662 3137 pro
2684 3067 2739 3119 te
2770 3065 3026 3119 fraterno
3059 3081 3222 3120 more
3249 3080 3541 3136 rogamus,

2096 3155 2309 3219 Brimo,
2342 3155 2453 3207 tuis
2475 3171 2704 3224 semper
2736 3154 3021 3226 precibus,
3051 3153 3137 3207 vir
3167 3157 3380 3221 sancte,
3410 3153 3704 3223 juvemur.

2164 3242 2273 3296 Vos
2298 3260 2549 3314 quoque,
2580 3242 2922 3296 sanctissimi
2954 3243 3179 3308 fratres,
3225 3242 3320 3313 qui
3380 3245 3607 3295 tantum
3641 3257 3707 3295 ac

2095 3333 2272 3385 talem
2303 3334 2613 3401 patronum
2672 3331 2743 3384 ad
2794 3332 2960 3385 caelos
3003 3329 3331 3399 prmmistis,
3384 3329 3543 3383 omni
3597 3329 3705 3383 hu-

2097 3435 2284 3472 manae
2318 3418 2728 3488 compassionis
2765 3419 2963 3473 dolore
2993 3418 3329 3489 postposito,
3364 3417 3608 3488 gaudete
3648 3419 3707 3469 et

2097 3510 2370 3562 exsultate
2412 3507 2468 3561 in
2501 3508 2769 3567 Domino,
2820 3507 3137 3577 dignosque
3181 3510 3340 3559 tanto
3384 3507 3549 3559 Patre
3605 3522 3706 3559 vos

2095 3596 2265 3650 fuisse
2297 3597 2554 3650 moribus
2577 3594 2878 3661 ostendite,
2897 3598 2975 3659 ut,
3000 3595 3119 3665 ipso
3150 3610 3249 3664 pro
3279 3593 3705 3646 nobisintcrcc-

2098 3685 2289 3749 dente,
2317 3684 2588 3753 dignetur
2613 3683 2773 3735 vobis
2803 3682 3100 3749 Dominus,
3125 3682 3170 3733 si
3199 3698 3312 3735 non
3336 3680 3572 3734 scientia
3602 3696 3703 3748 pa-

2097 3790 2242 3838 rem,
2271 3774 2514 3826 honesta
2532 3773 2733 3825 saltem
2758 3771 2873 3824 vita
2891 3771 3251 3826 consimilem
3275 3771 3503 3823 Patrem
3522 3768 3707 3839 provi-

2099 3863 2254 3916 dere.
2286 3862 2500 3917 Valete.

2167 3949 2415 4011 Abbati»:
2451 3948 2513 4002 S.
2537 3948 2766 4001 Joannis
2807 3946 3192 4013 Suessionenszjs
3221 3946 3439 4000 cmnobii
3476 3946 3641 4012 (346).

2154 4039 2258 4091 79.
2301 4036 2530 4090 Dilectis
2583 4036 2644 4088 in
2677 4035 2899 4089 Christo
2933 4039 2991 4089 et
3022 4037 3137 4089 Deo
3173 4034 3364 4104 dignis
3410 4032 3703 4098 fratribus,

2103 4162 2191 4221 8'7,
2214 4161 2545 4212 recensetur
2568 4174 2748 4228 prope
2790 4143 2995 4223 Blesas,
3039 4175 3165 4227 qum
3196 4157 3348 4223 urbs,
3392 4161 3703 4228 antequam

2105 4231 2153 4285 ei
2187 4245 2341 4282 anno
2365 4230 2497 4282 1697
2532 4227 2868 4298 episcopalis
2897 4229 3170 4282 cathedra
3190 4228 3620 4291 concederetur,
3646 4227 3705 4298 in

390 4300 725 4372 ﬂcationem
756 4301 902 4354 ineo
926 4301 1156 4372 habeat,
1181 4300 1239 4352 in
1256 4300 1568 4372 Adnotato,
1589 4302 1741 4372 quod
1763 4297 1999 4356 sectioni
2022 4310 2074 4368 D
2103 4300 2341 4372 dioecesi
2362 4300 2699 4372 Carnutensi
2731 4300 2836 4372 sita
2866 4304 3010 4361 erat,
3056 4299 3359 4372 insignitus
3395 4298 3452 4372 S.
3481 4297 3706 4372 Carileﬁ

389 4370 594 4443 prima:
611 4369 684 4443 ad
715 4373 1041 4443 notam_256
1074 4369 1708 4443 subnexui,expositum
1728 4372 1998 4426 invenies.

465 4441 1033 4521 (3.4I)'Di_i_l)it‘andnm
1058 4457 1181 4521 non.
1203 4445 1288 4494 est
1316 4442 1455 4521 quin
1483 4442 1571 4521 hic
1603 4442 1826 4521 ipsigne
1853 4443 1999 4521 desi:

392 4509 603 4582 gnetur
623 4509 680 4564 S.
701 4511 1309 4582 Medardicmnobium,
1334 4509 1401 4565 in
1438 4514 1576 4566 urbe
1611 4509 1999 4567 Suessionensi

391 4581 720 4653 Steculokvu
745 4582 1074 4649 fundatum,
1131 4581 1200 4635 de
1256 4599 1367 4653 quo
1418 4583 1607 4637 Galliae
1665 4584 1999 4638 Christianae

395 4650 929 4737 ιιξίεὶῒξιξιξηριιὶρξμοῐᾟεζ
952 4656 1098 4733 tom.
1120 4653 1204 4719 IX,
1238 4650 1345 4737 cel.
1380 4655 1482 4707 4Οὸ
1519 4658 1576 4707 et
1597 4671 1737 4737 seqq

457 4721 885 4795 (342)Eamdem
917 4724 1063 4777 hanc
1084 4723 1518 4795 inscriptionem
1539 4721 2000 4795 prmlbrtTitulus

397 4792 651 4865 decimus
673 4793 984 4865 septimus;
1020 4810 1197 4865 quare
1229 4792 1491 4859 existimo
1518 4792 1838 4849 Biesensem
1855 4797 2001 4849 hanc

400 4862 559 4935 (dide
582 4862 781 4935 notam
800 4866 922 4935 283)
953 4862 1363 4935 canonicorum
1385 4865 1733 4935 regularium
1755 4865 2004 4935 SiAugu-

396 4932 531 5004 stini
560 4934 849 4989 abbatiam
884 4934 938 4988 S.
976 4934 1229 4988 Brunoni
1253 4932 1582 5004 parentasse
1613 4936 1792 4989 tribus
1808 4932 2004 4989 Titulis

398 5003 651 5076 diversis,
686 5004 961 5058 nimirum
987 5006 1226 5076 prmfato
1254 5003 1440 5059 irvnet
1460 5006 1679 5059 duobus
1706 5006 1794 5058 hic
1822 5007 2006 5076 subje-

397 5073 520 5154 ctis,
554 5091 695 5157 quos
716 5073 1767 5157 ambos'pbsterior'es‘sequentemque
1797 5073 2006 5157 ab.isto

399 5144 589 5216 priori
629 5144 1028 5215 disjunxerint,
1081 5145 1179 5216 qui
1222 5144 1437 5199 Titulos
1496 5144 1694 5199 Sancti
1737 5146 2008 5200 funebres

400 5214 655 5287 ἰάθηᾲᾷοβ
676 5214 979 5270 curarunt:
1016 5214 1181 5281 adeo,
1211 5216 1365 5287 quod
1393 5232 1563 5287 supra
1578 5217 2007 5281 monui,verum

400 5288 506 5353 est,
539 5285 597 5339 id
619 5286 794 5357 hosce
826 5302 895 5357 eo
928 5286 1129 5340 ordine
1162 5285 1278 5340 non
1301 5285 1517 5352 fecisse,
1555 5304 1666 5357 quo
1717 5287 1882 5357 Tituli
1916 5286 2006 5340 isti

400 5357 589 5427 rotulo
611 5355 858 5422 funebri,
888 5357 1185 5427 epistelam
1202 5355 1788 5427 encyclicamfmortis
1805 5356 2005 5410 S.Bru-

401 5426 886 5507 nonishnuntiam,
910 5426 1319 5507 complectenti
1334 5427 1493 5481 fuere
1509 5426 1793 5507 inscripti.

424 5554 427 5555 ν
478 5495 623 5565 (343)
648 5497 709 5549 In
736 5496 992 5565 generali
1024 5495 1425 5551 beniﬁciorum
1494 5495 1745 5551 dimcesis
1801 5496 2005 5551 Carno-

406 5564 890 5637 tensi‘sCatango,
941 5566 1168 5622 Parisiis
1217 5582 1371 5621 anno
1411 5569 1546 5623 1648
1599 5582 1823 5637 excuso,
1873 5583 2007 5641 pag.

2102 4388 2200 4424 seu
2232 4370 2447 4423 Krilefﬁ
2483 4372 2718 4423 nomine
2751 4370 3037 4423 Prioratus
3063 4386 3075 4436 ;
3099 4367 3249 4423 hunc
3263 4370 3405 4423 adeo
3437 4368 3530 4422 hic
3557 4367 3705 4421 desi-

2101 4441 2265 4511 gnari
2297 4441 2561 4510 conjicio.

2175 4513 2312 4581 (ΖΞ-Η)
2346 4508 2537 4564 Galliae
2562 4509 2893 4564 Christianae
2912 4510 3424 4579 auctzeScriptorcs
3451 4511 3594 4581 tom.
3620 4508 3706 4573 XI,

2101 4579 2496 4646 col.830,inter
2515 4582 2764 4634 ecclesiae
2780 4581 3137 4633 Lexoviensis
3152 4579 3501 4633 monasteria
3516 4595 3711 4633 recen-

2101 4657 2227 4708 sent
2258 4669 2460 4715 unum,
2489 4652 2643 4722 quod
2657 4652 2861 4704 saeculo
2885 4667 2937 4703 x1
2965 4650 3709 4722 inhonoremsanctissimm

2101 4724 2200 4779 Dei
2228 4720 2526 4776 Genitricis
2566 4722 2737 4775 fuisse
2783 4724 3130 4792 exstructum
3177 4721 3406 4786 docent,
3439 4720 3710 4792 quodque

2103 4811 2233 4848 cum
2249 4793 2589 4846 Bernaicum
2615 4794 2862 4855 vocent.,
2898 4791 3083 4861 ipsum
3117 4791 3350 4845 indubie
3383 4789 3485 4855 est,
3552 4789 3712 4861 quod

2103 4865 2271 4918 unius
2305 4864 2583 4917 duntaxat
2614 4862 2878 4916 litterulae
2915 4860 3237 4916 mutatione
3269 4860 3585 4915 Bernacum
3618 4860 3711 4913 hic

2104 4936 2442 5005 appellatur.

2140 5002 2326 5128 £345)
2369 5002 2723 5084 Cathedralis
2768 5002 3192 5056 Aurelianensis
3245 5002 3503 5082 ecclesia,
3553 5002 3635 5082 uti
3681 5017 3711 5055 θ

2106 5076 2185 5151 (Ea
2211 5075 2284 5151 l_ia
2313 5074 2972 5151 C_hrist1anaaucta_tom_
3002 5072 3709 5151 VllI,_col.Itomintelhgq,

2109 5146 2164 5199 S.
2201 5145 2364 5199 Cruci
2396 5148 2481 5198 est
2526 5144 2740 5197 dicata:
2776 5146 2839 5196 ut
2885 5143 3080 5197 isthzec
3130 5142 3366 5197 indubie
3424 5143 3515 5196 hic
3571 5141 3714 5196 desi-

2148 5221 2332 5269 netur.

2107 5234 2332 5353 “(aliis
2381 5283 2618 5338 Indubie
2665 5282 2758 5337 hic
2798 5283 3132 5354 designatur
3185 5282 3623 5354 monasterium,
3654 5280 3712 5334 in

2108 5361 2307 5411 monte
2333 5372 2431 5409 seu
2463 5355 2625 5420 colle,
2654 5354 2778 5408 urbi
2814 5353 3207 5408 Suessionensi
3230 5353 3713 5423 contiguo,situm

2110 5426 2263 5498 quod
2293 5426 2469 5480 modo
2496 5422 3508 5498 S._Joannesinvineianncupatur,
3532 5422 3714 5498 quod-

2110 5493 2221 5569 que
2242 5498 2446 5569 saeculo
2471 5513 2523 5550 xx
2552 5496 2652 5549 fuil
2683 5493 3355 5569 fundatum._AdiiGalliip
3379 5493 3714 5569 Christianae

2110 5564 2289 5624 auctae
2319 5566 2638 5639 Scriptores
2662 5569 2806 5626 tom.
2823 5566 2907 5634 IX,
2934 5566 3181 5633 col.456;
3215 5564 3287 5620 de
3312 5565 3482 5620 Petro
3499 5567 3713 5633 autem,
