4010 6032
435 295 538 354 579

712 417 776 476 S.
797 419 954 476 Petri
985 421 1308 480 Lelmnensis
1329 425 1556 493 ecclesiae
1583 425 1748 499 (358).

434 509 521 563 86.
553 509 804 564 Mortuus
831 511 924 566 hic
945 511 1097 578 vivit,
1117 512 1270 584 quia,
1293 515 1496 585 spretis
1509 515 1797 583 omnibus,
1822 515 1920 570 ivit

1253 297 1312 356 S.
1372 299 1718 358 BRUNONIS
1774 300 2416 368 CARTHUSIANORUM
2456 313 2922 377 INSTITUTORIS

3637 329 3754 386 580

2057 433 2112 492 A
2158 433 2356 504 abbas,
2389 438 2598 496 animae
2629 442 2825 514 inclyti
2855 449 2913 500 et
2951 445 3158 503 famosi
3185 447 3446 522 magistri
3472 451 3766 511 Brunonis

2149 527 2434 594 precibus,
2469 529 2600 585 licet
2639 533 2876 604 exiguis,
2908 537 3193 591 aeternam
3224 539 3296 593 ab
3326 543 3544 597 aeterno
3578 547 3636 598 et
3656 545 3758 615 pio

433 597 577 654 cum
609 615 773 654 οιύθθ
797 603 926 671 POSt
951 600 1260 669 Chl'ismm:
1282 602 1719 659 dummundum
1753 604 2045 710 ῙίΠξΙιξθΓθῖ
2147 619 2440 678 Salvatore
2496 597 2758 698 requiem
2811 597 3058 700 imploro
3091 635 3148 686 et
3179 633 3334 689 diem
3365 635 3550 690 abitus
3579 597 3757 710 ipsius

1837 694 2032 765 [istum

429 775 528 830 Hie
559 776 782 830 nullum
813 776 974 844 laesit,
998 779 1247 834 Domino
1275 779 1412 851 quia
1441 796 1672 853 semper
1702 782 1964 838 adhaesit.

427 863 570 918 Hinc
588 864 774 920 vitans
801 881 998 936 poenas
1021 867 1184 922 sedes
1212 867 1450 923 sortitur
1475 886 1752 938 amoenas,

424 952 512 1006 Ad
531 969 674 1024 quas
702 953 1042 1021 Altitonans,
1061 955 1230 1024 justis
1259 955 1354 1026 pia
1379 958 1623 1028 praemia
1653 959 1898 1027 donans,

422 1039 510 1095 Ad
539 1041 957 1096 convivendum
983 1043 1148 1097 nobis
1169 1043 1347 1098 donet
1378 1044 1748 1100 veniendum.

859 1145 922 1202 S.
957 1145 1156 1202 Fursei
1177 1147 1406 1204 Perona.v
1425 1151 1598 1221 (357).

422 1235 510 1288 87.
540 1231 638 1288 Hic
657 1233 742 1288 vir
769 1234 1014 1303 virtutis,
1052 1235 1354 1292 virtutibus
1383 1237 1520 1293 inde
1560 1239 1784 1306 secutis,

419 1322 528 1376 Per
555 1323 747 1377 meriti
774 1322 979 1378 ﬂorem
997 1324 1186 1396 capiat
1212 1327 1334 1382 sine
1367 1327 1482 1382 fine
1514 1328 1804 1382 decorem.

417 1409 540 1479 Ipse
569 1411 738 1478 Deus,
783 1427 898 1482 quo
953 1429 1195 1484 quaeque
1251 1419 1535 1485 reguntur
1574 1419 1632 1470 et
1661 1415 1861 1470 omnia
1887 1432 2022 1471 con-

484 1568 697 1635 Bruno,
730 1570 828 1624 tuo
863 1569 1041 1625 donet
1073 1571 1286 1643 gaudia
1318 1572 1564 1644 spiritui,
1829 1506 2019 1576 [Stant’

412 1658 588 1714 Terra
615 1658 748 1712 licet
777 1661 876 1712 tua
896 1661 1162 1714 membra
1197 1663 1359 1732 tegat
1383 1662 1636 1716 carnalia
1664 1663 1806 1730 vilis,
1899 1707 1912 1720 .

484 1747 728 1818 Spiritus
757 1747 815 1801 in
837 1748 961 1802 coeli
985 1751 1240 1804 transeat
1271 1751 1386 1804 alta
1418 1755 1563 1805 tuus.

407 1836 596 1890 Bruno
625 1835 750 1906 pius
771 1839 984 1908 pastor,
1013 1837 1190 1892 vitam
1219 1839 1432 1894 ducens
1459 1841 1738 1908 eremitse,

407 1923 768 1979 Attribuente
799 1926 936 1992 Deo,
973 1931 1265 1981 mereatur
1294 1929 1504 1999 gaudia
1532 1929 1683 1984 vitae.

656 2029 728 2084 B.
761 2029 958 2085 Maria
984 2032 1300 2088 Alrenensis
1338 2035 1568 2090 ecclesiae
1605 2035 1764 2106 (358).

411 2119 498 2174 88.
539 2117 746 2175 Sancte
803 2121 1013 2188 Bruno,
1077 2124 1408 2178 venerande
1457 2126 1647 2192 Pater,
1687 2125 2017 2180 veneranda

1703 2225 2011 2286 [ΡῙὈΡδὲον

406 2293 610 2350 (Ζωιὶοα
633 2295 791 2364 jussa
816 2298 1040 2364 tenens,
1073 2297 1226 2352 vivas
1241 2299 1480 2354 cmlestis
1511 2299 1727 2372 imago.

638 2400 702 2457 δ’.
751 2402 898 2456 Petri
945 2403 1296 2460 Ducurlensis'
1336 2406 1566 2460 ecclesiae
1596 2409 1765 2478 (359).

405 2489 493 2543 89.
532 2487 828 2543 Declinare
869 2491 1018 2545 mori
1050 2493 1230 2546 nescit
1259 2493 1538 2564 sapientia
1569 2495 1791 2562 mundi,

400 2575 514 2630 Nec
546 2592 671 2630 rem
701 2593 832 2630 cum
875 2594 1012 2632 voce
1066 2579 1316 2633 declinat
1346 2599 1507 2636 sexus
1567 2585 1826 2654 uterque.

402 2665 502 2718 Ast
534 2679 664 2734 ego,
699 2664 755 2718 ni
783 2665 968 2732 fallar,
988 2667 1176 2721 Brnno
1205 2667 1457 2723 declinat
1475 2673 1804 2742 utrumque.

403 2750 516 2806 Sed
541 2752 656 2806 ruit
677 2753 736 2807 in
770 2753 937 2808 Libra
965 2755 1133 2824 (360},
1168 2756 1376 2810 merito
1403 2758 1538 2828 quia
1555 2775 1676 2813 sors
1691 2759 1799 2814 fuit
1817 2777 2003 2832 (equa.

399 2839 548 2892 Pura
568 2838 676 2893 fuit
700 2841 832 2906 vita,
857 2841 1082 2912 sapiens
1105 2843 1209 2896 fuit
1235 2843 1324 2897 hic
1357 2845 1618 2899 eremita.

394 2927 694 2998 Appensus
721 2928 879 2983 librae
897 2929 1205 2984 discrimen
1227 2933 1442 2986 nesciat
1470 2934 1589 2989 iras.

465 3015 835 3070 Notiﬁcamus
853 3017 1032 3088 igitur
1056 3019 1236 3084 vobis,
1251 3021 1459 3076 fratres
1474 3023 1809 3089 charissimi,
1832 3029 2003 3096 prout
2024 3029 2071 3089 C

387 3103 706 3174 ﬂagitastis,
730 3122 836 3160 nos
865 3106 995 3160 huic
1028 3109 1286 3164 Ecclesiae
1317 3111 1614 3167 catholicae
1652 3114 1770 3169 ﬁlio
1791 3117 1998 3170 tricen-

390 3190 617 3244 narium
653 3195 710 3246 et
740 3193 1199 3249 anniversarium
1235 3197 1386 3251 diem
1423 3202 1479 3252 et
1511 3199 1568 3254 in
1601 3204 1863 3273 catalogo
1880 3204 1996 3258 fra-

385 3279 540 3332 trum
571 3283 900 3334 nostrorum
929 3282 1306 3353 inscriptione
1340 3287 1542 3341 devote
1569 3291 1990 3362 conscripsisse.

578 3382 640 3437 S.
675 3383 980 3440 Sal-vetares
1006 3387 1354 3458 Aquiciensis
1375 3393 1600 3446 caenobii
1627 3394 1798 3465 (361).

453 3471 540 3524 90.
591 3471 709 3542 Ego
760 3472 1096 3539 Aimericus,
1141 3476 1308 3546 hujus
1362 3480 1695 3548 prmtitulati
1745 3487 1988 3540 cumobii

452 3628 597 3698 (356)
630 3631 796 3685 Cella:
827 3628 1176 3690 Lelmnensis
1201 3637 1594 3693 meminerunt
1615 3642 1804 3698 Galliae
1835 3645 1989 3701 Chri-

377 3699 576 3780 stianas
595 3705 777 3780 auctas
791 3703 1135 3780 Scriptores
1159 3711 1299 3774 tom,
1333 3710 1422 3775 Ill,
1453 3713 1560 3764 col.
1592 3714 1714 3780 411,
1750 3699 1988 3771 credibi-

377 3768 743 3855 lequeﬁest‘ex
765 3773 832 3826 iis
873 3768 999 3854 quae
1023 3776 1236 3831 ibidem
1255 3768 1530 3855 scribunt,
1553 3800 1683 3837 eam
1704 3768 1826 3855 jam
1851 3787 1985 3842 inde

380 3844 512 3894 ante
540 3840 598 3895 8.
635 3840 915 3899 Brunonis
947 3850 1176 3902 aetatem
1214 3851 1508 3905 exstitisse.

445 3911 594 3980 (357)
627 3913 1056 3993 Ειτξὴῇηοέηάμε,
1089 3918 1357 3993 Clodovei
1391 3923 1433 3974 ll
1459 3923 1902 3993 major-domus,
1923 3927 1978 3982 S.

376 3980 606 4062 Furseo,
640 3985 827 4062 patria
857 3980 1063 4062 Scuto,
1087 3991 1500 4061 monachisque
1533 3980 1654 4062 ejus
1677 3980 1981 4052 sa-culo’vn

367 4049 532 4119 juxta
553 4049 802 4108 cas—trum
836 4073 999 4109 suum
1031 4049 1356 4113 Peronense
1388 4049 1659 4116 exstruxit
1689 4072 1978 4122 monaste-

368 4123 543 4184 rium,
564 4125 978 4197 monachisque
1012 4125 1068 4197 in
1091 4127 1198 4181 hoc
1220 4129 1342 4197 jam
1374 4130 1507 4186 inde
1538 4150 1570 4185 a
1601 4137 1975 4194 smeulonono

369 4191 780 4278 canonicorum
831 4191 1134 4278 collegium
1166 4191 1456 4278 hodieque
1491 4209 1794 4278 superstes,
1821 4191 1974 4278 quod

368 4261 615 4330 proinde
644 4261 1139 4334 hacinscriptione
1170 4261 1459 4338 designari
1493 4261 1652 4342 puto,
1687 4261 1974 4334 successit".
1998 4307 2048 4365 D

374 4330 470 4365 ΔΑς
504 4331 1142 4365 ηοιιςονηρμηςειςηηηη.
1180 4343 1537 4365 -..ηιηηιημ
1590 4345 1648 4365 ιν

2145 709 2428 768 Brunonis
2456 713 2513 768 in
2541 715 2880 774 Calendario
2904 721 3116 776 notavi.

2533 829 2773 888 Caenobii
2797 833 3354 904 Marccmensz's(362‘.-.

2139 915 2226 968 91.
2261 916 2504 973 Excessit
2533 921 2792 989 tandem,
2820 923 3089 980 defuncto
3113 943 3354 998 corpore
3385 929 3632 1001 pridem,

2137 1003 2424 1060 Excedens
2455 1009 2650 1064 animo
2677 1011 2930 1066 famosus
2955 1016 3212 1071 carmine
3243 1019 3455 1086 Bruno,

2133 1089 2238 1153 Qui
2269 1094 2399 1148 tulit
2430 1095 2660 1151 exilium
2689 1099 2880 1154 vivens
2910 1101 2966 1156 in
2989 1119 3230 1174 corpore
3261 1107 3570 1167 mundum.

2129 1180 2270 1234 Hinc
2301 1199 2359 1237 se
2389 1185 2702 1254 submodit,
2736 1189 2977 1245 eremita
2998 1191 3486 1264 bonnslativavit;

2129 1266 2242 1323 Sed
2266 1269 2414 1326 bene
2447 1273 2522 1326 sic
2547 1273 2754 1342 latitat,
2795 1294 3033 1348 eperum
3059 1279 3200 1334 dum
3227 1283 3351 1337 luce
3377 1289 3658 1341 coruscat.

2127 1357 2455 1414 Delectatur
2479 1361 2558 1417 ibi
2588 1365 2892 1420 cernendas
2915 1384 3014 1438 spe
3042 1369 3300 1438 Deitatis,

2126 1443 2250 1508 Qua
2274 1464 2426 1502 nunc
2453 1455 2732 1522 perpetuo
2765 1455 2920 1508 caelis
2939 1455 3149 1511 fruitur
3175 1460 3508 1528 penetratis.

2351 1560 2396 1615 S
2452 1563 2698 1618 Amandi
2722 1565 3045 1623 Elnonensis
3071 1571 3294 1626 ecclesiae
3326 1575 3490 1643 (363).

2123 1651 2210 1702 92.
2244 1649 2363 1715 Hic,
2397 1651 2531 1722 quia
2561 1652 2697 1708 dum
2730 1655 2882 1723 vixit,
2925 1659 3132 1712 mentis
3179 1662 3438 1716 consedit
3465 1663 3524 1717 in
3574 1682 3726 1732 arce,

2047 1748 2099 1807 Β
2122 1735 2258 1790 Huic
2289 1754 2518 1809 quoque
2545 1741 2850 1812 displicuit,
2883 1745 3164 1817 quidquid
3187 1749 3250 1802 ﬁt
3267 1750 3550 1806 daemonis
3577 1757 3724 1809 arte.

2121 1825 2253 1878 Post
2277 1831 2524 1882 mortem
2555 1831 2742 1884 carnis
2775 1834 2982 1888 caelesti
3016 1837 3282 1891 conditur
3311 1839 3474 1906 urbe,

2119 1913 2294 1970 Sedes
2324 1933 2429 1987 pro
2456 1919 2677 1972 meritis
2703 1919 2872 1974 datur
2917 1923 3069 1990 huic,
3114 1943 3242 1996 quae
3273 1926 3449 1998 digna
3479 1929 3721 2000 sophiae,

2119 2003 2218 2056 Cui
2252 2004 2445 2058 vivens
2475 2006 2692 2061 studuit
2723 2025 2838 2063 non
2875 2009 3005 2064 ficto
3033 2013 3219 2067 cordis
3250 2031 3469 2070 amore.

2122 2089 2261 2143 Hinc
2295 2108 2400 2162 pro
2431 2096 2618 2147 morte
2652 2097 2835 2150 Patris
2870 2098 3052 2152 luctus
3077 2100 3308 2155 omittat
3340 2103 3505 2172 ovile,

2119 2176 2396 2233 Orbatum
2413 2183 2672 2252 quamvis
2700 2184 2772 2238 sit
2801 2185 2998 2241 muitse
3025 2187 3166 2243 lucis
3189 2190 3433 2245 honore.

2115 2265 2368 2322 Gaudeat
2390 2271 2448 2322 at
2475 2269 2704 2337 merito,
2747 2271 2891 2326 sicut
2922 2275 3136 2345 gaudet
3165 2279 3334 2332 Pater
3363 2279 3504 2351 ipse.

2119 2352 2282 2417 Quod
2313 2355 2556 2410 facimus
2579 2359 2778 2414 vestris
2808 2362 3014 2416 eadem
3047 2364 3254 2418 nostris
3279 2365 3531 2422 facitote.

2457 2471 2519 2527 S.
2554 2472 2709 2528 Petri
2726 2473 2936 2530 Islensis
2960 2478 3180 2532 ecclesiae
3207 2479 3298 2540 (36
3310 2480 3374 2550 ἱ).

2110 2561 2198 2613 93.
2221 2558 2365 2614 Vera
2395 2559 2536 2614 fides
2557 2561 2763 2616 Christi
2784 2565 2938 2619 laxat
2954 2567 3291 2636 peccamina
3319 2571 3539 2639 mundi,

2110 2645 2280 2717 Cujus
2309 2648 2459 2702 facta
2485 2665 2617 2704 caro
2649 2650 2809 2722 ligno
2843 2655 3022 2707 crucis
3051 2655 3239 2710 hostia
3265 2658 3436 2712 Patri.

2109 2734 2272 2798 Quod
2306 2736 2402 2806 qui
2431 2738 2603 2792 corde
2633 2739 2782 2794 bone
2815 2741 3056 2796 credens
3087 2743 3228 2799 votis
3259 2744 3540 2813 imitatur,

2107 2822 2284 2892 Ipsius
2307 2824 2432 2878 vitae
2471 2829 2760 2882 consortia
2791 2829 2922 2884 laeta
2946 2837 3204 2886 meretur
3235 2851 3248 2902 ;

2107 2909 2276 2980 Cujus
2307 2911 2493 2967 Bruno
2525 2918 2689 2984 pater
2721 2918 2968 2972 concivis
2996 2922 3054 2972 ut
3079 2920 3377 2988 efﬁciatur,

2102 3001 2309 3054 Iudicis
2341 3002 2413 3056 ad
2442 3003 2715 3060 thronum
2744 3007 2972 3064 devotio
3001 3009 3178 3082 digna
3207 3012 3424 3067 feratur
3456 3031 3470 3082 ;

2102 3090 2286 3144 Prosit
2315 3091 2596 3148 defunctis
2628 3096 2810 3150 oratio
2842 3102 3043 3152 mutua
3073 3101 3300 3155 nostris.

2343 3204 2406 3260 S.
2451 3206 2650 3262 illanec
2679 3209 3002 3266 dlecinensis
3039 3214 3262 3268 ρσσιεςιω
3295 3216 3456 3285 (365).

2097 3294 2184 3347 94.
2222 3293 2746 3352 Commemorande
2775 3299 2944 3353 Pater
2965 3301 3154 3356 Bruno
3170 3303 3372 3358 Christi
3403 3305 3500 3375 pia
3528 3307 3709 3362 Mater

2095 3381 2372 3452 Dignetur
2403 3383 2608 3436 Natum
2638 3399 2743 3454 pro
2776 3387 2942 3441 nobis
2971 3387 3030 3441 in
3053 3405 3220 3444 cruce
3249 3407 3478 3462 passum

2094 3470 2350 3534 Poscere,
2377 3471 2616 3525 caelestis
2645 3472 2821 3527 donet
2850 3474 2953 3529 tibi
2985 3479 3229 3547 prcemia
3251 3479 3449 3550 regni;

2091 3557 2213 3620 Quo
2244 3561 2431 3612 tecum
2461 3561 2668 3614 fratres
2713 3562 2893 3616 nostri
2925 3563 3038 3617 sint
3069 3569 3240 3638 atque
3271 3584 3513 3623 sorores.

2159 3719 2301 3782 (361)
2333 3718 2721 3796 Duliitandum
2756 3726 3175 3796 non_‘apparat,
3222 3725 3360 3796 quin
3414 3732 3702 3784 monaste-

2086 3786 2255 3868 rium,
2281 3788 2360 3868 ad.
2385 3789 2542 3868 quod
2559 3786 3070 3868 subjectusTi‘tiiius
3091 3786 3328 3865 spectat,
3356 3797 3696 3868 illudipsum

2085 3857 2176 3940 sit,
2209 3859 2364 3940 quod
2395 3857 2554 3940 apud
2573 3857 2766 3940 Calliae
2790 3857 3135 3940 Christianae
3151 3857 3332 3940 auctas
3375 3857 3696 3940 Scriptores

2084 3931 2228 4008 tom.
2251 3931 2356 4008 _l_ll,
2390 3931 2498 4008 col.
2533 3933 3105 4008 ~£08AquiceAntinum
3137 3952 3234 3989 seu
3253 3931 3696 4008 Aquicinctense

2081 4002 2181 4052 aut
2213 3999 2387 4070 etiam
2444 3999 2804 4070 Aquicineﬁse
2841 4002 2902 4056 S.
2963 4004 3261 4059 Saluatoris
3313 3999 3692 4065 monasterium

2081 4069 2736 4148 nominat-nrtquodque
2763 4075 2968 4148 saeculo
2991 4076 3296 4148 undecimo
3316 4081 3690 4148 exstructum,

2079 4139 2149 4191 ad
2165 4139 2424 4206 Scarpim
2449 4139 2681 4195 fluvium
2715 4145 2965 4199 secundo
2983 4146 3054 4200 ab
3083 4147 3222 4201 urbe
3243 4150 3432 4204 Duaco
3457 4139 3690 4205 milliari

2081 4209 2254 4262 situm
2285 4215 2388 4264 est.

2146 4300 2291 4366 (362)
2325 4299 2621 4370 Designari
2654 4301 2744 4355 hic
2786 4306 3024 4358 autumo
3053 4305 3270 4360 ordinis
3301 4305 3355 4360 S.
3394 4308 3684 4362 Benedicti

762 4330 1147 4391 Christianam
1177 4330 1406 4394 aucfaln
1423 4330 1540 4396 tor-ﬂ
1702 4349 1790 4401 col
1998 4330 2048 4365 υ
2146 4330 2291 4366 (υυιι
2325 4330 2621 4380 υξςδιὸιιαινι
2654 4330 2744 4355 un;
2786 4330 3024 4384 ᾱυιιιιιιρ
3053 4330 3355 4398 υιίιιιιοιδῐρ.
3394 4330 3684 4362 υειιθαιυιι

367 4403 426 4441 ηρ.
451 4417 550 4441 φη
1551 4384 1564 4396 ’
1659 4387 1671 4413 ν
1797 4388 1809 4402 ο
1943 4373 1972 4404 θ
2076 4371 2514 4441 monasterium,
2569 4372 2722 4441 quod
2782 4389 2816 4425 a
2859 4375 3050 4428 Galliae
3101 4375 3438 4433 Christianae
3499 4383 3684 4434 auctae

367 4403 426 4453 et
451 4417 571 4466 seq,

451 4418 508 4454 se

437 4418 581 4551 (35%,)
611 4472 724 4526 Nec
739 4473 927 4554 locum
942 4480 1316 4559 sacr.um,_hoc
1340 4483 1578 4559 nomine
1608 4485 1970 4559 insignitum,

362 4538 619 4628 invenire
660 4544 884 4628 uspiam
925 4547 1098 4618 quivi,
1149 4538 1209 4603 ut
1242 4553 1521 4608 mendose
1554 4538 1881 4628 expressum
1914 4538 1972 4616 id

360 4609 452 4684 hic
481 4628 612 4684 esse,
633 4609 853 4684 putem.

429 4682 663 4751 (359,th
719 4685 944 4757 diqacesi
992 4688 1390 4746 Cameraceasi
1441 4695 1555 4757 (adi
1586 4697 1758 4754 Gallae
1806 4701 1966 4756 Chri-

357 4751 558 4829 stianas
583 4758 764 4829 aucta;
796 4755 1118 4829 Scriptores
1135 4765 1278 4816 tom.
1303 4765 1392 4829 ΙΙΙ,
1427 4751 1535 4818 eo].
1572 4770 1692 4829 H2)
1716 4751 1787 4824 ad

359 4821 474 4912 ἀίξῃ
491 4823 729 4912 fluvium
745 4826 898 4906 haud
911 4821 1190 4912 proculab
1201 4821 1418 4912 oppido
1439 4835 1496 4902 S,
1517 4835 1664 4900 Quin
1674 4821 1749 4892 tin
1759 4821 1962 4912 iisitwuﬁr-n

355 4895 441 4946 est
468 4895 1080 4970 monasteriuquuod
1094 4901 1166 4958 .in
1184 4895 1460 4958 divisione
1475 4895 1960 4969 monasteriorum

353 4963 826 5040 regni_Lotharii,
859 4963 1013 5024 anno
1037 4973 1140 5026 870
1169 4972 1320 5027 inter
1345 4975 1688 5032 Ludovicum
1713 4963 1782 5034 et
1799 4963 1968 5040 Caro:

354 5032 474 5124 luLm
494 5032 864 5124 lErancorum
887 5055 1057 5124 r'eges
1086 5041 1254 5124 facta,
1284 5051 1662 5124 memoratur,
1697 5032 1970 5124 quod—que

351 5103 425 5156 ab
457 5103 851 5192 aliis‘quidem
887 5103 1346 5192 iluynnocurtum,
1380 5116 1453 5192 ab
1469 5117 1593 5192 aliis
1621 5103 1966 5192 veroalia”,

333 5188 568 5262 Jnagn'a
584 5177 796 5262 tamen
825 5178 879 5231 in
899 5179 1261 5262 hocpomine
1276 5187 1596 5262 mutatione
1619 5189 1772 5262 haud
1795 5177 1966 5262 facta:

351 5245 697 5326 appellatur.
733 5247 855 5328 Non
881 5250 1056 5330 aliud,
1087 5269 1264 5333 quam
1294 5255 1403 5309 hoc
1440 5245 1880 5336 monasterium,
1894 5245 1963 5320 vi—n‘

347 5313 1814 5409 δεξεέρὲυέξἐξιέρξεὲι,ξρεέςτιριιρηεάρεξειωί.ναιο-

417 5384 564 5456 (360)
597 5384 838 5442 Sanctus
862 5389 1076 5444 scilicet
1107 5384 1264 5448 sexta
1296 5384 1556 5450 Octobris
1608 5384 1699 5452 die
1750 5418 1847 5455 seu
1891 5421 1960 5458 eo

341 5454 609 5534 tempore
639 5473 754 5526 quo
802 5459 886 5534 sol
924 5461 1148 5534 Zodiaci
1199 5465 1452 5532 signum,
1486 5468 1666 5522 Libra-3
1717 5454 1961 5530 nomine

345 5521 699 5648 distinctum,
729 5532 894 5582 motu
951 5533 1186 5601 proprio
1243 5521 1544 5606 percurrit,
1593 5521 1664 5592 ad
1712 5521 1947 5614 superos

347 5607 589 5648 ηψπ-ενι
623 5634 634 5648 .

347 5607 634 5665 migravit.

2073 4439 2444 4520 scriptoribus
2461 4439 2698 4520 tomilll,
2711 4444 2828 4520 col.
2854 4447 2977 4520 393,
2995 4445 3420 4502 Marchianense
3437 4450 3688 4520 appella-

2077 4513 2186 4575 tur,
2223 4513 2544 4582 sazculoque
2581 4513 2826 4582 septimo
2853 4513 2962 4568 fuit
2999 4521 3368 4573 exstructum.

2145 4600 2294 4666 (363)
2328 4599 2528 4653 Tribus
2558 4599 2784 4654 circiter
2831 4602 2903 4656 ab
2927 4603 3068 4656 urde
3098 4605 3354 4660 Tornaco
3406 4607 3578 4661 leucis
3608 4609 3682 4663 ad

2073 4669 2356 4723 Elnonem
2381 4671 2614 4724 ﬂuvium
2650 4671 2822 4726 situm
2843 4677 2927 4726 est
2947 4673 3056 4728 hoc
3070 4676 3288 4730 ordinis
3313 4677 3369 4730 8.
3391 4679 3682 4732 Benedicti

2072 4741 3193 4818 nlonasteriumJabipsemetSAmando
3207 4749 3411 4802 saeculo
3434 4749 3679 4818 septimo

2071 4813 2442 4864 exstructum.
2471 4812 2714 4866 Consule
2745 4814 2937 4867 Galliae
2965 4814 3302 4872 Christianae
3327 4812 3511 4872 auctae
3528 4819 3678 4874 Scri-

2070 4885 2263 4950 ptores
2294 4884 2436 4934 tom.
2472 4883 2564 4946 ΙΙΙ,
2591 4885 2700 4937 col.
2737 4887 2858 4937 254.

2141 4970 2286 5036 (361)
2310 4969 2450 5023 Cum
2471 4971 2842 5025 Insulensisin
2869 4973 3137 5028 Flandria
3150 4975 3345 5030 civitas
3357 4976 3476 5032 Isla-
3497 4978 3678 5033 etiam

2071 5044 2400 5117 nuncupata
2418 5041 3125 5117 reperiatuthabeatque
3174 5046 3460 5117 insignem
3509 5051 3679 5104 colle-

2071 5109 2285 5184 giatam
2317 5109 2638 5184 ecclesiam,
2685 5112 2742 5166 S.
2767 5113 2934 5168 Petro
2965 5109 3209 5184 sacram,
3244 5109 3371 5171 eam
3401 5119 3494 5172 hic
3525 5120 3673 5174 desi-

2069 5179 2235 5250 gnari
2254 5180 2642 5234 indubitatum
2666 5188 2924 5254 apparet.

2141 5268 2484 5343 (Q65)_l_l_aud
2507 5269 2678 5343 dubie
2707 5271 2796 5325 hic
2829 5273 3163 5343 designatur
3188 5276 3406 5330 ordinis
3428 5277 3483 5332 S.
3502 5278 3679 5331 Bene-

2068 5336 2504 5416 dicti_nohi_liui_i_1_
2521 5340 2808 5416 virginum
2832 5336 3082 5416 abbatia,
3107 5363 3233 5416 quin
3249 5347 3320 5400 ab
3355 5348 3477 5401 aliis
3492 5349 3678 5402 Messi-

2066 5408 2276 5489 nensis,
2310 5409 2382 5462 ab
2413 5409 2536 5462 aliis
2573 5408 3022 5489 1_\1iss_eniace}isis
3057 5408 3310 5489 vocatur,
3345 5419 3670 5489 saeculoque
3726 5463 3732 5468 .

2065 5479 2871 5557 undecimosecundqaburbe
2894 5485 3108 5552 lprensi
3124 5479 3310 5557 lapide
3331 5488 3437 5542 fuit
3449 5479 3668 5543 exstru-

2061 5552 2168 5625 cta.
2204 5550 2306 5603 Adi
2337 5550 2574 5604 Calliam
2609 5550 2988 5607 Christianam
3022 5550 3246 5610 auctam
3279 5560 3421 5612 tom.
3455 5559 3518 5625 V,
3553 5561 3662 5614 col.

2060 5621 2184 5673 341.
