  <div class='ocr_page' id='page_1' title='image "/cluster/home/n/w/nwhite01/storage/ocr_20150623/152/hvd.32044054760103/298.png"; bbox 0 0 4010 6032; ppageno 0'>
   <div class='ocr_carea' id='block_1_1' title="bbox 216 356 322 409">
    <p class='ocr_par' dir='ltr' id='par_1_1' title="bbox 216 356 322 409">
     <span class='ocr_line' id='line_1_1' title="bbox 216 356 322 409; baseline -0.009 0"><span class='ocrx_word' id='word_1_1' title='bbox 216 356 322 409; x_wconf 75' lang='lat'>583</span> 
     </span>
    </p>
   </div>
   <div class='ocr_carea' id='block_1_2' title="bbox 1816 360 3558 443">
    <p class='ocr_par' dir='ltr' id='par_1_2' title="bbox 1816 360 3558 443">
     <span class='ocr_line' id='line_1_2' title="bbox 1816 360 3558 443; baseline 0.014 -27"><span class='ocrx_word' id='word_1_2' title='bbox 1816 360 1996 420; x_wconf 67' lang='lat' dir='ltr'>ACTA</span> <span class='ocrx_word' id='word_1_3' title='bbox 3455 381 3558 443; x_wconf 76' lang='lat'>586</span> 
     </span>
    </p>
   </div>
   <div class='ocr_carea' id='block_1_3' title="bbox 216 479 3449 575">
    <p class='ocr_par' dir='ltr' id='par_1_3' title="bbox 216 479 3449 575">
     <span class='ocr_line' id='line_1_3' title="bbox 216 479 3449 575; baseline 0.009 -42"><span class='ocrx_word' id='word_1_4' title='bbox 216 480 447 536; x_wconf 79' lang='lat' dir='ltr'>Arbore</span> <span class='ocrx_word' id='word_1_5' title='bbox 480 481 609 553; x_wconf 83' lang='lat' dir='ltr'>pest</span> <span class='ocrx_word' id='word_1_6' title='bbox 635 482 705 537; x_wconf 92' lang='lat' dir='ltr'>de</span> <span class='ocrx_word' id='word_1_7' title='bbox 735 498 849 554; x_wconf 90' lang='lat' dir='ltr'>qua</span> <span class='ocrx_word' id='word_1_8' title='bbox 878 498 1000 538; x_wconf 89' lang='lat' dir='ltr'>sors</span> <span class='ocrx_word' id='word_1_9' title='bbox 1030 479 1303 541; x_wconf 82' lang='lat' dir='ltr'>imminet</span> <span class='ocrx_word' id='word_1_10' title='bbox 1333 479 1603 541; x_wconf 86' lang='lat' dir='ltr'>omnibus</span> <span class='ocrx_word' id='word_1_11' title='bbox 1654 499 1840 560; x_wconf 62' lang='lat' dir='ltr'>aequa.</span> <span class='ocrx_word' id='word_1_12' title='bbox 1868 489 1921 549; x_wconf 83' lang='lat' dir='ltr'><strong>A</strong></span> <span class='ocrx_word' id='word_1_13' title='bbox 1948 486 2058 545; x_wconf 88' lang='lat' dir='ltr'>Sed</span> <span class='ocrx_word' id='word_1_14' title='bbox 2091 484 2227 562; x_wconf 86' lang='lat' dir='ltr'>quia</span> <span class='ocrx_word' id='word_1_15' title='bbox 2252 487 2557 548; x_wconf 88' lang='lat' dir='ltr'>missarum</span> <span class='ocrx_word' id='word_1_16' title='bbox 2585 491 2854 568; x_wconf 81' lang='lat' dir='ltr'>lacrymis</span> <span class='ocrx_word' id='word_1_17' title='bbox 2875 495 3146 573; x_wconf 73' lang='lat' dir='ltr'>suffragia</span> <span class='ocrx_word' id='word_1_18' title='bbox 3175 504 3449 575; x_wconf 79' lang='lat' dir='ltr'>praestant</span> 
     </span>
    </p>
   </div>
   <div class='ocr_carea' id='block_1_4' title="bbox 221 572 1685 645">
    <p class='ocr_par' dir='ltr' id='par_1_4' title="bbox 221 572 1685 645">
     <span class='ocr_line' id='line_1_4' title="bbox 221 572 1685 645; baseline 0.002 -19"><span class='ocrx_word' id='word_1_19' title='bbox 221 572 281 626; x_wconf 89' lang='lat' dir='ltr'>Si</span> <span class='ocrx_word' id='word_1_20' title='bbox 311 589 428 627; x_wconf 88' lang='lat' dir='ltr'>non</span> <span class='ocrx_word' id='word_1_21' title='bbox 461 577 769 642; x_wconf 82' lang='lat' dir='ltr'>peccasset,</span> <span class='ocrx_word' id='word_1_22' title='bbox 798 590 981 645; x_wconf 87' lang='lat' dir='ltr'>genus</span> <span class='ocrx_word' id='word_1_23' title='bbox 1005 574 1328 628; x_wconf 86' lang='lat' dir='ltr'>humanum</span> <span class='ocrx_word' id='word_1_24' title='bbox 1354 578 1685 630; x_wconf 81' lang='lat' dir='ltr'>recreasset.</span> 
     </span>
    </p>
   </div>
   <div class='ocr_carea' id='block_1_5' title="bbox 223 661 1700 734">
    <p class='ocr_par' dir='ltr' id='par_1_5' title="bbox 223 661 1700 734">
     <span class='ocr_line' id='line_1_5' title="bbox 223 661 1700 734; baseline 0.003 -19"><span class='ocrx_word' id='word_1_25' title='bbox 223 661 338 716; x_wconf 89' lang='lat' dir='ltr'>Sed</span> <span class='ocrx_word' id='word_1_26' title='bbox 372 662 507 733; x_wconf 84' lang='lat' dir='ltr'>quia</span> <span class='ocrx_word' id='word_1_27' title='bbox 539 661 813 731; x_wconf 82' lang='lat' dir='ltr'>peccavit,</span> <span class='ocrx_word' id='word_1_28' title='bbox 842 662 1015 717; x_wconf 82' lang='lat' dir='ltr'>morti</span> <span class='ocrx_word' id='word_1_29' title='bbox 1050 664 1204 716; x_wconf 85' lang='lat' dir='ltr'>mala</span> <span class='ocrx_word' id='word_1_30' title='bbox 1232 666 1436 718; x_wconf 89' lang='lat' dir='ltr'>cuncta</span> <span class='ocrx_word' id='word_1_31' title='bbox 1462 664 1700 734; x_wconf 91' lang='lat' dir='ltr'>paravit.</span> 
     </span>
    </p>
   </div>
   <div class='ocr_carea' id='block_1_6' title="bbox 134 750 1771 822">
    <p class='ocr_par' dir='ltr' id='par_1_6' title="bbox 134 750 1771 822">
     <span class='ocr_line' id='line_1_6' title="bbox 134 750 1771 822; baseline 0.004 -20"><span class='ocrx_word' id='word_1_32' title='bbox 134 768 150 777; x_wconf 75' lang='grc' dir='ltr'><strong>ο</strong></span> <span class='ocrx_word' id='word_1_33' title='bbox 226 751 380 820; x_wconf 89' lang='lat' dir='ltr'>Ergo</span> <span class='ocrx_word' id='word_1_34' title='bbox 414 750 598 817; x_wconf 91' lang='lat' dir='ltr'>dolor,</span> <span class='ocrx_word' id='word_1_35' title='bbox 631 752 835 817; x_wconf 89' lang='lat' dir='ltr'>luctus,</span> <span class='ocrx_word' id='word_1_36' title='bbox 868 752 1259 822; x_wconf 82' lang='lat' dir='ltr'>lacrymarum</span> <span class='ocrx_word' id='word_1_37' title='bbox 1289 752 1511 807; x_wconf 90' lang='lat' dir='ltr'>fundite</span> <span class='ocrx_word' id='word_1_38' title='bbox 1545 754 1771 819; x_wconf 87' lang='lat' dir='ltr'>fluctus,</span> 
     </span>
    </p>
   </div>
   <div class='ocr_carea' id='block_1_7' title="bbox 224 838 1841 909">
    <p class='ocr_par' dir='ltr' id='par_1_7' title="bbox 224 838 1841 909">
     <span class='ocr_line' id='line_1_7' title="bbox 224 838 1841 909; baseline 0.002 -16"><span class='ocrx_word' id='word_1_39' title='bbox 224 838 391 902; x_wconf 87' lang='lat' dir='ltr'>Quod</span> <span class='ocrx_word' id='word_1_40' title='bbox 419 855 576 893; x_wconf 90' lang='lat' dir='ltr'>mors</span> <span class='ocrx_word' id='word_1_41' title='bbox 599 838 677 893; x_wconf 91' lang='lat' dir='ltr'>sic</span> <span class='ocrx_word' id='word_1_42' title='bbox 712 839 962 907; x_wconf 85' lang='lat' dir='ltr'>mordet,</span> <span class='ocrx_word' id='word_1_43' title='bbox 998 841 1175 907; x_wconf 66' lang='lat' dir='ltr'>saevit,</span> <span class='ocrx_word' id='word_1_44' title='bbox 1206 841 1340 909; x_wconf 83' lang='lat' dir='ltr'>ruit,</span> <span class='ocrx_word' id='word_1_45' title='bbox 1379 842 1577 897; x_wconf 91' lang='lat' dir='ltr'>omnia</span> <span class='ocrx_word' id='word_1_46' title='bbox 1629 844 1841 899; x_wconf 84' lang='lat' dir='ltr'>sorbet.</span> 
     </span>
    </p>
   </div>
   <div class='ocr_carea' id='block_1_8' title="bbox 221 928 1680 1003">
    <p class='ocr_par' dir='ltr' id='par_1_8' title="bbox 221 928 1680 1003">
     <span class='ocr_line' id='line_1_8' title="bbox 221 928 1680 1003; baseline 0.003 -20"><span class='ocrx_word' id='word_1_47' title='bbox 221 929 337 984; x_wconf 87' lang='lat' dir='ltr'>Hac</span> <span class='ocrx_word' id='word_1_48' title='bbox 363 928 481 983; x_wconf 84' lang='lat' dir='ltr'>ruit</span> <span class='ocrx_word' id='word_1_49' title='bbox 498 929 689 983; x_wconf 85' lang='lat' dir='ltr'>omnis</span> <span class='ocrx_word' id='word_1_50' title='bbox 714 929 892 984; x_wconf 90' lang='lat' dir='ltr'>homo</span> <span class='ocrx_word' id='word_1_51' title='bbox 919 946 1023 1001; x_wconf 92' lang='lat' dir='ltr'>pro</span> <span class='ocrx_word' id='word_1_52' title='bbox 1044 932 1271 1000; x_wconf 91' lang='lat' dir='ltr'>gustato</span> <span class='ocrx_word' id='word_1_53' title='bbox 1301 932 1451 986; x_wconf 89' lang='lat' dir='ltr'>male</span> <span class='ocrx_word' id='word_1_54' title='bbox 1482 948 1680 1003; x_wconf 90' lang='lat' dir='ltr'>pomo.</span> 
     </span>
    </p>
   </div>
   <div class='ocr_carea' id='block_1_9' title="bbox 222 1016 1668 1091">
    <p class='ocr_par' dir='ltr' id='par_1_9' title="bbox 222 1016 1668 1091">
     <span class='ocr_line' id='line_1_9' title="bbox 222 1016 1668 1091; baseline 0.003 -20"><span class='ocrx_word' id='word_1_55' title='bbox 222 1017 322 1072; x_wconf 84' lang='lat' dir='ltr'>Hic</span> <span class='ocrx_word' id='word_1_56' title='bbox 349 1018 501 1072; x_wconf 89' lang='lat' dir='ltr'>valet</span> <span class='ocrx_word' id='word_1_57' title='bbox 526 1021 585 1072; x_wconf 91' lang='lat' dir='ltr'>et</span> <span class='ocrx_word' id='word_1_58' title='bbox 615 1016 911 1073; x_wconf 76' lang='lat' dir='ltr'>vivitmox</span> <span class='ocrx_word' id='word_1_59' title='bbox 939 1021 1109 1073; x_wconf 70' lang='lat' dir='ltr'>terra:</span> <span class='ocrx_word' id='word_1_60' title='bbox 1139 1020 1407 1074; x_wconf 90' lang='lat' dir='ltr'>membra</span> <span class='ocrx_word' id='word_1_61' title='bbox 1436 1021 1668 1091; x_wconf 89' lang='lat' dir='ltr'>reponit</span> 
     </span>
    </p>
   </div>
   <div class='ocr_carea' id='block_1_10' title="bbox 219 1107 1571 1179">
    <p class='ocr_par' dir='ltr' id='par_1_10' title="bbox 219 1107 1571 1179">
     <span class='ocr_line' id='line_1_10' title="bbox 219 1107 1571 1179; baseline 0.001 -17"><span class='ocrx_word' id='word_1_62' title='bbox 219 1107 311 1162; x_wconf 89' lang='lat' dir='ltr'>Sic</span> <span class='ocrx_word' id='word_1_63' title='bbox 339 1123 471 1162; x_wconf 86' lang='lat' dir='ltr'>caro</span> <span class='ocrx_word' id='word_1_64' title='bbox 502 1107 610 1161; x_wconf 75' lang='lat' dir='ltr'>flos</span> <span class='ocrx_word' id='word_1_65' title='bbox 640 1107 781 1175; x_wconf 89' lang='lat' dir='ltr'>feni,</span> <span class='ocrx_word' id='word_1_66' title='bbox 816 1107 882 1161; x_wconf 88' lang='lat' dir='ltr'>ﬁt</span> <span class='ocrx_word' id='word_1_67' title='bbox 902 1107 1101 1162; x_wconf 87' lang='lat' dir='ltr'>fenum</span> <span class='ocrx_word' id='word_1_68' title='bbox 1131 1108 1316 1179; x_wconf 85' lang='lat' dir='ltr'>gloria</span> <span class='ocrx_word' id='word_1_69' title='bbox 1349 1109 1571 1177; x_wconf 91' lang='lat' dir='ltr'>mundi,</span> 
     </span>
    </p>
   </div>
   <div class='ocr_carea' id='block_1_11' title="bbox 221 1196 1753 1269">
    <p class='ocr_par' dir='ltr' id='par_1_11' title="bbox 221 1196 1753 1269">
     <span class='ocr_line' id='line_1_11' title="bbox 221 1196 1753 1269; baseline 0.001 -17"><span class='ocrx_word' id='word_1_70' title='bbox 221 1199 372 1252; x_wconf 88' lang='lat' dir='ltr'>Dum</span> <span class='ocrx_word' id='word_1_71' title='bbox 397 1196 680 1267; x_wconf 87' lang='lat' dir='ltr'>juvenum</span> <span class='ocrx_word' id='word_1_72' title='bbox 716 1197 888 1265; x_wconf 87' lang='lat' dir='ltr'>ﬂores</span> <span class='ocrx_word' id='word_1_73' title='bbox 915 1199 1277 1251; x_wconf 88' lang='lat' dir='ltr'>marcescunt</span> <span class='ocrx_word' id='word_1_74' title='bbox 1301 1201 1472 1269; x_wconf 89' lang='lat' dir='ltr'>atque</span> <span class='ocrx_word' id='word_1_75' title='bbox 1500 1199 1753 1254; x_wconf 84' lang='lat' dir='ltr'>decores.</span> 
     </span>
    </p>
   </div>
   <div class='ocr_carea' id='block_1_12' title="bbox 221 1284 1694 1358">
    <p class='ocr_par' dir='ltr' id='par_1_12' title="bbox 221 1284 1694 1358">
     <span class='ocr_line' id='line_1_12' title="bbox 221 1284 1694 1358; baseline 0.001 -19"><span class='ocrx_word' id='word_1_76' title='bbox 221 1284 366 1339; x_wconf 92' lang='lat' dir='ltr'>Cum</span> <span class='ocrx_word' id='word_1_77' title='bbox 398 1300 573 1355; x_wconf 89' lang='lat' dir='ltr'>parvo</span> <span class='ocrx_word' id='word_1_78' title='bbox 606 1300 1010 1356; x_wconf 86' lang='lat' dir='ltr'>magnus,cum</span> <span class='ocrx_word' id='word_1_79' title='bbox 1029 1284 1185 1355; x_wconf 87' lang='lat' dir='ltr'>justo</span> <span class='ocrx_word' id='word_1_80' title='bbox 1216 1286 1423 1340; x_wconf 87' lang='lat' dir='ltr'>transit</span> <span class='ocrx_word' id='word_1_81' title='bbox 1448 1286 1694 1358; x_wconf 84' lang='lat' dir='ltr'>iniquus.</span> 
     </span>
    </p>
   </div>
   <div class='ocr_carea' id='block_1_13' title="bbox 222 1372 1842 1450">
    <p class='ocr_par' dir='ltr' id='par_1_13' title="bbox 222 1372 1842 1450">
     <span class='ocr_line' id='line_1_13' title="bbox 222 1372 1842 1450; baseline 0.002 -23"><span class='ocrx_word' id='word_1_82' title='bbox 222 1374 341 1427; x_wconf 83' lang='lat' dir='ltr'>Hoc</span> <span class='ocrx_word' id='word_1_83' title='bbox 369 1373 580 1445; x_wconf 87' lang='lat' dir='ltr'>probat</span> <span class='ocrx_word' id='word_1_84' title='bbox 601 1372 793 1428; x_wconf 90' lang='lat' dir='ltr'>omnis</span> <span class='ocrx_word' id='word_1_85' title='bbox 817 1373 1018 1440; x_wconf 90' lang='lat' dir='ltr'>homo,</span> <span class='ocrx_word' id='word_1_86' title='bbox 1046 1374 1165 1440; x_wconf 89' lang='lat' dir='ltr'>sed,</span> <span class='ocrx_word' id='word_1_87' title='bbox 1188 1374 1363 1429; x_wconf 90' lang='lat' dir='ltr'>homo</span> <span class='ocrx_word' id='word_1_88' title='bbox 1388 1376 1543 1447; x_wconf 90' lang='lat' dir='ltr'>quod</span> <span class='ocrx_word' id='word_1_89' title='bbox 1574 1392 1842 1450; x_wconf 87' lang='lat' dir='ltr'>compro-</span> 
     </span>
    </p>
   </div>
   <div class='ocr_carea' id='block_1_14' title="bbox 1478 1465 1841 1534">
    <p class='ocr_par' dir='ltr' id='par_1_14' title="bbox 1478 1465 1841 1534">
     <span class='ocr_line' id='line_1_14' title="bbox 1478 1465 1841 1534; baseline 0.003 -15"><span class='ocrx_word' id='word_1_90' title='bbox 1478 1465 1601 1534; x_wconf 90' lang='lat' dir='ltr'>|bat</span> <span class='ocrx_word' id='word_1_91' title='bbox 1630 1465 1841 1533; x_wconf 89' lang='lat' dir='ltr'>omnis,</span> 
     </span>
    </p>
   </div>
   <div class='ocr_carea' id='block_1_15' title="bbox 220 1550 1753 1633">
    <p class='ocr_par' dir='ltr' id='par_1_15' title="bbox 220 1550 1753 1633">
     <span class='ocr_line' id='line_1_15' title="bbox 220 1550 1753 1633; baseline 0.003 -28"><span class='ocrx_word' id='word_1_92' title='bbox 220 1552 425 1606; x_wconf 82' lang='lat' dir='ltr'>Intulit</span> <span class='ocrx_word' id='word_1_93' title='bbox 461 1551 580 1622; x_wconf 88' lang='lat' dir='ltr'>ipse</span> <span class='ocrx_word' id='word_1_94' title='bbox 608 1556 792 1622; x_wconf 89' lang='lat' dir='ltr'>pater,</span> <span class='ocrx_word' id='word_1_95' title='bbox 821 1550 922 1605; x_wconf 89' lang='lat' dir='ltr'>sed</span> <span class='ocrx_word' id='word_1_96' title='bbox 938 1551 1092 1624; x_wconf 90' lang='lat' dir='ltr'>quod</span> <span class='ocrx_word' id='word_1_97' title='bbox 1114 1554 1279 1622; x_wconf 88' lang='lat' dir='ltr'>pater</span> <span class='ocrx_word' id='word_1_98' title='bbox 1306 1552 1500 1607; x_wconf 86' lang='lat' dir='ltr'>intulit</span> <span class='ocrx_word' id='word_1_99' title='bbox 1542 1554 1683 1624; x_wconf 91' lang='lat' dir='ltr'>ipse,</span> <span class='ocrx_word' id='word_1_100' title='bbox 1740 1624 1753 1633; x_wconf 44' lang='lat'><strong><em>.</em></strong></span> 
     </span>
    </p>
   </div>
   <div class='ocr_carea' id='block_1_16' title="bbox 222 1639 1696 1713">
    <p class='ocr_par' dir='ltr' id='par_1_16' title="bbox 222 1639 1696 1713">
     <span class='ocr_line' id='line_1_16' title="bbox 222 1639 1696 1713; baseline 0 -18"><span class='ocrx_word' id='word_1_101' title='bbox 222 1640 451 1712; x_wconf 79' lang='lat' dir='ltr'>Expulit</span> <span class='ocrx_word' id='word_1_102' title='bbox 481 1641 600 1711; x_wconf 91' lang='lat' dir='ltr'>ipse</span> <span class='ocrx_word' id='word_1_103' title='bbox 629 1642 798 1707; x_wconf 90' lang='lat' dir='ltr'>Deus,</span> <span class='ocrx_word' id='word_1_104' title='bbox 828 1639 925 1693; x_wconf 91' lang='lat' dir='ltr'>sed</span> <span class='ocrx_word' id='word_1_105' title='bbox 950 1639 1104 1710; x_wconf 92' lang='lat' dir='ltr'>quod</span> <span class='ocrx_word' id='word_1_106' title='bbox 1130 1640 1277 1693; x_wconf 88' lang='lat' dir='ltr'>Deus</span> <span class='ocrx_word' id='word_1_107' title='bbox 1308 1640 1524 1711; x_wconf 79' lang='lat' dir='ltr'>expulit</span> <span class='ocrx_word' id='word_1_108' title='bbox 1553 1641 1696 1713; x_wconf 90' lang='lat' dir='ltr'>ipse,</span> 
     </span>
    </p>
   </div>
   <div class='ocr_carea' id='block_1_17' title="bbox 218 1728 1698 1800">
    <p class='ocr_par' dir='ltr' id='par_1_17' title="bbox 218 1728 1698 1800">
     <span class='ocr_line' id='line_1_17' title="bbox 218 1728 1698 1800; baseline -0.001 -15"><span class='ocrx_word' id='word_1_109' title='bbox 218 1731 421 1785; x_wconf 79' lang='lat' dir='ltr'>Nobile</span> <span class='ocrx_word' id='word_1_110' title='bbox 445 1729 583 1784; x_wconf 88' lang='lat' dir='ltr'>fecit</span> <span class='ocrx_word' id='word_1_111' title='bbox 613 1746 776 1800; x_wconf 91' lang='lat' dir='ltr'>opus,</span> <span class='ocrx_word' id='word_1_112' title='bbox 808 1728 908 1781; x_wconf 88' lang='lat' dir='ltr'>sed</span> <span class='ocrx_word' id='word_1_113' title='bbox 935 1744 1098 1798; x_wconf 90' lang='lat' dir='ltr'>opus,</span> <span class='ocrx_word' id='word_1_114' title='bbox 1128 1728 1282 1799; x_wconf 88' lang='lat' dir='ltr'>quod</span> <span class='ocrx_word' id='word_1_115' title='bbox 1315 1729 1507 1784; x_wconf 86' lang='lat' dir='ltr'>nobile</span> <span class='ocrx_word' id='word_1_116' title='bbox 1542 1730 1698 1797; x_wconf 90' lang='lat' dir='ltr'>fecit,</span> 
     </span>
    </p>
   </div>
   <div class='ocr_carea' id='block_1_18' title="bbox 219 1814 1918 1890">
    <p class='ocr_par' dir='ltr' id='par_1_18' title="bbox 219 1814 1918 1890">
     <span class='ocr_line' id='line_1_18' title="bbox 219 1814 1918 1890; baseline -0.001 -16"><span class='ocrx_word' id='word_1_117' title='bbox 219 1819 408 1875; x_wconf 87' lang='lat' dir='ltr'>Sentit</span> <span class='ocrx_word' id='word_1_118' title='bbox 436 1819 601 1889; x_wconf 84' lang='lat' dir='ltr'>origo</span> <span class='ocrx_word' id='word_1_119' title='bbox 631 1834 907 1888; x_wconf 88' lang='lat' dir='ltr'>sequens;</span> <span class='ocrx_word' id='word_1_120' title='bbox 937 1817 1035 1881; x_wconf 85' lang='lat' dir='ltr'>sed</span> <span class='ocrx_word' id='word_1_121' title='bbox 1058 1817 1254 1884; x_wconf 87' lang='lat' dir='ltr'>ethoc,</span> <span class='ocrx_word' id='word_1_122' title='bbox 1275 1819 1429 1888; x_wconf 90' lang='lat' dir='ltr'>quod</span> <span class='ocrx_word' id='word_1_123' title='bbox 1450 1819 1625 1874; x_wconf 84' lang='lat' dir='ltr'>sentit</span> <span class='ocrx_word' id='word_1_124' title='bbox 1655 1818 1837 1890; x_wconf 86' lang='lat' dir='ltr'>origo,</span> <span class='ocrx_word' id='word_1_125' title='bbox 1866 1814 1918 1873; x_wconf 94' lang='lat' dir='ltr'><strong>B</strong></span> 
     </span>
    </p>
   </div>
   <div class='ocr_carea' id='block_1_19' title="bbox 218 1904 1836 1987">
    <p class='ocr_par' dir='ltr' id='par_1_19' title="bbox 218 1904 1836 1987">
     <span class='ocr_line' id='line_1_19' title="bbox 218 1904 1836 1987; baseline -0.001 -25"><span class='ocrx_word' id='word_1_126' title='bbox 218 1907 409 1962; x_wconf 81' lang='lat' dir='ltr'>Sensit</span> <span class='ocrx_word' id='word_1_127' title='bbox 433 1910 492 1962; x_wconf 90' lang='lat' dir='ltr'>et</span> <span class='ocrx_word' id='word_1_128' title='bbox 518 1906 611 1960; x_wconf 91' lang='lat' dir='ltr'>hic</span> <span class='ocrx_word' id='word_1_129' title='bbox 644 1907 867 1960; x_wconf 87' lang='lat' dir='ltr'>Bruno:</span> <span class='ocrx_word' id='word_1_130' title='bbox 902 1904 1179 1977; x_wconf 90' lang='lat' dir='ltr'>quoniam</span> <span class='ocrx_word' id='word_1_131' title='bbox 1208 1907 1397 1960; x_wconf 88' lang='lat' dir='ltr'>Bruno</span> <span class='ocrx_word' id='word_1_132' title='bbox 1425 1907 1598 1960; x_wconf 87' lang='lat' dir='ltr'>sentit</span> <span class='ocrx_word' id='word_1_133' title='bbox 1629 1910 1689 1987; x_wconf 73' lang='lat' dir='ltr'>et</span> <span class='ocrx_word' id='word_1_134' title='bbox 1711 1908 1836 1975; x_wconf 90' lang='lat' dir='ltr'>iste,</span> 
     </span>
    </p>
   </div>
   <div class='ocr_carea' id='block_1_20' title="bbox 222 1993 1733 2066">
    <p class='ocr_par' dir='ltr' id='par_1_20' title="bbox 222 1993 1733 2066">
     <span class='ocr_line' id='line_1_20' title="bbox 222 1993 1733 2066; baseline -0.001 -18"><span class='ocrx_word' id='word_1_135' title='bbox 222 1997 371 2051; x_wconf 80' lang='lat' dir='ltr'>Vivit</span> <span class='ocrx_word' id='word_1_136' title='bbox 401 1996 459 2050; x_wconf 90' lang='lat' dir='ltr'>in</span> <span class='ocrx_word' id='word_1_137' title='bbox 493 1998 798 2059; x_wconf 76' lang='lat' dir='ltr'>aeternum,</span> <span class='ocrx_word' id='word_1_138' title='bbox 833 2010 950 2047; x_wconf 92' lang='lat' dir='ltr'>non</span> <span class='ocrx_word' id='word_1_139' title='bbox 983 2009 1121 2063; x_wconf 89' lang='lat' dir='ltr'>ergo</span> <span class='ocrx_word' id='word_1_140' title='bbox 1153 1994 1395 2047; x_wconf 85' lang='lat' dir='ltr'>ﬂeamus</span> <span class='ocrx_word' id='word_1_141' title='bbox 1419 1994 1491 2048; x_wconf 90' lang='lat' dir='ltr'>ob</span> <span class='ocrx_word' id='word_1_142' title='bbox 1524 1993 1733 2066; x_wconf 91' lang='lat' dir='ltr'>ipsum.</span> 
     </span>
    </p>
   </div>
   <div class='ocr_carea' id='block_1_21' title="bbox 218 2082 1840 2157">
    <p class='ocr_par' dir='ltr' id='par_1_21' title="bbox 218 2082 1840 2157">
     <span class='ocr_line' id='line_1_21' title="bbox 218 2082 1840 2157; baseline 0.001 -18"><span class='ocrx_word' id='word_1_143' title='bbox 218 2085 277 2139; x_wconf 89' lang='lat' dir='ltr'>Si</span> <span class='ocrx_word' id='word_1_144' title='bbox 307 2102 425 2157; x_wconf 90' lang='lat' dir='ltr'>qua</span> <span class='ocrx_word' id='word_1_145' title='bbox 452 2088 652 2139; x_wconf 89' lang='lat' dir='ltr'>tamen</span> <span class='ocrx_word' id='word_1_146' title='bbox 685 2082 881 2154; x_wconf 81' lang='lat' dir='ltr'>gessit,</span> <span class='ocrx_word' id='word_1_147' title='bbox 945 2082 1193 2136; x_wconf 91' lang='lat' dir='ltr'>Domino</span> <span class='ocrx_word' id='word_1_148' title='bbox 1225 2098 1351 2154; x_wconf 71' lang='lat' dir='ltr'>quas</span> <span class='ocrx_word' id='word_1_149' title='bbox 1385 2099 1503 2138; x_wconf 91' lang='lat' dir='ltr'>non</span> <span class='ocrx_word' id='word_1_150' title='bbox 1550 2085 1840 2156; x_wconf 84' lang='lat' dir='ltr'>placuere,</span> 
     </span>
    </p>
   </div>
   <div class='ocr_carea' id='block_1_22' title="bbox 217 2171 1748 2244">
    <p class='ocr_par' dir='ltr' id='par_1_22' title="bbox 217 2171 1748 2244">
     <span class='ocr_line' id='line_1_22' title="bbox 217 2171 1748 2244; baseline -0.001 -15"><span class='ocrx_word' id='word_1_151' title='bbox 217 2174 312 2241; x_wconf 89' lang='lat' dir='ltr'>Os,</span> <span class='ocrx_word' id='word_1_152' title='bbox 348 2191 537 2242; x_wconf 90' lang='lat' dir='ltr'>mens,</span> <span class='ocrx_word' id='word_1_153' title='bbox 558 2173 761 2244; x_wconf 84' lang='lat' dir='ltr'>lingua</span> <span class='ocrx_word' id='word_1_154' title='bbox 788 2174 969 2226; x_wconf 89' lang='lat' dir='ltr'>Deum</span> <span class='ocrx_word' id='word_1_155' title='bbox 997 2187 1115 2225; x_wconf 94' lang='lat' dir='ltr'>non</span> <span class='ocrx_word' id='word_1_156' title='bbox 1133 2171 1384 2243; x_wconf 86' lang='lat' dir='ltr'>deneget</span> <span class='ocrx_word' id='word_1_157' title='bbox 1408 2171 1516 2226; x_wconf 88' lang='lat' dir='ltr'>ista</span> <span class='ocrx_word' id='word_1_158' title='bbox 1539 2188 1748 2244; x_wconf 87' lang='lat' dir='ltr'>rogare</span> 
     </span>
    </p>
   </div>
   <div class='ocr_carea' id='block_1_23' title="bbox 219 2259 1729 2332">
    <p class='ocr_par' dir='ltr' id='par_1_23' title="bbox 219 2259 1729 2332">
     <span class='ocr_line' id='line_1_23' title="bbox 219 2259 1729 2332; baseline -0.002 -14"><span class='ocrx_word' id='word_1_159' title='bbox 219 2263 263 2318; x_wconf 91' lang='lat'>0</span> <span class='ocrx_word' id='word_1_160' title='bbox 294 2263 501 2329; x_wconf 87' lang='lat' dir='ltr'>Theos,</span> <span class='ocrx_word' id='word_1_161' title='bbox 530 2262 703 2332; x_wconf 87' lang='lat' dir='ltr'>alpha</span> <span class='ocrx_word' id='word_1_162' title='bbox 726 2260 885 2324; x_wconf 90' lang='lat' dir='ltr'>boni,</span> <span class='ocrx_word' id='word_1_163' title='bbox 921 2260 995 2314; x_wconf 90' lang='lat' dir='ltr'>da</span> <span class='ocrx_word' id='word_1_164' title='bbox 1020 2259 1213 2314; x_wconf 87' lang='lat' dir='ltr'>coelica</span> <span class='ocrx_word' id='word_1_165' title='bbox 1241 2276 1425 2330; x_wconf 88' lang='lat' dir='ltr'>regna</span> <span class='ocrx_word' id='word_1_166' title='bbox 1455 2260 1729 2315; x_wconf 88' lang='lat' dir='ltr'>Brunoni.</span> 
     </span>
    </p>
   </div>
   <div class='ocr_carea' id='block_1_24' title="bbox 618 2348 1499 2419">
    <p class='ocr_par' dir='ltr' id='par_1_24' title="bbox 618 2348 1499 2419">
     <span class='ocr_line' id='line_1_24' title="bbox 618 2348 1499 2419; baseline -0.007 -11"><span class='ocrx_word' id='word_1_167' title='bbox 618 2350 680 2408; x_wconf 85' lang='lat' dir='ltr'>S.</span> <span class='ocrx_word' id='word_1_168' title='bbox 719 2350 874 2406; x_wconf 83' lang='lat' dir='ltr'>Petri</span> <span class='ocrx_word' id='word_1_169' title='bbox 900 2348 1297 2402; x_wconf 76' lang='lat' dir='ltr'>Neocaslrensis</span> <span class='ocrx_word' id='word_1_170' title='bbox 1328 2348 1499 2419; x_wconf 88' lang='lat'>(383).</span> 
     </span>
    </p>
   </div>
   <div class='ocr_carea' id='block_1_25' title="bbox 226 2435 1551 2504">
    <p class='ocr_par' dir='ltr' id='par_1_25' title="bbox 226 2435 1551 2504">
     <span class='ocr_line' id='line_1_25' title="bbox 226 2435 1551 2504; baseline -0.004 -8"><span class='ocrx_word' id='word_1_171' title='bbox 226 2445 348 2496; x_wconf 81' lang='lat' dir='ltr'>H2.</span> <span class='ocrx_word' id='word_1_172' title='bbox 384 2441 499 2495; x_wconf 83' lang='lat' dir='ltr'>Hac</span> <span class='ocrx_word' id='word_1_173' title='bbox 521 2439 658 2494; x_wconf 85' lang='lat' dir='ltr'>vixit</span> <span class='ocrx_word' id='word_1_174' title='bbox 688 2438 801 2492; x_wconf 88' lang='lat' dir='ltr'>vita</span> <span class='ocrx_word' id='word_1_175' title='bbox 831 2437 971 2491; x_wconf 92' lang='lat' dir='ltr'>dum</span> <span class='ocrx_word' id='word_1_176' title='bbox 1001 2435 1135 2491; x_wconf 79' lang='lat' dir='ltr'>felix</span> <span class='ocrx_word' id='word_1_177' title='bbox 1165 2436 1255 2490; x_wconf 91' lang='lat' dir='ltr'>hic</span> <span class='ocrx_word' id='word_1_178' title='bbox 1287 2436 1551 2504; x_wconf 88' lang='lat' dir='ltr'>eremita,</span> 
     </span>
    </p>
   </div>
   <div class='ocr_carea' id='block_1_26' title="bbox 216 2528 1766 2597">
    <p class='ocr_par' dir='ltr' id='par_1_26' title="bbox 216 2528 1766 2597">
     <span class='ocr_line' id='line_1_26' title="bbox 216 2528 1766 2597; baseline -0.003 -12"><span class='ocrx_word' id='word_1_179' title='bbox 216 2532 412 2586; x_wconf 90' lang='lat' dir='ltr'>Dictus</span> <span class='ocrx_word' id='word_1_180' title='bbox 444 2531 632 2584; x_wconf 90' lang='lat' dir='ltr'>Bruno</span> <span class='ocrx_word' id='word_1_181' title='bbox 666 2529 869 2593; x_wconf 90' lang='lat' dir='ltr'>bonus,</span> <span class='ocrx_word' id='word_1_182' title='bbox 898 2530 1091 2582; x_wconf 88' lang='lat' dir='ltr'>noster</span> <span class='ocrx_word' id='word_1_183' title='bbox 1116 2542 1219 2595; x_wconf 84' lang='lat' dir='ltr'>per</span> <span class='ocrx_word' id='word_1_184' title='bbox 1248 2529 1452 2580; x_wconf 89' lang='lat' dir='ltr'>cuncta</span> <span class='ocrx_word' id='word_1_185' title='bbox 1467 2528 1766 2597; x_wconf 90' lang='lat' dir='ltr'>patronus,</span> 
     </span>
    </p>
   </div>
   <div class='ocr_carea' id='block_1_27' title="bbox 221 2614 1519 2689">
    <p class='ocr_par' dir='ltr' id='par_1_27' title="bbox 221 2614 1519 2689">
     <span class='ocr_line' id='line_1_27' title="bbox 221 2614 1519 2689; baseline -0.004 -15"><span class='ocrx_word' id='word_1_186' title='bbox 221 2620 344 2684; x_wconf 86' lang='lat' dir='ltr'>Quo</span> <span class='ocrx_word' id='word_1_187' title='bbox 378 2618 527 2674; x_wconf 83' lang='lat' dir='ltr'>vexit</span> <span class='ocrx_word' id='word_1_188' title='bbox 558 2633 731 2689; x_wconf 82' lang='lat' dir='ltr'>pago,</span> <span class='ocrx_word' id='word_1_189' title='bbox 758 2616 952 2670; x_wconf 88' lang='lat' dir='ltr'>vivens</span> <span class='ocrx_word' id='word_1_190' title='bbox 974 2614 1295 2688; x_wconf 86' lang='lat' dir='ltr'>permansit</span> <span class='ocrx_word' id='word_1_191' title='bbox 1323 2615 1519 2686; x_wconf 87' lang='lat' dir='ltr'>imago</span> 
     </span>
    </p>
   </div>
   <div class='ocr_carea' id='block_1_28' title="bbox 219 2703 1421 2778">
    <p class='ocr_par' dir='ltr' id='par_1_28' title="bbox 219 2703 1421 2778">
     <span class='ocr_line' id='line_1_28' title="bbox 219 2703 1421 2778; baseline -0.003 -18"><span class='ocrx_word' id='word_1_192' title='bbox 219 2708 379 2762; x_wconf 68' lang='lat' dir='ltr'>Verzr,</span> <span class='ocrx_word' id='word_1_193' title='bbox 398 2706 658 2778; x_wconf 79' lang='lat' dir='ltr'>justitiae,</span> <span class='ocrx_word' id='word_1_194' title='bbox 693 2704 993 2769; x_wconf 72' lang='lat' dir='ltr'>doctrinae,</span> <span class='ocrx_word' id='word_1_195' title='bbox 1024 2703 1421 2773; x_wconf 71' lang='lat' dir='ltr'>philosophiae,</span> 
     </span>
    </p>
   </div>
   <div class='ocr_carea' id='block_1_29' title="bbox 222 2790 1595 2866">
    <p class='ocr_par' dir='ltr' id='par_1_29' title="bbox 222 2790 1595 2866">
     <span class='ocr_line' id='line_1_29' title="bbox 222 2790 1595 2866; baseline -0.004 -16"><span class='ocrx_word' id='word_1_196' title='bbox 222 2796 565 2866; x_wconf 84' lang='lat' dir='ltr'>Exemplum</span> <span class='ocrx_word' id='word_1_197' title='bbox 597 2793 817 2847; x_wconf 89' lang='lat' dir='ltr'>cunctis</span> <span class='ocrx_word' id='word_1_198' title='bbox 845 2791 941 2863; x_wconf 89' lang='lat' dir='ltr'>qui</span> <span class='ocrx_word' id='word_1_199' title='bbox 969 2792 1112 2845; x_wconf 92' lang='lat' dir='ltr'>dans</span> <span class='ocrx_word' id='word_1_200' title='bbox 1143 2790 1368 2849; x_wconf 79' lang='lat' dir='ltr'>natione</span> <span class='ocrx_word' id='word_1_201' title='bbox 1398 2790 1595 2861; x_wconf 89' lang='lat' dir='ltr'>potitis</span> 
     </span>
    </p>
   </div>
   <div class='ocr_carea' id='block_1_30' title="bbox 220 2879 1700 2951">
    <p class='ocr_par' dir='ltr' id='par_1_30' title="bbox 220 2879 1700 2951">
     <span class='ocr_line' id='line_1_30' title="bbox 220 2879 1700 2951; baseline -0.003 -13"><span class='ocrx_word' id='word_1_202' title='bbox 220 2884 438 2938; x_wconf 83' lang='lat' dir='ltr'>Struxit</span> <span class='ocrx_word' id='word_1_203' title='bbox 466 2886 835 2947; x_wconf 84' lang='lat' dir='ltr'>structuram,</span> <span class='ocrx_word' id='word_1_204' title='bbox 871 2896 1047 2951; x_wconf 88' lang='lat' dir='ltr'>quam</span> <span class='ocrx_word' id='word_1_205' title='bbox 1081 2879 1240 2934; x_wconf 86' lang='lat' dir='ltr'>novit</span> <span class='ocrx_word' id='word_1_206' title='bbox 1268 2896 1387 2934; x_wconf 89' lang='lat' dir='ltr'>non</span> <span class='ocrx_word' id='word_1_207' title='bbox 1417 2880 1700 2934; x_wconf 86' lang='lat' dir='ltr'>ruituram</span> 
     </span>
    </p>
   </div>
   <div class='ocr_carea' id='block_1_31' title="bbox 216 2969 1773 3042">
    <p class='ocr_par' dir='ltr' id='par_1_31' title="bbox 216 2969 1773 3042">
     <span class='ocr_line' id='line_1_31' title="bbox 216 2969 1773 3042; baseline -0.002 -16"><span class='ocrx_word' id='word_1_208' title='bbox 216 2974 544 3027; x_wconf 63' lang='lat' dir='ltr'>Etheream</span> <span class='ocrx_word' id='word_1_209' title='bbox 564 3020 565 3023; x_wconf 47' lang='grc' dir='ltr'><strong>η</strong></span> <span class='ocrx_word' id='word_1_210' title='bbox 582 2971 802 3037; x_wconf 88' lang='lat' dir='ltr'>sedem,</span> <span class='ocrx_word' id='word_1_211' title='bbox 836 2986 939 3042; x_wconf 91' lang='lat' dir='ltr'>per</span> <span class='ocrx_word' id='word_1_212' title='bbox 964 2969 1170 3023; x_wconf 68' lang='lat' dir='ltr'>szecula</span> <span class='ocrx_word' id='word_1_213' title='bbox 1196 2971 1401 3022; x_wconf 90' lang='lat' dir='ltr'>cuncta</span> <span class='ocrx_word' id='word_1_214' title='bbox 1431 2972 1773 3023; x_wconf 87' lang='lat' dir='ltr'>manentem</span> 
     </span>
    </p>
   </div>
   <div class='ocr_carea' id='block_1_32' title="bbox 218 3056 1591 3129">
    <p class='ocr_par' dir='ltr' id='par_1_32' title="bbox 218 3056 1591 3129">
     <span class='ocr_line' id='line_1_32' title="bbox 218 3056 1591 3129; baseline -0.004 -14"><span class='ocrx_word' id='word_1_215' title='bbox 218 3063 284 3115; x_wconf 91' lang='lat' dir='ltr'>ln</span> <span class='ocrx_word' id='word_1_216' title='bbox 317 3060 558 3115; x_wconf 87' lang='lat' dir='ltr'>summis</span> <span class='ocrx_word' id='word_1_217' title='bbox 582 3060 755 3125; x_wconf 66' lang='lat' dir='ltr'>caelis,</span> <span class='ocrx_word' id='word_1_218' title='bbox 790 3059 885 3113; x_wconf 88' lang='lat' dir='ltr'>ubi</span> <span class='ocrx_word' id='word_1_219' title='bbox 916 3058 1133 3129; x_wconf 85' lang='lat' dir='ltr'>gaudet</span> <span class='ocrx_word' id='word_1_220' title='bbox 1164 3057 1355 3111; x_wconf 89' lang='lat' dir='ltr'>Bruno</span> <span class='ocrx_word' id='word_1_221' title='bbox 1388 3056 1591 3123; x_wconf 88' lang='lat' dir='ltr'>ﬁdelis,</span> 
     </span>
    </p>
   </div>
   <div class='ocr_carea' id='block_1_33' title="bbox 220 3146 1499 3219">
    <p class='ocr_par' dir='ltr' id='par_1_33' title="bbox 220 3146 1499 3219">
     <span class='ocr_line' id='line_1_33' title="bbox 220 3146 1499 3219; baseline -0.003 -16"><span class='ocrx_word' id='word_1_222' title='bbox 220 3150 395 3219; x_wconf 87' lang='lat' dir='ltr'>Cujus</span> <span class='ocrx_word' id='word_1_223' title='bbox 427 3150 703 3203; x_wconf 82' lang='lat' dir='ltr'>mirantes</span> <span class='ocrx_word' id='word_1_224' title='bbox 734 3149 947 3214; x_wconf 90' lang='lat' dir='ltr'>vitam;</span> <span class='ocrx_word' id='word_1_225' title='bbox 983 3163 1175 3201; x_wconf 90' lang='lat' dir='ltr'>mores</span> <span class='ocrx_word' id='word_1_226' title='bbox 1207 3146 1499 3200; x_wconf 87' lang='lat' dir='ltr'>imitantes</span> 
     </span>
    </p>
   </div>
   <div class='ocr_carea' id='block_1_34' title="bbox 220 3234 1625 3307">
    <p class='ocr_par' dir='ltr' id='par_1_34' title="bbox 220 3234 1625 3307">
     <span class='ocr_line' id='line_1_34' title="bbox 220 3234 1625 3307; baseline -0.003 -15"><span class='ocrx_word' id='word_1_227' title='bbox 220 3237 436 3292; x_wconf 90' lang='lat' dir='ltr'>Omnes</span> <span class='ocrx_word' id='word_1_228' title='bbox 467 3254 700 3292; x_wconf 89' lang='lat' dir='ltr'>oremus</span> <span class='ocrx_word' id='word_1_229' title='bbox 725 3252 913 3307; x_wconf 88' lang='lat' dir='ltr'>prece,</span> <span class='ocrx_word' id='word_1_230' title='bbox 937 3234 1318 3307; x_wconf 88' lang='lat' dir='ltr'>qualicunque</span> <span class='ocrx_word' id='word_1_231' title='bbox 1351 3235 1625 3300; x_wconf 87' lang='lat' dir='ltr'>valemus,</span> 
     </span>
    </p>
   </div>
   <div class='ocr_carea' id='block_1_35' title="bbox 220 3322 1733 3396">
    <p class='ocr_par' dir='ltr' id='par_1_35' title="bbox 220 3322 1733 3396">
     <span class='ocr_line' id='line_1_35' title="bbox 220 3322 1733 3396; baseline 0 -17"><span class='ocrx_word' id='word_1_232' title='bbox 220 3326 321 3380; x_wconf 87' lang='lat' dir='ltr'>Hic</span> <span class='ocrx_word' id='word_1_233' title='bbox 356 3329 417 3380; x_wconf 91' lang='lat' dir='ltr'>ut</span> <span class='ocrx_word' id='word_1_234' title='bbox 443 3329 564 3381; x_wconf 90' lang='lat' dir='ltr'>tam</span> <span class='ocrx_word' id='word_1_235' title='bbox 598 3325 824 3396; x_wconf 89' lang='lat' dir='ltr'>dignus,</span> <span class='ocrx_word' id='word_1_236' title='bbox 851 3328 971 3379; x_wconf 88' lang='lat' dir='ltr'>tam</span> <span class='ocrx_word' id='word_1_237' title='bbox 996 3340 1162 3377; x_wconf 87' lang='lat' dir='ltr'>verax</span> <span class='ocrx_word' id='word_1_238' title='bbox 1195 3326 1432 3395; x_wconf 86' lang='lat' dir='ltr'>tamque</span> <span class='ocrx_word' id='word_1_239' title='bbox 1449 3322 1733 3396; x_wconf 89' lang='lat' dir='ltr'>benignus</span> 
     </span>
    </p>
   </div>
   <div class='ocr_carea' id='block_1_36' title="bbox 220 3412 1410 3478">
    <p class='ocr_par' dir='ltr' id='par_1_36' title="bbox 220 3412 1410 3478">
     <span class='ocr_line' id='line_1_36' title="bbox 220 3412 1410 3478; baseline -0.004 -9"><span class='ocrx_word' id='word_1_240' title='bbox 220 3416 335 3469; x_wconf 90' lang='lat' dir='ltr'>Pro</span> <span class='ocrx_word' id='word_1_241' title='bbox 376 3415 541 3469; x_wconf 90' lang='lat' dir='ltr'>nobis</span> <span class='ocrx_word' id='word_1_242' title='bbox 569 3416 693 3468; x_wconf 84' lang='lat' dir='ltr'>toto</span> <span class='ocrx_word' id='word_1_243' title='bbox 726 3413 975 3467; x_wconf 87' lang='lat' dir='ltr'>fundens</span> <span class='ocrx_word' id='word_1_244' title='bbox 1007 3412 1239 3466; x_wconf 91' lang='lat' dir='ltr'>oracula</span> <span class='ocrx_word' id='word_1_245' title='bbox 1260 3414 1410 3478; x_wconf 92' lang='lat' dir='ltr'>voto,</span> 
     </span>
    </p>
   </div>
   <div class='ocr_carea' id='block_1_37' title="bbox 224 3500 1530 3575">
    <p class='ocr_par' dir='ltr' id='par_1_37' title="bbox 224 3500 1530 3575">
     <span class='ocr_line' id='line_1_37' title="bbox 224 3500 1530 3575; baseline -0.004 -17"><span class='ocrx_word' id='word_1_246' title='bbox 224 3504 348 3567; x_wconf 87' lang='lat' dir='ltr'>Quo</span> <span class='ocrx_word' id='word_1_247' title='bbox 371 3503 587 3575; x_wconf 85' lang='lat' dir='ltr'>gaudet</span> <span class='ocrx_word' id='word_1_248' title='bbox 616 3504 800 3569; x_wconf 78' lang='lat' dir='ltr'>laetus,</span> <span class='ocrx_word' id='word_1_249' title='bbox 833 3501 1045 3555; x_wconf 67' lang='lat' dir='ltr'>cmlesti</span> <span class='ocrx_word' id='word_1_250' title='bbox 1067 3500 1320 3554; x_wconf 89' lang='lat' dir='ltr'>culmine</span> <span class='ocrx_word' id='word_1_251' title='bbox 1350 3500 1530 3554; x_wconf 88' lang='lat' dir='ltr'>fretus</span> 
     </span>
    </p>
   </div>
   <div class='ocr_carea' id='block_1_38' title="bbox 220 3589 1528 3663">
    <p class='ocr_par' dir='ltr' id='par_1_38' title="bbox 220 3589 1528 3663">
     <span class='ocr_line' id='line_1_38' title="bbox 220 3589 1528 3663; baseline -0.003 -18"><span class='ocrx_word' id='word_1_252' title='bbox 220 3592 335 3647; x_wconf 74' lang='lat' dir='ltr'>Nos</span> <span class='ocrx_word' id='word_1_253' title='bbox 363 3590 730 3663; x_wconf 89' lang='lat' dir='ltr'>congaudere</span> <span class='ocrx_word' id='word_1_254' title='bbox 762 3589 935 3643; x_wconf 89' lang='lat' dir='ltr'>faciat</span> <span class='ocrx_word' id='word_1_255' title='bbox 955 3604 1263 3659; x_wconf 85' lang='lat' dir='ltr'>secumque</span> <span class='ocrx_word' id='word_1_256' title='bbox 1290 3604 1528 3642; x_wconf 89' lang='lat' dir='ltr'>manere</span> 
     </span>
    </p>
   </div>
   <div class='ocr_carea' id='block_1_39' title="bbox 644 3676 1478 3747">
    <p class='ocr_par' dir='ltr' id='par_1_39' title="bbox 644 3676 1478 3747">
     <span class='ocr_line' id='line_1_39' title="bbox 644 3676 1478 3747; baseline -0.007 -11"><span class='ocrx_word' id='word_1_257' title='bbox 644 3679 706 3736; x_wconf 83' lang='lat' dir='ltr'>S.</span> <span class='ocrx_word' id='word_1_258' title='bbox 746 3679 1030 3732; x_wconf 73' lang='lat' dir='ltr'>Trinitatis</span> <span class='ocrx_word' id='word_1_259' title='bbox 1065 3676 1478 3747; x_wconf 58' lang='lat' dir='ltr'>Falecz&#39;w(384).</span> 
     </span>
    </p>
   </div>
   <div class='ocr_carea' id='block_1_40' title="bbox 217 3764 1692 3831">
    <p class='ocr_par' dir='ltr' id='par_1_40' title="bbox 217 3764 1692 3831">
     <span class='ocr_line' id='line_1_40' title="bbox 217 3764 1692 3831; baseline -0.004 -7"><span class='ocrx_word' id='word_1_260' title='bbox 217 3772 341 3824; x_wconf 88' lang='grc'><strong>113.</strong></span> <span class='ocrx_word' id='word_1_261' title='bbox 363 3769 530 3822; x_wconf 87' lang='lat' dir='ltr'>Tanti</span> <span class='ocrx_word' id='word_1_262' title='bbox 561 3768 810 3823; x_wconf 91' lang='lat' dir='ltr'>doctoris</span> <span class='ocrx_word' id='word_1_263' title='bbox 841 3768 1029 3820; x_wconf 87' lang='lat' dir='ltr'>fuerat</span> <span class='ocrx_word' id='word_1_264' title='bbox 1055 3765 1124 3819; x_wconf 89' lang='lat' dir='ltr'>de</span> <span class='ocrx_word' id='word_1_265' title='bbox 1140 3768 1326 3818; x_wconf 88' lang='lat' dir='ltr'>morte</span> <span class='ocrx_word' id='word_1_266' title='bbox 1356 3764 1692 3831; x_wconf 91' lang='lat' dir='ltr'>dolendum,</span> 
     </span>
    </p>
   </div>
   <div class='ocr_carea' id='block_1_41' title="bbox 216 3851 1833 3927">
    <p class='ocr_par' dir='ltr' id='par_1_41' title="bbox 216 3851 1833 3927">
     <span class='ocr_line' id='line_1_41' title="bbox 216 3851 1833 3927; baseline -0.003 -16"><span class='ocrx_word' id='word_1_267' title='bbox 216 3856 501 3911; x_wconf 88' lang='lat' dir='ltr'>Omnibus</span> <span class='ocrx_word' id='word_1_268' title='bbox 518 3858 687 3927; x_wconf 89' lang='lat' dir='ltr'>atque</span> <span class='ocrx_word' id='word_1_269' title='bbox 704 3854 867 3908; x_wconf 87' lang='lat' dir='ltr'>bonis</span> <span class='ocrx_word' id='word_1_270' title='bbox 884 3856 1195 3923; x_wconf 88' lang='lat' dir='ltr'>noctesque</span> <span class='ocrx_word' id='word_1_271' title='bbox 1210 3851 1443 3922; x_wconf 88' lang='lat' dir='ltr'>diesque</span> <span class='ocrx_word' id='word_1_272' title='bbox 1456 3852 1833 3921; x_wconf 89' lang='lat' dir='ltr'>gemendum,</span> 
     </span>
    </p>
   </div>
   <div class='ocr_carea' id='block_1_42' title="bbox 214 3941 1709 4016">
    <p class='ocr_par' dir='ltr' id='par_1_42' title="bbox 214 3941 1709 4016">
     <span class='ocr_line' id='line_1_42' title="bbox 214 3941 1709 4016; baseline -0.003 -18"><span class='ocrx_word' id='word_1_273' title='bbox 214 3944 274 3999; x_wconf 91' lang='lat' dir='ltr'>Si</span> <span class='ocrx_word' id='word_1_274' title='bbox 301 3946 537 4016; x_wconf 87' lang='lat' dir='ltr'>possent</span> <span class='ocrx_word' id='word_1_275' title='bbox 566 3945 749 3997; x_wconf 90' lang='lat' dir='ltr'>luctus</span> <span class='ocrx_word' id='word_1_276' title='bbox 775 3941 1077 3996; x_wconf 89' lang='lat' dir='ltr'>hominem</span> <span class='ocrx_word' id='word_1_277' title='bbox 1111 3956 1379 3993; x_wconf 89' lang='lat' dir='ltr'>revocare</span> <span class='ocrx_word' id='word_1_278' title='bbox 1401 3941 1709 4010; x_wconf 89' lang='lat' dir='ltr'>sepultum,</span> 
     </span>
    </p>
   </div>
   <div class='ocr_carea' id='block_1_43' title="bbox 216 4029 1830 4104">
    <p class='ocr_par' dir='ltr' id='par_1_43' title="bbox 216 4029 1830 4104">
     <span class='ocr_line' id='line_1_43' title="bbox 216 4029 1830 4104; baseline -0.002 -16"><span class='ocrx_word' id='word_1_279' title='bbox 216 4034 287 4088; x_wconf 87' lang='lat' dir='ltr'>Et</span> <span class='ocrx_word' id='word_1_280' title='bbox 315 4034 587 4104; x_wconf 67' lang='lat' dir='ltr'>lacrymae</span> <span class='ocrx_word' id='word_1_281' title='bbox 617 4032 835 4087; x_wconf 91' lang='lat' dir='ltr'>fruetus</span> <span class='ocrx_word' id='word_1_282' title='bbox 862 4030 1143 4095; x_wconf 89' lang='lat' dir='ltr'>facerent,</span> <span class='ocrx_word' id='word_1_283' title='bbox 1172 4044 1290 4083; x_wconf 92' lang='lat' dir='ltr'>non</span> <span class='ocrx_word' id='word_1_284' title='bbox 1318 4029 1551 4100; x_wconf 88' lang='lat' dir='ltr'>plagere</span> <span class='ocrx_word' id='word_1_285' title='bbox 1571 4030 1830 4099; x_wconf 85' lang='lat' dir='ltr'>stultum,</span> 
     </span>
    </p>
   </div>
   <div class='ocr_carea' id='block_1_44' title="bbox 215 4194 1828 4276">
    <p class='ocr_par' dir='ltr' id='par_1_44' title="bbox 215 4194 1828 4276">
     <span class='ocr_line' id='line_1_44' title="bbox 215 4194 1828 4276; baseline -0.002 -22"><span class='ocrx_word' id='word_1_286' title='bbox 215 4200 305 4254; x_wconf 88' lang='lat' dir='ltr'>nis</span> <span class='ocrx_word' id='word_1_287' title='bbox 333 4201 608 4254; x_wconf 69' lang='lat' dir='ltr'>Matronae</span> <span class='ocrx_word' id='word_1_288' title='bbox 638 4199 829 4276; x_wconf 79' lang='lat' dir='ltr'>ripam</span> <span class='ocrx_word' id='word_1_289' title='bbox 849 4197 1122 4276; x_wconf 74' lang='lat' dir='ltr'>positum,</span> <span class='ocrx_word' id='word_1_290' title='bbox 1140 4195 1299 4276; x_wconf 67' lang='lat' dir='ltr'>quod</span> <span class='ocrx_word' id='word_1_291' title='bbox 1317 4194 1373 4251; x_wconf 90' lang='lat' dir='ltr'>S.</span> <span class='ocrx_word' id='word_1_292' title='bbox 1400 4196 1828 4276; x_wconf 68' lang='lat' dir='ltr'>Furseusmobi-</span> 
     </span>
    </p>
   </div>
   <div class='ocr_carea' id='block_1_45' title="bbox 213 4266 1828 4337">
    <p class='ocr_par' dir='ltr' id='par_1_45' title="bbox 213 4266 1828 4337">
     <span class='ocr_line' id='line_1_45' title="bbox 213 4266 1828 4337; baseline -0.001 -12"><span class='ocrx_word' id='word_1_293' title='bbox 213 4272 283 4325; x_wconf 90' lang='lat' dir='ltr'>lis</span> <span class='ocrx_word' id='word_1_294' title='bbox 311 4272 613 4333; x_wconf 87' lang='lat' dir='ltr'>Hibernus,</span> <span class='ocrx_word' id='word_1_295' title='bbox 648 4266 729 4323; x_wconf 81' lang='lat' dir='ltr'>uti</span> <span class='ocrx_word' id='word_1_296' title='bbox 763 4270 835 4323; x_wconf 89' lang='lat' dir='ltr'>ad</span> <span class='ocrx_word' id='word_1_297' title='bbox 850 4266 932 4322; x_wconf 65' lang='grc'>’16</span> <span class='ocrx_word' id='word_1_298' title='bbox 960 4267 1215 4322; x_wconf 83' lang='lat' dir='ltr'>Januarii</span> <span class='ocrx_word' id='word_1_299' title='bbox 1247 4266 1424 4331; x_wconf 90' lang='lat' dir='ltr'>diem,</span> <span class='ocrx_word' id='word_1_300' title='bbox 1458 4283 1570 4337; x_wconf 90' lang='lat' dir='ltr'>quo</span> <span class='ocrx_word' id='word_1_301' title='bbox 1603 4267 1672 4321; x_wconf 91' lang='lat' dir='ltr'>de</span> <span class='ocrx_word' id='word_1_302' title='bbox 1732 4267 1828 4323; x_wconf 92' lang='lat' dir='ltr'>illo</span> 
     </span>
    </p>
   </div>
   <div class='ocr_carea' id='block_1_46' title="bbox 216 4338 1905 4413">
    <p class='ocr_par' dir='ltr' id='par_1_46' title="bbox 216 4338 1905 4413">
     <span class='ocr_line' id='line_1_46' title="bbox 216 4338 1905 4413; baseline -0.001 -16"><span class='ocrx_word' id='word_1_303' title='bbox 216 4342 370 4413; x_wconf 86' lang='lat' dir='ltr'>apud</span> <span class='ocrx_word' id='word_1_304' title='bbox 408 4359 513 4396; x_wconf 86' lang='lat' dir='ltr'>nos</span> <span class='ocrx_word' id='word_1_305' title='bbox 544 4345 752 4413; x_wconf 9' lang='lat' dir='ltr'>actumq</span> <span class='ocrx_word' id='word_1_306' title='bbox 783 4339 1102 4413; x_wconf 75' lang='lat' dir='ltr'>docuimus,</span> <span class='ocrx_word' id='word_1_307' title='bbox 1158 4338 1362 4413; x_wconf 68' lang='lat' dir='ltr'>smculo</span> <span class='ocrx_word' id='word_1_308' title='bbox 1409 4353 1481 4413; x_wconf 70' lang='lat' dir='ltr'>vn</span> <span class='ocrx_word' id='word_1_309' title='bbox 1531 4338 1825 4405; x_wconf 82' lang='lat' dir='ltr'>exstruxif,</span> <span class='ocrx_word' id='word_1_310' title='bbox 1852 4338 1905 4396; x_wconf 91' lang='lat' dir='ltr'>D</span> 
     </span>
    </p>
   </div>
   <div class='ocr_carea' id='block_1_47' title="bbox 255 4407 1829 4481">
    <p class='ocr_par' dir='ltr' id='par_1_47' title="bbox 255 4407 1829 4481">
     <span class='ocr_line' id='line_1_47' title="bbox 255 4407 1829 4481; baseline -0.002 -15"><span class='ocrx_word' id='word_1_311' title='bbox 255 4407 645 4481; x_wconf 80' lang='lat' dir='ltr'>uodque,cum</span> <span class='ocrx_word' id='word_1_312' title='bbox 666 4410 874 4465; x_wconf 87' lang='lat' dir='ltr'>deinde</span> <span class='ocrx_word' id='word_1_313' title='bbox 887 4407 1336 4463; x_wconf 77' lang='lat' dir='ltr'>aNorthuiannis</span> <span class='ocrx_word' id='word_1_314' title='bbox 1356 4407 1585 4481; x_wconf 74' lang='lat' dir='ltr'>ruinam</span> <span class='ocrx_word' id='word_1_315' title='bbox 1599 4425 1829 4478; x_wconf 89' lang='lat' dir='ltr'>passum</span> 
     </span>
    </p>
   </div>
   <div class='ocr_carea' id='block_1_48' title="bbox 240 4478 1829 4549">
    <p class='ocr_par' dir='ltr' id='par_1_48' title="bbox 240 4478 1829 4549">
     <span class='ocr_line' id='line_1_48' title="bbox 240 4478 1829 4549; baseline -0.002 -13"><span class='ocrx_word' id='word_1_316' title='bbox 240 4478 430 4549; x_wconf 75' lang='lat' dir='ltr'>uisset,</span> <span class='ocrx_word' id='word_1_317' title='bbox 460 4484 665 4536; x_wconf 70' lang='lat' dir='ltr'>sazculo</span> <span class='ocrx_word' id='word_1_318' title='bbox 680 4499 730 4534; x_wconf 74' lang='grc' dir='ltr'>χι</span> <span class='ocrx_word' id='word_1_319' title='bbox 746 4481 1186 4534; x_wconf 88' lang='lat' dir='ltr'>instaurandum</span> <span class='ocrx_word' id='word_1_320' title='bbox 1207 4478 1423 4531; x_wconf 84' lang='lat' dir='ltr'>curavit</span> <span class='ocrx_word' id='word_1_321' title='bbox 1441 4478 1749 4549; x_wconf 87' lang='lat' dir='ltr'>Herbertus</span> <span class='ocrx_word' id='word_1_322' title='bbox 1763 4481 1829 4533; x_wconf 77' lang='lat' dir='ltr'>[II</span> 
     </span>
    </p>
   </div>
   <div class='ocr_carea' id='block_1_49' title="bbox 212 4548 1823 4608">
    <p class='ocr_par' dir='ltr' id='par_1_49' title="bbox 212 4548 1823 4608">
     <span class='ocr_line' id='line_1_49' title="bbox 212 4548 1823 4608; baseline -0.003 0"><span class='ocrx_word' id='word_1_323' title='bbox 212 4548 428 4608; x_wconf 88' lang='lat' dir='ltr'>comes.</span> <span class='ocrx_word' id='word_1_324' title='bbox 466 4553 723 4607; x_wconf 87' lang='lat' dir='ltr'>Herberti</span> <span class='ocrx_word' id='word_1_325' title='bbox 757 4553 797 4604; x_wconf 93' lang='lat' dir='ltr'>lI</span> <span class='ocrx_word' id='word_1_326' title='bbox 826 4550 1362 4603; x_wconf 84' lang='lat' dir='ltr'>Veromanduorum</span> <span class='ocrx_word' id='word_1_327' title='bbox 1405 4548 1629 4602; x_wconf 91' lang='lat' dir='ltr'>comitis</span> <span class='ocrx_word' id='word_1_328' title='bbox 1658 4549 1823 4603; x_wconf 83' lang='lat' dir='ltr'>ﬁlius.</span> 
     </span>
    </p>
   </div>
   <div class='ocr_carea' id='block_1_50' title="bbox 287 4620 1828 4693">
    <p class='ocr_par' dir='ltr' id='par_1_50' title="bbox 287 4620 1828 4693">
     <span class='ocr_line' id='line_1_50' title="bbox 287 4620 1828 4693; baseline -0.002 -16"><span class='ocrx_word' id='word_1_329' title='bbox 287 4625 433 4693; x_wconf 86' lang='lat'>(383)</span> <span class='ocrx_word' id='word_1_330' title='bbox 470 4625 610 4677; x_wconf 87' lang='lat' dir='ltr'>Cum</span> <span class='ocrx_word' id='word_1_331' title='bbox 644 4639 760 4676; x_wconf 88' lang='lat' dir='ltr'>non</span> <span class='ocrx_word' id='word_1_332' title='bbox 781 4637 1158 4693; x_wconf 14' lang='lat' dir='ltr'>palmasquze</span> <span class='ocrx_word' id='word_1_333' title='bbox 1188 4620 1524 4693; x_wconf 62' lang='lat' dir='ltr'>Noui-castri</span> <span class='ocrx_word' id='word_1_334' title='bbox 1550 4636 1648 4673; x_wconf 89' lang='lat' dir='ltr'>seu</span> <span class='ocrx_word' id='word_1_335' title='bbox 1688 4621 1828 4674; x_wconf 86' lang='lat' dir='ltr'>Neo-</span> 
     </span>
    </p>
   </div>
   <div class='ocr_carea' id='block_1_51' title="bbox 210 4690 1823 4763">
    <p class='ocr_par' dir='ltr' id='par_1_51' title="bbox 210 4690 1823 4763">
     <span class='ocr_line' id='line_1_51' title="bbox 210 4690 1823 4763; baseline -0.002 -16"><span class='ocrx_word' id='word_1_336' title='bbox 210 4690 396 4755; x_wconf 78' lang='lat' dir='ltr'>castri,</span> <span class='ocrx_word' id='word_1_337' title='bbox 420 4690 633 4747; x_wconf 84' lang='lat' dir='ltr'>Gallice</span> <span class='ocrx_word' id='word_1_338' title='bbox 686 4690 1030 4760; x_wconf 46' lang='lat' dir='ltr'>Neu/Chatti],</span> <span class='ocrx_word' id='word_1_339' title='bbox 1077 4690 1314 4763; x_wconf 89' lang='lat' dir='ltr'>nomine</span> <span class='ocrx_word' id='word_1_340' title='bbox 1373 4690 1823 4763; x_wconf 78' lang='lat' dir='ltr'>distinguuntur,</span> 
     </span>
    </p>
   </div>
   <div class='ocr_carea' id='block_1_52' title="bbox 210 4760 1825 4840">
    <p class='ocr_par' dir='ltr' id='par_1_52' title="bbox 210 4760 1825 4840">
     <span class='ocr_line' id='line_1_52' title="bbox 210 4760 1825 4840; baseline -0.001 -22"><span class='ocrx_word' id='word_1_341' title='bbox 210 4767 339 4819; x_wconf 88' lang='lat' dir='ltr'>loca</span> <span class='ocrx_word' id='word_1_342' title='bbox 358 4765 742 4829; x_wconf 84' lang='lat' dir='ltr'>inveniantur,</span> <span class='ocrx_word' id='word_1_343' title='bbox 767 4780 869 4840; x_wconf 80' lang='lat' dir='ltr'>nec</span> <span class='ocrx_word' id='word_1_344' title='bbox 885 4764 1083 4826; x_wconf 89' lang='lat' dir='ltr'>ullum,</span> <span class='ocrx_word' id='word_1_345' title='bbox 1109 4761 1267 4840; x_wconf 77' lang='lat' dir='ltr'>cujus</span> <span class='ocrx_word' id='word_1_346' title='bbox 1281 4760 1577 4840; x_wconf 79' lang='lat' dir='ltr'>ecclesiam</span> <span class='ocrx_word' id='word_1_347' title='bbox 1594 4760 1825 4840; x_wconf 41' lang='lat' dir='ltr'>S.-Petr0</span> 
     </span>
    </p>
   </div>
   <div class='ocr_carea' id='block_1_53' title="bbox 212 4832 1826 4911">
    <p class='ocr_par' dir='ltr' id='par_1_53' title="bbox 212 4832 1826 4911">
     <span class='ocr_line' id='line_1_53' title="bbox 212 4832 1826 4911; baseline -0.002 -22"><span class='ocrx_word' id='word_1_348' title='bbox 212 4839 607 4906; x_wconf 86' lang='lat' dir='ltr'>nuncupatam</span> <span class='ocrx_word' id='word_1_349' title='bbox 627 4833 946 4911; x_wconf 76' lang='lat' dir='ltr'>essesciam,</span> <span class='ocrx_word' id='word_1_350' title='bbox 964 4832 1213 4901; x_wconf 87' lang='lat' dir='ltr'>reperire</span> <span class='ocrx_word' id='word_1_351' title='bbox 1235 4832 1542 4911; x_wconf 59' lang='lat' dir='ltr'>potuerim,</span> <span class='ocrx_word' id='word_1_352' title='bbox 1564 4832 1826 4911; x_wconf 78' lang='lat' dir='ltr'>quisnam</span> 
     </span>
    </p>
   </div>
   <div class='ocr_carea' id='block_1_54' title="bbox 213 4902 1825 4974">
    <p class='ocr_par' dir='ltr' id='par_1_54' title="bbox 213 4902 1825 4974">
     <span class='ocr_line' id='line_1_54' title="bbox 213 4902 1825 4974; baseline -0.002 -15"><span class='ocrx_word' id='word_1_353' title='bbox 213 4907 305 4959; x_wconf 80' lang='lat' dir='ltr'>hic</span> <span class='ocrx_word' id='word_1_354' title='bbox 340 4902 494 4960; x_wconf 74' lang='lat' dir='ltr'>locus</span> <span class='ocrx_word' id='word_1_355' title='bbox 525 4922 684 4958; x_wconf 69' lang='lat' dir='ltr'>sacer</span> <span class='ocrx_word' id='word_1_356' title='bbox 714 4903 1053 4974; x_wconf 83' lang='lat' dir='ltr'>disignetur,</span> <span class='ocrx_word' id='word_1_357' title='bbox 1091 4919 1192 4971; x_wconf 89' lang='lat' dir='ltr'>pro</span> <span class='ocrx_word' id='word_1_358' title='bbox 1240 4906 1395 4955; x_wconf 87' lang='lat' dir='ltr'>certo</span> <span class='ocrx_word' id='word_1_359' title='bbox 1437 4902 1825 4956; x_wconf 85' lang='lat' dir='ltr'>determinare</span> 
     </span>
    </p>
   </div>
   <div class='ocr_carea' id='block_1_55' title="bbox 214 4977 1600 5057">
    <p class='ocr_par' dir='ltr' id='par_1_55' title="bbox 214 4977 1600 5057">
     <span class='ocr_line' id='line_1_55' title="bbox 214 4977 1600 5057; baseline 0 0"><span class='ocrx_word' id='word_1_360' title='bbox 214 4977 639 5057; x_wconf 52' lang='lat' dir='ltr'>hauds&quot;.st</span> <span class='ocrx_word' id='word_1_361' title='bbox 738 5044 869 5057; x_wconf 60' lang='grc' dir='ltr'><strong>η...</strong></span> <span class='ocrx_word' id='word_1_362' title='bbox 977 5042 1127 5057; x_wconf 62' lang='grc' dir='ltr'><strong>η..</strong></span> <span class='ocrx_word' id='word_1_363' title='bbox 1224 5043 1265 5057; x_wconf 78' lang='grc'><strong>.,</strong></span> <span class='ocrx_word' id='word_1_364' title='bbox 1342 5043 1375 5057; x_wconf 84' lang='grc'>..</span> <span class='ocrx_word' id='word_1_365' title='bbox 1591 5042 1600 5051; x_wconf 97' lang='grc'>.</span> 
     </span>
    </p>
   </div>
   <div class='ocr_carea' id='block_1_56' title="bbox 288 5042 1828 5123">
    <p class='ocr_par' dir='ltr' id='par_1_56' title="bbox 288 5042 1828 5123">
     <span class='ocr_line' id='line_1_56' title="bbox 288 5042 1828 5123; baseline -0.002 -23"><span class='ocrx_word' id='word_1_366' title='bbox 288 5042 700 5123; x_wconf 51' lang='lat' dir='ltr'>(384,-_l“alesia,</span> <span class='ocrx_word' id='word_1_367' title='bbox 733 5044 939 5123; x_wconf 81' lang='lat' dir='ltr'>Gallice</span> <span class='ocrx_word' id='word_1_368' title='bbox 965 5042 1198 5122; x_wconf 67' lang='lat' dir='ltr'>Falaz&#39;se,</span> <span class='ocrx_word' id='word_1_369' title='bbox 1223 5042 1666 5123; x_wconf 45' lang='lat' dir='ltr'>Northmanniw‘</span> <span class='ocrx_word' id='word_1_370' title='bbox 1684 5043 1828 5123; x_wconf 67' lang='lat' dir='ltr'>Infe-</span> 
     </span>
    </p>
   </div>
   <div class='ocr_carea' id='block_1_57' title="bbox 212 5113 1827 5192">
    <p class='ocr_par' dir='ltr' id='par_1_57' title="bbox 212 5113 1827 5192">
     <span class='ocr_line' id='line_1_57' title="bbox 212 5113 1827 5192; baseline -0.002 -21"><span class='ocrx_word' id='word_1_371' title='bbox 212 5117 384 5171; x_wconf 88' lang='lat' dir='ltr'>rioris</span> <span class='ocrx_word' id='word_1_372' title='bbox 412 5118 630 5182; x_wconf 88' lang='lat' dir='ltr'>civitas,</span> <span class='ocrx_word' id='word_1_373' title='bbox 657 5120 936 5192; x_wconf 73' lang='lat' dir='ltr'>castrum,</span> <span class='ocrx_word' id='word_1_374' title='bbox 970 5114 1216 5192; x_wconf 83' lang='lat' dir='ltr'>in__rup_e</span> <span class='ocrx_word' id='word_1_375' title='bbox 1243 5113 1457 5192; x_wconf 62' lang='lat' dir='ltr'>eitum,</span> <span class='ocrx_word' id='word_1_376' title='bbox 1506 5113 1609 5192; x_wconf 74' lang='lat' dir='ltr'>sibi</span> <span class='ocrx_word' id='word_1_377' title='bbox 1641 5113 1827 5192; x_wconf 74' lang='lat' dir='ltr'>habet</span> 
     </span>
    </p>
   </div>
   <div class='ocr_carea' id='block_1_58' title="bbox 216 5183 1824 5257">
    <p class='ocr_par' dir='ltr' id='par_1_58' title="bbox 216 5183 1824 5257">
     <span class='ocr_line' id='line_1_58' title="bbox 216 5183 1824 5257; baseline -0.002 -16"><span class='ocrx_word' id='word_1_378' title='bbox 216 5188 578 5257; x_wconf 89' lang='lat' dir='ltr'>adjunctum,</span> <span class='ocrx_word' id='word_1_379' title='bbox 614 5186 913 5257; x_wconf 82' lang='lat' dir='ltr'>binasque,</span> <span class='ocrx_word' id='word_1_380' title='bbox 949 5189 1010 5238; x_wconf 92' lang='lat' dir='ltr'>ut</span> <span class='ocrx_word' id='word_1_381' title='bbox 1032 5184 1425 5257; x_wconf 81' lang='lat' dir='ltr'>Martiniereus</span> <span class='ocrx_word' id='word_1_382' title='bbox 1446 5183 1502 5237; x_wconf 89' lang='lat' dir='ltr'>in</span> <span class='ocrx_word' id='word_1_383' title='bbox 1536 5183 1824 5257; x_wconf 77' lang='lat' dir='ltr'>Dictiona-</span> 
     </span>
    </p>
   </div>
   <div class='ocr_carea' id='block_1_59' title="bbox 213 5204 1825 5329">
    <p class='ocr_par' dir='ltr' id='par_1_59' title="bbox 213 5204 1825 5329">
     <span class='ocr_line' id='line_1_59' title="bbox 216 5204 1824 5263; baseline -0.003 -21"><span class='ocrx_word' id='word_1_384' title='bbox 216 5204 578 5257; x_wconf 79' lang='lat' dir='ltr'>adjunctum,</span> <span class='ocrx_word' id='word_1_385' title='bbox 614 5204 778 5241; x_wconf 78' lang='lat' dir='ltr'>binas</span> <span class='ocrx_word' id='word_1_386' title='bbox 824 5204 913 5245; x_wconf 83' lang='lat' dir='ltr'>ue,</span> <span class='ocrx_word' id='word_1_387' title='bbox 949 5204 1010 5238; x_wconf 82' lang='grc' dir='ltr'>ιιι</span> <span class='ocrx_word' id='word_1_388' title='bbox 1032 5204 1502 5263; x_wconf 77' lang='lat' dir='ltr'>marumereusm</span> <span class='ocrx_word' id='word_1_389' title='bbox 1536 5204 1824 5263; x_wconf 70' lang='lat' dir='ltr'>unctiona-</span> 
     </span>
     <span class='ocr_line' id='line_1_60' title="bbox 213 5204 1825 5329; baseline -0.002 -18"><span class='ocrx_word' id='word_1_390' title='bbox 213 5258 306 5311; x_wconf 89' lang='lat' dir='ltr'>rio</span> <span class='ocrx_word' id='word_1_391' title='bbox 337 5257 733 5329; x_wconf 83' lang='lat' dir='ltr'>Geograpbico</span> <span class='ocrx_word' id='word_1_392' title='bbox 780 5204 966 5329; x_wconf 55' lang='lat' dir='ltr'>gocet,</span> <span class='ocrx_word' id='word_1_393' title='bbox 1023 5254 1825 5329; x_wconf 45' lang='lat' dir='ltr'>complectrturparocbiales</span> 
     </span>
    </p>
   </div>
   <div class='ocr_carea' id='block_1_60' title="bbox 214 5326 1831 5399">
    <p class='ocr_par' dir='ltr' id='par_1_60' title="bbox 214 5326 1831 5399">
     <span class='ocr_line' id='line_1_61' title="bbox 214 5326 1831 5399; baseline -0.002 -16"><span class='ocrx_word' id='word_1_394' title='bbox 214 5326 502 5392; x_wconf 72' lang='lat' dir='ltr'>ecclesias,</span> <span class='ocrx_word' id='word_1_395' title='bbox 565 5326 809 5399; x_wconf 81' lang='lat' dir='ltr'>quarum</span> <span class='ocrx_word' id='word_1_396' title='bbox 889 5327 1095 5399; x_wconf 71' lang='lat' dir='ltr'>altera</span> <span class='ocrx_word' id='word_1_397' title='bbox 1132 5326 1235 5399; x_wconf 52' lang='lat' dir='ltr'>SS.</span> <span class='ocrx_word' id='word_1_398' title='bbox 1295 5326 1595 5399; x_wconf 57' lang='lat' dir='ltr'>Trinitatis,</span> <span class='ocrx_word' id='word_1_399' title='bbox 1649 5326 1831 5379; x_wconf 80' lang='lat' dir='ltr'>altera</span> 
     </span>
    </p>
   </div>
   <div class='ocr_carea' id='block_1_61' title="bbox 216 5395 1827 5470">
    <p class='ocr_par' dir='ltr' id='par_1_61' title="bbox 216 5395 1827 5470">
     <span class='ocr_line' id='line_1_62' title="bbox 216 5395 1827 5470; baseline -0.004 -16"><span class='ocrx_word' id='word_1_400' title='bbox 216 5400 254 5454; x_wconf 89' lang='lat' dir='ltr'>S</span> <span class='ocrx_word' id='word_1_401' title='bbox 285 5399 530 5453; x_wconf 76' lang='lat' dir='ltr'>Gervasz&#39;z&#39;</span> <span class='ocrx_word' id='word_1_402' title='bbox 557 5395 909 5470; x_wconf 78' lang='lat' dir='ltr'>appellatur;</span> <span class='ocrx_word' id='word_1_403' title='bbox 944 5395 1551 5470; x_wconf 9' lang='lat' dir='ltr'>dubitandumritaque</span> <span class='ocrx_word' id='word_1_404' title='bbox 1586 5410 1702 5470; x_wconf 83' lang='lat' dir='ltr'>non</span> <span class='ocrx_word' id='word_1_405' title='bbox 1729 5410 1827 5470; x_wconf 88' lang='lat' dir='ltr'>ap-</span> 
     </span>
    </p>
   </div>
   <div class='ocr_carea' id='block_1_62' title="bbox 218 5466 1829 5552">
    <p class='ocr_par' dir='ltr' id='par_1_62' title="bbox 218 5466 1829 5552">
     <span class='ocr_line' id='line_1_63' title="bbox 218 5466 1829 5552; baseline -0.002 -29"><span class='ocrx_word' id='word_1_406' title='bbox 218 5474 405 5552; x_wconf 77' lang='lat' dir='ltr'>paret,</span> <span class='ocrx_word' id='word_1_407' title='bbox 438 5466 678 5543; x_wconf 53' lang='lat' dir='ltr'>quin&#39;ad</span> <span class='ocrx_word' id='word_1_408' title='bbox 702 5468 955 5540; x_wconf 88' lang='lat' dir='ltr'>priorem</span> <span class='ocrx_word' id='word_1_409' title='bbox 987 5483 1054 5519; x_wconf 81' lang='lat' dir='ltr'>ex</span> <span class='ocrx_word' id='word_1_410' title='bbox 1084 5466 1169 5520; x_wconf 87' lang='lat' dir='ltr'>his</span> <span class='ocrx_word' id='word_1_411' title='bbox 1199 5469 1416 5536; x_wconf 87' lang='lat' dir='ltr'>spectet</span> <span class='ocrx_word' id='word_1_412' title='bbox 1453 5466 1670 5519; x_wconf 86' lang='lat' dir='ltr'>Titulus</span> <span class='ocrx_word' id='word_1_413' title='bbox 1698 5466 1829 5519; x_wconf 89' lang='lat' dir='ltr'>sub-</span> 
     </span>
    </p>
   </div>
   <div class='ocr_carea' id='block_1_63' title="bbox 212 5545 1837 5683">
    <p class='ocr_par' dir='ltr' id='par_1_63' title="bbox 212 5545 1837 5683">
     <span class='ocr_line' id='line_1_64' title="bbox 212 5545 1837 5683; baseline 0.026 -70"><span class='ocrx_word' id='word_1_414' title='bbox 212 5545 441 5683; x_wconf 32' lang='lat' dir='ltr'>Rigas</span> <span class='ocrx_word' id='word_1_415' title='bbox 474 5614 537 5666; x_wconf 91' lang='lat' dir='ltr'>In</span> <span class='ocrx_word' id='word_1_416' title='bbox 590 5610 844 5683; x_wconf 86' lang='lat' dir='ltr'>editione</span> <span class='ocrx_word' id='word_1_417' title='bbox 874 5607 1181 5683; x_wconf 87' lang='lat' dir='ltr'>_Basileensi</span> <span class='ocrx_word' id='word_1_418' title='bbox 1240 5606 1470 5683; x_wconf 77' lang='lat' dir='ltr'>additur</span> <span class='ocrx_word' id='word_1_419' title='bbox 1520 5604 1700 5683; x_wconf 67' lang='lat' dir='ltr'>Cestri</span> <span class='ocrx_word' id='word_1_420' title='bbox 1725 5623 1741 5671; x_wconf 85' lang='lat'><strong>;</strong></span> <span class='ocrx_word' id='word_1_421' title='bbox 1772 5609 1837 5683; x_wconf 73' lang='lat' dir='ltr'>ut</span> 
     </span>
    </p>
   </div>
   <div class='ocr_carea' id='block_1_64' title="bbox 224 5677 1853 5754">
    <p class='ocr_par' dir='ltr' id='par_1_64' title="bbox 224 5677 1853 5754">
     <span class='ocr_line' id='line_1_65' title="bbox 224 5677 1853 5754; baseline -0.004 -17"><span class='ocrx_word' id='word_1_422' title='bbox 224 5677 564 5754; x_wconf 83' lang='lat' dir='ltr'>posteriore</span> <span class='ocrx_word' id='word_1_423' title='bbox 591 5682 810 5736; x_wconf 83' lang='lat' dir='ltr'>duabus</span> <span class='ocrx_word' id='word_1_424' title='bbox 822 5680 895 5734; x_wconf 88' lang='lat' dir='ltr'>ad</span> <span class='ocrx_word' id='word_1_425' title='bbox 925 5681 1027 5733; x_wconf 88' lang='lat' dir='ltr'>not</span> <span class='ocrx_word' id='word_1_426' title='bbox 1047 5678 1293 5749; x_wconf 81' lang='lat' dir='ltr'>praeced.</span> <span class='ocrx_word' id='word_1_427' title='bbox 1317 5677 1654 5733; x_wconf 89' lang='lat' dir='ltr'>memoratis</span> <span class='ocrx_word' id='word_1_428' title='bbox 1675 5677 1853 5732; x_wconf 88' lang='lat' dir='ltr'>eccle-</span> 
     </span>
    </p>
   </div>
   <div class='ocr_carea' id='block_1_65' title="bbox 720 5775 1179 5835">
    <p class='ocr_par' dir='ltr' id='par_1_65' title="bbox 720 5775 1179 5835">
     <span class='ocr_line' id='line_1_66' title="bbox 720 5775 1179 5835; baseline -0.015 0"><span class='ocrx_word' id='word_1_429' title='bbox 720 5779 955 5835; x_wconf 76' lang='lat' dir='ltr'>PATROL.</span> <span class='ocrx_word' id='word_1_430' title='bbox 990 5775 1142 5831; x_wconf 84' lang='lat' dir='ltr'>CLII.</span> <span class='ocrx_word' id='word_1_431' title='bbox 1172 5824 1179 5827; x_wconf 43' lang='lat'>.</span> 
     </span>
    </p>
   </div>
   <div class='ocr_carea' id='block_1_66' title="bbox 1945 581 3557 665">
    <p class='ocr_par' dir='ltr' id='par_1_66' title="bbox 1945 581 3557 665">
     <span class='ocr_line' id='line_1_67' title="bbox 1945 581 3557 665; baseline 0.014 -33"><span class='ocrx_word' id='word_1_432' title='bbox 1945 581 2130 652; x_wconf 84' lang='lat' dir='ltr'>Atque</span> <span class='ocrx_word' id='word_1_433' title='bbox 2153 599 2349 654; x_wconf 88' lang='lat' dir='ltr'>preces</span> <span class='ocrx_word' id='word_1_434' title='bbox 2379 584 2679 640; x_wconf 91' lang='lat' dir='ltr'>hominem</span> <span class='ocrx_word' id='word_1_435' title='bbox 2701 587 2870 657; x_wconf 64' lang='lat' dir='ltr'>justas</span> <span class='ocrx_word' id='word_1_436' title='bbox 2894 607 3064 661; x_wconf 89' lang='lat' dir='ltr'>super</span> <span class='ocrx_word' id='word_1_437' title='bbox 3084 593 3300 648; x_wconf 63' lang='lat' dir='ltr'>{ethera</span> <span class='ocrx_word' id='word_1_438' title='bbox 3328 598 3557 665; x_wconf 83' lang='lat' dir='ltr'>gestant</span> 
     </span>
    </p>
   </div>
   <div class='ocr_carea' id='block_1_67' title="bbox 1948 669 3412 751">
    <p class='ocr_par' dir='ltr' id='par_1_67' title="bbox 1948 669 3412 751">
     <span class='ocr_line' id='line_1_68' title="bbox 1948 669 3412 751; baseline 0.012 -31"><span class='ocrx_word' id='word_1_439' title='bbox 1948 669 2185 739; x_wconf 84' lang='lat' dir='ltr'>Hymnis</span> <span class='ocrx_word' id='word_1_440' title='bbox 2214 674 2271 725; x_wconf 91' lang='lat' dir='ltr'>et</span> <span class='ocrx_word' id='word_1_441' title='bbox 2298 673 2555 739; x_wconf 88' lang='lat' dir='ltr'>Psalmis,</span> <span class='ocrx_word' id='word_1_442' title='bbox 2592 676 2869 744; x_wconf 72' lang='lat' dir='ltr'>prmcibus</span> <span class='ocrx_word' id='word_1_443' title='bbox 2894 695 3031 750; x_wconf 87' lang='lat' dir='ltr'>grex</span> <span class='ocrx_word' id='word_1_444' title='bbox 3064 696 3202 751; x_wconf 89' lang='lat' dir='ltr'>ergo</span> <span class='ocrx_word' id='word_1_445' title='bbox 3228 681 3412 737; x_wconf 88' lang='lat' dir='ltr'>ﬁdelis</span> 
     </span>
    </p>
   </div>
   <div class='ocr_carea' id='block_1_68' title="bbox 1947 756 3394 842">
    <p class='ocr_par' dir='ltr' id='par_1_68' title="bbox 1947 756 3394 842">
     <span class='ocr_line' id='line_1_69' title="bbox 1947 756 3394 842; baseline 0.01 -32"><span class='ocrx_word' id='word_1_446' title='bbox 1947 756 2151 812; x_wconf 87' lang='lat' dir='ltr'>Christi</span> <span class='ocrx_word' id='word_1_447' title='bbox 2186 764 2381 830; x_wconf 89' lang='lat' dir='ltr'>poscat</span> <span class='ocrx_word' id='word_1_448' title='bbox 2413 778 2604 833; x_wconf 90' lang='lat' dir='ltr'>opem,</span> <span class='ocrx_word' id='word_1_449' title='bbox 2643 765 2825 819; x_wconf 87' lang='lat' dir='ltr'>missis</span> <span class='ocrx_word' id='word_1_450' title='bbox 2857 768 3096 823; x_wconf 90' lang='lat' dir='ltr'>omnino</span> <span class='ocrx_word' id='word_1_451' title='bbox 3128 772 3394 842; x_wconf 89' lang='lat' dir='ltr'>querelis,</span> 
     </span>
    </p>
   </div>
   <div class='ocr_carea' id='block_1_69' title="bbox 1947 846 3280 926">
    <p class='ocr_par' dir='ltr' id='par_1_69' title="bbox 1947 846 3280 926">
     <span class='ocr_line' id='line_1_70' title="bbox 1947 846 3280 926; baseline 0.011 -27"><span class='ocrx_word' id='word_1_452' title='bbox 1947 846 2017 900; x_wconf 87' lang='lat' dir='ltr'>Ut</span> <span class='ocrx_word' id='word_1_453' title='bbox 2046 847 2217 903; x_wconf 86' lang='lat' dir='ltr'>faciat</span> <span class='ocrx_word' id='word_1_454' title='bbox 2247 851 2399 905; x_wconf 71' lang='lat' dir='ltr'>caelis</span> <span class='ocrx_word' id='word_1_455' title='bbox 2421 852 2677 907; x_wconf 89' lang='lat' dir='ltr'>animam</span> <span class='ocrx_word' id='word_1_456' title='bbox 2709 855 2959 911; x_wconf 83' lang='lat' dir='ltr'>residere</span> <span class='ocrx_word' id='word_1_457' title='bbox 2976 857 3280 926; x_wconf 90' lang='lat' dir='ltr'>Brunonis,</span> 
     </span>
    </p>
   </div>
   <div class='ocr_carea' id='block_1_70' title="bbox 1945 934 3470 1019">
    <p class='ocr_par' dir='ltr' id='par_1_70' title="bbox 1945 934 3470 1019">
     <span class='ocr_line' id='line_1_71' title="bbox 1945 934 3470 1019; baseline 0.01 -31"><span class='ocrx_word' id='word_1_458' title='bbox 1945 934 2023 989; x_wconf 88' lang='lat' dir='ltr'>Ne</span> <span class='ocrx_word' id='word_1_459' title='bbox 2054 938 2364 1009; x_wconf 89' lang='lat' dir='ltr'>populetur</span> <span class='ocrx_word' id='word_1_460' title='bbox 2385 957 2571 1008; x_wconf 90' lang='lat' dir='ltr'>ovem,</span> <span class='ocrx_word' id='word_1_461' title='bbox 2601 948 2899 998; x_wconf 89' lang='lat' dir='ltr'>conservet</span> <span class='ocrx_word' id='word_1_462' title='bbox 2930 946 3001 999; x_wconf 91' lang='lat' dir='ltr'>ab</span> <span class='ocrx_word' id='word_1_463' title='bbox 3032 963 3130 1001; x_wconf 90' lang='lat' dir='ltr'>ore</span> <span class='ocrx_word' id='word_1_464' title='bbox 3160 948 3470 1019; x_wconf 61' lang='lat' dir='ltr'>praedonis.</span> 
     </span>
    </p>
   </div>
   <div class='ocr_carea' id='block_1_71' title="bbox 2250 1025 3223 1107">
    <p class='ocr_par' dir='ltr' id='par_1_71' title="bbox 2250 1025 3223 1107">
     <span class='ocr_line' id='line_1_72' title="bbox 2250 1025 3223 1107; baseline 0.01 -27"><span class='ocrx_word' id='word_1_465' title='bbox 2250 1025 2316 1081; x_wconf 90' lang='lat' dir='ltr'>S.</span> <span class='ocrx_word' id='word_1_466' title='bbox 2376 1026 2625 1082; x_wconf 82' lang='lat' dir='ltr'>Gervasz&#39;z&#39;</span> <span class='ocrx_word' id='word_1_467' title='bbox 2673 1031 2904 1101; x_wconf 81' lang='lat' dir='ltr'>ejusdem</span> <span class='ocrx_word' id='word_1_468' title='bbox 2937 1034 3223 1107; x_wconf 76' lang='lat' dir='ltr'>loci(385).</span> 
     </span>
    </p>
   </div>
   <div class='ocr_carea' id='block_1_72' title="bbox 1952 1112 3552 1198">
    <p class='ocr_par' dir='ltr' id='par_1_72' title="bbox 1952 1112 3552 1198">
     <span class='ocr_line' id='line_1_73' title="bbox 1952 1112 3552 1198; baseline 0.011 -33"><span class='ocrx_word' id='word_1_469' title='bbox 1952 1113 2070 1166; x_wconf 72' lang='grc'><strong>114.</strong></span> <span class='ocrx_word' id='word_1_470' title='bbox 2101 1112 2281 1169; x_wconf 89' lang='lat' dir='ltr'>Gallia</span> <span class='ocrx_word' id='word_1_471' title='bbox 2311 1117 2627 1173; x_wconf 89' lang='lat' dir='ltr'>multorum</span> <span class='ocrx_word' id='word_1_472' title='bbox 2655 1122 2862 1187; x_wconf 84' lang='lat' dir='ltr'>mater,</span> <span class='ocrx_word' id='word_1_473' title='bbox 2908 1123 3213 1196; x_wconf 86' lang='lat' dir='ltr'>nutrixque</span> <span class='ocrx_word' id='word_1_474' title='bbox 3275 1125 3552 1198; x_wconf 86' lang='lat' dir='ltr'>virorum,</span> 
     </span>
    </p>
   </div>
   <div class='ocr_carea' id='block_1_73' title="bbox 2016 1200 3198 1276">
    <p class='ocr_par' dir='ltr' id='par_1_73' title="bbox 2016 1200 3198 1276">
     <span class='ocr_line' id='line_1_74' title="bbox 2016 1200 3198 1276; baseline 0.01 -22"><span class='ocrx_word' id='word_1_475' title='bbox 2016 1200 2112 1255; x_wconf 91' lang='lat' dir='ltr'>Isti</span> <span class='ocrx_word' id='word_1_476' title='bbox 2138 1204 2370 1273; x_wconf 86' lang='lat' dir='ltr'>quando</span> <span class='ocrx_word' id='word_1_477' title='bbox 2402 1221 2568 1276; x_wconf 88' lang='lat' dir='ltr'>pares</span> <span class='ocrx_word' id='word_1_478' title='bbox 2601 1207 2928 1263; x_wconf 86' lang='lat' dir='ltr'>eshabitura</span> <span class='ocrx_word' id='word_1_479' title='bbox 2962 1226 3151 1265; x_wconf 90' lang='lat' dir='ltr'>mares</span> <span class='ocrx_word' id='word_1_480' title='bbox 3171 1212 3198 1266; x_wconf 82' lang='lat'><strong>?</strong></span> 
     </span>
    </p>
   </div>
   <div class='ocr_carea' id='block_1_74' title="bbox 1945 1289 3353 1368">
    <p class='ocr_par' dir='ltr' id='par_1_74' title="bbox 1945 1289 3353 1368">
     <span class='ocr_line' id='line_1_75' title="bbox 1945 1289 3353 1368; baseline 0.011 -28"><span class='ocrx_word' id='word_1_481' title='bbox 1945 1289 2053 1341; x_wconf 89' lang='lat' dir='ltr'>Iste</span> <span class='ocrx_word' id='word_1_482' title='bbox 2084 1291 2212 1343; x_wconf 91' lang='lat' dir='ltr'>tuus</span> <span class='ocrx_word' id='word_1_483' title='bbox 2242 1292 2536 1362; x_wconf 88' lang='lat' dir='ltr'>quondam</span> <span class='ocrx_word' id='word_1_484' title='bbox 2565 1294 2841 1349; x_wconf 65' lang='lat' dir='ltr'>doctrina:</span> <span class='ocrx_word' id='word_1_485' title='bbox 2868 1298 3112 1368; x_wconf 84' lang='lat' dir='ltr'>praebuit</span> <span class='ocrx_word' id='word_1_486' title='bbox 3138 1300 3353 1357; x_wconf 90' lang='lat' dir='ltr'>undam</span> 
     </span>
    </p>
   </div>
   <div class='ocr_carea' id='block_1_75' title="bbox 1926 1366 3307 1458">
    <p class='ocr_par' dir='ltr' id='par_1_75' title="bbox 1926 1366 3307 1458">
     <span class='ocr_line' id='line_1_76' title="bbox 1926 1366 3307 1458; baseline 0.011 -30"><span class='ocrx_word' id='word_1_487' title='bbox 1926 1366 1937 1371; x_wconf 64' lang='grc'><strong>’</strong></span> <span class='ocrx_word' id='word_1_488' title='bbox 2016 1376 2289 1432; x_wconf 88' lang='lat' dir='ltr'>Gentibus</span> <span class='ocrx_word' id='word_1_489' title='bbox 2313 1382 2370 1433; x_wconf 89' lang='lat' dir='ltr'>et</span> <span class='ocrx_word' id='word_1_490' title='bbox 2400 1381 2597 1435; x_wconf 87' lang='lat' dir='ltr'>cleris:</span> <span class='ocrx_word' id='word_1_491' title='bbox 2628 1383 2741 1435; x_wconf 90' lang='lat' dir='ltr'>heu</span> <span class='ocrx_word' id='word_1_492' title='bbox 2765 1366 2917 1437; x_wconf 75' lang='lat' dir='ltr'>bona</span> <span class='ocrx_word' id='word_1_493' title='bbox 2943 1386 3099 1440; x_wconf 88' lang='lat' dir='ltr'>fama</span> <span class='ocrx_word' id='word_1_494' title='bbox 3123 1387 3307 1458; x_wconf 85' lang='lat' dir='ltr'>peris!</span> 
     </span>
    </p>
   </div>
   <div class='ocr_carea' id='block_1_76' title="bbox 1945 1465 3347 1547">
    <p class='ocr_par' dir='ltr' id='par_1_76' title="bbox 1945 1465 3347 1547">
     <span class='ocr_line' id='line_1_77' title="bbox 1945 1465 3347 1547; baseline 0.009 -27"><span class='ocrx_word' id='word_1_495' title='bbox 1945 1465 2319 1539; x_wconf 63' lang='lat' dir='ltr'>Francigenaa</span> <span class='ocrx_word' id='word_1_496' title='bbox 2347 1471 2535 1542; x_wconf 88' lang='lat' dir='ltr'>gentis</span> <span class='ocrx_word' id='word_1_497' title='bbox 2558 1471 2881 1528; x_wconf 84' lang='lat' dir='ltr'>nilconfert</span> <span class='ocrx_word' id='word_1_498' title='bbox 2911 1476 3121 1545; x_wconf 86' lang='lat' dir='ltr'>littera,</span> <span class='ocrx_word' id='word_1_499' title='bbox 3151 1479 3347 1547; x_wconf 89' lang='lat' dir='ltr'>sentis,</span> 
     </span>
    </p>
   </div>
   <div class='ocr_carea' id='block_1_77' title="bbox 2015 1556 3445 1632">
    <p class='ocr_par' dir='ltr' id='par_1_77' title="bbox 2015 1556 3445 1632">
     <span class='ocr_line' id='line_1_78' title="bbox 2015 1556 3445 1632; baseline 0.01 -23"><span class='ocrx_word' id='word_1_500' title='bbox 2015 1556 2129 1611; x_wconf 87' lang='lat' dir='ltr'>Hoc</span> <span class='ocrx_word' id='word_1_501' title='bbox 2148 1556 2396 1613; x_wconf 89' lang='lat' dir='ltr'>obeunte</span> <span class='ocrx_word' id='word_1_502' title='bbox 2424 1560 2680 1632; x_wconf 88' lang='lat' dir='ltr'>quidem,</span> <span class='ocrx_word' id='word_1_503' title='bbox 2706 1580 2858 1617; x_wconf 91' lang='lat' dir='ltr'>nunc</span> <span class='ocrx_word' id='word_1_504' title='bbox 2879 1565 3056 1619; x_wconf 88' lang='lat' dir='ltr'>habes</span> <span class='ocrx_word' id='word_1_505' title='bbox 3086 1566 3221 1621; x_wconf 89' lang='lat' dir='ltr'>inde</span> <span class='ocrx_word' id='word_1_506' title='bbox 3249 1567 3445 1622; x_wconf 89' lang='lat' dir='ltr'>ﬁdem.</span> 
     </span>
    </p>
   </div>
   <div class='ocr_carea' id='block_1_78' title="bbox 1944 1643 3177 1723">
    <p class='ocr_par' dir='ltr' id='par_1_78' title="bbox 1944 1643 3177 1723">
     <span class='ocr_line' id='line_1_79' title="bbox 1944 1643 3177 1723; baseline 0.01 -27"><span class='ocrx_word' id='word_1_507' title='bbox 1944 1643 2109 1697; x_wconf 90' lang='lat' dir='ltr'>Istius</span> <span class='ocrx_word' id='word_1_508' title='bbox 2126 1645 2276 1700; x_wconf 90' lang='lat' dir='ltr'>fossa</span> <span class='ocrx_word' id='word_1_509' title='bbox 2305 1646 2543 1702; x_wconf 87' lang='lat' dir='ltr'>Calaber</span> <span class='ocrx_word' id='word_1_510' title='bbox 2575 1652 2828 1704; x_wconf 89' lang='lat' dir='ltr'>tumulus</span> <span class='ocrx_word' id='word_1_511' title='bbox 2861 1652 3001 1723; x_wconf 88' lang='lat' dir='ltr'>tegit</span> <span class='ocrx_word' id='word_1_512' title='bbox 3032 1670 3177 1708; x_wconf 89' lang='lat' dir='ltr'>ossa.</span> 
     </span>
    </p>
   </div>
   <div class='ocr_carea' id='block_1_79' title="bbox 2014 1732 3160 1810">
    <p class='ocr_par' dir='ltr' id='par_1_79' title="bbox 2014 1732 3160 1810">
     <span class='ocr_line' id='line_1_80' title="bbox 2014 1732 3160 1810; baseline 0.009 -24"><span class='ocrx_word' id='word_1_513' title='bbox 2014 1732 2213 1787; x_wconf 86' lang='lat' dir='ltr'>Vivere</span> <span class='ocrx_word' id='word_1_514' title='bbox 2242 1738 2474 1805; x_wconf 72' lang='lat' dir='ltr'>praestet</span> <span class='ocrx_word' id='word_1_515' title='bbox 2504 1736 2552 1791; x_wconf 92' lang='lat' dir='ltr'>ei</span> <span class='ocrx_word' id='word_1_516' title='bbox 2578 1740 2762 1808; x_wconf 89' lang='lat' dir='ltr'>gratia</span> <span class='ocrx_word' id='word_1_517' title='bbox 2792 1756 3009 1810; x_wconf 89' lang='lat' dir='ltr'>magna</span> <span class='ocrx_word' id='word_1_518' title='bbox 3040 1742 3160 1797; x_wconf 91' lang='lat' dir='ltr'>Dei.</span> 
     </span>
    </p>
   </div>
   <div class='ocr_carea' id='block_1_80' title="bbox 2261 1822 3133 1901">
    <p class='ocr_par' dir='ltr' id='par_1_80' title="bbox 2261 1822 3133 1901">
     <span class='ocr_line' id='line_1_81' title="bbox 2261 1822 3133 1901; baseline 0.007 -23"><span class='ocrx_word' id='word_1_519' title='bbox 2261 1822 2322 1878; x_wconf 88' lang='lat' dir='ltr'>S.</span> <span class='ocrx_word' id='word_1_520' title='bbox 2356 1824 2555 1878; x_wconf 60' lang='lat' dir='ltr'>Moriar</span> <span class='ocrx_word' id='word_1_521' title='bbox 2590 1825 2936 1881; x_wconf 66' lang='lat' dir='ltr'>Tomacensz‘s</span> <span class='ocrx_word' id='word_1_522' title='bbox 2966 1828 3133 1901; x_wconf 81' lang='lat'>(386).</span> 
     </span>
    </p>
   </div>
   <div class='ocr_carea' id='block_1_81' title="bbox 1945 1907 3554 1990">
    <p class='ocr_par' dir='ltr' id='par_1_81' title="bbox 1945 1907 3554 1990">
     <span class='ocr_line' id='line_1_82' title="bbox 1945 1907 3554 1990; baseline 0.009 -30"><span class='ocrx_word' id='word_1_523' title='bbox 1945 1907 2253 1972; x_wconf 74' lang='lat' dir='ltr'>“5.0uem</span> <span class='ocrx_word' id='word_1_524' title='bbox 2268 1911 3038 1981; x_wconf 82' lang='lat' dir='ltr'>genuisseColonia,Francio</span> <span class='ocrx_word' id='word_1_525' title='bbox 3052 1917 3168 1972; x_wconf 89' lang='lat' dir='ltr'>vult</span> <span class='ocrx_word' id='word_1_526' title='bbox 3180 1917 3554 1990; x_wconf 87' lang='lat' dir='ltr'>aluisse(387).</span> 
     </span>
    </p>
   </div>
   <div class='ocr_carea' id='block_1_82' title="bbox 1942 1995 3377 2077">
    <p class='ocr_par' dir='ltr' id='par_1_82' title="bbox 1942 1995 3377 2077">
     <span class='ocr_line' id='line_1_83' title="bbox 1942 1995 3377 2077; baseline 0.007 -27"><span class='ocrx_word' id='word_1_527' title='bbox 1942 1995 2131 2050; x_wconf 88' lang='lat' dir='ltr'>Gloria</span> <span class='ocrx_word' id='word_1_528' title='bbox 2160 1998 2349 2052; x_wconf 91' lang='lat' dir='ltr'>Bruno</span> <span class='ocrx_word' id='word_1_529' title='bbox 2375 2002 2560 2069; x_wconf 87' lang='lat' dir='ltr'>pater,</span> <span class='ocrx_word' id='word_1_530' title='bbox 2592 2001 2748 2071; x_wconf 85' lang='lat' dir='ltr'>genti</span> <span class='ocrx_word' id='word_1_531' title='bbox 2781 2003 3107 2058; x_wconf 89' lang='lat' dir='ltr'>communis</span> <span class='ocrx_word' id='word_1_532' title='bbox 3129 2005 3377 2077; x_wconf 89' lang='lat' dir='ltr'>utrique,</span> 
     </span>
    </p>
   </div>
   <div class='ocr_carea' id='block_1_83' title="bbox 1941 2084 3162 2162">
    <p class='ocr_par' dir='ltr' id='par_1_83' title="bbox 1941 2084 3162 2162">
     <span class='ocr_line' id='line_1_84' title="bbox 1941 2084 3162 2162; baseline 0.008 -25"><span class='ocrx_word' id='word_1_533' title='bbox 1941 2084 2194 2140; x_wconf 82' lang='lat' dir='ltr'>Ascensu</span> <span class='ocrx_word' id='word_1_534' title='bbox 2220 2086 2371 2140; x_wconf 86' lang='lat' dir='ltr'>facili</span> <span class='ocrx_word' id='word_1_535' title='bbox 2404 2088 2652 2143; x_wconf 91' lang='lat' dir='ltr'>sociatur</span> <span class='ocrx_word' id='word_1_536' title='bbox 2675 2106 2738 2143; x_wconf 93' lang='lat' dir='ltr'>ac</span> <span class='ocrx_word' id='word_1_537' title='bbox 2759 2091 2994 2162; x_wconf 90' lang='lat' dir='ltr'>agmina</span> <span class='ocrx_word' id='word_1_538' title='bbox 3015 2092 3162 2160; x_wconf 67' lang='lat' dir='ltr'>caeli,</span> 
     </span>
    </p>
   </div>
   <div class='ocr_carea' id='block_1_84' title="bbox 1945 2172 3364 2242">
    <p class='ocr_par' dir='ltr' id='par_1_84' title="bbox 1945 2172 3364 2242">
     <span class='ocr_line' id='line_1_85' title="bbox 1945 2172 3364 2242; baseline 0.008 -16"><span class='ocrx_word' id='word_1_539' title='bbox 1945 2172 2202 2238; x_wconf 86' lang='lat' dir='ltr'>Quorum</span> <span class='ocrx_word' id='word_1_540' title='bbox 2219 2174 2354 2229; x_wconf 91' lang='lat' dir='ltr'>civis</span> <span class='ocrx_word' id='word_1_541' title='bbox 2385 2179 2528 2242; x_wconf 87' lang='lat' dir='ltr'>erat,</span> <span class='ocrx_word' id='word_1_542' title='bbox 2558 2177 2733 2231; x_wconf 90' lang='lat' dir='ltr'>etiam</span> <span class='ocrx_word' id='word_1_543' title='bbox 2763 2178 2903 2233; x_wconf 92' lang='lat' dir='ltr'>dum</span> <span class='ocrx_word' id='word_1_544' title='bbox 2925 2179 3039 2235; x_wconf 92' lang='lat' dir='ltr'>vita</span> <span class='ocrx_word' id='word_1_545' title='bbox 3069 2182 3364 2237; x_wconf 88' lang='lat' dir='ltr'>manebat.</span> 
     </span>
    </p>
   </div>
   <div class='ocr_carea' id='block_1_85' title="bbox 1944 2261 3411 2340">
    <p class='ocr_par' dir='ltr' id='par_1_85' title="bbox 1944 2261 3411 2340">
     <span class='ocr_line' id='line_1_86' title="bbox 1944 2261 3411 2340; baseline 0.006 -26"><span class='ocrx_word' id='word_1_546' title='bbox 1944 2261 2068 2316; x_wconf 92' lang='lat' dir='ltr'>Non</span> <span class='ocrx_word' id='word_1_547' title='bbox 2094 2265 2293 2317; x_wconf 87' lang='lat' dir='ltr'>tamen</span> <span class='ocrx_word' id='word_1_548' title='bbox 2316 2263 2449 2318; x_wconf 91' lang='lat' dir='ltr'>hinc</span> <span class='ocrx_word' id='word_1_549' title='bbox 2471 2265 2683 2319; x_wconf 85' lang='lat' dir='ltr'>frustra</span> <span class='ocrx_word' id='word_1_550' title='bbox 2709 2282 2904 2322; x_wconf 89' lang='lat' dir='ltr'>comes</span> <span class='ocrx_word' id='word_1_551' title='bbox 2923 2271 3009 2323; x_wconf 88' lang='lat' dir='ltr'>est</span> <span class='ocrx_word' id='word_1_552' title='bbox 3029 2269 3213 2324; x_wconf 88' lang='lat' dir='ltr'>oratio</span> <span class='ocrx_word' id='word_1_553' title='bbox 3238 2270 3411 2340; x_wconf 89' lang='lat' dir='ltr'>justa.</span> 
     </span>
    </p>
   </div>
   <div class='ocr_carea' id='block_1_86' title="bbox 1947 2348 3556 2430">
    <p class='ocr_par' dir='ltr' id='par_1_86' title="bbox 1947 2348 3556 2430">
     <span class='ocr_line' id='line_1_87' title="bbox 1947 2348 3556 2430; baseline 0.005 -25"><span class='ocrx_word' id='word_1_554' title='bbox 1947 2348 2218 2405; x_wconf 87' lang='lat' dir='ltr'>Conferat</span> <span class='ocrx_word' id='word_1_555' title='bbox 2240 2351 2347 2406; x_wconf 83' lang='lat' dir='ltr'>hoc</span> <span class='ocrx_word' id='word_1_556' title='bbox 2394 2353 2696 2420; x_wconf 91' lang='lat' dir='ltr'>Dominus,</span> <span class='ocrx_word' id='word_1_557' title='bbox 2749 2355 2969 2410; x_wconf 89' lang='lat' dir='ltr'>meritis</span> <span class='ocrx_word' id='word_1_558' title='bbox 3000 2357 3155 2427; x_wconf 91' lang='lat' dir='ltr'>quod</span> <span class='ocrx_word' id='word_1_559' title='bbox 3187 2358 3367 2413; x_wconf 90' lang='lat' dir='ltr'>defuit</span> <span class='ocrx_word' id='word_1_560' title='bbox 3412 2359 3556 2430; x_wconf 89' lang='lat' dir='ltr'>ejus.</span> 
     </span>
    </p>
   </div>
   <div class='ocr_carea' id='block_1_87' title="bbox 2193 2439 3275 2517">
    <p class='ocr_par' dir='ltr' id='par_1_87' title="bbox 2193 2439 3275 2517">
     <span class='ocr_line' id='line_1_88' title="bbox 2193 2439 3275 2517; baseline 0.004 -21"><span class='ocrx_word' id='word_1_561' title='bbox 2193 2440 2254 2497; x_wconf 69' lang='grc' dir='ltr'>δ’.</span> <span class='ocrx_word' id='word_1_562' title='bbox 2282 2439 2439 2494; x_wconf 79' lang='lat' dir='ltr'>Petri</span> <span class='ocrx_word' id='word_1_563' title='bbox 2458 2439 2836 2496; x_wconf 81' lang='lat' dir='ltr'>Blandz&#39;nensz&#39;s</span> <span class='ocrx_word' id='word_1_564' title='bbox 2864 2445 3088 2498; x_wconf 59' lang='lat' dir='ltr'>ca’nobz&#39;i</span> <span class='ocrx_word' id='word_1_565' title='bbox 3110 2446 3275 2517; x_wconf 89' lang='lat'>(388).</span> 
     </span>
    </p>
   </div>
   <div class='ocr_carea' id='block_1_88' title="bbox 1950 2528 3561 2604">
    <p class='ocr_par' dir='ltr' id='par_1_88' title="bbox 1950 2528 3561 2604">
     <span class='ocr_line' id='line_1_89' title="bbox 1950 2528 3561 2604; baseline 0.005 -21"><span class='ocrx_word' id='word_1_566' title='bbox 1950 2529 2070 2583; x_wconf 90' lang='grc'><strong>116.</strong></span> <span class='ocrx_word' id='word_1_567' title='bbox 2107 2528 2202 2581; x_wconf 89' lang='lat' dir='ltr'>Est</span> <span class='ocrx_word' id='word_1_568' title='bbox 2230 2543 2540 2583; x_wconf 90' lang='lat' dir='ltr'>commune</span> <span class='ocrx_word' id='word_1_569' title='bbox 2568 2530 2739 2598; x_wconf 89' lang='lat' dir='ltr'>mori,</span> <span class='ocrx_word' id='word_1_570' title='bbox 2769 2548 2925 2587; x_wconf 90' lang='lat' dir='ltr'>mors</span> <span class='ocrx_word' id='word_1_571' title='bbox 2944 2533 3085 2588; x_wconf 89' lang='lat' dir='ltr'>nulli</span> <span class='ocrx_word' id='word_1_572' title='bbox 3114 2534 3298 2604; x_wconf 90' lang='lat' dir='ltr'>parcit</span> <span class='ocrx_word' id='word_1_573' title='bbox 3324 2534 3561 2591; x_wconf 86' lang='lat' dir='ltr'>honori.</span> 
     </span>
    </p>
   </div>
   <div class='ocr_carea' id='block_1_89' title="bbox 2015 2615 3232 2689">
    <p class='ocr_par' dir='ltr' id='par_1_89' title="bbox 2015 2615 3232 2689">
     <span class='ocr_line' id='line_1_90' title="bbox 2015 2615 3232 2689; baseline 0.006 -19"><span class='ocrx_word' id='word_1_574' title='bbox 2015 2615 2161 2670; x_wconf 87' lang='lat' dir='ltr'>Mors</span> <span class='ocrx_word' id='word_1_575' title='bbox 2191 2619 2276 2670; x_wconf 88' lang='lat' dir='ltr'>est</span> <span class='ocrx_word' id='word_1_576' title='bbox 2306 2616 2421 2672; x_wconf 91' lang='lat' dir='ltr'>vita</span> <span class='ocrx_word' id='word_1_577' title='bbox 2450 2617 2578 2688; x_wconf 86' lang='lat' dir='ltr'>piis,</span> <span class='ocrx_word' id='word_1_578' title='bbox 2610 2634 2781 2689; x_wconf 69' lang='lat' dir='ltr'>pmna</span> <span class='ocrx_word' id='word_1_579' title='bbox 2812 2620 3017 2675; x_wconf 91' lang='lat' dir='ltr'>diurna</span> <span class='ocrx_word' id='word_1_580' title='bbox 3046 2623 3232 2677; x_wconf 89' lang='lat' dir='ltr'>malis.</span> 
     </span>
    </p>
   </div>
   <div class='ocr_carea' id='block_1_90' title="bbox 1945 2702 3472 2780">
    <p class='ocr_par' dir='ltr' id='par_1_90' title="bbox 1945 2702 3472 2780">
     <span class='ocr_line' id='line_1_91' title="bbox 1945 2702 3472 2780; baseline 0.008 -25"><span class='ocrx_word' id='word_1_581' title='bbox 1945 2702 2161 2757; x_wconf 91' lang='lat' dir='ltr'>Ibimus</span> <span class='ocrx_word' id='word_1_582' title='bbox 2188 2705 2403 2776; x_wconf 90' lang='lat' dir='ltr'>absque</span> <span class='ocrx_word' id='word_1_583' title='bbox 2438 2722 2622 2774; x_wconf 90' lang='lat' dir='ltr'>mora,</span> <span class='ocrx_word' id='word_1_584' title='bbox 2642 2708 2741 2762; x_wconf 91' lang='lat' dir='ltr'>sed</span> <span class='ocrx_word' id='word_1_585' title='bbox 2772 2725 2885 2780; x_wconf 91' lang='lat' dir='ltr'>qua</span> <span class='ocrx_word' id='word_1_586' title='bbox 2905 2710 3191 2764; x_wconf 89' lang='lat' dir='ltr'>nescimus</span> <span class='ocrx_word' id='word_1_587' title='bbox 3217 2711 3276 2765; x_wconf 92' lang='lat' dir='ltr'>in</span> <span class='ocrx_word' id='word_1_588' title='bbox 3306 2711 3472 2780; x_wconf 87' lang='lat' dir='ltr'>hora,</span> 
     </span>
    </p>
   </div>
   <div class='ocr_carea' id='block_1_91' title="bbox 2016 2791 3301 2866">
    <p class='ocr_par' dir='ltr' id='par_1_91' title="bbox 2016 2791 3301 2866">
     <span class='ocr_line' id='line_1_92' title="bbox 2016 2791 3301 2866; baseline 0.008 -23"><span class='ocrx_word' id='word_1_589' title='bbox 2016 2791 2111 2844; x_wconf 88' lang='lat' dir='ltr'>Est</span> <span class='ocrx_word' id='word_1_590' title='bbox 2136 2792 2271 2863; x_wconf 89' lang='lat' dir='ltr'>quia</span> <span class='ocrx_word' id='word_1_591' title='bbox 2294 2793 2405 2849; x_wconf 89' lang='lat' dir='ltr'>vita</span> <span class='ocrx_word' id='word_1_592' title='bbox 2433 2794 2641 2862; x_wconf 89' lang='lat' dir='ltr'>brevis,</span> <span class='ocrx_word' id='word_1_593' title='bbox 2675 2795 2846 2863; x_wconf 85' lang='lat' dir='ltr'>ﬂuxa,</span> <span class='ocrx_word' id='word_1_594' title='bbox 2878 2798 3112 2866; x_wconf 84' lang='lat' dir='ltr'>caduca,</span> <span class='ocrx_word' id='word_1_595' title='bbox 3146 2799 3301 2853; x_wconf 89' lang='lat' dir='ltr'>levis.</span> 
     </span>
    </p>
   </div>
   <div class='ocr_carea' id='block_1_92' title="bbox 1946 2878 3398 2957">
    <p class='ocr_par' dir='ltr' id='par_1_92' title="bbox 1946 2878 3398 2957">
     <span class='ocr_line' id='line_1_93' title="bbox 1946 2878 3398 2957; baseline 0.008 -26"><span class='ocrx_word' id='word_1_596' title='bbox 1946 2878 2108 2945; x_wconf 92' lang='lat' dir='ltr'>Ecce,</span> <span class='ocrx_word' id='word_1_597' title='bbox 2142 2880 2277 2934; x_wconf 90' lang='lat' dir='ltr'>satis</span> <span class='ocrx_word' id='word_1_598' title='bbox 2300 2880 2530 2947; x_wconf 90' lang='lat' dir='ltr'>scimus,</span> <span class='ocrx_word' id='word_1_599' title='bbox 2564 2883 2719 2955; x_wconf 91' lang='lat' dir='ltr'>quod</span> <span class='ocrx_word' id='word_1_600' title='bbox 2743 2900 2859 2938; x_wconf 91' lang='lat' dir='ltr'>non</span> <span class='ocrx_word' id='word_1_601' title='bbox 2879 2885 3120 2940; x_wconf 90' lang='lat' dir='ltr'>evadere</span> <span class='ocrx_word' id='word_1_602' title='bbox 3151 2887 3398 2957; x_wconf 86' lang='lat' dir='ltr'>quimus,</span> 
     </span>
    </p>
   </div>
   <div class='ocr_carea' id='block_1_93' title="bbox 2015 2967 3224 3039">
    <p class='ocr_par' dir='ltr' id='par_1_93' title="bbox 2015 2967 3224 3039">
     <span class='ocr_line' id='line_1_94' title="bbox 2015 2967 3224 3039; baseline 0.007 -19"><span class='ocrx_word' id='word_1_603' title='bbox 2015 2967 2084 3021; x_wconf 88' lang='lat' dir='ltr'>Et</span> <span class='ocrx_word' id='word_1_604' title='bbox 2104 2968 2229 3039; x_wconf 90' lang='lat' dir='ltr'>quis</span> <span class='ocrx_word' id='word_1_605' title='bbox 2260 2968 2370 3022; x_wconf 90' lang='lat' dir='ltr'>erit</span> <span class='ocrx_word' id='word_1_606' title='bbox 2400 2969 2550 3037; x_wconf 86' lang='lat' dir='ltr'>ﬁnis,</span> <span class='ocrx_word' id='word_1_607' title='bbox 2584 2970 2796 3025; x_wconf 88' lang='lat' dir='ltr'>vermis</span> <span class='ocrx_word' id='word_1_608' title='bbox 2823 2976 2880 3026; x_wconf 89' lang='lat' dir='ltr'>et</span> <span class='ocrx_word' id='word_1_609' title='bbox 2909 2973 3045 3027; x_wconf 91' lang='lat' dir='ltr'>inde</span> <span class='ocrx_word' id='word_1_610' title='bbox 3063 2974 3224 3028; x_wconf 90' lang='lat' dir='ltr'>cinis.</span> 
     </span>
    </p>
   </div>
   <div class='ocr_carea' id='block_1_94' title="bbox 1875 3054 3215 3152">
    <p class='ocr_par' dir='ltr' id='par_1_94' title="bbox 1875 3054 3215 3152">
     <span class='ocr_line' id='line_1_95' title="bbox 1875 3054 3215 3152; baseline 0.007 -45"><span class='ocrx_word' id='word_1_611' title='bbox 1875 3093 1922 3152; x_wconf 81' lang='lat' dir='ltr'>C</span> <span class='ocrx_word' id='word_1_612' title='bbox 2122 3055 2622 3152; x_wconf 22' lang='lat' dir='ltr'>vixitpvitannituit</span> <span class='ocrx_word' id='word_1_613' title='bbox 2651 3058 2785 3112; x_wconf 89' lang='lat' dir='ltr'>satis</span> <span class='ocrx_word' id='word_1_614' title='bbox 2823 3060 3215 3152; x_wconf 79' lang='lat' dir='ltr'>hieEremita,</span> 
     </span>
    </p>
   </div>
   <div class='ocr_carea' id='block_1_95' title="bbox 2013 3135 3361 3208">
    <p class='ocr_par' dir='ltr' id='par_1_95' title="bbox 2013 3135 3361 3208">
     <span class='ocr_line' id='line_1_96' title="bbox 2013 3135 3361 3208; baseline 0.006 -19"><span class='ocrx_word' id='word_1_615' title='bbox 2013 3135 2264 3189; x_wconf 79' lang='lat' dir='ltr'>Mortuus</span> <span class='ocrx_word' id='word_1_616' title='bbox 2292 3135 2409 3206; x_wconf 91' lang='lat' dir='ltr'>ipse</span> <span class='ocrx_word' id='word_1_617' title='bbox 2433 3138 2630 3190; x_wconf 90' lang='lat' dir='ltr'>tamen</span> <span class='ocrx_word' id='word_1_618' title='bbox 2659 3153 2799 3208; x_wconf 91' lang='lat' dir='ltr'>pace</span> <span class='ocrx_word' id='word_1_619' title='bbox 2831 3138 3085 3208; x_wconf 88' lang='lat' dir='ltr'>quiescat</span> <span class='ocrx_word' id='word_1_620' title='bbox 3120 3157 3133 3194; x_wconf 89' lang='lat'><strong>:</strong></span> <span class='ocrx_word' id='word_1_621' title='bbox 3168 3157 3361 3196; x_wconf 86' lang='lat' dir='ltr'>amen.</span> 
     </span>
    </p>
   </div>
   <div class='ocr_carea' id='block_1_96' title="bbox 2302 3222 3193 3297">
    <p class='ocr_par' dir='ltr' id='par_1_96' title="bbox 2302 3222 3193 3297">
     <span class='ocr_line' id='line_1_97' title="bbox 2302 3222 3193 3297; baseline 0.004 -18"><span class='ocrx_word' id='word_1_622' title='bbox 2302 3223 2365 3279; x_wconf 85' lang='lat' dir='ltr'>S.</span> <span class='ocrx_word' id='word_1_623' title='bbox 2405 3222 2723 3294; x_wconf 73' lang='lat' dir='ltr'>Leodegarii</span> <span class='ocrx_word' id='word_1_624' title='bbox 2748 3228 3006 3296; x_wconf 75' lang='lat' dir='ltr'>martyris</span> <span class='ocrx_word' id='word_1_625' title='bbox 3032 3228 3193 3297; x_wconf 88' lang='lat'>(389).</span> 
     </span>
    </p>
   </div>
   <div class='ocr_carea' id='block_1_97' title="bbox 1947 3309 3597 3386">
    <p class='ocr_par' dir='ltr' id='par_1_97' title="bbox 1947 3309 3597 3386">
     <span class='ocr_line' id='line_1_98' title="bbox 1947 3309 3597 3386; baseline 0.007 -22"><span class='ocrx_word' id='word_1_626' title='bbox 1947 3312 2067 3364; x_wconf 87' lang='grc'><strong>117.</strong></span> <span class='ocrx_word' id='word_1_627' title='bbox 2104 3309 2339 3365; x_wconf 90' lang='lat' dir='ltr'>Poscitis</span> <span class='ocrx_word' id='word_1_628' title='bbox 2365 3310 2660 3378; x_wconf 81' lang='lat' dir='ltr'>auxilium,</span> <span class='ocrx_word' id='word_1_629' title='bbox 2715 3313 2974 3383; x_wconf 66' lang='lat' dir='ltr'>praebeat</span> <span class='ocrx_word' id='word_1_630' title='bbox 3002 3315 3158 3386; x_wconf 87' lang='lat' dir='ltr'>quod</span> <span class='ocrx_word' id='word_1_631' title='bbox 3208 3316 3463 3373; x_wconf 87' lang='lat' dir='ltr'>Christus</span> <span class='ocrx_word' id='word_1_632' title='bbox 3490 3318 3552 3375; x_wconf 90' lang='lat' dir='ltr'>in</span> <span class='ocrx_word' id='word_1_633' title='bbox 3594 3342 3597 3347; x_wconf 84' lang='grc'><strong>·</strong></span> 
     </span>
    </p>
   </div>
   <div class='ocr_carea' id='block_1_98' title="bbox 3324 3404 3552 3479">
    <p class='ocr_par' dir='ltr' id='par_1_98' title="bbox 3324 3404 3552 3479">
     <span class='ocr_line' id='line_1_99' title="bbox 3324 3404 3552 3479; baseline 0.013 -19"><span class='ocrx_word' id='word_1_634' title='bbox 3324 3404 3552 3479; x_wconf 65' lang='lat' dir='ltr'>[azvum.</span> 
     </span>
    </p>
   </div>
   <div class='ocr_carea' id='block_1_99' title="bbox 2011 3485 3414 3562">
    <p class='ocr_par' dir='ltr' id='par_1_99' title="bbox 2011 3485 3414 3562">
     <span class='ocr_line' id='line_1_100' title="bbox 2011 3485 3414 3562; baseline 0.006 -24"><span class='ocrx_word' id='word_1_635' title='bbox 2011 3485 2266 3540; x_wconf 91' lang='lat' dir='ltr'>Brunoni</span> <span class='ocrx_word' id='word_1_636' title='bbox 2292 3486 2543 3559; x_wconf 89' lang='lat' dir='ltr'>petimus</span> <span class='ocrx_word' id='word_1_637' title='bbox 2563 3487 2838 3559; x_wconf 89' lang='lat' dir='ltr'>migranti</span> <span class='ocrx_word' id='word_1_638' title='bbox 2866 3505 3107 3562; x_wconf 88' lang='lat' dir='ltr'>corpore</span> <span class='ocrx_word' id='word_1_639' title='bbox 3141 3490 3414 3549; x_wconf 89' lang='lat' dir='ltr'>Summus</span> 
     </span>
    </p>
   </div>
   <div class='ocr_carea' id='block_1_100' title="bbox 2011 3572 3301 3653">
    <p class='ocr_par' dir='ltr' id='par_1_100' title="bbox 2011 3572 3301 3653">
     <span class='ocr_line' id='line_1_101' title="bbox 2011 3572 3301 3653; baseline 0.008 -27"><span class='ocrx_word' id='word_1_640' title='bbox 2011 3572 2305 3636; x_wconf 89' lang='lat' dir='ltr'>Quatenus</span> <span class='ocrx_word' id='word_1_641' title='bbox 2336 3578 2517 3647; x_wconf 89' lang='lat' dir='ltr'>optati</span> <span class='ocrx_word' id='word_1_642' title='bbox 2547 3578 2826 3633; x_wconf 90' lang='lat' dir='ltr'>concedat</span> <span class='ocrx_word' id='word_1_643' title='bbox 2852 3595 3097 3634; x_wconf 88' lang='lat' dir='ltr'>munera</span> <span class='ocrx_word' id='word_1_644' title='bbox 3115 3582 3301 3653; x_wconf 88' lang='lat' dir='ltr'>regni.</span> 
     </span>
    </p>
   </div>
   <div class='ocr_carea' id='block_1_101' title="bbox 2322 3662 3235 3739">
    <p class='ocr_par' dir='ltr' id='par_1_101' title="bbox 2322 3662 3235 3739">
     <span class='ocr_line' id='line_1_102' title="bbox 2322 3662 3235 3739; baseline 0.003 -20"><span class='ocrx_word' id='word_1_645' title='bbox 2322 3663 2383 3719; x_wconf 84' lang='lat' dir='ltr'>S.</span> <span class='ocrx_word' id='word_1_646' title='bbox 2417 3662 2654 3717; x_wconf 82' lang='lat' dir='ltr'>Bavom&#39;s</span> <span class='ocrx_word' id='word_1_647' title='bbox 2686 3667 2742 3719; x_wconf 73' lang='lat' dir='ltr'>in</span> <span class='ocrx_word' id='word_1_648' title='bbox 2773 3664 3033 3720; x_wconf 85' lang='lat' dir='ltr'>Gandavo</span> <span class='ocrx_word' id='word_1_649' title='bbox 3067 3666 3235 3739; x_wconf 89' lang='lat'>(390).</span> 
     </span>
    </p>
   </div>
   <div class='ocr_carea' id='block_1_102' title="bbox 1942 3751 3548 3827">
    <p class='ocr_par' dir='ltr' id='par_1_102' title="bbox 1942 3751 3548 3827">
     <span class='ocr_line' id='line_1_103' title="bbox 1942 3751 3548 3827; baseline 0.004 -22"><span class='ocrx_word' id='word_1_650' title='bbox 1942 3753 2062 3805; x_wconf 87' lang='grc'><strong>118.</strong></span> <span class='ocrx_word' id='word_1_651' title='bbox 2088 3753 2151 3804; x_wconf 94' lang='lat' dir='ltr'>In</span> <span class='ocrx_word' id='word_1_652' title='bbox 2172 3751 2361 3805; x_wconf 88' lang='lat' dir='ltr'>verbis</span> <span class='ocrx_word' id='word_1_653' title='bbox 2390 3769 2723 3823; x_wconf 86' lang='lat' dir='ltr'>quanquam</span> <span class='ocrx_word' id='word_1_654' title='bbox 2746 3754 2914 3808; x_wconf 91' lang='lat' dir='ltr'>nobis</span> <span class='ocrx_word' id='word_1_655' title='bbox 2942 3754 3013 3808; x_wconf 91' lang='lat' dir='ltr'>sit</span> <span class='ocrx_word' id='word_1_656' title='bbox 3043 3771 3258 3827; x_wconf 88' lang='lat' dir='ltr'>magna</span> <span class='ocrx_word' id='word_1_657' title='bbox 3286 3757 3548 3826; x_wconf 87' lang='lat' dir='ltr'>facultas,</span> 
     </span>
    </p>
   </div>
   <div class='ocr_carea' id='block_1_103' title="bbox 1938 3839 3548 3912">
    <p class='ocr_par' dir='ltr' id='par_1_103' title="bbox 1938 3839 3548 3912">
     <span class='ocr_line' id='line_1_104' title="bbox 1938 3839 3548 3912; baseline 0.005 -20"><span class='ocrx_word' id='word_1_658' title='bbox 1938 3839 2062 3893; x_wconf 92' lang='lat' dir='ltr'>Non</span> <span class='ocrx_word' id='word_1_659' title='bbox 2094 3855 2197 3910; x_wconf 92' lang='lat' dir='ltr'>pro</span> <span class='ocrx_word' id='word_1_660' title='bbox 2225 3856 2389 3909; x_wconf 90' lang='lat' dir='ltr'>posse</span> <span class='ocrx_word' id='word_1_661' title='bbox 2407 3842 2626 3906; x_wconf 84' lang='lat' dir='ltr'>tamen,</span> <span class='ocrx_word' id='word_1_662' title='bbox 2670 3841 2742 3894; x_wconf 90' lang='lat' dir='ltr'>sit</span> <span class='ocrx_word' id='word_1_663' title='bbox 2767 3841 3012 3912; x_wconf 91' lang='lat' dir='ltr'>prodere</span> <span class='ocrx_word' id='word_1_664' title='bbox 3052 3844 3227 3897; x_wconf 87' lang='lat' dir='ltr'>verba</span> <span class='ocrx_word' id='word_1_665' title='bbox 3265 3847 3548 3909; x_wconf 87' lang='lat' dir='ltr'>voluntas,</span> 
     </span>
    </p>
   </div>
   <div class='ocr_carea' id='block_1_104' title="bbox 1937 3928 3545 4004">
    <p class='ocr_par' dir='ltr' id='par_1_104' title="bbox 1937 3928 3545 4004">
     <span class='ocr_line' id='line_1_105' title="bbox 1937 3928 3545 4004; baseline 0.004 -21"><span class='ocrx_word' id='word_1_666' title='bbox 1937 3928 2049 3984; x_wconf 92' lang='lat' dir='ltr'>Sed</span> <span class='ocrx_word' id='word_1_667' title='bbox 2079 3929 2283 4001; x_wconf 87' lang='lat' dir='ltr'>ﬂentes</span> <span class='ocrx_word' id='word_1_668' title='bbox 2323 3928 2573 3982; x_wconf 72' lang='lat' dir='ltr'>breviter</span> <span class='ocrx_word' id='word_1_669' title='bbox 2624 3929 2915 3984; x_wconf 89' lang='lat' dir='ltr'>dicamus:</span> <span class='ocrx_word' id='word_1_670' title='bbox 2956 3930 3195 3986; x_wconf 89' lang='lat' dir='ltr'>Summe</span> <span class='ocrx_word' id='word_1_671' title='bbox 3249 3934 3545 4004; x_wconf 84' lang='lat' dir='ltr'>magister,</span> 
     </span>
    </p>
   </div>
   <div class='ocr_carea' id='block_1_105' title="bbox 1935 4016 3193 4090">
    <p class='ocr_par' dir='ltr' id='par_1_105' title="bbox 1935 4016 3193 4090">
     <span class='ocr_line' id='line_1_106' title="bbox 1935 4016 3193 4090; baseline 0.002 -18"><span class='ocrx_word' id='word_1_672' title='bbox 1935 4017 2187 4072; x_wconf 91' lang='lat' dir='ltr'>Brunoni</span> <span class='ocrx_word' id='word_1_673' title='bbox 2215 4018 2389 4072; x_wconf 86' lang='lat' dir='ltr'>charo</span> <span class='ocrx_word' id='word_1_674' title='bbox 2422 4016 2523 4071; x_wconf 88' lang='lat' dir='ltr'>tibi</span> <span class='ocrx_word' id='word_1_675' title='bbox 2554 4017 2689 4084; x_wconf 83' lang='lat' dir='ltr'>Rex,</span> <span class='ocrx_word' id='word_1_676' title='bbox 2722 4017 2782 4072; x_wconf 92' lang='lat' dir='ltr'>in</span> <span class='ocrx_word' id='word_1_677' title='bbox 2815 4034 2987 4073; x_wconf 89' lang='lat' dir='ltr'>carne</span> <span class='ocrx_word' id='word_1_678' title='bbox 3018 4019 3193 4090; x_wconf 89' lang='lat' dir='ltr'>ﬁdeli,</span> 
     </span>
    </p>
   </div>
   <div class='ocr_carea' id='block_1_106' title="bbox 1931 4187 3541 4261">
    <p class='ocr_par' dir='ltr' id='par_1_106' title="bbox 1931 4187 3541 4261">
     <span class='ocr_line' id='line_1_107' title="bbox 1931 4187 3541 4261; baseline 0.004 -19"><span class='ocrx_word' id='word_1_679' title='bbox 1931 4188 2045 4261; x_wconf 86' lang='lat' dir='ltr'>siis,</span> <span class='ocrx_word' id='word_1_680' title='bbox 2077 4206 2203 4260; x_wconf 64' lang='lat' dir='ltr'>qua:</span> <span class='ocrx_word' id='word_1_681' title='bbox 2234 4187 2551 4261; x_wconf 79' lang='lat' dir='ltr'>Falesiense</span> <span class='ocrx_word' id='word_1_682' title='bbox 2575 4190 2825 4243; x_wconf 90' lang='lat' dir='ltr'>castrum</span> <span class='ocrx_word' id='word_1_683' title='bbox 2851 4189 3287 4261; x_wconf 88' lang='lat' dir='ltr'>complectatur,</span> <span class='ocrx_word' id='word_1_684' title='bbox 3329 4192 3541 4249; x_wconf 88' lang='lat' dir='ltr'>verosi-</span> 
     </span>
    </p>
   </div>
   <div class='ocr_carea' id='block_1_107' title="bbox 1934 4258 2670 4328">
    <p class='ocr_par' dir='ltr' id='par_1_107' title="bbox 1934 4258 2670 4328">
     <span class='ocr_line' id='line_1_108' title="bbox 1934 4258 2670 4328; baseline -0.003 -15"><span class='ocrx_word' id='word_1_685' title='bbox 1934 4258 2173 4313; x_wconf 83' lang='lat' dir='ltr'>millime</span> <span class='ocrx_word' id='word_1_686' title='bbox 2201 4259 2290 4313; x_wconf 88' lang='lat' dir='ltr'>hic</span> <span class='ocrx_word' id='word_1_687' title='bbox 2319 4258 2670 4328; x_wconf 86' lang='lat' dir='ltr'>designetur.</span> 
     </span>
    </p>
   </div>
   <div class='ocr_carea' id='block_1_108' title="bbox 2000 4329 3538 4396">
    <p class='ocr_par' dir='ltr' id='par_1_108' title="bbox 2000 4329 3538 4396">
     <span class='ocr_line' id='line_1_109' title="bbox 2000 4329 3538 4396; baseline 0.004 -13"><span class='ocrx_word' id='word_1_688' title='bbox 2000 4333 2122 4396; x_wconf 78' lang='lat'>(386</span> <span class='ocrx_word' id='word_1_689' title='bbox 2176 4329 2921 4385; x_wconf 87' lang='lat' dir='ltr'>CathedralisTornacensis</span> <span class='ocrx_word' id='word_1_690' title='bbox 2971 4331 3207 4387; x_wconf 88' lang='lat' dir='ltr'>ecclesia</span> <span class='ocrx_word' id='word_1_691' title='bbox 3252 4333 3538 4389; x_wconf 88' lang='lat' dir='ltr'>sanctissi-</span> 
     </span>
    </p>
   </div>
   <div class='ocr_carea' id='block_1_109' title="bbox 1932 4399 3534 4473">
    <p class='ocr_par' dir='ltr' id='par_1_109' title="bbox 1932 4399 3534 4473">
     <span class='ocr_line' id='line_1_110' title="bbox 1932 4399 3534 4473; baseline 0.005 -21"><span class='ocrx_word' id='word_1_692' title='bbox 1932 4416 2041 4453; x_wconf 62' lang='lat' dir='ltr'>mae</span> <span class='ocrx_word' id='word_1_693' title='bbox 2064 4401 2166 4473; x_wconf 85' lang='lat' dir='ltr'>Dei</span> <span class='ocrx_word' id='word_1_694' title='bbox 2194 4399 2637 4473; x_wconf 76' lang='lat' dir='ltr'>Genitricisacra</span> <span class='ocrx_word' id='word_1_695' title='bbox 2660 4404 2745 4453; x_wconf 89' lang='lat' dir='ltr'>est</span> <span class='ocrx_word' id='word_1_696' title='bbox 2777 4417 2789 4466; x_wconf 91' lang='lat'><strong>;</strong></span> <span class='ocrx_word' id='word_1_697' title='bbox 2827 4404 2888 4453; x_wconf 89' lang='lat' dir='ltr'>ut</span> <span class='ocrx_word' id='word_1_698' title='bbox 2915 4400 3044 4457; x_wconf 90' lang='lat' dir='ltr'>huic</span> <span class='ocrx_word' id='word_1_699' title='bbox 3078 4402 3323 4473; x_wconf 88' lang='lat' dir='ltr'>proinde</span> <span class='ocrx_word' id='word_1_700' title='bbox 3363 4405 3534 4460; x_wconf 88' lang='lat' dir='ltr'>ascri-</span> 
     </span>
    </p>
   </div>
   <div class='ocr_carea' id='block_1_110' title="bbox 1928 4470 2806 4540">
    <p class='ocr_par' dir='ltr' id='par_1_110' title="bbox 1928 4470 2806 4540">
     <span class='ocr_line' id='line_1_111' title="bbox 1928 4470 2806 4540; baseline 0 -17"><span class='ocrx_word' id='word_1_701' title='bbox 1928 4470 2148 4525; x_wconf 87' lang='lat' dir='ltr'>bendus</span> <span class='ocrx_word' id='word_1_702' title='bbox 2169 4472 2239 4525; x_wconf 90' lang='lat' dir='ltr'>sit</span> <span class='ocrx_word' id='word_1_703' title='bbox 2257 4472 2472 4524; x_wconf 89' lang='lat' dir='ltr'>Titulus</span> <span class='ocrx_word' id='word_1_704' title='bbox 2504 4471 2806 4540; x_wconf 86' lang='lat' dir='ltr'>subjectus.</span> 
     </span>
    </p>
   </div>
   <div class='ocr_carea' id='block_1_111' title="bbox 2001 4540 3537 4612">
    <p class='ocr_par' dir='ltr' id='par_1_111' title="bbox 2001 4540 3537 4612">
     <span class='ocr_line' id='line_1_112' title="bbox 2001 4540 3537 4612; baseline 0.011 -26"><span class='ocrx_word' id='word_1_705' title='bbox 2001 4545 2137 4609; x_wconf 73' lang='lat'>(387)</span> <span class='ocrx_word' id='word_1_706' title='bbox 2175 4542 2322 4606; x_wconf 89' lang='lat' dir='ltr'>Quid</span> <span class='ocrx_word' id='word_1_707' title='bbox 2376 4558 2441 4594; x_wconf 84' lang='lat' dir='ltr'>ex</span> <span class='ocrx_word' id='word_1_708' title='bbox 2490 4541 2598 4612; x_wconf 82' lang='lat' dir='ltr'>hoc</span> <span class='ocrx_word' id='word_1_709' title='bbox 2652 4540 2937 4593; x_wconf 86' lang='lat' dir='ltr'>discamus</span> <span class='ocrx_word' id='word_1_710' title='bbox 2984 4542 3281 4612; x_wconf 68' lang='lat' dir='ltr'>versiculo,</span> <span class='ocrx_word' id='word_1_711' title='bbox 3332 4545 3537 4603; x_wconf 80' lang='lat' dir='ltr'>videsis</span> 
     </span>
    </p>
   </div>
   <div class='ocr_carea' id='block_1_112' title="bbox 1927 4610 2856 4680">
    <p class='ocr_par' dir='ltr' id='par_1_112' title="bbox 1927 4610 2856 4680">
     <span class='ocr_line' id='line_1_113' title="bbox 1927 4610 2856 4680; baseline 0 -16"><span class='ocrx_word' id='word_1_712' title='bbox 1927 4612 2327 4667; x_wconf 85' lang='lat' dir='ltr'>commentarii</span> <span class='ocrx_word' id='word_1_713' title='bbox 2352 4610 2543 4680; x_wconf 66' lang='lat' dir='ltr'>prazvii</span> <span class='ocrx_word' id='word_1_714' title='bbox 2576 4628 2735 4679; x_wconf 67' lang='lat' dir='ltr'>num.</span> <span class='ocrx_word' id='word_1_715' title='bbox 2770 4613 2856 4664; x_wconf 60' lang='lat'>4&#39;2.</span> 
     </span>
    </p>
   </div>
   <div class='ocr_carea' id='block_1_113' title="bbox 2002 4681 3534 4752">
    <p class='ocr_par' dir='ltr' id='par_1_113' title="bbox 2002 4681 3534 4752">
     <span class='ocr_line' id='line_1_114' title="bbox 2002 4681 3534 4752; baseline 0.003 -13"><span class='ocrx_word' id='word_1_716' title='bbox 2002 4688 2139 4752; x_wconf 76' lang='lat'>(388)</span> <span class='ocrx_word' id='word_1_717' title='bbox 2164 4682 2585 4737; x_wconf 74' lang='lat' dir='ltr'>Nobilissimum</span> <span class='ocrx_word' id='word_1_718' title='bbox 2617 4682 2722 4735; x_wconf 88' lang='lat' dir='ltr'>hoc</span> <span class='ocrx_word' id='word_1_719' title='bbox 2761 4681 3058 4736; x_wconf 88' lang='lat' dir='ltr'>Gandense</span> <span class='ocrx_word' id='word_1_720' title='bbox 3117 4688 3534 4744; x_wconf 87' lang='lat' dir='ltr'>monasterium</span> 
     </span>
    </p>
   </div>
   <div class='ocr_carea' id='block_1_114' title="bbox 1929 4752 3529 4826">
    <p class='ocr_par' dir='ltr' id='par_1_114' title="bbox 1929 4752 3529 4826">
     <span class='ocr_line' id='line_1_115' title="bbox 1929 4752 3529 4826; baseline 0 -12"><span class='ocrx_word' id='word_1_721' title='bbox 1929 4760 2045 4814; x_wconf 89' lang='lat' dir='ltr'>solo</span> <span class='ocrx_word' id='word_1_722' title='bbox 2070 4754 2239 4809; x_wconf 82' lang='lat' dir='ltr'>hodie</span> <span class='ocrx_word' id='word_1_723' title='bbox 2264 4753 2310 4808; x_wconf 84' lang='lat' dir='ltr'>S</span> <span class='ocrx_word' id='word_1_724' title='bbox 2351 4754 2521 4815; x_wconf 73' lang='lat' dir='ltr'>Petri,</span> <span class='ocrx_word' id='word_1_725' title='bbox 2552 4752 2653 4826; x_wconf 81' lang='lat' dir='ltr'>sub</span> <span class='ocrx_word' id='word_1_726' title='bbox 2685 4752 2842 4826; x_wconf 76' lang='lat' dir='ltr'>cujus</span> <span class='ocrx_word' id='word_1_727' title='bbox 2878 4752 3002 4806; x_wconf 90' lang='lat' dir='ltr'>ctS.</span> <span class='ocrx_word' id='word_1_728' title='bbox 3032 4754 3187 4826; x_wconf 82' lang='lat' dir='ltr'>Pauli</span> <span class='ocrx_word' id='word_1_729' title='bbox 3213 4760 3529 4826; x_wconf 88' lang='lat' dir='ltr'>patrocinio</span> 
     </span>
    </p>
   </div>
   <div class='ocr_carea' id='block_1_115' title="bbox 1928 4822 3531 4898">
    <p class='ocr_par' dir='ltr' id='par_1_115' title="bbox 1928 4822 3531 4898">
     <span class='ocr_line' id='line_1_116' title="bbox 1928 4822 3531 4898; baseline 0 -14"><span class='ocrx_word' id='word_1_730' title='bbox 1928 4830 2031 4884; x_wconf 86' lang='lat' dir='ltr'>fuit</span> <span class='ocrx_word' id='word_1_731' title='bbox 2052 4829 2420 4898; x_wconf 64' lang='lat' dir='ltr'>exstructum,</span> <span class='ocrx_word' id='word_1_732' title='bbox 2451 4822 2688 4898; x_wconf 83' lang='lat' dir='ltr'>nomine</span> <span class='ocrx_word' id='word_1_733' title='bbox 2704 4823 2903 4898; x_wconf 52' lang='lat' dir='ltr'>fenire</span> <span class='ocrx_word' id='word_1_734' title='bbox 2930 4826 3091 4898; x_wconf 84' lang='lat' dir='ltr'>solet,</span> <span class='ocrx_word' id='word_1_735' title='bbox 3119 4822 3247 4898; x_wconf 81' lang='lat' dir='ltr'>licet</span> <span class='ocrx_word' id='word_1_736' title='bbox 3266 4829 3531 4898; x_wconf 88' lang='lat' dir='ltr'>primitus</span> 
     </span>
    </p>
   </div>
   <div class='ocr_carea' id='block_1_116' title="bbox 1929 4893 3527 4971">
    <p class='ocr_par' dir='ltr' id='par_1_116' title="bbox 1929 4893 3527 4971">
     <span class='ocr_line' id='line_1_117' title="bbox 1929 4893 3527 4971; baseline 0.003 -24"><span class='ocrx_word' id='word_1_737' title='bbox 1929 4918 1957 4955; x_wconf 82' lang='lat' dir='ltr'>a</span> <span class='ocrx_word' id='word_1_738' title='bbox 1993 4902 2191 4954; x_wconf 82' lang='lat' dir='ltr'>monte</span> <span class='ocrx_word' id='word_1_739' title='bbox 2225 4893 2522 4971; x_wconf 79' lang='lat' dir='ltr'>Blaudinio</span> <span class='ocrx_word' id='word_1_740' title='bbox 2552 4894 3048 4971; x_wconf 60' lang='lat' dir='ltr'>urlJiG_ai11daveiisi</span> <span class='ocrx_word' id='word_1_741' title='bbox 3084 4893 3288 4971; x_wconf 65' lang='lat' dir='ltr'>vicino,</span> <span class='ocrx_word' id='word_1_742' title='bbox 3326 4899 3382 4952; x_wconf 87' lang='lat' dir='ltr'>in</span> <span class='ocrx_word' id='word_1_743' title='bbox 3415 4918 3527 4971; x_wconf 88' lang='lat' dir='ltr'>quo</span> 
     </span>
    </p>
   </div>
   <div class='ocr_carea' id='block_1_117' title="bbox 1929 4963 3530 5031">
    <p class='ocr_par' dir='ltr' id='par_1_117' title="bbox 1929 4963 3530 5031">
     <span class='ocr_line' id='line_1_118' title="bbox 1929 4963 3530 5031; baseline 0 -7"><span class='ocrx_word' id='word_1_744' title='bbox 1929 4989 1961 5025; x_wconf 92' lang='lat' dir='ltr'>a</span> <span class='ocrx_word' id='word_1_745' title='bbox 1992 4967 2318 5024; x_wconf 62' lang='lat' dir='ltr'>SAmando</span> <span class='ocrx_word' id='word_1_746' title='bbox 2336 4965 2541 5018; x_wconf 69' lang='lat' dir='ltr'>smculo</span> <span class='ocrx_word' id='word_1_747' title='bbox 2569 4981 2639 5016; x_wconf 84' lang='lat' dir='ltr'>vn</span> <span class='ocrx_word' id='word_1_748' title='bbox 2662 4963 2768 5017; x_wconf 89' lang='lat' dir='ltr'>fuit</span> <span class='ocrx_word' id='word_1_749' title='bbox 2786 4967 3154 5031; x_wconf 84' lang='lat' dir='ltr'>exstructum,</span> <span class='ocrx_word' id='word_1_750' title='bbox 3174 4963 3530 5024; x_wconf 60' lang='lat' dir='ltr'>Blandz&#39;m&#39;iun</span> 
     </span>
    </p>
   </div>
   <div class='ocr_carea' id='block_1_118' title="bbox 1925 5034 3529 5105">
    <p class='ocr_par' dir='ltr' id='par_1_118' title="bbox 1925 5034 3529 5105">
     <span class='ocr_line' id='line_1_119' title="bbox 1925 5034 3529 5105; baseline 0 -9"><span class='ocrx_word' id='word_1_751' title='bbox 1925 5040 2101 5096; x_wconf 88' lang='lat' dir='ltr'>fuerit</span> <span class='ocrx_word' id='word_1_752' title='bbox 2130 5040 2429 5105; x_wconf 76' lang='lat' dir='ltr'>vocatum.</span> <span class='ocrx_word' id='word_1_753' title='bbox 2469 5034 2572 5087; x_wconf 78' lang='lat' dir='ltr'>Adi</span> <span class='ocrx_word' id='word_1_754' title='bbox 2602 5034 2671 5088; x_wconf 91' lang='lat' dir='ltr'>dc</span> <span class='ocrx_word' id='word_1_755' title='bbox 2704 5034 2759 5087; x_wconf 90' lang='lat' dir='ltr'>S.</span> <span class='ocrx_word' id='word_1_756' title='bbox 2805 5035 3067 5105; x_wconf 68' lang='lat' dir='ltr'>Amantio</span> <span class='ocrx_word' id='word_1_757' title='bbox 3102 5038 3291 5105; x_wconf 88' lang='lat' dir='ltr'>operis</span> <span class='ocrx_word' id='word_1_758' title='bbox 3349 5042 3529 5095; x_wconf 92' lang='lat' dir='ltr'>nostri</span> 
     </span>
    </p>
   </div>
   <div class='ocr_carea' id='block_1_119' title="bbox 1924 5104 3527 5174">
    <p class='ocr_par' dir='ltr' id='par_1_119' title="bbox 1924 5104 3527 5174">
     <span class='ocr_line' id='line_1_120' title="bbox 1924 5104 3527 5174; baseline -0.002 -7"><span class='ocrx_word' id='word_1_759' title='bbox 1924 5117 2069 5167; x_wconf 86' lang='lat' dir='ltr'>tom.</span> <span class='ocrx_word' id='word_1_760' title='bbox 2099 5111 2119 5162; x_wconf 91' lang='grc' dir='ltr'>Ι</span> <span class='ocrx_word' id='word_1_761' title='bbox 2146 5104 2457 5171; x_wconf 85' lang='lat' dir='ltr'>Februarii,</span> <span class='ocrx_word' id='word_1_762' title='bbox 2492 5121 2623 5174; x_wconf 86' lang='lat' dir='ltr'>pag.</span> <span class='ocrx_word' id='word_1_763' title='bbox 2654 5106 2874 5168; x_wconf 82' lang='lat' dir='ltr'>822,uti</span> <span class='ocrx_word' id='word_1_764' title='bbox 2903 5104 3077 5158; x_wconf 86' lang='lat' dir='ltr'>etiam</span> <span class='ocrx_word' id='word_1_765' title='bbox 3107 5104 3296 5163; x_wconf 67' lang='lat' dir='ltr'>Gallia:</span> <span class='ocrx_word' id='word_1_766' title='bbox 3322 5109 3527 5169; x_wconf 85' lang='lat' dir='ltr'>Christ.</span> 
     </span>
    </p>
   </div>
   <div class='ocr_carea' id='block_1_120' title="bbox 1927 5174 3007 5246">
    <p class='ocr_par' dir='ltr' id='par_1_120' title="bbox 1927 5174 3007 5246">
     <span class='ocr_line' id='line_1_121' title="bbox 1927 5174 3007 5246; baseline -0.01 -8"><span class='ocrx_word' id='word_1_767' title='bbox 1927 5185 2127 5243; x_wconf 64' lang='lat' dir='ltr'>auctae,</span> <span class='ocrx_word' id='word_1_768' title='bbox 2159 5178 2462 5246; x_wconf 85' lang='lat' dir='ltr'>scriptores</span> <span class='ocrx_word' id='word_1_769' title='bbox 2489 5179 2629 5246; x_wconf 86' lang='lat' dir='ltr'>tom.</span> <span class='ocrx_word' id='word_1_770' title='bbox 2666 5174 2726 5240; x_wconf 93' lang='lat' dir='ltr'>V,</span> <span class='ocrx_word' id='word_1_771' title='bbox 2752 5176 3007 5246; x_wconf 33' lang='grc' dir='ltr'>(ξομ-184.</span> 
     </span>
    </p>
   </div>
   <div class='ocr_carea' id='block_1_121' title="bbox 1998 5244 3530 5323">
    <p class='ocr_par' dir='ltr' id='par_1_121' title="bbox 1998 5244 3530 5323">
     <span class='ocr_line' id='line_1_122' title="bbox 1998 5244 3530 5323; baseline 0.001 -18"><span class='ocrx_word' id='word_1_772' title='bbox 1998 5255 2140 5323; x_wconf 73' lang='lat'>(389.</span> <span class='ocrx_word' id='word_1_773' title='bbox 2174 5244 2316 5303; x_wconf 84' lang='lat' dir='ltr'>Cum</span> <span class='ocrx_word' id='word_1_774' title='bbox 2348 5245 2501 5323; x_wconf 82' lang='lat' dir='ltr'>varia</span> <span class='ocrx_word' id='word_1_775' title='bbox 2537 5244 2783 5323; x_wconf 26' lang='lat' dir='ltr'>sint,.uti</span> <span class='ocrx_word' id='word_1_776' title='bbox 2808 5244 2879 5323; x_wconf 64' lang='lat' dir='ltr'>ad</span> <span class='ocrx_word' id='word_1_777' title='bbox 2905 5245 3530 5323; x_wconf 72' lang='lat' dir='ltr'>secundam__0ctobris</span> 
     </span>
    </p>
   </div>
   <div class='ocr_carea' id='block_1_122' title="bbox 1930 5314 3527 5398">
    <p class='ocr_par' dir='ltr' id='par_1_122' title="bbox 1930 5314 3527 5398">
     <span class='ocr_line' id='line_1_123' title="bbox 1930 5314 3527 5398; baseline -0.019 -21"><span class='ocrx_word' id='word_1_778' title='bbox 1930 5314 2084 5377; x_wconf 80' lang='lat' dir='ltr'>diem</span> <span class='ocrx_word' id='word_1_779' title='bbox 2112 5322 2166 5375; x_wconf 89' lang='lat' dir='ltr'>in</span> <span class='ocrx_word' id='word_1_780' title='bbox 2199 5316 2819 5398; x_wconf 40' lang='lat' dir='ltr'>commentarioLActi‘s</span> <span class='ocrx_word' id='word_1_781' title='bbox 2923 5315 3263 5396; x_wconf 39' lang='lat' dir='ltr'>.Leodegarii</span> <span class='ocrx_word' id='word_1_782' title='bbox 3295 5322 3527 5398; x_wconf 24' lang='lat' dir='ltr'>Pyrg/HQ,</span> 
     </span>
    </p>
   </div>
   <div class='ocr_carea' id='block_1_123' title="bbox 1931 5385 3531 5460">
    <p class='ocr_par' dir='ltr' id='par_1_123' title="bbox 1931 5385 3531 5460">
     <span class='ocr_line' id='line_1_124' title="bbox 1931 5385 3531 5460; baseline -0.002 -12"><span class='ocrx_word' id='word_1_783' title='bbox 1931 5392 2252 5453; x_wconf 88' lang='lat' dir='ltr'>docuimus,</span> <span class='ocrx_word' id='word_1_784' title='bbox 2282 5391 2405 5442; x_wconf 89' lang='lat' dir='ltr'>loca</span> <span class='ocrx_word' id='word_1_785' title='bbox 2428 5403 2608 5460; x_wconf 84' lang='lat' dir='ltr'>sacra,</span> <span class='ocrx_word' id='word_1_786' title='bbox 2632 5385 2823 5439; x_wconf 84' lang='lat' dir='ltr'>Sancti</span> <span class='ocrx_word' id='word_1_787' title='bbox 2840 5386 3007 5460; x_wconf 71' lang='lat' dir='ltr'>hujus</span> <span class='ocrx_word' id='word_1_788' title='bbox 3031 5385 3264 5441; x_wconf 85' lang='lat' dir='ltr'>nomine</span> <span class='ocrx_word' id='word_1_789' title='bbox 3292 5385 3531 5460; x_wconf 45' lang='lat' dir='ltr'>insigni?</span> 
     </span>
    </p>
   </div>
   <div class='ocr_carea' id='block_1_124' title="bbox 1933 5456 3531 5527">
    <p class='ocr_par' dir='ltr' id='par_1_124' title="bbox 1933 5456 3531 5527">
     <span class='ocr_line' id='line_1_125' title="bbox 1933 5456 3531 5527; baseline -0.003 -9"><span class='ocrx_word' id='word_1_790' title='bbox 1933 5467 2012 5518; x_wconf 87' lang='lat' dir='ltr'>ta.</span> <span class='ocrx_word' id='word_1_791' title='bbox 2046 5480 2150 5516; x_wconf 83' lang='lat' dir='ltr'>nec</span> <span class='ocrx_word' id='word_1_792' title='bbox 2166 5459 2334 5514; x_wconf 88' lang='lat' dir='ltr'>Tituli</span> <span class='ocrx_word' id='word_1_793' title='bbox 2365 5458 2634 5512; x_wconf 84' lang='lat' dir='ltr'>funebres</span> <span class='ocrx_word' id='word_1_794' title='bbox 2656 5472 2723 5510; x_wconf 91' lang='lat' dir='ltr'>eo</span> <span class='ocrx_word' id='word_1_795' title='bbox 2754 5456 2977 5524; x_wconf 85' lang='lat' dir='ltr'>ordine,</span> <span class='ocrx_word' id='word_1_796' title='bbox 3006 5474 3119 5527; x_wconf 89' lang='lat' dir='ltr'>quo</span> <span class='ocrx_word' id='word_1_797' title='bbox 3138 5460 3324 5513; x_wconf 88' lang='lat' dir='ltr'>rotulo</span> <span class='ocrx_word' id='word_1_798' title='bbox 3369 5456 3531 5515; x_wconf 75' lang='lat' dir='ltr'>fuere</span> 
     </span>
    </p>
   </div>
   <div class='ocr_carea' id='block_1_125' title="bbox 1934 5527 3531 5602">
    <p class='ocr_par' dir='ltr' id='par_1_125' title="bbox 1934 5527 3531 5602">
     <span class='ocr_line' id='line_1_126' title="bbox 1934 5527 3531 5602; baseline -0.001 -13"><span class='ocrx_word' id='word_1_799' title='bbox 1934 5533 2213 5602; x_wconf 85' lang='lat' dir='ltr'>inscripti,</span> <span class='ocrx_word' id='word_1_800' title='bbox 2237 5531 2662 5602; x_wconf 80' lang='lat' dir='ltr'>recenseantur,</span> <span class='ocrx_word' id='word_1_801' title='bbox 2691 5527 3096 5602; x_wconf 79' lang='lat' dir='ltr'>quodnamhic</span> <span class='ocrx_word' id='word_1_802' title='bbox 3121 5545 3217 5602; x_wconf 84' lang='lat' dir='ltr'>seu</span> <span class='ocrx_word' id='word_1_803' title='bbox 3247 5533 3531 5602; x_wconf 85' lang='lat' dir='ltr'>templum</span> 
     </span>
    </p>
   </div>
   <div class='ocr_carea' id='block_1_126' title="bbox 1938 5597 3531 5674">
    <p class='ocr_par' dir='ltr' id='par_1_126' title="bbox 1938 5597 3531 5674">
     <span class='ocr_line' id='line_1_127' title="bbox 1938 5597 3531 5674; baseline 0 -14"><span class='ocrx_word' id='word_1_804' title='bbox 1938 5622 2033 5660; x_wconf 88' lang='lat' dir='ltr'>seu</span> <span class='ocrx_word' id='word_1_805' title='bbox 2068 5597 2481 5674; x_wconf 75' lang='lat' dir='ltr'>monasterium</span> <span class='ocrx_word' id='word_1_806' title='bbox 2507 5597 2858 5674; x_wconf 77' lang='lat' dir='ltr'>designetur,</span> <span class='ocrx_word' id='word_1_807' title='bbox 2888 5599 3144 5674; x_wconf 67' lang='lat' dir='ltr'>deﬁnire</span> <span class='ocrx_word' id='word_1_808' title='bbox 3178 5600 3332 5674; x_wconf 68' lang='lat' dir='ltr'>haud</span> <span class='ocrx_word' id='word_1_809' title='bbox 3363 5597 3531 5674; x_wconf 79' lang='lat' dir='ltr'>queo.</span> 
     </span>
    </p>
   </div>
   <div class='ocr_carea' id='block_1_127' title="bbox 2012 5668 3626 5745">
    <p class='ocr_par' dir='ltr' id='par_1_127' title="bbox 2012 5668 3626 5745">
     <span class='ocr_line' id='line_1_128' title="bbox 2012 5668 3626 5745; baseline 0.001 -15"><span class='ocrx_word' id='word_1_810' title='bbox 2012 5674 2159 5745; x_wconf 84' lang='lat'>(390)</span> <span class='ocrx_word' id='word_1_811' title='bbox 2186 5672 2411 5743; x_wconf 85' lang='lat' dir='ltr'>Insigne</span> <span class='ocrx_word' id='word_1_812' title='bbox 2446 5668 2880 5737; x_wconf 84' lang='lat' dir='ltr'>monasterium,</span> <span class='ocrx_word' id='word_1_813' title='bbox 2911 5670 3065 5742; x_wconf 89' lang='lat' dir='ltr'>quod</span> <span class='ocrx_word' id='word_1_814' title='bbox 3095 5669 3144 5727; x_wconf 84' lang='lat' dir='ltr'>S</span> <span class='ocrx_word' id='word_1_815' title='bbox 3179 5668 3415 5730; x_wconf 61' lang='lat' dir='ltr'>Bacenis</span> <span class='ocrx_word' id='word_1_816' title='bbox 3437 5692 3536 5733; x_wconf 90' lang='lat' dir='ltr'>no-</span> <span class='ocrx_word' id='word_1_817' title='bbox 3613 5678 3626 5693; x_wconf 89' lang='grc'><strong><em>⁸</em></strong></span> 
     </span>
    </p>
   </div>
   <div class='ocr_carea' id='block_1_128' title="bbox 3198 5772 3263 5826">
    <p class='ocr_par' dir='ltr' id='par_1_128' title="bbox 3198 5772 3263 5826">
     <span class='ocr_line' id='line_1_129' title="bbox 3198 5772 3263 5826; baseline 0.015 -1"><span class='ocrx_word' id='word_1_818' title='bbox 3198 5772 3263 5826; x_wconf 78' lang='grc'><strong>19</strong></span> 
     </span>
    </p>
   </div>
  </div>
