4014 6030
256 268 368 323 589

255 388 425 445 Glare
454 392 621 462 pater
652 389 864 458 Bruno,
897 390 1056 462 peto,
1088 389 1161 446 sit
1192 389 1294 446 tibi
1315 390 1433 448 vita
1476 386 1771 463 perennis,

260 479 425 534 Dicat
453 480 639 535 Amen
669 479 926 552 quisquis
954 480 1095 535 mihi
1130 481 1539 552 respondendo
1562 480 1763 537 ﬁdelis.

851 568 1002 623 Aliis
1035 569 1291 640 ejusdem.

262 659 387 712 126.
418 658 637 711 Lumen
669 659 726 711 et
757 657 898 712 ordo
948 657 1050 712 viae
1106 657 1367 712 ducentis
1412 658 1484 712 ad
1514 659 1629 713 alta
1660 657 1877 729 Sophim

262 745 502 812 Occidit,
534 745 669 799 hinc
690 745 899 799 cedens
928 748 1150 800 natura?
1178 747 1366 802 Bruno
1400 747 1678 801 recedens

260 837 375 889 Par
404 833 639 907 pecudis
670 834 871 888 brutus.
916 834 1061 902 Tibi,
1115 836 1328 903 Bruno,
1382 835 1657 907 magister
1689 838 1874 902 acute,

256 923 437 978 Viluit
468 922 559 977 hic
588 922 731 977 ﬂore
764 923 1035 989 mundus,
1069 924 1362 995 sterilique
1397 924 1624 980 decore.

258 1010 391 1067 Flos
419 1011 526 1065 fuit
558 1009 617 1064 in
649 1010 808 1077 feno,
838 1011 1018 1083 viguit
1038 1013 1141 1067 sub
1174 1013 1295 1068 sole
1326 1029 1555 1079 sereno,

257 1102 414 1156 Dum
445 1103 544 1153 tua
573 1102 855 1166 cantaret,
888 1099 1077 1154 studio
1112 1101 1250 1154 dum
1282 1118 1449 1155 musa
1468 1103 1720 1167 vacaret,

258 1191 412 1243 Dum
435 1176 609 1242 modd
624 1189 864 1242 lactaret
885 1189 1294 1255 Remos,modo
1316 1206 1464 1260 pane
1479 1188 1696 1243 cibaret
1711 1188 1876 1261 (397).

256 1277 404 1331 Hinc
436 1280 656 1343 tamen,
688 1276 925 1345 abjectis
954 1276 1159 1349 Opibus
1180 1277 1490 1348 studiisque
1523 1278 1771 1348 rejectis.

264 1365 502 1420 Clausus
526 1365 585 1418 in
608 1366 850 1418 obscuro
879 1364 1083 1418 frueris
1116 1365 1405 1419 labamine
1428 1366 1593 1431 duro,

257 1454 466 1524 Nilque
498 1469 740 1524 sequens
771 1453 960 1507 Bruno
995 1452 1239 1520 varium,
1274 1453 1551 1508 fundatus
1580 1453 1639 1508 in
1674 1471 1810 1521 uno,

261 1541 358 1598 Sic
381 1543 570 1610 Pater,
599 1558 631 1596 o
653 1543 867 1609 Bruno,
892 1542 1045 1612 capis
1076 1559 1255 1595 unum
1275 1544 1477 1612 captus
1492 1542 1564 1596 ab
1579 1558 1696 1598 uno
1715 1544 1887 1614 (398).

904 1632 1145 1686 SECTIO
1174 1632 1237 1684 V.

413 1718 625 1772 Titulus
648 1717 712 1774 S.
730 1718 927 1774 Mariae
958 1719 1295 1774 Morlivensis
1321 1720 1539 1774 ecclesiae
1572 1718 1742 1791 (399).

270 1811 397 1863 127.
426 1806 643 1861 Floruit
681 1807 739 1861 in
788 1808 1006 1862 mundo
1056 1808 1141 1862 vir
1173 1809 1426 1880 prudens
1469 1825 1568 1862 ore
1596 1808 1887 1880 profundo

267 1895 433 1949 Utilis
463 1899 550 1949 est
575 1895 765 1950 forma
792 1912 914 1951 sors
942 1896 1064 1967 ejus
1085 1899 1143 1951 et
1175 1896 1379 1951 ultima
1405 1913 1633 1954 norma.

265 1982 444 2038 Scivit
471 1983 631 2038 enim
659 2000 812 2051 vere,
846 1986 1131 2039 mundum
1159 2002 1277 2039 non
1315 2001 1479 2055 posse
1510 2000 1772 2041 manere.

266 2072 517 2127 Calcavit
544 2073 715 2128 ﬂores
742 2073 881 2143 ejus,
910 2074 1256 2144 contempsit
1286 2074 1559 2129 honores.

267 2161 431 2215 Nunc
460 2161 688 2233 requies
718 2161 822 2216 sibi
856 2161 927 2215 sit
956 2162 1234 2233 quoniam
1259 2179 1421 2216 sacra
1451 2161 1666 2232 pagina
1697 2161 1835 2217 dixit
1864 2177 1878 2217 :

260 2250 398 2304 Non
426 2253 511 2303 est
538 2250 819 2304 damnosa
839 2266 995 2304 mors
1002 2250 1165 2320 justi,
1195 2251 1294 2304 sed
1312 2250 1592 2322 pretiosa;

266 2339 461 2393 Bruno
496 2338 846 2393 Hierusalem
860 2339 1195 2393 conscendit
1214 2340 1596 2411 spiritualem.

296 2424 403 2482 SS.
445 2426 600 2481 Petri
636 2432 685 2479 et
712 2427 1015 2495 Augustini
1042 2426 1346 2497 Anglorum
1389 2427 1613 2498 apostoli
1672 2428 1845 2499 (400).

265 2516 394 2569 128.
422 2515 613 2569 Bruno
635 2514 730 2585 pia
749 2515 867 2569 vita
892 2516 1034 2570 coelo
1065 2515 1215 2569 vivas
1255 2515 1523 2573 eremita.

258 2602 639 2657 Reddidimus
659 2602 875 2668 vestris,
909 2603 1227 2657 reddantur
1258 2603 1451 2657 debita
1472 2602 1699 2657 nostris.

546 2689 610 2745 S.
660 2690 942 2745 Edmundi
970 2694 1111 2761 regis
1140 2694 1396 2761 martyris
1424 2693 1588 2762 (401).

265 2780 392 2833 129.
425 2778 653 2832 Transit
694 2779 766 2832 ab
798 2778 902 2833 hac
943 2777 1059 2833 vita
1090 2781 1277 2833 Bruno
1309 2783 1473 2850 pater
1521 2796 1586 2834 ac
1616 2779 1879 2849 eremita,

332 2867 611 2921 Transeat
632 2866 689 2920 in
716 2867 977 2938 requiem
1011 2867 1243 2939 spiritus
1269 2868 1422 2938 ejus:
1456 2869 1664 2922 Amen.

853 2954 1014 3009 Alius
1034 2956 1285 3025 ejusdem.

250 3044 378 3096 130.
412 3044 645 3097 Annuat
672 3043 804 3097 huic
830 3043 1108 3099 Dominus
1142 3044 1400 3098 Brunoni
1432 3043 1643 3116 gaudia
1678 3062 1872 3114 verus,

244 3130 506 3202 Agmina
526 3134 880 3199 sanctorum,
909 3132 1007 3205 qui
1029 3132 1285 3188 continet
1333 3135 1448 3187 alta
1482 3133 1733 3205 piorum.

249 3218 327 3274 S.
372 3219 575 3275 Maria)
598 3218 913 3290 Spalinguae
970 3220 1199 3276 ecclesiae
1240 3219 1303 3275 S.
1354 3220 1577 3275 Nicolai
1618 3221 1877 3294 Andega-

882 3312 1052 3364 vermis
1084 3308 1253 3379 (402).

250 3398 378 3449 131.
410 3396 471 3448 In
505 3396 724 3449 mundo
766 3395 965 3450 rutilat
996 3397 1129 3451 solis
1146 3396 1321 3467 jubar
1350 3399 1407 3450 et
1444 3396 1733 3452 rutilando

324 3484 553 3538 Transit
577 3487 635 3537 et
660 3484 879 3538 excedit
898 3484 1088 3539 sidera
1126 3486 1279 3540 clara
1308 3485 1455 3555 poli;

252 3569 350 3625 Sic
379 3576 435 3625 et
462 3572 746 3626 Brunonis
776 3572 1058 3643 sapientia
1085 3576 1246 3627 tanta
1274 3573 1515 3637 refulsit,

330 3660 488 3712 Inter
518 3659 871 3714 Francorum
899 3661 1087 3715 sidera
1117 3663 1268 3715 solus
1302 3664 1365 3715 ut
1384 3661 1475 3714 hic

250 3746 414 3799 Esset
443 3750 781 3801 cunctorum
803 3749 907 3801 flos
934 3752 991 3801 et
1021 3748 1151 3802 fons
1174 3748 1673 3821 philosophorum.

321 3834 450 3889 Flos
480 3834 765 3905 speciosus
798 3838 943 3902 erat,
975 3836 1222 3907 forisque
1261 3838 1587 3907 profundus
1616 3841 1759 3892 erat.

242 3923 325 3976 Ex
356 3922 467 3975 hoc
491 3922 744 3976 manavit
791 3923 1071 3995 sapientia
1100 3926 1266 3977 tanta
1296 3940 1399 3995 per
1428 3926 1652 3992 orbem,

316 4011 389 4064 Ut
414 4026 560 4082 quos
590 4011 900 4077 imbueret,
930 4012 1308 4082 phi1050phos
1346 4012 1580 4067 faceret.

235 4098 535 4171 Splendor
555 4099 844 4152 sermonis
874 4100 983 4153 fuit
1004 4103 1062 4153 et
1090 4101 1183 4153 lux
1213 4100 1553 4171 relligionis,

314 4236 768 4310 (397)_Sanctum
801 4240 994 4294 Remis
1019 4241 1244 4310 poesim
1273 4241 1550 4309 docuisse,
1579 4242 1712 4297 hinc
1731 4260 1865 4299 con-

235 4307 595 4388 cludendum
628 4314 886 4388 apparet.
920 4307 1031 4388 Adi
1057 4327 1269 4388 comm.
1302 4307 1665 4388 prwv._num.
1701 4320 1785 4370 77.

337 4379 469 4445 398)
492 4379 681 4433 Alludi
704 4379 934 4434 videtur
976 4386 1026 4434 et
1057 4382 1149 4434 hic
1189 4383 1260 4434 ad
1302 4379 1439 4436 illud
1474 4384 1633 4439 Lucm
1660 4402 1713 4449 Χ,
1750 4388 1816 4440 42
1846 4402 1858 4439 :

239 4473 269 4572 ἵ
301 4454 486 4572 Porrl'o
512 4466 693 4572 upum
714 4454 798 4504 est
814 4468 1215 4505 necessarmm.
1240 4454 1412 4506 Maria
1437 4455 1719 4525 optimam
1736 4473 1863 4528 par-

268 4536 367 4572 em
397 4535 427 4572 e
454 4536 546 4572 θαι
579 4560 592 4572 .
624 4542 650 4567 ››

242 4524 367 4574 tem
397 4521 592 4590 elegit.
624 4542 650 4567 ››

314 4592 472 4663 (399)
502 4592 643 4644 Cum
665 4593 876 4663 locum,
912 4593 1005 4663 qui
1039 4611 1136 4647 seu
1183 4593 1476 4660 l/orlivum,
1499 4611 1598 4648 seu
1626 4594 1864 4651 Alorliva

243 4660 555 4733 vocitetur,
582 4662 857 4733 inuspiam
914 4660 1227 4728 inveniam,
1269 4668 1530 4733 occurrat
1583 4670 1775 4720 autem
1806 4668 1863 4721 in

244 4731 526 4806 Britanna
577 4731 778 4806 Minori
848 4734 1063 4806 civitas,
1114 4751 1240 4806 quas
1288 4731 1609 4801 'Morlaoum,
1656 4737 1863 4792 Gallice

246 4800 509 4879 Morlais.
540 4818 638 4855 seu
662 4802 966 4879 ΒΜοῖίίιιιέπζτ,
1004 4875 1013 4879 _
1042 4800 1397 4879 nominatur,
1451 4807 1863 4879 ecclesiamque

244 4871 757 4949 sanctissimaaDei
802 4875 1071 4949 Genitrici
1102 4892 1346 4949 sacram,
1383 4877 1572 4949 habet,
1606 4871 1864 4949 spectare

243 4942 318 4997 ad
334 4943 484 4995 hanc
506 4942 755 5020 Titulum
779 4946 1123 5020 subjectum,
1140 4947 1462 5020 verosimile
1482 4942 1721 5020 apparet
1740 4966 1866 5020 per-

242 5029 566 5092 peramque
597 5014 741 5069 adeo
764 5015 1103 5070 Morlwensz's
1135 5034 1238 5087 pro
1272 5014 1601 5071 Morlzeerisis
1630 5019 1722 5073 hic
1740 5014 1867 5074 exa-

239 5100 387 5138 rari.

316 5154 476 5224 (400)
509 5154 739 5228 Insigne
794 5156 889 5210 hic
922 5159 1058 5226 puto
1120 5157 1410 5228 designari
1460 5159 1867 5214 Cantuariense

246 5224 857 5297 monasterium,quod
876 5224 939 5281 Sf
959 5224 1330 5297 Augustinus,
1365 5229 1787 5284 Cantuariensis
1812 5231 1869 5285 in

252 5295 469 5365 Anglia
483 5295 802 5368 episcopus,
817 5297 865 5351 A
878 5295 1121 5367 rit/lorum
1138 5299 1427 5368 Apostolus
1443 5301 1870 5368 nominatus,de

252 5367 553 5452 quo‘apud
580 5367 692 5452 nos
714 5369 786 5452 ad
813 5368 971 5452 diem
1002 5372 1074 5449 26.
1108 5367 1231 5423 Maii
1265 5374 1455 5452 actum
1586 5367 1872 5452 honorem

253 5436 314 5511 S_.
352 5436 506 5511 Petri
535 5439 773 5511 apostoli
810 5440 1129 5494 Caniuarim
1153 5441 1354 5511 saeculo
1387 5444 1630 5511 septimo
1662 5447 1875 5499 exstru-

257 5508 357 5561 xit.
377 5506 488 5584 A_di
503 5510 679 5584 tom._l
693 5506 1462 5584 MonasticiAnglicanipag:
1477 5518 1564 5584 23,
1584 5514 1663 5570 uti
1692 5514 1870 5574 etiam

260 5578 455 5650 operis
485 5579 665 5633 nostri
687 5584 827 5638 tom.
861 5582 928 5637 Vl
953 5578 1264 5653 Maii,‘pag.
1294 5578 1419 5639 47:0}

1839 260 2021 320 ACTA

1906 397 1961 459 Α
2055 388 2191 462 Ellis
2214 388 2439 463 relligio
2470 388 2646 447 scitur
2674 388 2885 465 ubique
2918 388 3086 461 satis;

3482 263 3585 327 590

1982 479 2113 551 Ejus
2134 480 2398 535 doctrina
2421 484 2555 536 sunt
2576 481 2710 538 facti
2734 485 2818 537 tot
2851 482 3159 553 sapientes,

2052 568 2204 633 Quos
2232 587 2365 625 mea
2397 587 2564 625 mens
2594 571 2778 626 nescit
2811 573 2868 625 et
2891 588 3022 626 mea
3042 588 3238 643 penna
3265 573 3445 643 tacet;

1978 657 2112 729 Ejus
2137 659 2197 712 in
2229 661 2493 730 exemplo
2513 662 2647 714 sunt
2675 659 2843 714 multi
2870 660 3147 732 relligiosi

2049 747 2116 800 Et
2145 750 2454 802 sectatores
2486 748 2865 821 discipuliqua
2889 749 3089 805 crucis.

1979 837 2102 907 Ipse
2124 853 2352 890 crucem
2382 836 2588 891 Christi
2620 838 2749 891 tulit
2780 840 2838 893 et
2867 855 2969 892 sua
2999 841 3206 893 cuncta
3232 838 3483 911 reliquit,

2051 923 2239 996 Seque
2269 926 2539 996 negando
2576 925 2679 980 sibi
2711 926 2930 996 profuit
2953 926 3071 997 ipse
3103 926 3231 983 sibi.

1980 1013 2166 1081 Dives,
2204 1013 2479 1081 famosus,
2504 1014 2782 1069 facundus
2813 1019 2870 1068 et
2891 1032 3203 1085 generosus

2054 1103 2114 1155 In
2144 1102 2362 1156 mundo
2394 1102 2587 1169 nituit,
2627 1103 2727 1157 sed
2758 1102 2862 1156 sibi
2894 1103 3200 1173 displicuit.

1979 1190 2221 1244 Mundus
2248 1193 2306 1244 et
2336 1190 2511 1261 ipsius
2534 1208 2625 1245 res
2646 1195 2703 1245 et
2736 1192 3032 1246 mundana
3064 1196 3314 1262 potestas

2055 1276 2179 1330 Non
2212 1277 2317 1331 sibi
2341 1278 2515 1332 chara
2546 1279 2672 1344 fuit,
2708 1279 2977 1333 omnibus
3000 1280 3293 1336 abstinuit.

1984 1364 2179 1419 Nullus
2217 1383 2384 1420 amor
2413 1369 2498 1420 vel
2529 1368 2717 1422 honor
2745 1384 2990 1421 nocuere
3023 1370 3204 1423 Deum
3237 1369 3487 1441 sitienti;

2059 1452 2171 1508 Sed
2204 1455 2518 1525 qumrendo
2546 1456 2727 1509 Deum
2752 1455 2859 1509 fuit
2890 1456 3079 1529 [fugit]
3112 1457 3172 1511 in
3196 1458 3448 1515 exilium.

1990 1540 2153 1595 Exsul
2184 1547 2308 1597 erat
2329 1543 2530 1614 patriae
2554 1544 2680 1597 loca
2701 1543 3155 1617 praesidiumque
3185 1546 3373 1604 Maria:

2063 1630 2340 1699 Obtinuit,
2371 1631 2531 1701 cujus
2554 1630 2701 1685 ﬁlius
2738 1631 2856 1703 ipse
2888 1632 3014 1686 fuit.

1915 1711 1967 1770 B
1990 1718 2142 1773 Felix
2174 1720 2329 1773 exsul
2360 1722 2505 1786 erat,
2538 1736 2711 1791 quem
2746 1720 2904 1791 virgo
2941 1721 3114 1775 Maria
3142 1723 3380 1795 recepit.

2065 1807 2191 1860 Haec
2213 1806 2318 1860 sibi
2345 1806 2633 1877 refugium
2660 1809 2893 1878 praestet
2924 1812 2982 1861 et
3010 1809 3286 1865 auxilium

1989 1894 2113 1949 Fiat
2137 1894 2188 1949 ei
2213 1898 2432 1965 portus,
2473 1897 2631 1965 cujus
2661 1894 2769 1949 fuit
2800 1895 3024 1967 integer
3055 1899 3213 1951 ortus

2060 1982 2232 2036 Filius
2251 1984 2521 2048 aeternus,
2545 1982 2618 2036 sit
2648 1982 2752 2037 tibi
2783 1988 2939 2037 certa
2965 1985 3133 2039 salus.

1986 2071 2286 2143 Religiosis
2307 2071 2577 2125 fratribus
2616 2071 2674 2125 in
2704 2073 2851 2139 loco,
2897 2073 2993 2144 qui
3027 2074 3220 2127 Turris
3250 2076 3595 2147 appellatur,

1987 2161 2103 2215 Deo
2136 2160 2338 2214 devote
2360 2160 2779 2214 famulantibus
2804 2160 3142 2216 Lambertus
3172 2163 3350 2218 abbas
3376 2167 3434 2219 et
3462 2168 3584 2220 tota

1985 2248 2363 2319 congregatio
2386 2247 2810 2302 SanctiNicolai
2843 2250 3088 2304 salutem
3119 2253 3178 2303 et
3203 2251 3594 2308 dilectionem.

1987 2336 2182 2391 Dolori
2210 2340 2397 2391 vestro
2449 2340 2506 2390 et
2555 2336 2895 2391 desolationi
2944 2338 3238 2393 charitatis
3294 2339 3601 2396 visceribus

1986 2424 2410 2495 compatientes
2430 2425 2786 2496 dominoque
2805 2426 3057 2481 Brunoni
3076 2443 3143 2481 ex
3172 2427 3282 2481 hoc
3296 2429 3516 2484 mundo
3528 2430 3603 2485 ad

1986 2514 2244 2580 Patrem;
2276 2518 2337 2567 ut
2368 2513 2680 2581 credimus,
2728 2514 3051 2568 transeunti
3092 2516 3526 2586 congaudentes
3551 2521 3610 2573 et

1983 2602 2348 2674 triumphalis
2374 2602 2590 2656 funeris
2622 2602 2879 2657 debitum
2897 2604 3249 2657 exsolventes
3261 2604 3431 2674 justis
3455 2607 3602 2677 peti-

1984 2689 2241 2744 tionibus
2268 2690 2466 2744 vestris
2491 2694 2550 2744 et
2579 2689 2873 2744 desideriis
2889 2689 3024 2744 satis
3048 2690 3309 2758 facimus,
3345 2709 3605 2748 annuen-

1986 2781 2094 2844 tes,
2119 2781 2178 2832 ut
2209 2778 2357 2832 illius
2412 2777 2693 2848 depositio
2730 2777 2787 2831 in
2820 2777 3226 2849 Martyrologio
3255 2780 3599 2836 nominibus

1988 2866 2235 2920 fratrum
2269 2869 2603 2920 nostrorum
2634 2865 3070 2921 interscribatur
3095 2869 3153 2920 et
3185 2873 3605 2940 perpetuame-

1909 2991 1956 3051 Ο
1987 2955 2177 3010 moria
2206 2956 2513 3009 recolatur.

2196 3043 2257 3099 S.
2297 3043 2496 3097 Mariae
2533 3042 2755 3097 ecclesia,
2792 3042 3178 3099 Lincolniensis
3206 3046 3371 3117 (403).

1986 3135 2106 3188 132.
2138 3132 2410 3187 Transisti
2440 3130 2659 3186 mundo
2692 3147 2940 3197 securus,
2963 3131 3215 3187 maxime
3241 3134 3454 3198 Bruno,

2054 3220 2238 3285 Quem
2272 3220 2406 3293 quia
2427 3218 2706 3291 sprevisti,
2738 3219 2818 3273 nil
2852 3219 3109 3274 nocuisse
3134 3224 3295 3291 puto.

1977 3309 2053 3363 Te
2079 3309 2256 3364 voluit
2288 3310 2459 3363 rebus
2477 3307 2773 3363 fallacibus
2798 3308 3129 3380 illaqueare,

2051 3396 2163 3451 Sed
2193 3396 2295 3450 tibi
2325 3396 2678 3469 prospiciens
2704 3413 2821 3452 non
2849 3396 3002 3450 cadis
3026 3396 3087 3451 in
3117 3397 3410 3469 laqueum.

1980 3484 2198 3539 Obtulit
2223 3484 2328 3538 iste
2347 3485 2603 3556 quidem,
2638 3502 2766 3555 qum
2799 3501 3013 3554 pronus
3044 3486 3248 3541 stultus
3286 3489 3513 3558 adorat,

2048 3573 2163 3626 Hoc
2201 3575 2307 3638 est,
2338 3572 2562 3627 divitias
2588 3575 2645 3626 et
2672 3573 2845 3639 bona,
2879 3589 3006 3644 quae
3034 3578 3301 3643 pereunt.

1970 3660 2053 3713 ‘Et’
2083 3659 2219 3731 quia
2250 3676 2422 3713 nemo
2453 3662 2644 3731 potest
2668 3660 2879 3714 horum
2913 3660 3221 3729 splendore
3253 3662 3444 3731 beari;

2046 3747 2267 3819 Quippe
2301 3748 2437 3801 nihil
2462 3752 2723 3817 prosunt,
2747 3747 2846 3800 sed
2875 3747 3048 3801 nimis
3079 3748 3360 3816 officiunt,

1974 3836 2251 3891 Omnibus
2280 3836 2534 3906 adjectis,
2560 3852 2821 3890 eremum
2848 3836 3013 3889 laetus
3045 3835 3277 3906 petiisti,

2044 3926 2157 3979 Hoc
2185 3925 2371 3979 solum
2403 3924 2637 3996 cupiens
2667 3940 2833 3995 posse
2859 3924 3085 3993 placere
3111 3925 3249 3978 Deo.

1969 4014 2081 4068 Nec
2107 4014 2263 4068 bona
2290 4013 2449 4067 fama
2469 4013 2570 4066 viri
2604 4013 2767 4067 latuit
2793 4013 3049 4083 dispersa
3078 4029 3182 4083 per
3214 4014 3438 4084 orbem,

2040 4101 2152 4155 Sed
2182 4118 2324 4173 vaga
2353 4102 2671 4172 permultos
2711 4100 3073 4155 commonuit
3101 4103 3363 4172 populos.

2038 4228 2181 4299 (401)
2206 4202 2343 4280 Vide
2371 4227 2440 4280 de
2466 4224 3243 4299 liocqmonasterioMonastici
3270 4227 3575 4299 Anglicani

1886 4279 1938 4337 D
1968 4279 2116 4378 tortu;
2138 4279 2179 4364 l,
2210 4279 2343 4369 pag.
2370 4279 2473 4350 284
2506 4297 2723 4377 etbinis
2743 4314 2925 4420 14qu.,
2947 4297 3040 4350 ubi
3074 4313 3143 4349 ea
3174 4279 3575 4382 traduiiturje-x

1967 4370 2172 4420 quibus
2204 4369 2397 4420 palam
2416 4370 2518 4420 est.
2555 4368 2655 4420 diu
2684 4368 2823 4420 illud
2872 4385 3013 4420 uisse
3040 4370 3175 4420 ante
3197 4368 3253 4420 S.
3289 4370 3573 4420 Brunnms

2872 4385 2924 4421 lll

1967 4369 2172 4439 quibus
2204 4368 2397 4439 palam
2416 4370 2518 4432 est,
2555 4368 2655 4420 diu
2684 4368 2823 4420 illud
2844 4368 3013 4422 fuisse
3040 4370 3175 4421 ante
3197 4368 3253 4422 S.
3289 4370 3573 4427 Brunonis

1964 4443 2197 4493 aetatem
2228 4441 2637 4492 constructum.

2039 4512 2187 4580 (402)
2220 4510 2631 4580 Audegavense
2655 4507 2870 4562 ordinis
2899 4508 3261 4564 S.Benedicti
3287 4516 3573 4568 monaste-

1964 4578 2137 4647 rium,
2170 4580 2264 4650 qui
2298 4597 2331 4633 a
2358 4578 2664 4633 S.Nicolao
2696 4595 2909 4632 nomen
2944 4583 3027 4632 est
3055 4579 3327 4648 inditum,
3360 4586 3568 4639 sazculo

1965 4669 2039 4705 un
2049 4651 2168 4705 deci
2180 4650 2550 4720 mo,quemad
2562 4650 2797 4704 modum
2812 4650 3377 4706 inGalliaChristiana
3390 4656 3567 4708 veteri

1966 4721 2395 4777 Sammarlhani
2430 4722 2637 4774 fratres
2653 4725 2795 4776 tom.
2818 4721 2904 4783 IV,
2935 4724 3189 4791 pag.688
3220 4722 3566 4789 docent,fuit

1963 4793 2291 4859 fundatum;
2310 4795 2479 4862 atque
2496 4792 2604 4845 hoc
2618 4792 2849 4862 quidem
2870 4791 2958 4845 hic
2974 4808 3075 4862 per
3090 4791 3565 4862 Andegavensem

1966 4863 2023 4918 S.
2060 4864 2270 4917 Nicolai
2306 4863 2609 4916 Ecclesiam
2657 4862 2942 4929 designari
2976 4866 3249 4931 autumo;
3282 4878 3386 4931 per
3411 4864 3565 4919 aliud

1966 4937 2183 4999 autem,
2210 4933 2361 5004 quod
2391 4934 2519 4986 huic
2562 4933 2952 5002 praemittitur,
2983 4930 3045 4984 S.
3064 4931 3261 5004 Marize
3284 4930 3564 5002 Spalinga'

1966 5021 2183 5059 nomen
2212 5002 2384 5057 unam
2400 5020 2465 5056 ex
2482 5004 2895 5074 ecclesiis,quas
2914 5004 2982 5056 de
2998 5002 3388 5074 more(plures
3405 5005 3563 5059 enim

1968 5075 2107 5129 olim
2141 5074 2456 5145 majoribus
2486 5072 2953 5129 cmnobiiseraut
2981 5072 3247 5145 ecclesim)
3273 5079 3564 5129 monaste-

1968 5146 2119 5199 rium
2148 5145 2286 5198 illud
2304 5144 2572 5198 habebat.

2042 5216 2187 5286 (403)
2218 5214 2624 5286 Lincolniensis
2642 5214 2981 5286 cathedralis
3007 5213 3301 5286 inAuglia
3332 5216 3570 5270 ecclesia

1972 5284 2341 5339 sanctiSsimae
2374 5284 2982 5351 DeiGenitriciMarizr,
3004 5284 3083 5338 uti
3112 5287 3255 5338 tom.
3284 5287 3351 5338 Ill
3375 5286 3567 5339 Mona-

1974 5356 2096 5410 stici
2124 5358 2293 5425 Angl.
2330 5373 2500 5426 pagg.
2530 5360 2630 5410 257
2655 5357 2711 5407 et
2734 5359 2837 5409 259
2862 5357 3055 5411 videre
3087 5355 3237 5423 licet,
3262 5371 3421 5409 sacra
3442 5359 3527 5408 est
3560 5374 3574 5423 ;

1977 5443 2154 5499 quare
2184 5427 2563 5499 dubitandum
2592 5441 2704 5499 non
2721 5431 2982 5496 apparet,
3011 5426 3149 5499 quin
3167 5426 3239 5483 ad
3266 5428 3413 5482 hanc
3429 5428 3582 5481 refc-

1977 5494 2190 5553 fendus
2228 5497 2299 5551 sit
2321 5496 2538 5554 Titulus
2570 5494 2878 5566 subjectus.
