  <div class='ocr_page' id='page_1' title='image "/cluster/home/n/w/nwhite01/storage/ocr_20150623/152/hvd.32044054760103/301.png"; bbox 0 0 4010 6032; ppageno 0'>
   <div class='ocr_carea' id='block_1_1' title="bbox 412 379 509 436">
    <p class='ocr_par' dir='ltr' id='par_1_1' title="bbox 412 379 509 436">
     <span class='ocr_line' id='line_1_1' title="bbox 412 379 509 436; baseline 0 0"><span class='ocrx_word' id='word_1_1' title='bbox 412 379 509 436; x_wconf 68' lang='grc'>591</span> 
     </span>
    </p>
   </div>
   <div class='ocr_carea' id='block_1_2' title="bbox 412 488 1806 565">
    <p class='ocr_par' dir='ltr' id='par_1_2' title="bbox 412 488 1806 565">
     <span class='ocr_line' id='line_1_2' title="bbox 412 488 1806 565; baseline -0.013 -3"><span class='ocrx_word' id='word_1_2' title='bbox 412 502 634 561; x_wconf 83' lang='lat' dir='ltr'>Profuit</span> <span class='ocrx_word' id='word_1_3' title='bbox 656 502 713 558; x_wconf 91' lang='lat' dir='ltr'>et</span> <span class='ocrx_word' id='word_1_4' title='bbox 733 498 928 556; x_wconf 85' lang='lat' dir='ltr'>multis</span> <span class='ocrx_word' id='word_1_5' title='bbox 960 494 1104 553; x_wconf 86' lang='lat' dir='ltr'>dans</span> <span class='ocrx_word' id='word_1_6' title='bbox 1124 495 1455 565; x_wconf 87' lang='lat' dir='ltr'>exemplum</span> <span class='ocrx_word' id='word_1_7' title='bbox 1485 488 1806 547; x_wconf 85' lang='lat' dir='ltr'>famulandi</span> 
     </span>
    </p>
   </div>
   <div class='ocr_carea' id='block_1_3' title="bbox 486 582 1804 664">
    <p class='ocr_par' dir='ltr' id='par_1_3' title="bbox 486 582 1804 664">
     <span class='ocr_line' id='line_1_3' title="bbox 486 582 1804 664; baseline -0.012 -16"><span class='ocrx_word' id='word_1_8' title='bbox 486 593 591 660; x_wconf 89' lang='lat' dir='ltr'>Illi,</span> <span class='ocrx_word' id='word_1_9' title='bbox 618 592 714 664; x_wconf 85' lang='lat' dir='ltr'>qui</span> <span class='ocrx_word' id='word_1_10' title='bbox 739 592 925 645; x_wconf 92' lang='lat' dir='ltr'>bonus</span> <span class='ocrx_word' id='word_1_11' title='bbox 959 591 1064 653; x_wconf 88' lang='lat' dir='ltr'>est,</span> <span class='ocrx_word' id='word_1_12' title='bbox 1097 584 1194 657; x_wconf 88' lang='lat' dir='ltr'>qui</span> <span class='ocrx_word' id='word_1_13' title='bbox 1226 582 1502 638; x_wconf 87' lang='lat' dir='ltr'>Dominus</span> <span class='ocrx_word' id='word_1_14' title='bbox 1532 582 1678 635; x_wconf 87' lang='lat' dir='ltr'>Deus</span> <span class='ocrx_word' id='word_1_15' title='bbox 1700 583 1804 633; x_wconf 83' lang='lat' dir='ltr'>est.</span> 
     </span>
    </p>
   </div>
   <div class='ocr_carea' id='block_1_4' title="bbox 413 666 1876 753">
    <p class='ocr_par' dir='ltr' id='par_1_4' title="bbox 413 666 1876 753">
     <span class='ocr_line' id='line_1_4' title="bbox 413 666 1876 753; baseline -0.012 -16"><span class='ocrx_word' id='word_1_16' title='bbox 413 684 530 739; x_wconf 86' lang='lat' dir='ltr'>Hoc</span> <span class='ocrx_word' id='word_1_17' title='bbox 554 681 728 753; x_wconf 79' lang='lat' dir='ltr'>igitur</span> <span class='ocrx_word' id='word_1_18' title='bbox 756 678 961 733; x_wconf 88' lang='lat' dir='ltr'>melius</span> <span class='ocrx_word' id='word_1_19' title='bbox 988 674 1113 747; x_wconf 84' lang='lat' dir='ltr'>quis</span> <span class='ocrx_word' id='word_1_20' title='bbox 1134 675 1308 728; x_wconf 90' lang='lat' dir='ltr'>homo</span> <span class='ocrx_word' id='word_1_21' title='bbox 1343 673 1532 743; x_wconf 79' lang='lat' dir='ltr'>posset</span> <span class='ocrx_word' id='word_1_22' title='bbox 1561 666 1876 723; x_wconf 83' lang='lat' dir='ltr'>meditari?</span> 
     </span>
    </p>
   </div>
   <div class='ocr_carea' id='block_1_5' title="bbox 483 759 1567 836">
    <p class='ocr_par' dir='ltr' id='par_1_5' title="bbox 483 759 1567 836">
     <span class='ocr_line' id='line_1_5' title="bbox 483 759 1567 836; baseline -0.014 -10"><span class='ocrx_word' id='word_1_23' title='bbox 483 773 595 825; x_wconf 85' lang='lat' dir='ltr'>Ista</span> <span class='ocrx_word' id='word_1_24' title='bbox 617 770 766 824; x_wconf 90' lang='lat' dir='ltr'>salus</span> <span class='ocrx_word' id='word_1_25' title='bbox 794 765 990 821; x_wconf 88' lang='lat' dir='ltr'>multis</span> <span class='ocrx_word' id='word_1_26' title='bbox 1015 763 1231 836; x_wconf 89' lang='lat' dir='ltr'>profuit</span> <span class='ocrx_word' id='word_1_27' title='bbox 1263 765 1432 832; x_wconf 89' lang='lat' dir='ltr'>atque</span> <span class='ocrx_word' id='word_1_28' title='bbox 1464 759 1567 812; x_wconf 90' lang='lat' dir='ltr'>tibi</span> 
     </span>
    </p>
   </div>
   <div class='ocr_carea' id='block_1_6' title="bbox 416 846 1718 925">
    <p class='ocr_par' dir='ltr' id='par_1_6' title="bbox 416 846 1718 925">
     <span class='ocr_line' id='line_1_6' title="bbox 416 846 1718 925; baseline -0.012 -10"><span class='ocrx_word' id='word_1_29' title='bbox 416 860 552 925; x_wconf 86' lang='lat' dir='ltr'>Quis</span> <span class='ocrx_word' id='word_1_30' title='bbox 572 863 694 913; x_wconf 89' lang='lat' dir='ltr'>tam</span> <span class='ocrx_word' id='word_1_31' title='bbox 720 856 945 910; x_wconf 86' lang='lat' dir='ltr'>felicem</span> <span class='ocrx_word' id='word_1_32' title='bbox 972 853 1126 907; x_wconf 83' lang='lat' dir='ltr'>novit</span> <span class='ocrx_word' id='word_1_33' title='bbox 1154 853 1323 921; x_wconf 87' lang='lat' dir='ltr'>atque</span> <span class='ocrx_word' id='word_1_34' title='bbox 1351 848 1672 920; x_wconf 84' lang='lat' dir='ltr'>sapientem</span> <span class='ocrx_word' id='word_1_35' title='bbox 1690 846 1718 900; x_wconf 84' lang='lat'><strong><em>?</em></strong></span> 
     </span>
    </p>
   </div>
   <div class='ocr_carea' id='block_1_7' title="bbox 486 936 1649 1003">
    <p class='ocr_par' dir='ltr' id='par_1_7' title="bbox 486 936 1649 1003">
     <span class='ocr_line' id='line_1_7' title="bbox 486 936 1649 1003; baseline -0.011 0"><span class='ocrx_word' id='word_1_36' title='bbox 486 950 610 1003; x_wconf 86' lang='lat' dir='ltr'>Non</span> <span class='ocrx_word' id='word_1_37' title='bbox 645 946 775 1001; x_wconf 92' lang='lat' dir='ltr'>novi</span> <span class='ocrx_word' id='word_1_38' title='bbox 804 945 980 999; x_wconf 82' lang='lat' dir='ltr'>talem</span> <span class='ocrx_word' id='word_1_39' title='bbox 1013 957 1118 995; x_wconf 88' lang='lat' dir='ltr'>nec</span> <span class='ocrx_word' id='word_1_40' title='bbox 1141 939 1243 993; x_wconf 84' lang='lat' dir='ltr'>tibi</span> <span class='ocrx_word' id='word_1_41' title='bbox 1263 936 1649 992; x_wconf 85' lang='lat' dir='ltr'>consimilem.</span> 
     </span>
    </p>
   </div>
   <div class='ocr_carea' id='block_1_8' title="bbox 418 1026 1494 1103">
    <p class='ocr_par' dir='ltr' id='par_1_8' title="bbox 418 1026 1494 1103">
     <span class='ocr_line' id='line_1_8' title="bbox 418 1026 1494 1103; baseline -0.014 -12"><span class='ocrx_word' id='word_1_42' title='bbox 418 1039 479 1092; x_wconf 87' lang='lat' dir='ltr'>In</span> <span class='ocrx_word' id='word_1_43' title='bbox 505 1040 560 1090; x_wconf 89' lang='lat' dir='ltr'>te</span> <span class='ocrx_word' id='word_1_44' title='bbox 587 1048 785 1089; x_wconf 82' lang='lat' dir='ltr'><strong>revera</strong></span> <span class='ocrx_word' id='word_1_45' title='bbox 815 1031 1001 1103; x_wconf 88' lang='lat' dir='ltr'>patuit</span> <span class='ocrx_word' id='word_1_46' title='bbox 1030 1026 1311 1100; x_wconf 84' lang='lat' dir='ltr'>sapientia</span> <span class='ocrx_word' id='word_1_47' title='bbox 1342 1042 1494 1091; x_wconf 85' lang='lat' dir='ltr'>vera,</span> 
     </span>
    </p>
   </div>
   <div class='ocr_carea' id='block_1_9' title="bbox 483 1114 1555 1195">
    <p class='ocr_par' dir='ltr' id='par_1_9' title="bbox 483 1114 1555 1195">
     <span class='ocr_line' id='line_1_9' title="bbox 483 1114 1555 1195; baseline -0.012 -16"><span class='ocrx_word' id='word_1_48' title='bbox 483 1124 559 1178; x_wconf 91' lang='lat' dir='ltr'>Te</span> <span class='ocrx_word' id='word_1_49' title='bbox 578 1123 760 1195; x_wconf 89' lang='lat' dir='ltr'>pietas</span> <span class='ocrx_word' id='word_1_50' title='bbox 782 1119 1011 1175; x_wconf 86' lang='lat' dir='ltr'>Domini</span> <span class='ocrx_word' id='word_1_51' title='bbox 1043 1116 1241 1170; x_wconf 90' lang='lat' dir='ltr'>nutriit</span> <span class='ocrx_word' id='word_1_52' title='bbox 1265 1119 1319 1168; x_wconf 88' lang='lat' dir='ltr'>et</span> <span class='ocrx_word' id='word_1_53' title='bbox 1343 1114 1555 1169; x_wconf 88' lang='lat' dir='ltr'>docuit.</span> 
     </span>
    </p>
   </div>
   <div class='ocr_carea' id='block_1_10' title="bbox 417 1200 1767 1283">
    <p class='ocr_par' dir='ltr' id='par_1_10' title="bbox 417 1200 1767 1283">
     <span class='ocr_line' id='line_1_10' title="bbox 417 1200 1767 1283; baseline -0.01 -15"><span class='ocrx_word' id='word_1_54' title='bbox 417 1214 579 1267; x_wconf 88' lang='lat' dir='ltr'>Hunc</span> <span class='ocrx_word' id='word_1_55' title='bbox 611 1210 832 1283; x_wconf 88' lang='lat' dir='ltr'>elegisti</span> <span class='ocrx_word' id='word_1_56' title='bbox 861 1225 981 1281; x_wconf 65' lang='lat' dir='ltr'>pre:</span> <span class='ocrx_word' id='word_1_57' title='bbox 1013 1206 1420 1271; x_wconf 89' lang='lat' dir='ltr'>cunctis,hunc</span> <span class='ocrx_word' id='word_1_58' title='bbox 1453 1205 1510 1257; x_wconf 89' lang='lat' dir='ltr'>et</span> <span class='ocrx_word' id='word_1_59' title='bbox 1539 1200 1767 1268; x_wconf 89' lang='lat' dir='ltr'>amasti,</span> 
     </span>
    </p>
   </div>
   <div class='ocr_carea' id='block_1_11' title="bbox 487 1290 1845 1371">
    <p class='ocr_par' dir='ltr' id='par_1_11' title="bbox 487 1290 1845 1371">
     <span class='ocr_line' id='line_1_11' title="bbox 487 1290 1845 1371; baseline -0.011 -15"><span class='ocrx_word' id='word_1_60' title='bbox 487 1301 670 1366; x_wconf 86' lang='lat' dir='ltr'>Quem</span> <span class='ocrx_word' id='word_1_61' title='bbox 702 1300 1027 1371; x_wconf 87' lang='lat' dir='ltr'>quicunque</span> <span class='ocrx_word' id='word_1_62' title='bbox 1058 1295 1211 1360; x_wconf 90' lang='lat' dir='ltr'>colit,</span> <span class='ocrx_word' id='word_1_63' title='bbox 1246 1310 1362 1347; x_wconf 90' lang='lat' dir='ltr'>non</span> <span class='ocrx_word' id='word_1_64' title='bbox 1390 1290 1627 1346; x_wconf 88' lang='lat' dir='ltr'>coluisse</span> <span class='ocrx_word' id='word_1_65' title='bbox 1650 1290 1845 1360; x_wconf 85' lang='lat' dir='ltr'>pudet.</span> 
     </span>
    </p>
   </div>
   <div class='ocr_carea' id='block_1_12' title="bbox 416 1381 1755 1460">
    <p class='ocr_par' dir='ltr' id='par_1_12' title="bbox 416 1381 1755 1460">
     <span class='ocr_line' id='line_1_12' title="bbox 416 1381 1755 1460; baseline -0.01 -15"><span class='ocrx_word' id='word_1_66' title='bbox 416 1389 501 1446; x_wconf 90' lang='lat' dir='ltr'>Sit</span> <span class='ocrx_word' id='word_1_67' title='bbox 529 1389 631 1443; x_wconf 89' lang='lat' dir='ltr'>tibi</span> <span class='ocrx_word' id='word_1_68' title='bbox 649 1390 763 1455; x_wconf 87' lang='lat' dir='ltr'>lux,</span> <span class='ocrx_word' id='word_1_69' title='bbox 788 1386 994 1460; x_wconf 90' lang='lat' dir='ltr'>patria,</span> <span class='ocrx_word' id='word_1_70' title='bbox 1024 1383 1254 1455; x_wconf 86' lang='lat' dir='ltr'>requies</span> <span class='ocrx_word' id='word_1_71' title='bbox 1277 1385 1333 1435; x_wconf 93' lang='lat' dir='ltr'>et</span> <span class='ocrx_word' id='word_1_72' title='bbox 1363 1381 1548 1452; x_wconf 83' lang='lat' dir='ltr'>gloria</span> <span class='ocrx_word' id='word_1_73' title='bbox 1571 1381 1755 1451; x_wconf 87' lang='lat' dir='ltr'>parta,</span> 
     </span>
    </p>
   </div>
   <div class='ocr_carea' id='block_1_13' title="bbox 486 1470 1451 1544">
    <p class='ocr_par' dir='ltr' id='par_1_13' title="bbox 486 1470 1451 1544">
     <span class='ocr_line' id='line_1_13' title="bbox 486 1470 1451 1544; baseline -0.011 -10"><span class='ocrx_word' id='word_1_74' title='bbox 486 1477 586 1533; x_wconf 89' lang='lat' dir='ltr'>Cui</span> <span class='ocrx_word' id='word_1_75' title='bbox 613 1476 824 1532; x_wconf 88' lang='lat' dir='ltr'>servire</span> <span class='ocrx_word' id='word_1_76' title='bbox 847 1475 953 1529; x_wconf 88' lang='lat' dir='ltr'>fuit</span> <span class='ocrx_word' id='word_1_77' title='bbox 975 1473 1157 1544; x_wconf 86' lang='lat' dir='ltr'>gloria</span> <span class='ocrx_word' id='word_1_78' title='bbox 1182 1472 1302 1525; x_wconf 86' lang='lat' dir='ltr'>sola</span> <span class='ocrx_word' id='word_1_79' title='bbox 1326 1470 1451 1524; x_wconf 84' lang='lat' dir='ltr'>tibi.</span> 
     </span>
    </p>
   </div>
   <div class='ocr_carea' id='block_1_14' title="bbox 789 1575 1651 1647">
    <p class='ocr_par' dir='ltr' id='par_1_14' title="bbox 789 1575 1651 1647">
     <span class='ocr_line' id='line_1_14' title="bbox 789 1575 1651 1647; baseline -0.014 -8"><span class='ocrx_word' id='word_1_80' title='bbox 789 1582 852 1640; x_wconf 86' lang='lat' dir='ltr'>S.</span> <span class='ocrx_word' id='word_1_81' title='bbox 881 1581 1078 1636; x_wconf 71' lang='lat' dir='ltr'>Mariae</span> <span class='ocrx_word' id='word_1_82' title='bbox 1104 1579 1453 1633; x_wconf 75' lang='lat' dir='ltr'>Eboracensis</span> <span class='ocrx_word' id='word_1_83' title='bbox 1483 1575 1651 1647; x_wconf 85' lang='grc'><strong>(404).</strong></span> 
     </span>
    </p>
   </div>
   <div class='ocr_carea' id='block_1_15' title="bbox 419 1665 1735 1733">
    <p class='ocr_par' dir='ltr' id='par_1_15' title="bbox 419 1665 1735 1733">
     <span class='ocr_line' id='line_1_15' title="bbox 419 1665 1735 1733; baseline -0.013 -1"><span class='ocrx_word' id='word_1_84' title='bbox 419 1679 540 1733; x_wconf 83' lang='grc'><strong>133.</strong></span> <span class='ocrx_word' id='word_1_85' title='bbox 574 1673 743 1729; x_wconf 88' lang='lat' dir='ltr'>Filius</span> <span class='ocrx_word' id='word_1_86' title='bbox 762 1670 1010 1727; x_wconf 74' lang='lat' dir='ltr'>ecclesiae</span> <span class='ocrx_word' id='word_1_87' title='bbox 1034 1667 1267 1723; x_wconf 89' lang='lat' dir='ltr'>mortali</span> <span class='ocrx_word' id='word_1_88' title='bbox 1298 1683 1469 1720; x_wconf 89' lang='lat' dir='ltr'>carne</span> <span class='ocrx_word' id='word_1_89' title='bbox 1500 1665 1735 1728; x_wconf 89' lang='lat' dir='ltr'>solutus,</span> 
     </span>
    </p>
   </div>
   <div class='ocr_carea' id='block_1_16' title="bbox 484 1752 1843 1831">
    <p class='ocr_par' dir='ltr' id='par_1_16' title="bbox 484 1752 1843 1831">
     <span class='ocr_line' id='line_1_16' title="bbox 484 1752 1843 1831; baseline -0.011 -13"><span class='ocrx_word' id='word_1_90' title='bbox 484 1766 674 1819; x_wconf 89' lang='lat' dir='ltr'>Bruno</span> <span class='ocrx_word' id='word_1_91' title='bbox 703 1761 786 1815; x_wconf 91' lang='lat' dir='ltr'>vir</span> <span class='ocrx_word' id='word_1_92' title='bbox 814 1760 1058 1831; x_wconf 90' lang='lat' dir='ltr'>sapiens,</span> <span class='ocrx_word' id='word_1_93' title='bbox 1093 1756 1248 1829; x_wconf 91' lang='lat' dir='ltr'>quod</span> <span class='ocrx_word' id='word_1_94' title='bbox 1275 1773 1376 1810; x_wconf 90' lang='lat' dir='ltr'>sua</span> <span class='ocrx_word' id='word_1_95' title='bbox 1391 1755 1543 1808; x_wconf 89' lang='lat' dir='ltr'>facta</span> <span class='ocrx_word' id='word_1_96' title='bbox 1570 1752 1843 1816; x_wconf 87' lang='lat' dir='ltr'>ruiturus,</span> 
     </span>
    </p>
   </div>
   <div class='ocr_carea' id='block_1_17' title="bbox 1266 356 2874 426">
    <p class='ocr_par' dir='ltr' id='par_1_17' title="bbox 1266 356 2874 426">
     <span class='ocr_line' id='line_1_17' title="bbox 1266 356 2874 426; baseline -0.006 0"><span class='ocrx_word' id='word_1_97' title='bbox 1266 362 1324 426; x_wconf 89' lang='lat' dir='ltr'>S.</span> <span class='ocrx_word' id='word_1_98' title='bbox 1357 364 1703 425; x_wconf 81' lang='lat' dir='ltr'>BRUNONIS</span> <span class='ocrx_word' id='word_1_99' title='bbox 1738 356 2371 423; x_wconf 76' lang='lat' dir='ltr'>CARTHUSIANORUM</span> <span class='ocrx_word' id='word_1_100' title='bbox 2406 357 2874 420; x_wconf 79' lang='lat' dir='ltr'>INSTITUTORIS</span> 
     </span>
    </p>
   </div>
   <div class='ocr_carea' id='block_1_18' title="bbox 2044 482 3380 559">
    <p class='ocr_par' dir='ltr' id='par_1_18' title="bbox 2044 482 3380 559">
     <span class='ocr_line' id='line_1_18' title="bbox 2044 482 3380 559; baseline 0.001 -18"><span class='ocrx_word' id='word_1_101' title='bbox 2044 500 2098 559; x_wconf 76' lang='grc' dir='ltr'>Α</span> <span class='ocrx_word' id='word_1_102' title='bbox 2124 486 2182 541; x_wconf 92' lang='lat' dir='ltr'>Si</span> <span class='ocrx_word' id='word_1_103' title='bbox 2211 487 2347 559; x_wconf 90' lang='lat' dir='ltr'>quid</span> <span class='ocrx_word' id='word_1_104' title='bbox 2373 487 2425 541; x_wconf 93' lang='lat' dir='ltr'>ei</span> <span class='ocrx_word' id='word_1_105' title='bbox 2454 488 2684 542; x_wconf 89' lang='lat' dir='ltr'>terrena</span> <span class='ocrx_word' id='word_1_106' title='bbox 2715 486 2873 542; x_wconf 88' lang='lat' dir='ltr'>dedit</span> <span class='ocrx_word' id='word_1_107' title='bbox 2896 483 3165 557; x_wconf 88' lang='lat' dir='ltr'>contagio</span> <span class='ocrx_word' id='word_1_108' title='bbox 3197 482 3380 542; x_wconf 89' lang='lat' dir='ltr'>sordis</span> 
     </span>
    </p>
   </div>
   <div class='ocr_carea' id='block_1_19' title="bbox 3626 361 3736 419">
    <p class='ocr_par' dir='ltr' id='par_1_19' title="bbox 3626 361 3736 419">
     <span class='ocr_line' id='line_1_19' title="bbox 3626 361 3736 419; baseline 0.018 -2"><span class='ocrx_word' id='word_1_109' title='bbox 3626 361 3736 419; x_wconf 76' lang='lat'>592</span> 
     </span>
    </p>
   </div>
   <div class='ocr_carea' id='block_1_20' title="bbox 2191 584 3446 657">
    <p class='ocr_par' dir='ltr' id='par_1_20' title="bbox 2191 584 3446 657">
     <span class='ocr_line' id='line_1_20' title="bbox 2191 584 3446 657; baseline -0.002 -18"><span class='ocrx_word' id='word_1_110' title='bbox 2191 586 2353 654; x_wconf 81' lang='lat' dir='ltr'>(Nam</span> <span class='ocrx_word' id='word_1_111' title='bbox 2383 585 2502 639; x_wconf 88' lang='lat' dir='ltr'>sine</span> <span class='ocrx_word' id='word_1_112' title='bbox 2542 588 2777 657; x_wconf 82' lang='lat' dir='ltr'>peccato</span> <span class='ocrx_word' id='word_1_113' title='bbox 2811 584 2995 638; x_wconf 82' lang='lat' dir='ltr'>vivere</span> <span class='ocrx_word' id='word_1_114' title='bbox 3029 600 3203 638; x_wconf 91' lang='lat' dir='ltr'>nemo</span> <span class='ocrx_word' id='word_1_115' title='bbox 3234 587 3446 656; x_wconf 84' lang='lat' dir='ltr'>potest)</span> 
     </span>
    </p>
   </div>
   <div class='ocr_carea' id='block_1_21' title="bbox 2119 672 3412 744">
    <p class='ocr_par' dir='ltr' id='par_1_21' title="bbox 2119 672 3412 744">
     <span class='ocr_line' id='line_1_21' title="bbox 2119 672 3412 744; baseline -0.002 -16"><span class='ocrx_word' id='word_1_116' title='bbox 2119 674 2328 728; x_wconf 85' lang='lat' dir='ltr'>Abluat</span> <span class='ocrx_word' id='word_1_117' title='bbox 2360 674 2457 727; x_wconf 88' lang='lat' dir='ltr'>illa</span> <span class='ocrx_word' id='word_1_118' title='bbox 2484 676 2650 741; x_wconf 86' lang='lat' dir='ltr'>Deus,</span> <span class='ocrx_word' id='word_1_119' title='bbox 2693 674 2788 744; x_wconf 89' lang='lat' dir='ltr'>qui</span> <span class='ocrx_word' id='word_1_120' title='bbox 2822 673 3005 726; x_wconf 90' lang='lat' dir='ltr'>trinus</span> <span class='ocrx_word' id='word_1_121' title='bbox 3027 672 3157 727; x_wconf 88' lang='lat' dir='ltr'>vivit</span> <span class='ocrx_word' id='word_1_122' title='bbox 3175 676 3233 725; x_wconf 91' lang='lat' dir='ltr'>et</span> <span class='ocrx_word' id='word_1_123' title='bbox 3264 689 3412 726; x_wconf 91' lang='lat' dir='ltr'>unus</span> 
     </span>
    </p>
   </div>
   <div class='ocr_carea' id='block_1_22' title="bbox 2194 761 3555 834">
    <p class='ocr_par' dir='ltr' id='par_1_22' title="bbox 2194 761 3555 834">
     <span class='ocr_line' id='line_1_22' title="bbox 2194 761 3555 834; baseline 0.002 -19"><span class='ocrx_word' id='word_1_124' title='bbox 2194 764 2260 816; x_wconf 90' lang='lat' dir='ltr'>Et</span> <span class='ocrx_word' id='word_1_125' title='bbox 2288 762 2385 817; x_wconf 90' lang='lat' dir='ltr'>det</span> <span class='ocrx_word' id='word_1_126' title='bbox 2411 763 2461 816; x_wconf 92' lang='lat' dir='ltr'>ei</span> <span class='ocrx_word' id='word_1_127' title='bbox 2494 763 2779 834; x_wconf 88' lang='lat' dir='ltr'>requiem,</span> <span class='ocrx_word' id='word_1_128' title='bbox 2811 762 2963 816; x_wconf 89' lang='lat' dir='ltr'>dicat</span> <span class='ocrx_word' id='word_1_129' title='bbox 2991 764 3049 815; x_wconf 92' lang='lat' dir='ltr'>et</span> <span class='ocrx_word' id='word_1_130' title='bbox 3082 761 3269 816; x_wconf 88' lang='lat' dir='ltr'>omnis</span> <span class='ocrx_word' id='word_1_131' title='bbox 3302 779 3314 816; x_wconf 89' lang='lat'><strong>:</strong></span> <span class='ocrx_word' id='word_1_132' title='bbox 3347 764 3555 818; x_wconf 84' lang='lat' dir='ltr'>Amen.</span> 
     </span>
    </p>
   </div>
   <div class='ocr_carea' id='block_1_23' title="bbox 2123 849 3564 924">
    <p class='ocr_par' dir='ltr' id='par_1_23' title="bbox 2123 849 3564 924">
     <span class='ocr_line' id='line_1_23' title="bbox 2123 849 3564 924; baseline 0.001 -19"><span class='ocrx_word' id='word_1_133' title='bbox 2123 849 2286 914; x_wconf 89' lang='lat' dir='ltr'>Quod</span> <span class='ocrx_word' id='word_1_134' title='bbox 2318 850 2509 924; x_wconf 83' lang='lat' dir='ltr'>petitis</span> <span class='ocrx_word' id='word_1_135' title='bbox 2535 853 2732 906; x_wconf 81' lang='lat' dir='ltr'>vestris</span> <span class='ocrx_word' id='word_1_136' title='bbox 2756 851 2881 922; x_wconf 85' lang='lat' dir='ltr'>jam</span> <span class='ocrx_word' id='word_1_137' title='bbox 2912 849 3151 904; x_wconf 89' lang='lat' dir='ltr'>fecimus</span> <span class='ocrx_word' id='word_1_138' title='bbox 3182 853 3237 904; x_wconf 90' lang='lat' dir='ltr'>et</span> <span class='ocrx_word' id='word_1_139' title='bbox 3267 850 3564 920; x_wconf 89' lang='lat' dir='ltr'>faciemus,</span> 
     </span>
    </p>
   </div>
   <div class='ocr_carea' id='block_1_24' title="bbox 2192 939 3339 1011">
    <p class='ocr_par' dir='ltr' id='par_1_24' title="bbox 2192 939 3339 1011">
     <span class='ocr_line' id='line_1_24' title="bbox 2192 939 3339 1011; baseline -0.002 -17"><span class='ocrx_word' id='word_1_140' title='bbox 2192 940 2258 994; x_wconf 87' lang='lat' dir='ltr'>Et</span> <span class='ocrx_word' id='word_1_141' title='bbox 2289 940 2557 1011; x_wconf 88' lang='lat' dir='ltr'>petimus,</span> <span class='ocrx_word' id='word_1_142' title='bbox 2588 940 2798 996; x_wconf 82' lang='lat' dir='ltr'>nostris</span> <span class='ocrx_word' id='word_1_143' title='bbox 2822 944 2883 994; x_wconf 89' lang='lat' dir='ltr'>ut</span> <span class='ocrx_word' id='word_1_144' title='bbox 2913 939 3130 993; x_wconf 75' lang='lat' dir='ltr'>faciatis</span> <span class='ocrx_word' id='word_1_145' title='bbox 3164 939 3339 994; x_wconf 88' lang='lat' dir='ltr'>idem.</span> 
     </span>
    </p>
   </div>
   <div class='ocr_carea' id='block_1_25' title="bbox 2117 1037 3725 1111">
    <p class='ocr_par' dir='ltr' id='par_1_25' title="bbox 2117 1037 3725 1111">
     <span class='ocr_line' id='line_1_25' title="bbox 2117 1037 3725 1111; baseline 0.002 -21"><span class='ocrx_word' id='word_1_146' title='bbox 2117 1037 2179 1096; x_wconf 85' lang='lat' dir='ltr'>S.</span> <span class='ocrx_word' id='word_1_147' title='bbox 2211 1037 2438 1091; x_wconf 78' lang='lat' dir='ltr'>Joannis</span> <span class='ocrx_word' id='word_1_148' title='bbox 2482 1038 2861 1108; x_wconf 72' lang='lat' dir='ltr'>archiepiscopi</span> <span class='ocrx_word' id='word_1_149' title='bbox 2885 1038 3276 1093; x_wconf 80' lang='lat' dir='ltr'>Beverlacensis</span> <span class='ocrx_word' id='word_1_150' title='bbox 3300 1037 3522 1094; x_wconf 72' lang='lat' dir='ltr'>ecclesiae</span> <span class='ocrx_word' id='word_1_151' title='bbox 3552 1040 3725 1111; x_wconf 79' lang='grc'><strong>(400).</strong></span> 
     </span>
    </p>
   </div>
   <div class='ocr_carea' id='block_1_26' title="bbox 2126 1126 3732 1202">
    <p class='ocr_par' dir='ltr' id='par_1_26' title="bbox 2126 1126 3732 1202">
     <span class='ocr_line' id='line_1_26' title="bbox 2126 1126 3732 1202; baseline 0.003 -22"><span class='ocrx_word' id='word_1_152' title='bbox 2126 1130 2244 1181; x_wconf 90' lang='grc'><strong>137.</strong></span> <span class='ocrx_word' id='word_1_153' title='bbox 2280 1128 2492 1193; x_wconf 89' lang='lat' dir='ltr'>Bruno,</span> <span class='ocrx_word' id='word_1_154' title='bbox 2525 1127 2678 1198; x_wconf 92' lang='lat' dir='ltr'>quod</span> <span class='ocrx_word' id='word_1_155' title='bbox 2705 1127 2916 1197; x_wconf 89' lang='lat' dir='ltr'>sprevit</span> <span class='ocrx_word' id='word_1_156' title='bbox 2938 1126 3150 1193; x_wconf 88' lang='lat' dir='ltr'>vivens,</span> <span class='ocrx_word' id='word_1_157' title='bbox 3179 1127 3237 1180; x_wconf 92' lang='lat' dir='ltr'>in</span> <span class='ocrx_word' id='word_1_158' title='bbox 3284 1131 3471 1182; x_wconf 87' lang='lat' dir='ltr'>morte</span> <span class='ocrx_word' id='word_1_159' title='bbox 3502 1129 3732 1202; x_wconf 87' lang='lat' dir='ltr'>reliquit</span> 
     </span>
    </p>
   </div>
   <div class='ocr_carea' id='block_1_27' title="bbox 2121 1215 3547 1288">
    <p class='ocr_par' dir='ltr' id='par_1_27' title="bbox 2121 1215 3547 1288">
     <span class='ocr_line' id='line_1_27' title="bbox 2121 1215 3547 1288; baseline 0.004 -20"><span class='ocrx_word' id='word_1_160' title='bbox 2121 1216 2265 1269; x_wconf 85' lang='lat' dir='ltr'>Nam</span> <span class='ocrx_word' id='word_1_161' title='bbox 2297 1216 2581 1270; x_wconf 90' lang='lat' dir='ltr'>mundum</span> <span class='ocrx_word' id='word_1_162' title='bbox 2612 1215 2759 1286; x_wconf 81' lang='lat' dir='ltr'>fugit</span> <span class='ocrx_word' id='word_1_163' title='bbox 2785 1215 3196 1288; x_wconf 88' lang='lat' dir='ltr'>mundanaque</span> <span class='ocrx_word' id='word_1_164' title='bbox 3227 1216 3359 1271; x_wconf 88' lang='lat' dir='ltr'>vilia</span> <span class='ocrx_word' id='word_1_165' title='bbox 3390 1217 3547 1274; x_wconf 86' lang='lat' dir='ltr'>dixit.</span> 
     </span>
    </p>
   </div>
   <div class='ocr_carea' id='block_1_28' title="bbox 2123 1306 3436 1378">
    <p class='ocr_par' dir='ltr' id='par_1_28' title="bbox 2123 1306 3436 1378">
     <span class='ocr_line' id='line_1_28' title="bbox 2123 1306 3436 1378; baseline 0 -18"><span class='ocrx_word' id='word_1_166' title='bbox 2123 1306 2346 1361; x_wconf 87' lang='lat' dir='ltr'>Christo</span> <span class='ocrx_word' id='word_1_167' title='bbox 2377 1306 2625 1372; x_wconf 88' lang='lat' dir='ltr'>servivit,</span> <span class='ocrx_word' id='word_1_168' title='bbox 2658 1323 2835 1378; x_wconf 89' lang='lat' dir='ltr'>quare</span> <span class='ocrx_word' id='word_1_169' title='bbox 2864 1308 3072 1361; x_wconf 89' lang='lat' dir='ltr'>coelum</span> <span class='ocrx_word' id='word_1_170' title='bbox 3092 1307 3436 1378; x_wconf 87' lang='lat' dir='ltr'>penetravit.</span> 
     </span>
    </p>
   </div>
   <div class='ocr_carea' id='block_1_29' title="bbox 2123 1393 3419 1466">
    <p class='ocr_par' dir='ltr' id='par_1_29' title="bbox 2123 1393 3419 1466">
     <span class='ocr_line' id='line_1_29' title="bbox 2123 1393 3419 1466; baseline -0.001 -18"><span class='ocrx_word' id='word_1_171' title='bbox 2123 1394 2302 1466; x_wconf 90' lang='lat' dir='ltr'>Ipsius</span> <span class='ocrx_word' id='word_1_172' title='bbox 2334 1396 2476 1448; x_wconf 89' lang='lat' dir='ltr'>tales</span> <span class='ocrx_word' id='word_1_173' title='bbox 2504 1394 2892 1448; x_wconf 87' lang='lat' dir='ltr'>transmittere</span> <span class='ocrx_word' id='word_1_174' title='bbox 2922 1393 3021 1447; x_wconf 89' lang='lat' dir='ltr'>sed</span> <span class='ocrx_word' id='word_1_175' title='bbox 3051 1393 3185 1464; x_wconf 88' lang='lat' dir='ltr'>quia</span> <span class='ocrx_word' id='word_1_176' title='bbox 3212 1393 3419 1448; x_wconf 82' lang='lat' dir='ltr'>fratres</span> 
     </span>
    </p>
   </div>
   <div class='ocr_carea' id='block_1_30' title="bbox 2125 1481 3515 1550">
    <p class='ocr_par' dir='ltr' id='par_1_30' title="bbox 2125 1481 3515 1550">
     <span class='ocr_line' id='line_1_30' title="bbox 2125 1481 3515 1550; baseline 0 -13"><span class='ocrx_word' id='word_1_177' title='bbox 2125 1483 2397 1537; x_wconf 83' lang='lat' dir='ltr'>Chartam</span> <span class='ocrx_word' id='word_1_178' title='bbox 2427 1483 2711 1550; x_wconf 88' lang='lat' dir='ltr'>fecerunt,</span> <span class='ocrx_word' id='word_1_179' title='bbox 2746 1481 2925 1537; x_wconf 89' lang='lat' dir='ltr'>nostri</span> <span class='ocrx_word' id='word_1_180' title='bbox 2960 1481 3178 1536; x_wconf 89' lang='lat' dir='ltr'>domini</span> <span class='ocrx_word' id='word_1_181' title='bbox 3214 1483 3515 1537; x_wconf 87' lang='lat' dir='ltr'>voluerunt</span> 
     </span>
    </p>
   </div>
   <div class='ocr_carea' id='block_1_31' title="bbox 2125 1570 3514 1643">
    <p class='ocr_par' dir='ltr' id='par_1_31' title="bbox 2125 1570 3514 1643">
     <span class='ocr_line' id='line_1_31' title="bbox 2125 1570 3514 1643; baseline 0 -17"><span class='ocrx_word' id='word_1_182' title='bbox 2125 1573 2232 1626; x_wconf 92' lang='lat' dir='ltr'>Pro</span> <span class='ocrx_word' id='word_1_183' title='bbox 2264 1570 2484 1625; x_wconf 89' lang='lat' dir='ltr'>famulo</span> <span class='ocrx_word' id='word_1_184' title='bbox 2520 1574 2680 1625; x_wconf 88' lang='lat' dir='ltr'>tanto</span> <span class='ocrx_word' id='word_1_185' title='bbox 2702 1574 2997 1641; x_wconf 89' lang='lat' dir='ltr'>postremo</span> <span class='ocrx_word' id='word_1_186' title='bbox 3025 1574 3287 1643; x_wconf 90' lang='lat' dir='ltr'>tempore</span> <span class='ocrx_word' id='word_1_187' title='bbox 3320 1571 3514 1628; x_wconf 88' lang='lat' dir='ltr'>functo</span> 
     </span>
    </p>
   </div>
   <div class='ocr_carea' id='block_1_32' title="bbox 2124 1658 3467 1730">
    <p class='ocr_par' dir='ltr' id='par_1_32' title="bbox 2124 1658 3467 1730">
     <span class='ocr_line' id='line_1_32' title="bbox 2124 1658 3467 1730; baseline 0.001 -16"><span class='ocrx_word' id='word_1_188' title='bbox 2124 1659 2388 1714; x_wconf 89' lang='lat' dir='ltr'>Ofﬁcium</span> <span class='ocrx_word' id='word_1_189' title='bbox 2422 1658 2596 1712; x_wconf 87' lang='lat' dir='ltr'>servis</span> <span class='ocrx_word' id='word_1_190' title='bbox 2617 1663 2846 1729; x_wconf 86' lang='lat' dir='ltr'>gratum</span> <span class='ocrx_word' id='word_1_191' title='bbox 2881 1659 3200 1730; x_wconf 86' lang='lat' dir='ltr'>persolvere</span> <span class='ocrx_word' id='word_1_192' title='bbox 3230 1661 3467 1716; x_wconf 89' lang='lat' dir='ltr'>cunctis.</span> 
     </span>
    </p>
   </div>
   <div class='ocr_carea' id='block_1_33' title="bbox 2719 1756 3135 1820">
    <p class='ocr_par' dir='ltr' id='par_1_33' title="bbox 2719 1756 3135 1820">
     <span class='ocr_line' id='line_1_33' title="bbox 2719 1756 3135 1820; baseline 0 -10"><span class='ocrx_word' id='word_1_193' title='bbox 2719 1756 2946 1810; x_wconf 79' lang='lat' dir='ltr'>Ricardi</span> <span class='ocrx_word' id='word_1_194' title='bbox 2972 1759 3135 1820; x_wconf 75' lang='grc'><strong>(407).</strong></span> 
     </span>
    </p>
   </div>
   <div class='ocr_carea' id='block_1_34' title="bbox 486 1808 3515 1924">
    <p class='ocr_par' dir='ltr' id='par_1_34' title="bbox 486 1808 3515 1924">
     <span class='ocr_line' id='line_1_34' title="bbox 486 1808 3515 1924; baseline -0.001 -20"><span class='ocrx_word' id='word_1_195' title='bbox 486 1808 1058 1924; x_wconf 40' lang='grc' dir='ltr'>ξβὲξξᾶξῌοῖἕίᾷᾘὲ</span> <span class='ocrx_word' id='word_1_196' title='bbox 1284 1808 1439 1915; x_wconf 71' lang='lat' dir='ltr'>quod</span> <span class='ocrx_word' id='word_1_197' title='bbox 1470 1857 1757 1907; x_wconf 76' lang='lat' dir='ltr'>meruere,</span> <span class='ocrx_word' id='word_1_198' title='bbox 1804 1808 1983 1894; x_wconf 52' lang='lat' dir='ltr'>timet.</span> <span class='ocrx_word' id='word_1_199' title='bbox 2050 1808 2102 1882; x_wconf 80' lang='grc' dir='ltr'>Β</span> <span class='ocrx_word' id='word_1_200' title='bbox 2128 1847 2246 1900; x_wconf 91' lang='grc'><strong>138.</strong></span> <span class='ocrx_word' id='word_1_201' title='bbox 2278 1844 2385 1910; x_wconf 89' lang='lat' dir='ltr'>Qui</span> <span class='ocrx_word' id='word_1_202' title='bbox 2407 1861 2540 1900; x_wconf 89' lang='lat' dir='ltr'>casu</span> <span class='ocrx_word' id='word_1_203' title='bbox 2572 1808 3051 1913; x_wconf 15' lang='lat' dir='ltr'>mortis,isubla‘t—o‘</span> <span class='ocrx_word' id='word_1_204' title='bbox 3074 1808 3262 1912; x_wconf 82' lang='lat' dir='ltr'>Patre,</span> <span class='ocrx_word' id='word_1_205' title='bbox 3292 1846 3515 1914; x_wconf 90' lang='lat' dir='ltr'>doletis,</span> 
     </span>
    </p>
   </div>
   <div class='ocr_carea' id='block_1_35' title="bbox 999 1950 1441 2021">
    <p class='ocr_par' dir='ltr' id='par_1_35' title="bbox 999 1950 1441 2021">
     <span class='ocr_line' id='line_1_35' title="bbox 999 1950 1441 2021; baseline -0.011 -14"><span class='ocrx_word' id='word_1_206' title='bbox 999 1952 1161 2007; x_wconf 86' lang='lat' dir='ltr'>Alius</span> <span class='ocrx_word' id='word_1_207' title='bbox 1188 1950 1441 2021; x_wconf 81' lang='lat' dir='ltr'>ejusdem.</span> 
     </span>
    </p>
   </div>
   <div class='ocr_carea' id='block_1_36' title="bbox 418 2045 1716 2119">
    <p class='ocr_par' dir='ltr' id='par_1_36' title="bbox 418 2045 1716 2119">
     <span class='ocr_line' id='line_1_36' title="bbox 418 2045 1716 2119; baseline -0.01 -8"><span class='ocrx_word' id='word_1_208' title='bbox 418 2057 539 2111; x_wconf 86' lang='grc'><strong>134.</strong></span> <span class='ocrx_word' id='word_1_209' title='bbox 577 2055 620 2110; x_wconf 92' lang='lat'>0</span> <span class='ocrx_word' id='word_1_210' title='bbox 648 2055 692 2110; x_wconf 90' lang='lat' dir='ltr'>si</span> <span class='ocrx_word' id='word_1_211' title='bbox 729 2070 865 2109; x_wconf 86' lang='lat' dir='ltr'>voce</span> <span class='ocrx_word' id='word_1_212' title='bbox 900 2051 983 2106; x_wconf 87' lang='lat' dir='ltr'>rei</span> <span class='ocrx_word' id='word_1_213' title='bbox 1018 2049 1194 2104; x_wconf 89' lang='lat' dir='ltr'>divini</span> <span class='ocrx_word' id='word_1_214' title='bbox 1224 2063 1441 2119; x_wconf 86' lang='lat' dir='ltr'>pompa</span> <span class='ocrx_word' id='word_1_215' title='bbox 1470 2045 1716 2116; x_wconf 72' lang='lat' dir='ltr'>trophmi</span> 
     </span>
    </p>
   </div>
   <div class='ocr_carea' id='block_1_37' title="bbox 413 2133 1555 2209">
    <p class='ocr_par' dir='ltr' id='par_1_37' title="bbox 413 2133 1555 2209">
     <span class='ocr_line' id='line_1_37' title="bbox 413 2133 1555 2209; baseline -0.011 -10"><span class='ocrx_word' id='word_1_216' title='bbox 413 2146 610 2199; x_wconf 88' lang='lat' dir='ltr'>Posset</span> <span class='ocrx_word' id='word_1_217' title='bbox 638 2140 881 2208; x_wconf 87' lang='lat' dir='ltr'>laudari,</span> <span class='ocrx_word' id='word_1_218' title='bbox 913 2140 1001 2194; x_wconf 89' lang='lat' dir='ltr'>vel</span> <span class='ocrx_word' id='word_1_219' title='bbox 1025 2139 1194 2209; x_wconf 88' lang='lat' dir='ltr'>plene</span> <span class='ocrx_word' id='word_1_220' title='bbox 1222 2134 1508 2191; x_wconf 84' lang='lat' dir='ltr'>notiflcari</span> <span class='ocrx_word' id='word_1_221' title='bbox 1542 2133 1555 2186; x_wconf 89' lang='lat' dir='ltr'>l</span> 
     </span>
    </p>
   </div>
   <div class='ocr_carea' id='block_1_38' title="bbox 413 2221 1881 2304">
    <p class='ocr_par' dir='ltr' id='par_1_38' title="bbox 413 2221 1881 2304">
     <span class='ocr_line' id='line_1_38' title="bbox 413 2221 1881 2304; baseline -0.01 -16"><span class='ocrx_word' id='word_1_222' title='bbox 413 2233 525 2288; x_wconf 89' lang='lat' dir='ltr'>Sed</span> <span class='ocrx_word' id='word_1_223' title='bbox 551 2231 686 2304; x_wconf 85' lang='lat' dir='ltr'>quia</span> <span class='ocrx_word' id='word_1_224' title='bbox 713 2229 1002 2295; x_wconf 87' lang='lat' dir='ltr'>deﬁceret,</span> <span class='ocrx_word' id='word_1_225' title='bbox 1037 2225 1143 2280; x_wconf 89' lang='lat' dir='ltr'>nisi</span> <span class='ocrx_word' id='word_1_226' title='bbox 1177 2242 1236 2280; x_wconf 91' lang='lat' dir='ltr'>se</span> <span class='ocrx_word' id='word_1_227' title='bbox 1285 2241 1417 2278; x_wconf 90' lang='lat' dir='ltr'>mea</span> <span class='ocrx_word' id='word_1_228' title='bbox 1447 2240 1551 2278; x_wconf 83' lang='lat' dir='ltr'>vox</span> <span class='ocrx_word' id='word_1_229' title='bbox 1583 2221 1881 2277; x_wconf 88' lang='lat' dir='ltr'>cohiberet</span> 
     </span>
    </p>
   </div>
   <div class='ocr_carea' id='block_1_39' title="bbox 413 2312 1945 2390">
    <p class='ocr_par' dir='ltr' id='par_1_39' title="bbox 413 2312 1945 2390">
     <span class='ocr_line' id='line_1_39' title="bbox 413 2312 1945 2390; baseline -0.01 -14"><span class='ocrx_word' id='word_1_230' title='bbox 413 2321 578 2385; x_wconf 91' lang='lat' dir='ltr'>Quod</span> <span class='ocrx_word' id='word_1_231' title='bbox 608 2317 749 2373; x_wconf 86' lang='lat' dir='ltr'>mihi</span> <span class='ocrx_word' id='word_1_232' title='bbox 779 2318 920 2372; x_wconf 85' lang='lat' dir='ltr'>velle</span> <span class='ocrx_word' id='word_1_233' title='bbox 953 2315 1141 2390; x_wconf 82' lang='lat' dir='ltr'>datur,</span> <span class='ocrx_word' id='word_1_234' title='bbox 1176 2313 1427 2385; x_wconf 90' lang='lat' dir='ltr'>perfecte</span> <span class='ocrx_word' id='word_1_235' title='bbox 1455 2327 1621 2382; x_wconf 87' lang='lat' dir='ltr'>posse</span> <span class='ocrx_word' id='word_1_236' title='bbox 1680 2312 1945 2380; x_wconf 88' lang='lat' dir='ltr'>negatur.</span> 
     </span>
    </p>
   </div>
   <div class='ocr_carea' id='block_1_40' title="bbox 320 2405 2016 2477">
    <p class='ocr_par' dir='ltr' id='par_1_40' title="bbox 320 2405 2016 2477">
     <span class='ocr_line' id='line_1_40' title="bbox 320 2405 2016 2477; baseline -0.009 -10"><span class='ocrx_word' id='word_1_237' title='bbox 320 2448 325 2451; x_wconf 91' lang='lat'><strong><em>-</em></strong></span> <span class='ocrx_word' id='word_1_238' title='bbox 411 2410 523 2466; x_wconf 90' lang='lat' dir='ltr'>Sed</span> <span class='ocrx_word' id='word_1_239' title='bbox 536 2414 734 2465; x_wconf 89' lang='lat' dir='ltr'>tamen</span> <span class='ocrx_word' id='word_1_240' title='bbox 748 2408 961 2477; x_wconf 89' lang='lat' dir='ltr'>absque</span> <span class='ocrx_word' id='word_1_241' title='bbox 994 2420 1161 2459; x_wconf 92' lang='lat' dir='ltr'>mora</span> <span class='ocrx_word' id='word_1_242' title='bbox 1174 2405 1371 2473; x_wconf 89' lang='lat' dir='ltr'>surgat</span> <span class='ocrx_word' id='word_1_243' title='bbox 1383 2418 1513 2455; x_wconf 89' lang='lat' dir='ltr'>mea</span> <span class='ocrx_word' id='word_1_244' title='bbox 1528 2416 1629 2471; x_wconf 92' lang='lat' dir='ltr'>per</span> <span class='ocrx_word' id='word_1_245' title='bbox 1646 2415 1805 2453; x_wconf 89' lang='lat' dir='ltr'>mare</span> <span class='ocrx_word' id='word_1_246' title='bbox 1822 2413 2016 2468; x_wconf 88' lang='lat' dir='ltr'>prora,</span> 
     </span>
    </p>
   </div>
   <div class='ocr_carea' id='block_1_41' title="bbox 409 2489 1869 2565">
    <p class='ocr_par' dir='ltr' id='par_1_41' title="bbox 409 2489 1869 2565">
     <span class='ocr_line' id='line_1_41' title="bbox 409 2489 1869 2565; baseline -0.01 -10"><span class='ocrx_word' id='word_1_247' title='bbox 409 2500 502 2565; x_wconf 91' lang='lat' dir='ltr'>Ut,</span> <span class='ocrx_word' id='word_1_248' title='bbox 534 2499 580 2553; x_wconf 93' lang='lat' dir='ltr'>si</span> <span class='ocrx_word' id='word_1_249' title='bbox 610 2494 694 2552; x_wconf 84' lang='lat' dir='ltr'>fas</span> <span class='ocrx_word' id='word_1_250' title='bbox 722 2496 909 2559; x_wconf 88' lang='lat' dir='ltr'>detur,</span> <span class='ocrx_word' id='word_1_251' title='bbox 945 2492 1231 2548; x_wconf 88' lang='lat' dir='ltr'>Christum</span> <span class='ocrx_word' id='word_1_252' title='bbox 1263 2489 1552 2544; x_wconf 87' lang='lat' dir='ltr'>laudando</span> <span class='ocrx_word' id='word_1_253' title='bbox 1585 2490 1869 2559; x_wconf 87' lang='lat' dir='ltr'>precetur.</span> 
     </span>
    </p>
   </div>
   <div class='ocr_carea' id='block_1_42' title="bbox 409 2576 1947 2652">
    <p class='ocr_par' dir='ltr' id='par_1_42' title="bbox 409 2576 1947 2652">
     <span class='ocr_line' id='line_1_42' title="bbox 409 2576 1947 2652; baseline -0.01 -10"><span class='ocrx_word' id='word_1_254' title='bbox 409 2588 554 2642; x_wconf 91' lang='lat' dir='ltr'>Laus</span> <span class='ocrx_word' id='word_1_255' title='bbox 580 2585 703 2652; x_wconf 89' lang='lat' dir='ltr'>tibi,</span> <span class='ocrx_word' id='word_1_256' title='bbox 727 2599 953 2638; x_wconf 91' lang='lat' dir='ltr'>summe</span> <span class='ocrx_word' id='word_1_257' title='bbox 982 2584 1166 2652; x_wconf 89' lang='lat' dir='ltr'>pater,</span> <span class='ocrx_word' id='word_1_258' title='bbox 1192 2579 1280 2634; x_wconf 90' lang='lat' dir='ltr'>cui</span> <span class='ocrx_word' id='word_1_259' title='bbox 1306 2578 1566 2632; x_wconf 83' lang='lat' dir='ltr'>subditur</span> <span class='ocrx_word' id='word_1_260' title='bbox 1590 2576 1804 2630; x_wconf 88' lang='lat' dir='ltr'>inferus</span> <span class='ocrx_word' id='word_1_261' title='bbox 1824 2578 1947 2628; x_wconf 89' lang='lat' dir='ltr'>ater</span> 
     </span>
    </p>
   </div>
   <div class='ocr_carea' id='block_1_43' title="bbox 408 2663 1977 2739">
    <p class='ocr_par' dir='ltr' id='par_1_43' title="bbox 408 2663 1977 2739">
     <span class='ocr_line' id='line_1_43' title="bbox 408 2663 1977 2739; baseline -0.009 -9"><span class='ocrx_word' id='word_1_262' title='bbox 408 2676 553 2730; x_wconf 90' lang='lat' dir='ltr'>Laus</span> <span class='ocrx_word' id='word_1_263' title='bbox 577 2673 704 2739; x_wconf 89' lang='lat' dir='ltr'>tibi,</span> <span class='ocrx_word' id='word_1_264' title='bbox 726 2674 868 2735; x_wconf 90' lang='lat' dir='ltr'>laus,</span> <span class='ocrx_word' id='word_1_265' title='bbox 895 2670 1135 2735; x_wconf 88' lang='lat' dir='ltr'>Christe,</span> <span class='ocrx_word' id='word_1_266' title='bbox 1169 2667 1255 2721; x_wconf 88' lang='lat' dir='ltr'>cai</span> <span class='ocrx_word' id='word_1_267' title='bbox 1287 2667 1536 2721; x_wconf 91' lang='lat' dir='ltr'>mundus</span> <span class='ocrx_word' id='word_1_268' title='bbox 1562 2665 1820 2735; x_wconf 89' lang='lat' dir='ltr'>subjacet</span> <span class='ocrx_word' id='word_1_269' title='bbox 1850 2663 1977 2718; x_wconf 88' lang='lat' dir='ltr'>iste.</span> 
     </span>
    </p>
   </div>
   <div class='ocr_carea' id='block_1_44' title="bbox 409 2753 1770 2828">
    <p class='ocr_par' dir='ltr' id='par_1_44' title="bbox 409 2753 1770 2828">
     <span class='ocr_line' id='line_1_44' title="bbox 409 2753 1770 2828; baseline -0.009 -10"><span class='ocrx_word' id='word_1_270' title='bbox 409 2762 660 2819; x_wconf 55' lang='lat' dir='ltr'>Caelestis</span> <span class='ocrx_word' id='word_1_271' title='bbox 691 2760 829 2815; x_wconf 90' lang='lat' dir='ltr'>doni</span> <span class='ocrx_word' id='word_1_272' title='bbox 868 2760 942 2813; x_wconf 88' lang='lat' dir='ltr'>da</span> <span class='ocrx_word' id='word_1_273' title='bbox 975 2756 1236 2828; x_wconf 66' lang='lat' dir='ltr'>praemia,</span> <span class='ocrx_word' id='word_1_274' title='bbox 1271 2772 1485 2827; x_wconf 57' lang='lat' dir='ltr'>quaiso,</span> <span class='ocrx_word' id='word_1_275' title='bbox 1516 2753 1770 2808; x_wconf 88' lang='lat' dir='ltr'>Brunoni</span> 
     </span>
    </p>
   </div>
   <div class='ocr_carea' id='block_1_45' title="bbox 406 2842 1694 2921">
    <p class='ocr_par' dir='ltr' id='par_1_45' title="bbox 406 2842 1694 2921">
     <span class='ocr_line' id='line_1_45' title="bbox 406 2842 1694 2921; baseline -0.009 -15"><span class='ocrx_word' id='word_1_276' title='bbox 406 2853 480 2908; x_wconf 91' lang='lat' dir='ltr'>Ut</span> <span class='ocrx_word' id='word_1_277' title='bbox 508 2850 630 2917; x_wconf 88' lang='lat' dir='ltr'>tibi,</span> <span class='ocrx_word' id='word_1_278' title='bbox 660 2848 755 2921; x_wconf 87' lang='lat' dir='ltr'>qui</span> <span class='ocrx_word' id='word_1_279' title='bbox 777 2848 933 2915; x_wconf 86' lang='lat' dir='ltr'>vixit,</span> <span class='ocrx_word' id='word_1_280' title='bbox 961 2846 1057 2917; x_wconf 88' lang='lat' dir='ltr'>qui</span> <span class='ocrx_word' id='word_1_281' title='bbox 1081 2844 1301 2900; x_wconf 87' lang='lat' dir='ltr'>mundo</span> <span class='ocrx_word' id='word_1_282' title='bbox 1322 2861 1381 2898; x_wconf 87' lang='lat' dir='ltr'>se</span> <span class='ocrx_word' id='word_1_283' title='bbox 1398 2842 1694 2908; x_wconf 79' lang='lat' dir='ltr'>crucifixit,</span> 
     </span>
    </p>
   </div>
   <div class='ocr_carea' id='block_1_46' title="bbox 403 2934 1870 3004">
    <p class='ocr_par' dir='ltr' id='par_1_46' title="bbox 403 2934 1870 3004">
     <span class='ocr_line' id='line_1_46' title="bbox 403 2934 1870 3004; baseline -0.007 -10"><span class='ocrx_word' id='word_1_284' title='bbox 403 2941 565 2996; x_wconf 84' lang='lat' dir='ltr'>Vivat</span> <span class='ocrx_word' id='word_1_285' title='bbox 589 2940 649 2994; x_wconf 87' lang='lat' dir='ltr'>in</span> <span class='ocrx_word' id='word_1_286' title='bbox 668 2942 953 2993; x_wconf 61' lang='lat' dir='ltr'>aeternum</span> <span class='ocrx_word' id='word_1_287' title='bbox 977 2952 1082 2990; x_wconf 89' lang='lat' dir='ltr'>nec</span> <span class='ocrx_word' id='word_1_288' title='bbox 1111 2934 1314 2989; x_wconf 89' lang='lat' dir='ltr'>mortis</span> <span class='ocrx_word' id='word_1_289' title='bbox 1341 2936 1543 3004; x_wconf 84' lang='lat' dir='ltr'>tangat</span> <span class='ocrx_word' id='word_1_290' title='bbox 1568 2948 1870 2986; x_wconf 87' lang='lat' dir='ltr'>avernum.</span> 
     </span>
    </p>
   </div>
   <div class='ocr_carea' id='block_1_47' title="bbox 406 3020 1763 3100">
    <p class='ocr_par' dir='ltr' id='par_1_47' title="bbox 406 3020 1763 3100">
     <span class='ocr_line' id='line_1_47' title="bbox 406 3020 1763 3100; baseline -0.008 -15"><span class='ocrx_word' id='word_1_291' title='bbox 406 3030 571 3097; x_wconf 92' lang='lat' dir='ltr'>Quod</span> <span class='ocrx_word' id='word_1_292' title='bbox 599 3027 790 3100; x_wconf 88' lang='lat' dir='ltr'>petitis</span> <span class='ocrx_word' id='word_1_293' title='bbox 804 3026 982 3093; x_wconf 91' lang='lat' dir='ltr'>vobis,</span> <span class='ocrx_word' id='word_1_294' title='bbox 1008 3024 1325 3096; x_wconf 87' lang='lat' dir='ltr'>impendite</span> <span class='ocrx_word' id='word_1_295' title='bbox 1343 3027 1544 3078; x_wconf 91' lang='lat' dir='ltr'>mutuo</span> <span class='ocrx_word' id='word_1_296' title='bbox 1578 3020 1763 3076; x_wconf 88' lang='lat' dir='ltr'>nobis.</span> 
     </span>
    </p>
   </div>
   <div class='ocr_carea' id='block_1_48' title="bbox 513 3125 1907 3201">
    <p class='ocr_par' dir='ltr' id='par_1_48' title="bbox 513 3125 1907 3201">
     <span class='ocr_line' id='line_1_48' title="bbox 513 3125 1907 3201; baseline -0.006 -10"><span class='ocrx_word' id='word_1_297' title='bbox 513 3135 576 3193; x_wconf 82' lang='lat' dir='ltr'>S.</span> <span class='ocrx_word' id='word_1_298' title='bbox 607 3134 765 3189; x_wconf 82' lang='lat' dir='ltr'>Petri</span> <span class='ocrx_word' id='word_1_299' title='bbox 781 3134 1133 3188; x_wconf 84' lang='lat' dir='ltr'>Eboracensis</span> <span class='ocrx_word' id='word_1_300' title='bbox 1161 3131 1380 3201; x_wconf 62' lang='lat' dir='ltr'>Anglia?</span> <span class='ocrx_word' id='word_1_301' title='bbox 1404 3128 1701 3199; x_wconf 76' lang='lat' dir='ltr'>metropolis</span> <span class='ocrx_word' id='word_1_302' title='bbox 1738 3125 1907 3199; x_wconf 75' lang='grc'><strong>(405).</strong></span> 
     </span>
    </p>
   </div>
   <div class='ocr_carea' id='block_1_49' title="bbox 410 3234 2012 3312">
    <p class='ocr_par' dir='ltr' id='par_1_49' title="bbox 410 3234 2012 3312">
     <span class='ocr_line' id='line_1_49' title="bbox 410 3234 2012 3312; baseline -0.005 -15"><span class='ocrx_word' id='word_1_303' title='bbox 410 3245 530 3298; x_wconf 74' lang='grc'><strong>135.</strong></span> <span class='ocrx_word' id='word_1_304' title='bbox 567 3243 674 3296; x_wconf 89' lang='lat' dir='ltr'>Pro</span> <span class='ocrx_word' id='word_1_305' title='bbox 706 3256 819 3312; x_wconf 89' lang='lat' dir='ltr'>quo</span> <span class='ocrx_word' id='word_1_306' title='bbox 856 3240 1043 3293; x_wconf 90' lang='lat' dir='ltr'>Bruno</span> <span class='ocrx_word' id='word_1_307' title='bbox 1068 3236 1256 3293; x_wconf 89' lang='lat' dir='ltr'>brevis</span> <span class='ocrx_word' id='word_1_308' title='bbox 1304 3235 1634 3309; x_wconf 87' lang='lat' dir='ltr'>reprobavit</span> <span class='ocrx_word' id='word_1_309' title='bbox 1662 3234 1831 3289; x_wconf 82' lang='lat' dir='ltr'>noxia</span> <span class='ocrx_word' id='word_1_310' title='bbox 1863 3234 2012 3302; x_wconf 73' lang='lat' dir='ltr'>vitae,</span> 
     </span>
    </p>
   </div>
   <div class='ocr_carea' id='block_1_50' title="bbox 407 3327 1533 3404">
    <p class='ocr_par' dir='ltr' id='par_1_50' title="bbox 407 3327 1533 3404">
     <span class='ocr_line' id='line_1_50' title="bbox 407 3327 1533 3404; baseline -0.008 -18"><span class='ocrx_word' id='word_1_311' title='bbox 407 3333 532 3404; x_wconf 91' lang='lat' dir='ltr'>Ipse</span> <span class='ocrx_word' id='word_1_312' title='bbox 563 3328 845 3401; x_wconf 88' lang='lat' dir='ltr'>rependat</span> <span class='ocrx_word' id='word_1_313' title='bbox 870 3327 921 3381; x_wconf 92' lang='lat' dir='ltr'>ei</span> <span class='ocrx_word' id='word_1_314' title='bbox 950 3342 1195 3381; x_wconf 84' lang='lat' dir='ltr'>munera</span> <span class='ocrx_word' id='word_1_315' title='bbox 1216 3328 1533 3397; x_wconf 69' lang='lat' dir='ltr'>perpetuas.</span> 
     </span>
    </p>
   </div>
   <div class='ocr_carea' id='block_1_51' title="bbox 1003 3432 1427 3504">
    <p class='ocr_par' dir='ltr' id='par_1_51' title="bbox 1003 3432 1427 3504">
     <span class='ocr_line' id='line_1_51' title="bbox 1003 3432 1427 3504; baseline -0.009 -17"><span class='ocrx_word' id='word_1_316' title='bbox 1003 3433 1146 3488; x_wconf 80' lang='lat' dir='ltr'>Aliis</span> <span class='ocrx_word' id='word_1_317' title='bbox 1176 3432 1427 3504; x_wconf 82' lang='lat' dir='ltr'>ejusdem.</span> 
     </span>
    </p>
   </div>
   <div class='ocr_carea' id='block_1_52' title="bbox 412 3536 2014 3615">
    <p class='ocr_par' dir='ltr' id='par_1_52' title="bbox 412 3536 2014 3615">
     <span class='ocr_line' id='line_1_52' title="bbox 412 3536 2014 3615; baseline -0.009 -12"><span class='ocrx_word' id='word_1_318' title='bbox 412 3548 532 3603; x_wconf 82' lang='grc'><strong>136.</strong></span> <span class='ocrx_word' id='word_1_319' title='bbox 561 3546 739 3600; x_wconf 86' lang='lat' dir='ltr'>Fama</span> <span class='ocrx_word' id='word_1_320' title='bbox 760 3540 917 3615; x_wconf 90' lang='lat' dir='ltr'>prius</span> <span class='ocrx_word' id='word_1_321' title='bbox 940 3540 1107 3595; x_wconf 90' lang='lat' dir='ltr'>nobis</span> <span class='ocrx_word' id='word_1_322' title='bbox 1129 3538 1342 3605; x_wconf 92' lang='lat' dir='ltr'>retulit,</span> <span class='ocrx_word' id='word_1_323' title='bbox 1378 3554 1553 3610; x_wconf 91' lang='lat' dir='ltr'>quam</span> <span class='ocrx_word' id='word_1_324' title='bbox 1582 3536 1773 3591; x_wconf 86' lang='lat' dir='ltr'>littera</span> <span class='ocrx_word' id='word_1_325' title='bbox 1809 3538 2014 3603; x_wconf 81' lang='lat' dir='ltr'>vestra,</span> 
     </span>
    </p>
   </div>
   <div class='ocr_carea' id='block_1_53' title="bbox 479 3625 1785 3701">
    <p class='ocr_par' dir='ltr' id='par_1_53' title="bbox 479 3625 1785 3701">
     <span class='ocr_line' id='line_1_53' title="bbox 479 3625 1785 3701; baseline -0.008 -12"><span class='ocrx_word' id='word_1_326' title='bbox 479 3636 603 3689; x_wconf 88' lang='lat' dir='ltr'>Non</span> <span class='ocrx_word' id='word_1_327' title='bbox 637 3633 707 3687; x_wconf 91' lang='lat' dir='ltr'>de</span> <span class='ocrx_word' id='word_1_328' title='bbox 738 3633 925 3685; x_wconf 85' lang='lat' dir='ltr'>morte</span> <span class='ocrx_word' id='word_1_329' title='bbox 953 3629 1210 3701; x_wconf 90' lang='lat' dir='ltr'>quidem,</span> <span class='ocrx_word' id='word_1_330' title='bbox 1242 3628 1341 3681; x_wconf 90' lang='lat' dir='ltr'>sed</span> <span class='ocrx_word' id='word_1_331' title='bbox 1372 3626 1629 3681; x_wconf 89' lang='lat' dir='ltr'>bonitate</span> <span class='ocrx_word' id='word_1_332' title='bbox 1660 3625 1785 3679; x_wconf 89' lang='lat' dir='ltr'>viri.</span> 
     </span>
    </p>
   </div>
   <div class='ocr_carea' id='block_1_54' title="bbox 408 3714 2019 3785">
    <p class='ocr_par' dir='ltr' id='par_1_54' title="bbox 408 3714 2019 3785">
     <span class='ocr_line' id='line_1_54' title="bbox 408 3714 2019 3785; baseline -0.008 -6"><span class='ocrx_word' id='word_1_333' title='bbox 408 3724 651 3779; x_wconf 86' lang='lat' dir='ltr'>Gemma</span> <span class='ocrx_word' id='word_1_334' title='bbox 681 3721 887 3776; x_wconf 91' lang='lat' dir='ltr'>domus</span> <span class='ocrx_word' id='word_1_335' title='bbox 917 3717 1149 3773; x_wconf 90' lang='lat' dir='ltr'>Domini</span> <span class='ocrx_word' id='word_1_336' title='bbox 1180 3718 1368 3770; x_wconf 88' lang='lat' dir='ltr'>Bruno</span> <span class='ocrx_word' id='word_1_337' title='bbox 1402 3714 1507 3769; x_wconf 87' lang='lat' dir='ltr'>fuit</span> <span class='ocrx_word' id='word_1_338' title='bbox 1527 3718 1699 3785; x_wconf 88' lang='lat' dir='ltr'>atque</span> <span class='ocrx_word' id='word_1_339' title='bbox 1727 3714 2019 3783; x_wconf 86' lang='lat' dir='ltr'>columna,</span> 
     </span>
    </p>
   </div>
   <div class='ocr_carea' id='block_1_55' title="bbox 482 3803 1493 3877">
    <p class='ocr_par' dir='ltr' id='par_1_55' title="bbox 482 3803 1493 3877">
     <span class='ocr_line' id='line_1_55' title="bbox 482 3803 1493 3877; baseline -0.006 -10"><span class='ocrx_word' id='word_1_340' title='bbox 482 3813 549 3866; x_wconf 86' lang='lat' dir='ltr'>Et</span> <span class='ocrx_word' id='word_1_341' title='bbox 572 3811 705 3865; x_wconf 90' lang='lat' dir='ltr'>ﬁdei</span> <span class='ocrx_word' id='word_1_342' title='bbox 734 3824 902 3864; x_wconf 89' lang='lat' dir='ltr'>verus</span> <span class='ocrx_word' id='word_1_343' title='bbox 931 3808 1115 3862; x_wconf 87' lang='lat' dir='ltr'>cultor</span> <span class='ocrx_word' id='word_1_344' title='bbox 1146 3803 1493 3877; x_wconf 68' lang='lat' dir='ltr'>apostolicae.</span> 
     </span>
    </p>
   </div>
   <div class='ocr_carea' id='block_1_56' title="bbox 415 3892 1559 3967">
    <p class='ocr_par' dir='ltr' id='par_1_56' title="bbox 415 3892 1559 3967">
     <span class='ocr_line' id='line_1_56' title="bbox 415 3892 1559 3967; baseline -0.009 -13"><span class='ocrx_word' id='word_1_345' title='bbox 415 3900 558 3954; x_wconf 83' lang='lat' dir='ltr'>Vera</span> <span class='ocrx_word' id='word_1_346' title='bbox 586 3898 728 3953; x_wconf 81' lang='lat' dir='ltr'>ﬁdes</span> <span class='ocrx_word' id='word_1_347' title='bbox 754 3897 895 3967; x_wconf 86' lang='lat' dir='ltr'>ejus,</span> <span class='ocrx_word' id='word_1_348' title='bbox 927 3894 1229 3949; x_wconf 83' lang='lat' dir='ltr'>virtutibus</span> <span class='ocrx_word' id='word_1_349' title='bbox 1259 3892 1559 3957; x_wconf 78' lang='lat' dir='ltr'>aediﬁcata,</span> 
     </span>
    </p>
   </div>
   <div class='ocr_carea' id='block_1_57' title="bbox 482 3980 1381 4041">
    <p class='ocr_par' dir='ltr' id='par_1_57' title="bbox 482 3980 1381 4041">
     <span class='ocr_line' id='line_1_57' title="bbox 482 3980 1381 4041; baseline -0.011 1"><span class='ocrx_word' id='word_1_350' title='bbox 482 3987 777 4041; x_wconf 67' lang='lat' dir='ltr'>Ethereas</span> <span class='ocrx_word' id='word_1_351' title='bbox 807 3983 958 4038; x_wconf 82' lang='lat' dir='ltr'>aedes</span> <span class='ocrx_word' id='word_1_352' title='bbox 984 3981 1284 4036; x_wconf 78' lang='lat' dir='ltr'>aedificavit</span> <span class='ocrx_word' id='word_1_353' title='bbox 1309 3980 1381 4032; x_wconf 91' lang='lat' dir='ltr'>ei.</span> 
     </span>
    </p>
   </div>
   <div class='ocr_carea' id='block_1_58' title="bbox 414 4067 1666 4140">
    <p class='ocr_par' dir='ltr' id='par_1_58' title="bbox 414 4067 1666 4140">
     <span class='ocr_line' id='line_1_58' title="bbox 414 4067 1666 4140; baseline -0.01 -9"><span class='ocrx_word' id='word_1_354' title='bbox 414 4075 623 4140; x_wconf 88' lang='lat' dir='ltr'>Gloria,</span> <span class='ocrx_word' id='word_1_355' title='bbox 656 4072 885 4138; x_wconf 83' lang='lat' dir='ltr'>divitiae,</span> <span class='ocrx_word' id='word_1_356' title='bbox 915 4086 1180 4140; x_wconf 89' lang='lat' dir='ltr'>persona,</span> <span class='ocrx_word' id='word_1_357' title='bbox 1213 4067 1450 4121; x_wconf 89' lang='lat' dir='ltr'>scientia</span> <span class='ocrx_word' id='word_1_358' title='bbox 1472 4081 1666 4119; x_wconf 88' lang='lat' dir='ltr'>rerum</span> 
     </span>
    </p>
   </div>
   <div class='ocr_carea' id='block_1_59' title="bbox 488 4156 1553 4228">
    <p class='ocr_par' dir='ltr' id='par_1_59' title="bbox 488 4156 1553 4228">
     <span class='ocr_line' id='line_1_59' title="bbox 488 4156 1553 4228; baseline -0.009 -11"><span class='ocrx_word' id='word_1_359' title='bbox 488 4162 573 4217; x_wconf 92' lang='lat' dir='ltr'>llli</span> <span class='ocrx_word' id='word_1_360' title='bbox 598 4162 752 4215; x_wconf 88' lang='lat' dir='ltr'>clara</span> <span class='ocrx_word' id='word_1_361' title='bbox 777 4159 931 4224; x_wconf 88' lang='lat' dir='ltr'>satis,</span> <span class='ocrx_word' id='word_1_362' title='bbox 956 4158 1055 4212; x_wconf 89' lang='lat' dir='ltr'>sed</span> <span class='ocrx_word' id='word_1_363' title='bbox 1075 4158 1221 4228; x_wconf 91' lang='lat' dir='ltr'>pede</span> <span class='ocrx_word' id='word_1_364' title='bbox 1248 4156 1452 4227; x_wconf 87' lang='lat' dir='ltr'>pressit</span> <span class='ocrx_word' id='word_1_365' title='bbox 1468 4171 1553 4208; x_wconf 91' lang='lat' dir='ltr'>ea.</span> 
     </span>
    </p>
   </div>
   <div class='ocr_carea' id='block_1_60' title="bbox 418 4242 2019 4322">
    <p class='ocr_par' dir='ltr' id='par_1_60' title="bbox 418 4242 2019 4322">
     <span class='ocr_line' id='line_1_60' title="bbox 418 4242 2019 4322; baseline -0.006 -17"><span class='ocrx_word' id='word_1_366' title='bbox 418 4251 565 4306; x_wconf 91' lang='lat' dir='ltr'>Sunt</span> <span class='ocrx_word' id='word_1_367' title='bbox 592 4266 717 4322; x_wconf 65' lang='lat' dir='ltr'>quae</span> <span class='ocrx_word' id='word_1_368' title='bbox 759 4248 899 4302; x_wconf 89' lang='lat' dir='ltr'>dant</span> <span class='ocrx_word' id='word_1_369' title='bbox 926 4245 1151 4300; x_wconf 90' lang='lat' dir='ltr'>homini</span> <span class='ocrx_word' id='word_1_370' title='bbox 1174 4247 1303 4317; x_wconf 93' lang='lat' dir='ltr'>post</span> <span class='ocrx_word' id='word_1_371' title='bbox 1339 4246 1591 4297; x_wconf 90' lang='lat' dir='ltr'>mortem</span> <span class='ocrx_word' id='word_1_372' title='bbox 1617 4242 1802 4296; x_wconf 80' lang='lat' dir='ltr'>vivere</span> <span class='ocrx_word' id='word_1_373' title='bbox 1834 4257 2019 4312; x_wconf 89' lang='lat' dir='ltr'>posse,</span> 
     </span>
    </p>
   </div>
   <div class='ocr_carea' id='block_1_61' title="bbox 490 4330 1857 4404">
    <p class='ocr_par' dir='ltr' id='par_1_61' title="bbox 490 4330 1857 4404">
     <span class='ocr_line' id='line_1_61' title="bbox 490 4330 1857 4404; baseline -0.007 -11"><span class='ocrx_word' id='word_1_374' title='bbox 490 4339 601 4393; x_wconf 88' lang='lat' dir='ltr'>Nec</span> <span class='ocrx_word' id='word_1_375' title='bbox 630 4341 828 4391; x_wconf 89' lang='lat' dir='ltr'>tamen</span> <span class='ocrx_word' id='word_1_376' title='bbox 849 4335 973 4389; x_wconf 65' lang='lat' dir='ltr'>haec</span> <span class='ocrx_word' id='word_1_377' title='bbox 998 4336 1235 4404; x_wconf 91' lang='lat' dir='ltr'>possunt</span> <span class='ocrx_word' id='word_1_378' title='bbox 1258 4335 1446 4387; x_wconf 90' lang='lat' dir='ltr'>morte</span> <span class='ocrx_word' id='word_1_379' title='bbox 1478 4347 1673 4385; x_wconf 90' lang='lat' dir='ltr'>carere</span> <span class='ocrx_word' id='word_1_380' title='bbox 1700 4330 1857 4384; x_wconf 89' lang='lat' dir='ltr'>dare.</span> 
     </span>
    </p>
   </div>
   <div class='ocr_carea' id='block_1_62' title="bbox 2124 1933 3548 1999">
    <p class='ocr_par' dir='ltr' id='par_1_62' title="bbox 2124 1933 3548 1999">
     <span class='ocr_line' id='line_1_62' title="bbox 2124 1933 3548 1999; baseline 0.001 -11"><span class='ocrx_word' id='word_1_381' title='bbox 2124 1933 2326 1989; x_wconf 89' lang='lat' dir='ltr'>Ponite</span> <span class='ocrx_word' id='word_1_382' title='bbox 2354 1933 2669 1999; x_wconf 88' lang='lat' dir='ltr'>tristitiam,</span> <span class='ocrx_word' id='word_1_383' title='bbox 2704 1937 2904 1988; x_wconf 89' lang='lat' dir='ltr'>manet</span> <span class='ocrx_word' id='word_1_384' title='bbox 2935 1951 3138 1988; x_wconf 89' lang='lat' dir='ltr'>omnes</span> <span class='ocrx_word' id='word_1_385' title='bbox 3166 1935 3346 1989; x_wconf 88' lang='lat' dir='ltr'>exitus</span> <span class='ocrx_word' id='word_1_386' title='bbox 3372 1936 3548 1990; x_wconf 79' lang='lat' dir='ltr'>idem;</span> 
     </span>
    </p>
   </div>
   <div class='ocr_carea' id='block_1_63' title="bbox 2123 2022 3633 2095">
    <p class='ocr_par' dir='ltr' id='par_1_63' title="bbox 2123 2022 3633 2095">
     <span class='ocr_line' id='line_1_63' title="bbox 2123 2022 3633 2095; baseline 0.002 -18"><span class='ocrx_word' id='word_1_387' title='bbox 2123 2024 2263 2077; x_wconf 88' lang='lat' dir='ltr'>Hinc</span> <span class='ocrx_word' id='word_1_388' title='bbox 2291 2027 2375 2077; x_wconf 89' lang='lat' dir='ltr'>est</span> <span class='ocrx_word' id='word_1_389' title='bbox 2404 2023 2789 2094; x_wconf 89' lang='lat' dir='ltr'>pensandum,</span> <span class='ocrx_word' id='word_1_390' title='bbox 2815 2022 2949 2094; x_wconf 90' lang='lat' dir='ltr'>quia</span> <span class='ocrx_word' id='word_1_391' title='bbox 2971 2022 3172 2077; x_wconf 91' lang='lat' dir='ltr'>mundi</span> <span class='ocrx_word' id='word_1_392' title='bbox 3204 2024 3388 2095; x_wconf 90' lang='lat' dir='ltr'>gloria</span> <span class='ocrx_word' id='word_1_393' title='bbox 3412 2024 3633 2093; x_wconf 88' lang='lat' dir='ltr'>fenum,</span> 
     </span>
    </p>
   </div>
   <div class='ocr_carea' id='block_1_64' title="bbox 2123 2110 3547 2182">
    <p class='ocr_par' dir='ltr' id='par_1_64' title="bbox 2123 2110 3547 2182">
     <span class='ocr_line' id='line_1_64' title="bbox 2123 2110 3547 2182; baseline 0.001 -18"><span class='ocrx_word' id='word_1_394' title='bbox 2123 2110 2209 2164; x_wconf 82' lang='lat' dir='ltr'>Ad</span> <span class='ocrx_word' id='word_1_395' title='bbox 2234 2114 2462 2182; x_wconf 90' lang='lat' dir='ltr'>tempus</span> <span class='ocrx_word' id='word_1_396' title='bbox 2492 2111 2681 2177; x_wconf 90' lang='lat' dir='ltr'>ﬂoret,</span> <span class='ocrx_word' id='word_1_397' title='bbox 2715 2110 2928 2165; x_wconf 90' lang='lat' dir='ltr'>ﬂorens</span> <span class='ocrx_word' id='word_1_398' title='bbox 2955 2110 3267 2182; x_wconf 90' lang='lat' dir='ltr'>pertransit</span> <span class='ocrx_word' id='word_1_399' title='bbox 3293 2116 3349 2166; x_wconf 90' lang='lat' dir='ltr'>et</span> <span class='ocrx_word' id='word_1_400' title='bbox 3384 2115 3507 2166; x_wconf 91' lang='lat' dir='ltr'>aret</span> <span class='ocrx_word' id='word_1_401' title='bbox 3533 2131 3547 2181; x_wconf 90' lang='lat'><strong>;</strong></span> 
     </span>
    </p>
   </div>
   <div class='ocr_carea' id='block_1_65' title="bbox 2125 2198 3509 2270">
    <p class='ocr_par' dir='ltr' id='par_1_65' title="bbox 2125 2198 3509 2270">
     <span class='ocr_line' id='line_1_65' title="bbox 2125 2198 3509 2270; baseline 0.002 -19"><span class='ocrx_word' id='word_1_402' title='bbox 2125 2199 2192 2252; x_wconf 85' lang='lat' dir='ltr'>Et</span> <span class='ocrx_word' id='word_1_403' title='bbox 2221 2199 2353 2270; x_wconf 89' lang='lat' dir='ltr'>quia</span> <span class='ocrx_word' id='word_1_404' title='bbox 2374 2198 2452 2252; x_wconf 91' lang='lat' dir='ltr'>sic</span> <span class='ocrx_word' id='word_1_405' title='bbox 2482 2199 2653 2253; x_wconf 88' lang='lat' dir='ltr'>ﬂoret</span> <span class='ocrx_word' id='word_1_406' title='bbox 2683 2199 2920 2263; x_wconf 88' lang='lat' dir='ltr'>ﬂorens,</span> <span class='ocrx_word' id='word_1_407' title='bbox 2956 2199 3032 2254; x_wconf 89' lang='lat' dir='ltr'>sic</span> <span class='ocrx_word' id='word_1_408' title='bbox 3063 2199 3266 2253; x_wconf 88' lang='lat' dir='ltr'>transit</span> <span class='ocrx_word' id='word_1_409' title='bbox 3283 2202 3341 2252; x_wconf 92' lang='lat' dir='ltr'>et</span> <span class='ocrx_word' id='word_1_410' title='bbox 3367 2203 3509 2267; x_wconf 89' lang='lat' dir='ltr'>aret,</span> 
     </span>
    </p>
   </div>
   <div class='ocr_carea' id='block_1_66' title="bbox 2122 2282 3581 2360">
    <p class='ocr_par' dir='ltr' id='par_1_66' title="bbox 2122 2282 3581 2360">
     <span class='ocr_line' id='line_1_66' title="bbox 2122 2282 3581 2360; baseline 0.001 -20"><span class='ocrx_word' id='word_1_411' title='bbox 2122 2282 2486 2341; x_wconf 89' lang='lat' dir='ltr'>Declinemus</span> <span class='ocrx_word' id='word_1_412' title='bbox 2506 2304 2659 2353; x_wconf 88' lang='lat' dir='ltr'>eam,</span> <span class='ocrx_word' id='word_1_413' title='bbox 2699 2289 2884 2359; x_wconf 86' lang='lat' dir='ltr'>magis</span> <span class='ocrx_word' id='word_1_414' title='bbox 2930 2287 3274 2360; x_wconf 81' lang='lat' dir='ltr'>inquirendo</span> <span class='ocrx_word' id='word_1_415' title='bbox 3306 2287 3581 2344; x_wconf 86' lang='lat' dir='ltr'>futuram.</span> 
     </span>
    </p>
   </div>
   <div class='ocr_carea' id='block_1_67' title="bbox 2121 2375 3479 2447">
    <p class='ocr_par' dir='ltr' id='par_1_67' title="bbox 2121 2375 3479 2447">
     <span class='ocr_line' id='line_1_67' title="bbox 2121 2375 3479 2447; baseline 0.001 -18"><span class='ocrx_word' id='word_1_416' title='bbox 2121 2376 2245 2429; x_wconf 89' lang='lat' dir='ltr'>Jam</span> <span class='ocrx_word' id='word_1_417' title='bbox 2273 2375 2632 2446; x_wconf 70' lang='lat' dir='ltr'>praecessisti,</span> <span class='ocrx_word' id='word_1_418' title='bbox 2652 2375 2779 2445; x_wconf 85' lang='lat' dir='ltr'>jam</span> <span class='ocrx_word' id='word_1_419' title='bbox 2808 2377 3027 2447; x_wconf 90' lang='lat' dir='ltr'>regula,</span> <span class='ocrx_word' id='word_1_420' title='bbox 3058 2378 3270 2444; x_wconf 89' lang='lat' dir='ltr'>Bruno,</span> <span class='ocrx_word' id='word_1_421' title='bbox 3300 2377 3479 2444; x_wconf 86' lang='lat' dir='ltr'>fuisti,</span> 
     </span>
    </p>
   </div>
   <div class='ocr_carea' id='block_1_68' title="bbox 2118 2462 3403 2536">
    <p class='ocr_par' dir='ltr' id='par_1_68' title="bbox 2118 2462 3403 2536">
     <span class='ocr_line' id='line_1_68' title="bbox 2118 2462 3403 2536; baseline 0.002 -19"><span class='ocrx_word' id='word_1_422' title='bbox 2118 2464 2245 2517; x_wconf 83' lang='lat' dir='ltr'>Jam</span> <span class='ocrx_word' id='word_1_423' title='bbox 2277 2462 2622 2529; x_wconf 86' lang='lat' dir='ltr'>conclusisti,</span> <span class='ocrx_word' id='word_1_424' title='bbox 2651 2464 2804 2536; x_wconf 90' lang='lat' dir='ltr'>quod</span> <span class='ocrx_word' id='word_1_425' title='bbox 2841 2467 3002 2518; x_wconf 91' lang='lat' dir='ltr'>caute</span> <span class='ocrx_word' id='word_1_426' title='bbox 3038 2466 3403 2536; x_wconf 89' lang='lat' dir='ltr'>proposuisti.</span> 
     </span>
    </p>
   </div>
   <div class='ocr_carea' id='block_1_69' title="bbox 2119 2546 3445 2622">
    <p class='ocr_par' dir='ltr' id='par_1_69' title="bbox 2119 2546 3445 2622">
     <span class='ocr_line' id='line_1_69' title="bbox 2119 2546 3445 2622; baseline 0.002 -17"><span class='ocrx_word' id='word_1_427' title='bbox 2119 2546 2386 2606; x_wconf 86' lang='lat' dir='ltr'>Florebas</span> <span class='ocrx_word' id='word_1_428' title='bbox 2416 2552 2634 2605; x_wconf 89' lang='lat' dir='ltr'>mundo</span> <span class='ocrx_word' id='word_1_429' title='bbox 2665 2551 2877 2622; x_wconf 85' lang='lat' dir='ltr'>fragili,</span> <span class='ocrx_word' id='word_1_430' title='bbox 2911 2553 3011 2607; x_wconf 86' lang='lat' dir='ltr'>sed</span> <span class='ocrx_word' id='word_1_431' title='bbox 3058 2553 3199 2607; x_wconf 87' lang='lat' dir='ltr'>ﬂore</span> <span class='ocrx_word' id='word_1_432' title='bbox 3233 2555 3445 2609; x_wconf 89' lang='lat' dir='ltr'>caduco</span> 
     </span>
    </p>
   </div>
   <div class='ocr_carea' id='block_1_70' title="bbox 2120 2638 3727 2714">
    <p class='ocr_par' dir='ltr' id='par_1_70' title="bbox 2120 2638 3727 2714">
     <span class='ocr_line' id='line_1_70' title="bbox 2120 2638 3727 2714; baseline 0.002 -21"><span class='ocrx_word' id='word_1_433' title='bbox 2120 2638 2389 2711; x_wconf 87' lang='lat' dir='ltr'>Sprevisti</span> <span class='ocrx_word' id='word_1_434' title='bbox 2422 2639 2705 2694; x_wconf 88' lang='lat' dir='ltr'>mundum</span> <span class='ocrx_word' id='word_1_435' title='bbox 2738 2640 3024 2711; x_wconf 88' lang='lat' dir='ltr'>fragilem,</span> <span class='ocrx_word' id='word_1_436' title='bbox 3060 2642 3380 2714; x_wconf 78' lang='lat' dir='ltr'>floremque</span> <span class='ocrx_word' id='word_1_437' title='bbox 3424 2643 3727 2710; x_wconf 87' lang='lat' dir='ltr'>caducum,</span> 
     </span>
    </p>
   </div>
   <div class='ocr_carea' id='block_1_71' title="bbox 2121 2727 3417 2799">
    <p class='ocr_par' dir='ltr' id='par_1_71' title="bbox 2121 2727 3417 2799">
     <span class='ocr_line' id='line_1_71' title="bbox 2121 2727 3417 2799; baseline 0.002 -17"><span class='ocrx_word' id='word_1_438' title='bbox 2121 2727 2595 2798; x_wconf 72' lang='lat' dir='ltr'>Contemplativzr</span> <span class='ocrx_word' id='word_1_439' title='bbox 2628 2745 2891 2799; x_wconf 79' lang='lat' dir='ltr'>quaerens</span> <span class='ocrx_word' id='word_1_440' title='bbox 2930 2730 3233 2784; x_wconf 89' lang='lat' dir='ltr'>succedere</span> <span class='ocrx_word' id='word_1_441' title='bbox 3265 2731 3417 2792; x_wconf 76' lang='lat' dir='ltr'>vitae,</span> 
     </span>
    </p>
   </div>
   <div class='ocr_carea' id='block_1_72' title="bbox 2121 2815 3726 2891">
    <p class='ocr_par' dir='ltr' id='par_1_72' title="bbox 2121 2815 3726 2891">
     <span class='ocr_line' id='line_1_72' title="bbox 2121 2815 3726 2891; baseline 0.002 -21"><span class='ocrx_word' id='word_1_442' title='bbox 2121 2816 2306 2880; x_wconf 90' lang='lat' dir='ltr'>Quam</span> <span class='ocrx_word' id='word_1_443' title='bbox 2337 2815 2441 2869; x_wconf 88' lang='lat' dir='ltr'>tibi</span> <span class='ocrx_word' id='word_1_444' title='bbox 2470 2816 2767 2884; x_wconf 86' lang='lat' dir='ltr'>concedat,</span> <span class='ocrx_word' id='word_1_445' title='bbox 2821 2817 2916 2888; x_wconf 90' lang='lat' dir='ltr'>qui</span> <span class='ocrx_word' id='word_1_446' title='bbox 2947 2819 3095 2872; x_wconf 87' lang='lat' dir='ltr'>secla</span> <span class='ocrx_word' id='word_1_447' title='bbox 3126 2835 3230 2889; x_wconf 90' lang='lat' dir='ltr'>per</span> <span class='ocrx_word' id='word_1_448' title='bbox 3271 2818 3469 2873; x_wconf 87' lang='lat' dir='ltr'>omnia</span> <span class='ocrx_word' id='word_1_449' title='bbox 3499 2824 3726 2891; x_wconf 87' lang='lat' dir='ltr'>regnat.</span> 
     </span>
    </p>
   </div>
   <div class='ocr_carea' id='block_1_73' title="bbox 2870 2914 3039 2968">
    <p class='ocr_par' dir='ltr' id='par_1_73' title="bbox 2870 2914 3039 2968">
     <span class='ocr_line' id='line_1_73' title="bbox 2870 2914 3039 2968; baseline 0.006 -1"><span class='ocrx_word' id='word_1_450' title='bbox 2870 2914 3039 2968; x_wconf 64' lang='lat' dir='ltr'>lbertz’.</span> 
     </span>
    </p>
   </div>
   <div class='ocr_carea' id='block_1_74' title="bbox 2122 2914 3730 3076">
    <p class='ocr_par' dir='ltr' id='par_1_74' title="bbox 2122 2914 3730 3076">
     <span class='ocr_line' id='line_1_74' title="bbox 2870 2914 3039 2968; baseline 0.006 -1"><span class='ocrx_word' id='word_1_451' title='bbox 2870 2914 2918 2967; x_wconf 71' lang='lat' dir='ltr'>lli</span> <span class='ocrx_word' id='word_1_452' title='bbox 2950 2933 2976 2967; x_wconf 82' lang='grc' dir='ltr'><em>ν</em></span> <span class='ocrx_word' id='word_1_453' title='bbox 3015 2917 3039 2968; x_wconf 80' lang='grc'><strong>“.</strong></span> 
     </span>
     <span class='ocr_line' id='line_1_75' title="bbox 2122 2914 3730 3076; baseline 0.002 -19"><span class='ocrx_word' id='word_1_454' title='bbox 2122 3003 2243 3057; x_wconf 89' lang='grc'><strong>139.</strong></span> <span class='ocrx_word' id='word_1_455' title='bbox 2271 3002 2376 3055; x_wconf 92' lang='lat' dir='ltr'>Det</span> <span class='ocrx_word' id='word_1_456' title='bbox 2405 3000 2591 3073; x_wconf 88' lang='lat' dir='ltr'>pietas</span> <span class='ocrx_word' id='word_1_457' title='bbox 2613 2914 3221 3071; x_wconf 52' lang='lat' dir='ltr'>ChristiAtibitPi-uno,</span> <span class='ocrx_word' id='word_1_458' title='bbox 3271 3005 3425 3076; x_wconf 89' lang='lat' dir='ltr'>quod</span> <span class='ocrx_word' id='word_1_459' title='bbox 3468 3005 3730 3061; x_wconf 89' lang='lat' dir='ltr'>meruisti</span> 
     </span>
    </p>
   </div>
   <div class='ocr_carea' id='block_1_75' title="bbox 2043 3089 3732 3166">
    <p class='ocr_par' dir='ltr' id='par_1_75' title="bbox 2043 3089 3732 3166">
     <span class='ocr_line' id='line_1_76' title="bbox 2043 3089 3732 3166; baseline 0.004 -23"><span class='ocrx_word' id='word_1_460' title='bbox 2043 3107 2089 3166; x_wconf 69' lang='grc' dir='ltr'>α</span> <span class='ocrx_word' id='word_1_461' title='bbox 2120 3089 2318 3143; x_wconf 83' lang='lat' dir='ltr'>Factus</span> <span class='ocrx_word' id='word_1_462' title='bbox 2342 3089 2401 3142; x_wconf 92' lang='lat' dir='ltr'>in</span> <span class='ocrx_word' id='word_1_463' title='bbox 2442 3089 2547 3143; x_wconf 89' lang='lat' dir='ltr'>hac</span> <span class='ocrx_word' id='word_1_464' title='bbox 2573 3090 2686 3143; x_wconf 89' lang='lat' dir='ltr'>vita</span> <span class='ocrx_word' id='word_1_465' title='bbox 2731 3091 3048 3145; x_wconf 86' lang='lat' dir='ltr'>monachus</span> <span class='ocrx_word' id='word_1_466' title='bbox 3088 3092 3263 3162; x_wconf 91' lang='lat' dir='ltr'>prius,</span> <span class='ocrx_word' id='word_1_467' title='bbox 3309 3093 3442 3147; x_wconf 89' lang='lat' dir='ltr'>hinc</span> <span class='ocrx_word' id='word_1_468' title='bbox 3485 3094 3732 3148; x_wconf 86' lang='lat' dir='ltr'>eremita</span> 
     </span>
    </p>
   </div>
   <div class='ocr_carea' id='block_1_76' title="bbox 2689 3188 3726 3261">
    <p class='ocr_par' dir='ltr' id='par_1_76' title="bbox 2689 3188 3726 3261">
     <span class='ocr_line' id='line_1_77' title="bbox 2689 3188 3726 3261; baseline 0.006 -21"><span class='ocrx_word' id='word_1_469' title='bbox 2689 3188 2969 3242; x_wconf 78' lang='lat' dir='ltr'>Turslani.</span> <span class='ocrx_word' id='word_1_470' title='bbox 3555 3192 3726 3261; x_wconf 80' lang='grc'><strong>(408).</strong></span> 
     </span>
    </p>
   </div>
   <div class='ocr_carea' id='block_1_77' title="bbox 2121 3275 3726 3353">
    <p class='ocr_par' dir='ltr' id='par_1_77' title="bbox 2121 3275 3726 3353">
     <span class='ocr_line' id='line_1_78' title="bbox 2121 3275 3726 3353; baseline 0.002 -24"><span class='ocrx_word' id='word_1_471' title='bbox 2121 3276 2242 3329; x_wconf 85' lang='grc'><strong>140.</strong></span> <span class='ocrx_word' id='word_1_472' title='bbox 2277 3275 2361 3329; x_wconf 92' lang='lat' dir='ltr'>Sit</span> <span class='ocrx_word' id='word_1_473' title='bbox 2386 3275 2510 3342; x_wconf 91' lang='lat' dir='ltr'>tibi,</span> <span class='ocrx_word' id='word_1_474' title='bbox 2534 3277 2940 3348; x_wconf 89' lang='lat' dir='ltr'>Bruno,quies,</span> <span class='ocrx_word' id='word_1_475' title='bbox 2975 3277 3046 3331; x_wconf 90' lang='lat' dir='ltr'>sit</span> <span class='ocrx_word' id='word_1_476' title='bbox 3066 3277 3266 3344; x_wconf 83' lang='lat' dir='ltr'>lux,sit</span> <span class='ocrx_word' id='word_1_477' title='bbox 3284 3279 3469 3350; x_wconf 88' lang='lat' dir='ltr'>gloria</span> <span class='ocrx_word' id='word_1_478' title='bbox 3499 3296 3726 3353; x_wconf 89' lang='lat' dir='ltr'>perpes,</span> 
     </span>
    </p>
   </div>
   <div class='ocr_carea' id='block_1_78' title="bbox 2191 3362 3368 3431">
    <p class='ocr_par' dir='ltr' id='par_1_78' title="bbox 2191 3362 3368 3431">
     <span class='ocr_line' id='line_1_79' title="bbox 2191 3362 3368 3431; baseline 0.003 -14"><span class='ocrx_word' id='word_1_479' title='bbox 2191 3362 2277 3418; x_wconf 93' lang='lat' dir='ltr'>Sit</span> <span class='ocrx_word' id='word_1_480' title='bbox 2308 3364 2409 3417; x_wconf 90' lang='lat' dir='ltr'>tibi</span> <span class='ocrx_word' id='word_1_481' title='bbox 2433 3381 2567 3418; x_wconf 91' lang='lat' dir='ltr'>vera</span> <span class='ocrx_word' id='word_1_482' title='bbox 2601 3366 2769 3431; x_wconf 86' lang='lat' dir='ltr'>salus,</span> <span class='ocrx_word' id='word_1_483' title='bbox 2799 3382 2931 3419; x_wconf 88' lang='lat' dir='ltr'>vera</span> <span class='ocrx_word' id='word_1_484' title='bbox 2954 3366 3180 3420; x_wconf 88' lang='lat' dir='ltr'>medela</span> <span class='ocrx_word' id='word_1_485' title='bbox 3201 3369 3368 3421; x_wconf 92' lang='lat' dir='ltr'>Deus.</span> 
     </span>
    </p>
   </div>
   <div class='ocr_carea' id='block_1_79' title="bbox 2781 3453 3059 3507">
    <p class='ocr_par' dir='ltr' id='par_1_79' title="bbox 2781 3453 3059 3507">
     <span class='ocr_line' id='line_1_80' title="bbox 2781 3453 3059 3507; baseline 0.004 -1"><span class='ocrx_word' id='word_1_486' title='bbox 2781 3453 3059 3507; x_wconf 66' lang='lat' dir='ltr'>Hic/tardi.</span> 
     </span>
    </p>
   </div>
   <div class='ocr_carea' id='block_1_80' title="bbox 2125 3540 3551 3598">
    <p class='ocr_par' dir='ltr' id='par_1_80' title="bbox 2125 3540 3551 3598">
     <span class='ocr_line' id='line_1_81' title="bbox 2125 3540 3551 3598; baseline 0.003 -4"><span class='ocrx_word' id='word_1_487' title='bbox 2125 3541 2243 3595; x_wconf 88' lang='grc'><strong>141.</strong></span> <span class='ocrx_word' id='word_1_488' title='bbox 2282 3542 2577 3595; x_wconf 71' lang='grc' dir='ltr'>ᾸΞιθῐιῃᾶη]</span> <span class='ocrx_word' id='word_1_489' title='bbox 2609 3540 2804 3595; x_wconf 89' lang='lat' dir='ltr'>sedem</span> <span class='ocrx_word' id='word_1_490' title='bbox 2840 3542 3001 3595; x_wconf 88' lang='lat' dir='ltr'>nobis</span> <span class='ocrx_word' id='word_1_491' title='bbox 3033 3542 3236 3597; x_wconf 88' lang='lat' dir='ltr'>invidit</span> <span class='ocrx_word' id='word_1_492' title='bbox 3279 3546 3337 3597; x_wconf 92' lang='lat' dir='ltr'>et</span> <span class='ocrx_word' id='word_1_493' title='bbox 3365 3543 3551 3598; x_wconf 61' lang='lat' dir='ltr'>aedem</span> 
     </span>
    </p>
   </div>
   <div class='ocr_carea' id='block_1_81' title="bbox 2122 3630 3404 3700">
    <p class='ocr_par' dir='ltr' id='par_1_81' title="bbox 2122 3630 3404 3700">
     <span class='ocr_line' id='line_1_82' title="bbox 2122 3630 3404 3700; baseline 0.003 -18"><span class='ocrx_word' id='word_1_494' title='bbox 2122 3630 2368 3683; x_wconf 66' lang='lat' dir='ltr'>zEternae</span> <span class='ocrx_word' id='word_1_495' title='bbox 2401 3630 2550 3684; x_wconf 87' lang='lat' dir='ltr'>sedis</span> <span class='ocrx_word' id='word_1_496' title='bbox 2580 3630 2760 3684; x_wconf 82' lang='lat' dir='ltr'>factus</span> <span class='ocrx_word' id='word_1_497' title='bbox 2793 3630 2950 3700; x_wconf 90' lang='lat' dir='ltr'>prior</span> <span class='ocrx_word' id='word_1_498' title='bbox 2978 3633 3130 3684; x_wconf 82' lang='lat' dir='ltr'>exsul</span> <span class='ocrx_word' id='word_1_499' title='bbox 3159 3636 3216 3685; x_wconf 90' lang='lat' dir='ltr'>et</span> <span class='ocrx_word' id='word_1_500' title='bbox 3246 3633 3404 3697; x_wconf 64' lang='lat' dir='ltr'>tedis,</span> 
     </span>
    </p>
   </div>
   <div class='ocr_carea' id='block_1_82' title="bbox 2122 3717 3460 3790">
    <p class='ocr_par' dir='ltr' id='par_1_82' title="bbox 2122 3717 3460 3790">
     <span class='ocr_line' id='line_1_83' title="bbox 2122 3717 3460 3790; baseline 0.003 -20"><span class='ocrx_word' id='word_1_501' title='bbox 2122 3717 2359 3771; x_wconf 83' lang='lat' dir='ltr'>Arboris</span> <span class='ocrx_word' id='word_1_502' title='bbox 2390 3718 2600 3771; x_wconf 71' lang='lat' dir='ltr'>illicitas</span> <span class='ocrx_word' id='word_1_503' title='bbox 2624 3718 2759 3772; x_wconf 91' lang='lat' dir='ltr'>dum</span> <span class='ocrx_word' id='word_1_504' title='bbox 2785 3723 3011 3790; x_wconf 86' lang='lat' dir='ltr'>guslum</span> <span class='ocrx_word' id='word_1_505' title='bbox 3036 3720 3295 3790; x_wconf 85' lang='lat' dir='ltr'>suggerit</span> <span class='ocrx_word' id='word_1_506' title='bbox 3334 3722 3460 3774; x_wconf 61' lang='lat' dir='ltr'>Eva:</span> 
     </span>
    </p>
   </div>
   <div class='ocr_carea' id='block_1_83' title="bbox 2123 3806 3474 3876">
    <p class='ocr_par' dir='ltr' id='par_1_83' title="bbox 2123 3806 3474 3876">
     <span class='ocr_line' id='line_1_84' title="bbox 2123 3806 3474 3876; baseline 0.003 -18"><span class='ocrx_word' id='word_1_507' title='bbox 2123 3806 2339 3872; x_wconf 87' lang='lat' dir='ltr'>Gustat,</span> <span class='ocrx_word' id='word_1_508' title='bbox 2375 3806 2439 3858; x_wconf 84' lang='lat' dir='ltr'>ﬁt</span> <span class='ocrx_word' id='word_1_509' title='bbox 2465 3809 2699 3876; x_wconf 85' lang='lat' dir='ltr'>gustaris</span> <span class='ocrx_word' id='word_1_510' title='bbox 2735 3807 3072 3861; x_wconf 88' lang='lat' dir='ltr'>mortalibus</span> <span class='ocrx_word' id='word_1_511' title='bbox 3099 3808 3294 3863; x_wconf 83' lang='lat' dir='ltr'>addita</span> <span class='ocrx_word' id='word_1_512' title='bbox 3325 3808 3474 3874; x_wconf 83' lang='lat' dir='ltr'>fatis,</span> 
     </span>
    </p>
   </div>
   <div class='ocr_carea' id='block_1_84' title="bbox 2125 3893 3292 3964">
    <p class='ocr_par' dir='ltr' id='par_1_84' title="bbox 2125 3893 3292 3964">
     <span class='ocr_line' id='line_1_85' title="bbox 2125 3893 3292 3964; baseline 0.002 -17"><span class='ocrx_word' id='word_1_513' title='bbox 2125 3893 2498 3964; x_wconf 85' lang='lat' dir='ltr'>Porrexitque</span> <span class='ocrx_word' id='word_1_514' title='bbox 2521 3894 2663 3960; x_wconf 89' lang='lat' dir='ltr'>viro,</span> <span class='ocrx_word' id='word_1_515' title='bbox 2694 3912 2822 3948; x_wconf 87' lang='lat' dir='ltr'>casu</span> <span class='ocrx_word' id='word_1_516' title='bbox 2846 3895 3017 3948; x_wconf 91' lang='lat' dir='ltr'>simili</span> <span class='ocrx_word' id='word_1_517' title='bbox 3052 3896 3292 3951; x_wconf 91' lang='lat' dir='ltr'>ruituro.</span> 
     </span>
    </p>
   </div>
   <div class='ocr_carea' id='block_1_85' title="bbox 2125 3981 3334 4055">
    <p class='ocr_par' dir='ltr' id='par_1_85' title="bbox 2125 3981 3334 4055">
     <span class='ocr_line' id='line_1_86' title="bbox 2125 3981 3334 4055; baseline 0.004 -22"><span class='ocrx_word' id='word_1_518' title='bbox 2125 3981 2475 4035; x_wconf 90' lang='lat' dir='ltr'>Immortalis</span> <span class='ocrx_word' id='word_1_519' title='bbox 2496 3985 2641 4049; x_wconf 90' lang='lat' dir='ltr'>erat,</span> <span class='ocrx_word' id='word_1_520' title='bbox 2677 3982 2821 4036; x_wconf 90' lang='lat' dir='ltr'>sicut</span> <span class='ocrx_word' id='word_1_521' title='bbox 2850 3984 3086 4037; x_wconf 83' lang='lat' dir='ltr'>Deitatis</span> <span class='ocrx_word' id='word_1_522' title='bbox 3116 3985 3334 4055; x_wconf 88' lang='lat' dir='ltr'>imago,</span> 
     </span>
    </p>
   </div>
   <div class='ocr_carea' id='block_1_86' title="bbox 2128 4070 3347 4141">
    <p class='ocr_par' dir='ltr' id='par_1_86' title="bbox 2128 4070 3347 4141">
     <span class='ocr_line' id='line_1_87' title="bbox 2128 4070 3347 4141; baseline 0.003 -19"><span class='ocrx_word' id='word_1_523' title='bbox 2128 4070 2477 4123; x_wconf 87' lang='lat' dir='ltr'>Immortalis</span> <span class='ocrx_word' id='word_1_524' title='bbox 2516 4074 2656 4135; x_wconf 90' lang='lat' dir='ltr'>erat,</span> <span class='ocrx_word' id='word_1_525' title='bbox 2683 4070 2850 4124; x_wconf 89' lang='lat' dir='ltr'>costis</span> <span class='ocrx_word' id='word_1_526' title='bbox 2881 4071 3086 4125; x_wconf 89' lang='lat' dir='ltr'>educta</span> <span class='ocrx_word' id='word_1_527' title='bbox 3123 4072 3347 4141; x_wconf 88' lang='lat' dir='ltr'>virago;</span> 
     </span>
    </p>
   </div>
   <div class='ocr_carea' id='block_1_87' title="bbox 2125 4157 3464 4230">
    <p class='ocr_par' dir='ltr' id='par_1_87' title="bbox 2125 4157 3464 4230">
     <span class='ocr_line' id='line_1_88' title="bbox 2125 4157 3464 4230; baseline 0.001 -18"><span class='ocrx_word' id='word_1_528' title='bbox 2125 4157 2238 4212; x_wconf 92' lang='lat' dir='ltr'>Sed</span> <span class='ocrx_word' id='word_1_529' title='bbox 2272 4174 2407 4212; x_wconf 83' lang='lat' dir='ltr'>mox</span> <span class='ocrx_word' id='word_1_530' title='bbox 2437 4161 2564 4230; x_wconf 90' lang='lat' dir='ltr'>post</span> <span class='ocrx_word' id='word_1_531' title='bbox 2591 4161 2819 4229; x_wconf 89' lang='lat' dir='ltr'>gustum</span> <span class='ocrx_word' id='word_1_532' title='bbox 2839 4161 3114 4213; x_wconf 87' lang='lat' dir='ltr'>mortales</span> <span class='ocrx_word' id='word_1_533' title='bbox 3135 4160 3464 4214; x_wconf 87' lang='lat' dir='ltr'>efﬁciuntur</span> 
     </span>
    </p>
   </div>
   <div class='ocr_carea' id='block_1_88' title="bbox 2124 4245 3331 4318">
    <p class='ocr_par' dir='ltr' id='par_1_88' title="bbox 2124 4245 3331 4318">
     <span class='ocr_line' id='line_1_89' title="bbox 2124 4245 3331 4318; baseline -0.002 -18"><span class='ocrx_word' id='word_1_534' title='bbox 2124 4245 2473 4316; x_wconf 78' lang='lat' dir='ltr'>Dejectuque</span> <span class='ocrx_word' id='word_1_535' title='bbox 2500 4246 2657 4317; x_wconf 89' lang='lat' dir='ltr'>gravi</span> <span class='ocrx_word' id='word_1_536' title='bbox 2675 4247 2939 4317; x_wconf 88' lang='lat' dir='ltr'>paradiso</span> <span class='ocrx_word' id='word_1_537' title='bbox 2971 4247 3331 4318; x_wconf 82' lang='lat' dir='ltr'>dejiciuntur.</span> 
     </span>
    </p>
   </div>
   <div class='ocr_carea' id='block_1_89' title="bbox 2125 4334 3553 4401">
    <p class='ocr_par' dir='ltr' id='par_1_89' title="bbox 2125 4334 3553 4401">
     <span class='ocr_line' id='line_1_90' title="bbox 2125 4334 3553 4401; baseline 0.001 -14"><span class='ocrx_word' id='word_1_538' title='bbox 2125 4334 2362 4387; x_wconf 78' lang='lat' dir='ltr'>Intravit</span> <span class='ocrx_word' id='word_1_539' title='bbox 2385 4334 2669 4388; x_wconf 89' lang='lat' dir='ltr'>mundum</span> <span class='ocrx_word' id='word_1_540' title='bbox 2698 4351 2854 4388; x_wconf 90' lang='lat' dir='ltr'>mors</span> <span class='ocrx_word' id='word_1_541' title='bbox 2881 4334 3075 4401; x_wconf 72' lang='lat' dir='ltr'>effera,</span> <span class='ocrx_word' id='word_1_542' title='bbox 3113 4335 3363 4389; x_wconf 89' lang='lat' dir='ltr'>subdidit</span> <span class='ocrx_word' id='word_1_543' title='bbox 3392 4335 3553 4389; x_wconf 92' lang='lat' dir='ltr'>illum</span> 
     </span>
    </p>
   </div>
   <div class='ocr_carea' id='block_1_90' title="bbox 416 4394 3585 4497">
    <p class='ocr_par' dir='ltr' id='par_1_90' title="bbox 416 4394 3585 4497">
     <span class='ocr_line' id='line_1_91' title="bbox 416 4394 3585 4497; baseline -0.001 -16"><span class='ocrx_word' id='word_1_544' title='bbox 416 4427 562 4483; x_wconf 84' lang='lat' dir='ltr'>Mors</span> <span class='ocrx_word' id='word_1_545' title='bbox 583 4423 796 4497; x_wconf 91' lang='lat' dir='ltr'>premit</span> <span class='ocrx_word' id='word_1_546' title='bbox 808 4437 982 4477; x_wconf 91' lang='lat' dir='ltr'>omne</span> <span class='ocrx_word' id='word_1_547' title='bbox 1009 4424 1197 4491; x_wconf 89' lang='lat' dir='ltr'>caput,</span> <span class='ocrx_word' id='word_1_548' title='bbox 1222 4436 1347 4492; x_wconf 78' lang='lat' dir='ltr'>quae</span> <span class='ocrx_word' id='word_1_549' title='bbox 1368 4419 1413 4473; x_wconf 91' lang='lat' dir='ltr'>si</span> <span class='ocrx_word' id='word_1_550' title='bbox 1435 4419 1523 4473; x_wconf 92' lang='lat' dir='ltr'>cui</span> <span class='ocrx_word' id='word_1_551' title='bbox 1554 4435 1788 4489; x_wconf 86' lang='lat' dir='ltr'>parcere</span> <span class='ocrx_word' id='word_1_552' title='bbox 1813 4420 2021 4488; x_wconf 88' lang='lat' dir='ltr'>posset,</span> <span class='ocrx_word' id='word_1_553' title='bbox 2048 4394 2100 4452; x_wconf 83' lang='lat' dir='ltr'><strong>D</strong></span> <span class='ocrx_word' id='word_1_554' title='bbox 2126 4421 2370 4492; x_wconf 86' lang='lat' dir='ltr'>Legibus</span> <span class='ocrx_word' id='word_1_555' title='bbox 2395 4421 2491 4476; x_wconf 92' lang='lat' dir='ltr'>illa</span> <span class='ocrx_word' id='word_1_556' title='bbox 2522 4422 2653 4487; x_wconf 89' lang='lat' dir='ltr'>suis,</span> <span class='ocrx_word' id='word_1_557' title='bbox 2686 4422 2949 4488; x_wconf 85' lang='lat' dir='ltr'>moritur,</span> <span class='ocrx_word' id='word_1_558' title='bbox 2978 4426 3073 4494; x_wconf 87' lang='lat' dir='ltr'>qui</span> <span class='ocrx_word' id='word_1_559' title='bbox 3091 4423 3360 4490; x_wconf 89' lang='lat' dir='ltr'>nascitur,</span> <span class='ocrx_word' id='word_1_560' title='bbox 3377 4424 3585 4478; x_wconf 89' lang='lat' dir='ltr'>omnis.</span> 
     </span>
    </p>
   </div>
   <div class='ocr_carea' id='block_1_91' title="bbox 490 4508 1494 4582">
    <p class='ocr_par' dir='ltr' id='par_1_91' title="bbox 490 4508 1494 4582">
     <span class='ocr_line' id='line_1_92' title="bbox 490 4508 1494 4582; baseline -0.008 -13"><span class='ocrx_word' id='word_1_561' title='bbox 490 4514 655 4569; x_wconf 89' lang='lat' dir='ltr'>Certe</span> <span class='ocrx_word' id='word_1_562' title='bbox 682 4510 933 4566; x_wconf 89' lang='lat' dir='ltr'>Brunoni</span> <span class='ocrx_word' id='word_1_563' title='bbox 960 4525 1196 4582; x_wconf 87' lang='lat' dir='ltr'>parcere</span> <span class='ocrx_word' id='word_1_564' title='bbox 1217 4508 1494 4563; x_wconf 88' lang='lat' dir='ltr'>debuerat</span> 
     </span>
    </p>
   </div>
   <div class='ocr_carea' id='block_1_92' title="bbox 412 4595 1915 4667">
    <p class='ocr_par' dir='ltr' id='par_1_92' title="bbox 412 4595 1915 4667">
     <span class='ocr_line' id='line_1_93' title="bbox 412 4595 1915 4667; baseline -0.007 -9"><span class='ocrx_word' id='word_1_565' title='bbox 412 4603 563 4663; x_wconf 73' lang='lat' dir='ltr'>Mors</span> <span class='ocrx_word' id='word_1_566' title='bbox 582 4602 756 4667; x_wconf 89' lang='lat' dir='ltr'>bona,</span> <span class='ocrx_word' id='word_1_567' title='bbox 788 4615 942 4654; x_wconf 90' lang='lat' dir='ltr'>mors</span> <span class='ocrx_word' id='word_1_568' title='bbox 961 4598 1113 4664; x_wconf 81' lang='lat' dir='ltr'>felix,</span> <span class='ocrx_word' id='word_1_569' title='bbox 1137 4597 1183 4651; x_wconf 89' lang='lat' dir='ltr'>si</span> <span class='ocrx_word' id='word_1_570' title='bbox 1210 4613 1367 4651; x_wconf 92' lang='lat' dir='ltr'>mors</span> <span class='ocrx_word' id='word_1_571' title='bbox 1406 4599 1491 4650; x_wconf 85' lang='lat' dir='ltr'>est</span> <span class='ocrx_word' id='word_1_572' title='bbox 1522 4595 1617 4649; x_wconf 88' lang='lat' dir='ltr'>illa</span> <span class='ocrx_word' id='word_1_573' title='bbox 1637 4595 1915 4661; x_wconf 88' lang='lat' dir='ltr'>vocanda,</span> 
     </span>
    </p>
   </div>
   <div class='ocr_carea' id='block_1_93' title="bbox 493 4686 1772 4760">
    <p class='ocr_par' dir='ltr' id='par_1_93' title="bbox 493 4686 1772 4760">
     <span class='ocr_line' id='line_1_94' title="bbox 493 4686 1772 4760; baseline -0.007 -15"><span class='ocrx_word' id='word_1_574' title='bbox 493 4689 679 4755; x_wconf 83' lang='lat' dir='ltr'>Quum</span> <span class='ocrx_word' id='word_1_575' title='bbox 708 4687 963 4760; x_wconf 89' lang='lat' dir='ltr'>sequitur</span> <span class='ocrx_word' id='word_1_576' title='bbox 988 4686 1212 4758; x_wconf 91' lang='lat' dir='ltr'>requies</span> <span class='ocrx_word' id='word_1_577' title='bbox 1227 4686 1451 4757; x_wconf 89' lang='lat' dir='ltr'>vitaque</span> <span class='ocrx_word' id='word_1_578' title='bbox 1476 4686 1772 4754; x_wconf 87' lang='lat' dir='ltr'>perpetua.</span> 
     </span>
    </p>
   </div>
   <div class='ocr_carea' id='block_1_94' title="bbox 495 4816 2024 4912">
    <p class='ocr_par' dir='ltr' id='par_1_94' title="bbox 495 4816 2024 4912">
     <span class='ocr_line' id='line_1_95' title="bbox 495 4816 2024 4912; baseline -0.005 -26"><span class='ocrx_word' id='word_1_579' title='bbox 495 4830 643 4912; x_wconf 78' lang='grc'><strong>(404)</strong></span> <span class='ocrx_word' id='word_1_580' title='bbox 671 4830 786 4912; x_wconf 77' lang='lat' dir='ltr'>Hoc</span> <span class='ocrx_word' id='word_1_581' title='bbox 820 4827 1260 4912; x_wconf 64' lang='lat' dir='ltr'>monasterium,</span> <span class='ocrx_word' id='word_1_582' title='bbox 1283 4826 1366 4912; x_wconf 56' lang='lat' dir='ltr'>“S.</span> <span class='ocrx_word' id='word_1_583' title='bbox 1390 4816 1579 4906; x_wconf 66' lang='lat' dir='ltr'>Marias</span> <span class='ocrx_word' id='word_1_584' title='bbox 1628 4823 1863 4912; x_wconf 69' lang='lat' dir='ltr'>nomine</span> <span class='ocrx_word' id='word_1_585' title='bbox 1893 4824 2024 4912; x_wconf 58' lang='lat' dir='ltr'>insi:</span> 
     </span>
    </p>
   </div>
   <div class='ocr_carea' id='block_1_95' title="bbox 425 4896 2023 4975">
    <p class='ocr_par' dir='ltr' id='par_1_95' title="bbox 425 4896 2023 4975">
     <span class='ocr_line' id='line_1_96' title="bbox 425 4896 2023 4975; baseline -0.006 -18"><span class='ocrx_word' id='word_1_586' title='bbox 425 4896 673 4975; x_wconf 80' lang='lat' dir='ltr'>gnitum,</span> <span class='ocrx_word' id='word_1_587' title='bbox 706 4900 802 4955; x_wconf 90' lang='lat' dir='ltr'>diu</span> <span class='ocrx_word' id='word_1_588' title='bbox 817 4899 1032 4975; x_wconf 71' lang='lat' dir='ltr'>pariter</span> <span class='ocrx_word' id='word_1_589' title='bbox 1048 4915 1119 4952; x_wconf 87' lang='lat' dir='ltr'>an</span> <span class='ocrx_word' id='word_1_590' title='bbox 1129 4901 1181 4975; x_wconf 85' lang='lat' dir='ltr'>te</span> <span class='ocrx_word' id='word_1_591' title='bbox 1283 4896 1565 4975; x_wconf 72' lang='lat' dir='ltr'>Brunonis</span> <span class='ocrx_word' id='word_1_592' title='bbox 1583 4899 1813 4975; x_wconf 53' lang='lat' dir='ltr'>mtatem</span> <span class='ocrx_word' id='word_1_593' title='bbox 1824 4896 2023 4975; x_wconf 65' lang='lat' dir='ltr'>fuerat</span> 
     </span>
    </p>
   </div>
   <div class='ocr_carea' id='block_1_96' title="bbox 424 4968 2024 5040">
    <p class='ocr_par' dir='ltr' id='par_1_96' title="bbox 424 4968 2024 5040">
     <span class='ocr_line' id='line_1_97' title="bbox 424 4968 2024 5040; baseline -0.005 -12"><span class='ocrx_word' id='word_1_594' title='bbox 424 4968 914 5028; x_wconf 68' lang='lat' dir='ltr'>Exstructum.Adi</span> <span class='ocrx_word' id='word_1_595' title='bbox 934 4970 1172 5025; x_wconf 83' lang='lat' dir='ltr'>Monast.</span> <span class='ocrx_word' id='word_1_596' title='bbox 1194 4968 1410 5040; x_wconf 76' lang='lat' dir='ltr'>Anglic.</span> <span class='ocrx_word' id='word_1_597' title='bbox 1435 4971 1577 5022; x_wconf 91' lang='lat' dir='ltr'>tom.</span> <span class='ocrx_word' id='word_1_598' title='bbox 1612 4968 1654 5040; x_wconf 73' lang='grc' dir='ltr'>Ι,</span> <span class='ocrx_word' id='word_1_599' title='bbox 1679 4968 1945 5036; x_wconf 59' lang='grc' dir='ltr'>ρειςβΒ-ἕι,</span> <span class='ocrx_word' id='word_1_600' title='bbox 1965 4969 2024 5020; x_wconf 92' lang='lat' dir='ltr'>et</span> 
     </span>
    </p>
   </div>
   <div class='ocr_carea' id='block_1_97' title="bbox 422 5039 1720 5104">
    <p class='ocr_par' dir='ltr' id='par_1_97' title="bbox 422 5039 1720 5104">
     <span class='ocr_line' id='line_1_98' title="bbox 422 5039 1720 5104; baseline -0.006 -6"><span class='ocrx_word' id='word_1_601' title='bbox 422 5043 609 5099; x_wconf 82' lang='lat' dir='ltr'>Mabil.</span> <span class='ocrx_word' id='word_1_602' title='bbox 636 5043 695 5097; x_wconf 91' lang='lat' dir='ltr'>in</span> <span class='ocrx_word' id='word_1_603' title='bbox 724 5040 1177 5096; x_wconf 71' lang='lat' dir='ltr'>Annal..Bened.</span> <span class='ocrx_word' id='word_1_604' title='bbox 1207 5039 1304 5092; x_wconf 89' lang='lat' dir='ltr'>lib.</span> <span class='ocrx_word' id='word_1_605' title='bbox 1334 5056 1427 5104; x_wconf 84' lang='lat' dir='ltr'>vn,</span> <span class='ocrx_word' id='word_1_606' title='bbox 1448 5056 1609 5092; x_wconf 91' lang='lat' dir='ltr'>num.</span> <span class='ocrx_word' id='word_1_607' title='bbox 1633 5039 1720 5091; x_wconf 82' lang='lat'>69.</span> 
     </span>
    </p>
   </div>
   <div class='ocr_carea' id='block_1_98' title="bbox 493 5107 2019 5186">
    <p class='ocr_par' dir='ltr' id='par_1_98' title="bbox 493 5107 2019 5186">
     <span class='ocr_line' id='line_1_99' title="bbox 493 5107 2019 5186; baseline -0.006 -18"><span class='ocrx_word' id='word_1_608' title='bbox 493 5116 646 5186; x_wconf 75' lang='grc'><strong>(405)</strong></span> <span class='ocrx_word' id='word_1_609' title='bbox 668 5113 915 5186; x_wconf 72' lang='lat' dir='ltr'>Dubium</span> <span class='ocrx_word' id='word_1_610' title='bbox 929 5126 1043 5165; x_wconf 89' lang='lat' dir='ltr'>non</span> <span class='ocrx_word' id='word_1_611' title='bbox 1065 5112 1168 5177; x_wconf 91' lang='lat' dir='ltr'>est,</span> <span class='ocrx_word' id='word_1_612' title='bbox 1191 5110 1329 5186; x_wconf 86' lang='lat' dir='ltr'>quin</span> <span class='ocrx_word' id='word_1_613' title='bbox 1467 5109 1799 5186; x_wconf 75' lang='lat' dir='ltr'>designetur</span> <span class='ocrx_word' id='word_1_614' title='bbox 1827 5107 2019 5186; x_wconf 76' lang='lat' dir='ltr'>cathe-</span> 
     </span>
    </p>
   </div>
   <div class='ocr_carea' id='block_1_99' title="bbox 424 5178 2015 5256">
    <p class='ocr_par' dir='ltr' id='par_1_99' title="bbox 424 5178 2015 5256">
     <span class='ocr_line' id='line_1_100' title="bbox 424 5178 2015 5256; baseline -0.006 -17"><span class='ocrx_word' id='word_1_615' title='bbox 424 5178 773 5256; x_wconf 61' lang='lat' dir='ltr'>dralis,&#39;quae</span> <span class='ocrx_word' id='word_1_616' title='bbox 792 5182 850 5241; x_wconf 93' lang='lat' dir='ltr'>S.</span> <span class='ocrx_word' id='word_1_617' title='bbox 870 5185 1037 5256; x_wconf 86' lang='lat' dir='ltr'>Petro</span> <span class='ocrx_word' id='word_1_618' title='bbox 1049 5178 1325 5247; x_wconf 49' lang='lat' dir='ltr'>sacra—est,</span> <span class='ocrx_word' id='word_1_619' title='bbox 1358 5178 1724 5256; x_wconf 68' lang='lat' dir='ltr'>Eboracensis</span> <span class='ocrx_word' id='word_1_620' title='bbox 1754 5178 2015 5256; x_wconf 81' lang='lat' dir='ltr'>Ecclesia.</span> 
     </span>
    </p>
   </div>
   <div class='ocr_carea' id='block_1_100' title="bbox 492 5250 2017 5324">
    <p class='ocr_par' dir='ltr' id='par_1_100' title="bbox 492 5250 2017 5324">
     <span class='ocr_line' id='line_1_101' title="bbox 492 5250 2017 5324; baseline -0.007 -14"><span class='ocrx_word' id='word_1_621' title='bbox 492 5250 803 5324; x_wconf 62' lang='lat'>(406)112130</span> <span class='ocrx_word' id='word_1_622' title='bbox 832 5254 1089 5319; x_wconf 86' lang='lat' dir='ltr'>ecclesia,</span> <span class='ocrx_word' id='word_1_623' title='bbox 1123 5269 1249 5324; x_wconf 68' lang='lat' dir='ltr'>quae</span> <span class='ocrx_word' id='word_1_624' title='bbox 1308 5250 1607 5324; x_wconf 68' lang='lat' dir='ltr'>collegiata</span> <span class='ocrx_word' id='word_1_625' title='bbox 1638 5252 1722 5302; x_wconf 89' lang='lat' dir='ltr'>est</span> <span class='ocrx_word' id='word_1_626' title='bbox 1745 5252 1921 5324; x_wconf 78' lang='lat' dir='ltr'>atque</span> <span class='ocrx_word' id='word_1_627' title='bbox 1958 5250 2017 5301; x_wconf 91' lang='lat' dir='ltr'>in</span> 
     </span>
    </p>
   </div>
   <div class='ocr_carea' id='block_1_101' title="bbox 422 5320 2017 5397">
    <p class='ocr_par' dir='ltr' id='par_1_101' title="bbox 422 5320 2017 5397">
     <span class='ocr_line' id='line_1_102' title="bbox 422 5320 2017 5397; baseline -0.005 -17"><span class='ocrx_word' id='word_1_628' title='bbox 422 5320 563 5397; x_wconf 81' lang='lat' dir='ltr'>agro</span> <span class='ocrx_word' id='word_1_629' title='bbox 596 5326 983 5397; x_wconf 82' lang='lat' dir='ltr'>Beverlacensi</span> <span class='ocrx_word' id='word_1_630' title='bbox 1003 5320 1244 5389; x_wconf 73' lang='lat' dir='ltr'>sita,diu</span> <span class='ocrx_word' id='word_1_631' title='bbox 1264 5326 1398 5397; x_wconf 82' lang='lat' dir='ltr'>ante</span> <span class='ocrx_word' id='word_1_632' title='bbox 1424 5320 1480 5375; x_wconf 90' lang='lat' dir='ltr'>S.</span> <span class='ocrx_word' id='word_1_633' title='bbox 1508 5320 1786 5397; x_wconf 62' lang='lat' dir='ltr'>Brunonis</span> <span class='ocrx_word' id='word_1_634' title='bbox 1803 5323 1877 5397; x_wconf 51' lang='lat' dir='ltr'>ait</span> <span class='ocrx_word' id='word_1_635' title='bbox 1898 5322 2017 5372; x_wconf 88' lang='lat' dir='ltr'>tem</span> 
     </span>
    </p>
   </div>
   <div class='ocr_carea' id='block_1_102' title="bbox 422 5388 2017 5462">
    <p class='ocr_par' dir='ltr' id='par_1_102' title="bbox 422 5388 2017 5462">
     <span class='ocr_line' id='line_1_103' title="bbox 422 5388 2017 5462; baseline -0.006 -11"><span class='ocrx_word' id='word_1_636' title='bbox 422 5388 653 5462; x_wconf 65' lang='lat' dir='ltr'>eistitit,</span> <span class='ocrx_word' id='word_1_637' title='bbox 680 5395 758 5449; x_wconf 92' lang='lat' dir='ltr'>uti</span> <span class='ocrx_word' id='word_1_638' title='bbox 787 5396 978 5451; x_wconf 88' lang='lat' dir='ltr'>videre</span> <span class='ocrx_word' id='word_1_639' title='bbox 1001 5398 1086 5448; x_wconf 89' lang='lat' dir='ltr'>est</span> <span class='ocrx_word' id='word_1_640' title='bbox 1114 5388 1239 5448; x_wconf 88' lang='lat' dir='ltr'>tum</span> <span class='ocrx_word' id='word_1_641' title='bbox 1269 5410 1337 5447; x_wconf 88' lang='lat' dir='ltr'>ex</span> <span class='ocrx_word' id='word_1_642' title='bbox 1358 5392 1443 5458; x_wconf 89' lang='lat' dir='ltr'>iis,</span> <span class='ocrx_word' id='word_1_643' title='bbox 1478 5406 1603 5461; x_wconf 61' lang='lat' dir='ltr'>qua:</span> <span class='ocrx_word' id='word_1_644' title='bbox 1627 5390 1697 5462; x_wconf 88' lang='lat' dir='ltr'>de</span> <span class='ocrx_word' id='word_1_645' title='bbox 1729 5388 2017 5462; x_wconf 61' lang='lat' dir='ltr'>S.Joann_e</span> 
     </span>
    </p>
   </div>
   <div class='ocr_carea' id='block_1_103' title="bbox 420 5459 2017 5536">
    <p class='ocr_par' dir='ltr' id='par_1_103' title="bbox 420 5459 2017 5536">
     <span class='ocr_line' id='line_1_104' title="bbox 420 5459 2017 5536; baseline -0.004 -16"><span class='ocrx_word' id='word_1_646' title='bbox 420 5459 829 5532; x_wconf 85' lang='lat' dir='ltr'>Beverlacensi,</span> <span class='ocrx_word' id='word_1_647' title='bbox 880 5465 1304 5536; x_wconf 87' lang='lat' dir='ltr'>archiepiscopo</span> <span class='ocrx_word' id='word_1_648' title='bbox 1330 5459 1789 5536; x_wconf 70' lang='lat' dir='ltr'>Eboracensi,_ad</span> <span class='ocrx_word' id='word_1_649' title='bbox 1820 5465 1850 5513; x_wconf 89' lang='lat'><strong>7</strong></span> <span class='ocrx_word' id='word_1_650' title='bbox 1892 5460 2017 5536; x_wconf 82' lang='lat' dir='ltr'>Maii</span> 
     </span>
    </p>
   </div>
   <div class='ocr_carea' id='block_1_104' title="bbox 420 5531 2015 5607">
    <p class='ocr_par' dir='ltr' id='par_1_104' title="bbox 420 5531 2015 5607">
     <span class='ocr_line' id='line_1_105' title="bbox 420 5531 2015 5607; baseline -0.003 -18"><span class='ocrx_word' id='word_1_651' title='bbox 420 5536 599 5607; x_wconf 90' lang='lat' dir='ltr'>diem,</span> <span class='ocrx_word' id='word_1_652' title='bbox 624 5553 736 5607; x_wconf 91' lang='lat' dir='ltr'>quo</span> <span class='ocrx_word' id='word_1_653' title='bbox 759 5531 829 5590; x_wconf 87' lang='lat' dir='ltr'>de</span> <span class='ocrx_word' id='word_1_654' title='bbox 855 5536 963 5590; x_wconf 88' lang='lat' dir='ltr'>hoc</span> <span class='ocrx_word' id='word_1_655' title='bbox 989 5531 1143 5607; x_wconf 80' lang='lat' dir='ltr'>apud</span> <span class='ocrx_word' id='word_1_656' title='bbox 1174 5531 1277 5588; x_wconf 81' lang='lat' dir='ltr'>nos</span> <span class='ocrx_word' id='word_1_657' title='bbox 1307 5538 1525 5607; x_wconf 82' lang='lat' dir='ltr'>actum,</span> <span class='ocrx_word' id='word_1_658' title='bbox 1552 5531 1869 5607; x_wconf 72' lang='lat' dir='ltr'>docuimus,</span> <span class='ocrx_word' id='word_1_659' title='bbox 1895 5535 2015 5607; x_wconf 76' lang='lat' dir='ltr'>t_um</span> 
     </span>
    </p>
   </div>
   <div class='ocr_carea' id='block_1_105' title="bbox 417 5602 2011 5679">
    <p class='ocr_par' dir='ltr' id='par_1_105' title="bbox 417 5602 2011 5679">
     <span class='ocr_line' id='line_1_106' title="bbox 417 5602 2011 5679; baseline -0.004 -14"><span class='ocrx_word' id='word_1_660' title='bbox 417 5602 593 5665; x_wconf 83' lang='lat' dir='ltr'>etiam</span> <span class='ocrx_word' id='word_1_661' title='bbox 616 5602 778 5673; x_wconf 56' lang='lat' dir='ltr'>c-xiis,</span> <span class='ocrx_word' id='word_1_662' title='bbox 804 5623 928 5679; x_wconf 69' lang='lat' dir='ltr'>quae</span> <span class='ocrx_word' id='word_1_663' title='bbox 953 5602 1173 5661; x_wconf 73' lang='lat' dir='ltr'>toinJll</span> <span class='ocrx_word' id='word_1_664' title='bbox 1192 5604 1479 5663; x_wconf 80' lang='lat' dir='ltr'>Monastici</span> <span class='ocrx_word' id='word_1_665' title='bbox 1502 5602 1800 5674; x_wconf 78' lang='lat' dir='ltr'>Anglicani</span> <span class='ocrx_word' id='word_1_666' title='bbox 1823 5602 1879 5658; x_wconf 90' lang='lat' dir='ltr'>in</span> <span class='ocrx_word' id='word_1_667' title='bbox 1895 5602 2011 5658; x_wconf 90' lang='lat' dir='ltr'>Col.</span> 
     </span>
    </p>
   </div>
   <div class='ocr_carea' id='block_1_106' title="bbox 2126 4510 3728 4583">
    <p class='ocr_par' dir='ltr' id='par_1_106' title="bbox 2126 4510 3728 4583">
     <span class='ocr_line' id='line_1_107' title="bbox 2126 4510 3728 4583; baseline 0.001 -19"><span class='ocrx_word' id='word_1_668' title='bbox 2126 4510 2367 4564; x_wconf 89' lang='lat' dir='ltr'>Parcere</span> <span class='ocrx_word' id='word_1_669' title='bbox 2396 4526 2511 4565; x_wconf 91' lang='lat' dir='ltr'>non</span> <span class='ocrx_word' id='word_1_670' title='bbox 2542 4510 2719 4576; x_wconf 91' lang='lat' dir='ltr'>novit,</span> <span class='ocrx_word' id='word_1_671' title='bbox 2774 4510 2875 4564; x_wconf 87' lang='lat' dir='ltr'>sad</span> <span class='ocrx_word' id='word_1_672' title='bbox 2902 4527 3008 4565; x_wconf 89' lang='lat' dir='ltr'>nec</span> <span class='ocrx_word' id='word_1_673' title='bbox 3033 4511 3155 4577; x_wconf 89' lang='lat' dir='ltr'>tibi,</span> <span class='ocrx_word' id='word_1_674' title='bbox 3207 4512 3418 4577; x_wconf 89' lang='lat' dir='ltr'>Bruno,</span> <span class='ocrx_word' id='word_1_675' title='bbox 3452 4511 3728 4583; x_wconf 90' lang='lat' dir='ltr'>pepercit.</span> 
     </span>
    </p>
   </div>
   <div class='ocr_carea' id='block_1_107' title="bbox 2123 4598 3590 4670">
    <p class='ocr_par' dir='ltr' id='par_1_107' title="bbox 2123 4598 3590 4670">
     <span class='ocr_line' id='line_1_108' title="bbox 2123 4598 3590 4670; baseline 0.002 -20"><span class='ocrx_word' id='word_1_676' title='bbox 2123 4598 2401 4669; x_wconf 89' lang='lat' dir='ltr'>Apposuit</span> <span class='ocrx_word' id='word_1_677' title='bbox 2424 4598 2700 4670; x_wconf 89' lang='lat' dir='ltr'>patribus,</span> <span class='ocrx_word' id='word_1_678' title='bbox 2726 4598 2851 4668; x_wconf 87' lang='lat' dir='ltr'>jam</span> <span class='ocrx_word' id='word_1_679' title='bbox 2874 4599 2945 4652; x_wconf 92' lang='lat' dir='ltr'>sit</span> <span class='ocrx_word' id='word_1_680' title='bbox 2991 4599 3093 4653; x_wconf 90' lang='lat' dir='ltr'>tibi</span> <span class='ocrx_word' id='word_1_681' title='bbox 3127 4599 3308 4653; x_wconf 89' lang='lat' dir='ltr'>vivere</span> <span class='ocrx_word' id='word_1_682' title='bbox 3339 4599 3590 4654; x_wconf 87' lang='lat' dir='ltr'>Christus</span> 
     </span>
    </p>
   </div>
   <div class='ocr_carea' id='block_1_108' title="bbox 2124 4686 3370 4758">
    <p class='ocr_par' dir='ltr' id='par_1_108' title="bbox 2124 4686 3370 4758">
     <span class='ocr_line' id='line_1_109' title="bbox 2124 4686 3370 4758; baseline 0.003 -20"><span class='ocrx_word' id='word_1_683' title='bbox 2124 4686 2192 4741; x_wconf 91' lang='lat' dir='ltr'>Et</span> <span class='ocrx_word' id='word_1_684' title='bbox 2224 4689 2457 4757; x_wconf 91' lang='lat' dir='ltr'>raptum</span> <span class='ocrx_word' id='word_1_685' title='bbox 2484 4687 2700 4740; x_wconf 91' lang='lat' dir='ltr'>mundo</span> <span class='ocrx_word' id='word_1_686' title='bbox 2720 4689 2774 4740; x_wconf 89' lang='lat' dir='ltr'>te</span> <span class='ocrx_word' id='word_1_687' title='bbox 2798 4687 3059 4741; x_wconf 88' lang='lat' dir='ltr'>restituat</span> <span class='ocrx_word' id='word_1_688' title='bbox 3083 4687 3370 4758; x_wconf 88' lang='lat' dir='ltr'>paradiso.</span> 
     </span>
    </p>
   </div>
   <div class='ocr_carea' id='block_1_109' title="bbox 2123 4827 3727 4899">
    <p class='ocr_par' dir='ltr' id='par_1_109' title="bbox 2123 4827 3727 4899">
     <span class='ocr_line' id='line_1_110' title="bbox 2123 4827 3727 4899; baseline 0.002 -18"><span class='ocrx_word' id='word_1_689' title='bbox 2123 4827 2346 4897; x_wconf 87' lang='lat' dir='ltr'>legiatis</span> <span class='ocrx_word' id='word_1_690' title='bbox 2368 4829 2568 4899; x_wconf 64' lang='lat' dir='ltr'>Anglia</span> <span class='ocrx_word' id='word_1_691' title='bbox 2585 4827 2844 4881; x_wconf 87' lang='lat' dir='ltr'>Ecclesiis</span> <span class='ocrx_word' id='word_1_692' title='bbox 2860 4832 3023 4899; x_wconf 83' lang='lat' dir='ltr'>pag.l</span> <span class='ocrx_word' id='word_1_693' title='bbox 3062 4829 3122 4882; x_wconf 92' lang='lat' dir='ltr'>in</span> <span class='ocrx_word' id='word_1_694' title='bbox 3136 4829 3355 4883; x_wconf 88' lang='lat' dir='ltr'>litteras</span> <span class='ocrx_word' id='word_1_695' title='bbox 3370 4830 3543 4885; x_wconf 85' lang='lat' dir='ltr'>missa</span> <span class='ocrx_word' id='word_1_696' title='bbox 3572 4834 3727 4885; x_wconf 87' lang='lat' dir='ltr'>sunt.</span> 
     </span>
    </p>
   </div>
   <div class='ocr_carea' id='block_1_110' title="bbox 2195 4898 3733 4980">
    <p class='ocr_par' dir='ltr' id='par_1_110' title="bbox 2195 4898 3733 4980">
     <span class='ocr_line' id='line_1_111' title="bbox 2195 4898 3733 4980; baseline 0.001 -28"><span class='ocrx_word' id='word_1_697' title='bbox 2195 4900 2339 4980; x_wconf 71' lang='grc'><strong>(407)</strong></span> <span class='ocrx_word' id='word_1_698' title='bbox 2371 4898 2503 4978; x_wconf 53' lang='lat' dir='ltr'>Hic,</span> <span class='ocrx_word' id='word_1_699' title='bbox 2523 4898 3104 4980; x_wconf 69' lang='lat' dir='ltr'>quiTitulosubjectp,</span> <span class='ocrx_word' id='word_1_700' title='bbox 3122 4900 3351 4980; x_wconf 80' lang='lat' dir='ltr'>aliique,</span> <span class='ocrx_word' id='word_1_701' title='bbox 3374 4904 3733 4980; x_wconf 79' lang='lat' dir='ltr'>quiquatuor</span> 
     </span>
    </p>
   </div>
   <div class='ocr_carea' id='block_1_111' title="bbox 2123 4968 3733 5040">
    <p class='ocr_par' dir='ltr' id='par_1_111' title="bbox 2123 4968 3733 5040">
     <span class='ocr_line' id='line_1_112' title="bbox 2123 4968 3733 5040; baseline 0.002 -19"><span class='ocrx_word' id='word_1_702' title='bbox 2123 4968 2317 5022; x_wconf 89' lang='lat' dir='ltr'>Titulis</span> <span class='ocrx_word' id='word_1_703' title='bbox 2346 4969 2604 5037; x_wconf 83' lang='lat' dir='ltr'>proxime</span> <span class='ocrx_word' id='word_1_704' title='bbox 2637 4970 3004 5040; x_wconf 86' lang='lat' dir='ltr'>sequentibus</span> <span class='ocrx_word' id='word_1_705' title='bbox 3030 4968 3601 5024; x_wconf 46' lang='lat' dir='ltr'>Sancto—nominatim</span> <span class='ocrx_word' id='word_1_706' title='bbox 3634 4986 3733 5040; x_wconf 90' lang='lat' dir='ltr'>pa-</span> 
     </span>
    </p>
   </div>
   <div class='ocr_carea' id='block_1_112' title="bbox 2123 5039 3728 5109">
    <p class='ocr_par' dir='ltr' id='par_1_112' title="bbox 2123 5039 3728 5109">
     <span class='ocr_line' id='line_1_113' title="bbox 2123 5039 3728 5109; baseline 0.002 -18"><span class='ocrx_word' id='word_1_707' title='bbox 2123 5041 2447 5102; x_wconf 89' lang='lat' dir='ltr'>rentarunt,</span> <span class='ocrx_word' id='word_1_708' title='bbox 2473 5039 2788 5109; x_wconf 67' lang='lat' dir='ltr'>collegiatze</span> <span class='ocrx_word' id='word_1_709' title='bbox 2828 5040 3245 5094; x_wconf 87' lang='lat' dir='ltr'>Beverlacensis</span> <span class='ocrx_word' id='word_1_710' title='bbox 3271 5041 3520 5094; x_wconf 56' lang='lat' dir='ltr'>ecclesia»</span> <span class='ocrx_word' id='word_1_711' title='bbox 3551 5039 3728 5095; x_wconf 82' lang='lat' dir='ltr'>cano-</span> 
     </span>
    </p>
   </div>
   <div class='ocr_carea' id='block_1_113' title="bbox 2122 5109 3725 5182">
    <p class='ocr_par' dir='ltr' id='par_1_113' title="bbox 2122 5109 3725 5182">
     <span class='ocr_line' id='line_1_114' title="bbox 2122 5109 3725 5182; baseline 0.004 -21"><span class='ocrx_word' id='word_1_712' title='bbox 2122 5109 2774 5182; x_wconf 77' lang='lat' dir='ltr'>niciindubiefuerunt.</span> <span class='ocrx_word' id='word_1_713' title='bbox 2813 5109 3183 5182; x_wconf 84' lang='lat' dir='ltr'>Singulorum</span> <span class='ocrx_word' id='word_1_714' title='bbox 3218 5127 3389 5182; x_wconf 89' lang='lat' dir='ltr'>porro</span> <span class='ocrx_word' id='word_1_715' title='bbox 3418 5111 3642 5165; x_wconf 89' lang='lat' dir='ltr'>nomini</span> <span class='ocrx_word' id='word_1_716' title='bbox 3664 5112 3725 5168; x_wconf 91' lang='lat' dir='ltr'>in</span> 
     </span>
    </p>
   </div>
   <div class='ocr_carea' id='block_1_114' title="bbox 2120 5179 3728 5263">
    <p class='ocr_par' dir='ltr' id='par_1_114' title="bbox 2120 5179 3728 5263">
     <span class='ocr_line' id='line_1_115' title="bbox 2120 5179 3728 5263; baseline 0.002 -30"><span class='ocrx_word' id='word_1_717' title='bbox 2120 5179 2380 5259; x_wconf 76' lang='lat' dir='ltr'>editione</span> <span class='ocrx_word' id='word_1_718' title='bbox 2392 5179 2758 5263; x_wconf 43' lang='lat' dir='ltr'>.Dasiledensi‘</span> <span class='ocrx_word' id='word_1_719' title='bbox 2777 5180 3102 5263; x_wconf 84' lang='lat' dir='ltr'>additurAd</span> <span class='ocrx_word' id='word_1_720' title='bbox 3121 5179 3383 5263; x_wconf 51' lang='lat' dir='ltr'>eumdem,</span> <span class='ocrx_word' id='word_1_721' title='bbox 3406 5182 3557 5253; x_wconf 91' lang='lat' dir='ltr'>quod</span> <span class='ocrx_word' id='word_1_722' title='bbox 3583 5183 3728 5263; x_wconf 77' lang='lat' dir='ltr'>quid</span> 
     </span>
    </p>
   </div>
   <div class='ocr_carea' id='block_1_115' title="bbox 2119 5249 3727 5318">
    <p class='ocr_par' dir='ltr' id='par_1_115' title="bbox 2119 5249 3727 5318">
     <span class='ocr_line' id='line_1_116' title="bbox 2119 5249 3727 5318; baseline 0.004 -16"><span class='ocrx_word' id='word_1_723' title='bbox 2119 5250 2517 5304; x_wconf 88' lang='lat' dir='ltr'>verosimiliter</span> <span class='ocrx_word' id='word_1_724' title='bbox 2573 5249 2944 5317; x_wconf 81' lang='lat' dir='ltr'>signiﬁcetur,</span> <span class='ocrx_word' id='word_1_725' title='bbox 2991 5269 3057 5306; x_wconf 84' lang='lat' dir='ltr'>ex</span> <span class='ocrx_word' id='word_1_726' title='bbox 3104 5249 3444 5318; x_wconf 53' lang='lat' dir='ltr'>Adnotatis;</span> <span class='ocrx_word' id='word_1_727' title='bbox 3485 5249 3727 5308; x_wconf 82' lang='lat' dir='ltr'>sectioui</span> 
     </span>
    </p>
   </div>
   <div class='ocr_carea' id='block_1_116' title="bbox 2119 5320 3291 5394">
    <p class='ocr_par' dir='ltr' id='par_1_116' title="bbox 2119 5320 3291 5394">
     <span class='ocr_line' id='line_1_117' title="bbox 2119 5320 3291 5394; baseline 0.003 -20"><span class='ocrx_word' id='word_1_728' title='bbox 2119 5320 2398 5394; x_wconf 72' lang='lat' dir='ltr'>sexttead</span> <span class='ocrx_word' id='word_1_729' title='bbox 2422 5324 2543 5394; x_wconf 87' lang='lat' dir='ltr'>n_ot_.</span> <span class='ocrx_word' id='word_1_730' title='bbox 2579 5322 2671 5394; x_wconf 76' lang='grc'><strong>421</strong></span> <span class='ocrx_word' id='word_1_731' title='bbox 2710 5322 3038 5388; x_wconf 87' lang='lat' dir='ltr'>subdendis,</span> <span class='ocrx_word' id='word_1_732' title='bbox 3059 5323 3291 5394; x_wconf 80' lang='lat' dir='ltr'>collige.</span> 
     </span>
    </p>
   </div>
   <div class='ocr_carea' id='block_1_117' title="bbox 2193 5391 3722 5463">
    <p class='ocr_par' dir='ltr' id='par_1_117' title="bbox 2193 5391 3722 5463">
     <span class='ocr_line' id='line_1_118' title="bbox 2193 5391 3722 5463; baseline 0.001 -16"><span class='ocrx_word' id='word_1_733' title='bbox 2193 5391 2636 5463; x_wconf 62' lang='lat' dir='ltr'>(408l0pinioni</span> <span class='ocrx_word' id='word_1_734' title='bbox 2663 5407 2886 5457; x_wconf 88' lang='lat' dir='ltr'>eorum,</span> <span class='ocrx_word' id='word_1_735' title='bbox 2920 5394 3016 5463; x_wconf 88' lang='lat' dir='ltr'>qui</span> <span class='ocrx_word' id='word_1_736' title='bbox 3044 5391 3487 5459; x_wconf 50' lang='lat' dir='ltr'>Sanct&#39;um,cum</span> <span class='ocrx_word' id='word_1_737' title='bbox 3503 5393 3722 5449; x_wconf 91' lang='lat' dir='ltr'>mundo</span> 
     </span>
    </p>
   </div>
   <div class='ocr_carea' id='block_1_118' title="bbox 2116 5461 3722 5527">
    <p class='ocr_par' dir='ltr' id='par_1_118' title="bbox 2116 5461 3722 5527">
     <span class='ocr_line' id='line_1_119' title="bbox 2116 5461 3722 5527; baseline 0.004 -15"><span class='ocrx_word' id='word_1_738' title='bbox 2116 5461 2555 5527; x_wconf 32' lang='lat' dir='ltr'>valedixit,’non</span> <span class='ocrx_word' id='word_1_739' title='bbox 2592 5467 2745 5515; x_wconf 87' lang='lat' dir='ltr'>recta</span> <span class='ocrx_word' id='word_1_740' title='bbox 2780 5463 2836 5515; x_wconf 90' lang='lat' dir='ltr'>in</span> <span class='ocrx_word' id='word_1_741' title='bbox 2881 5461 3243 5518; x_wconf 78' lang='lat' dir='ltr'>Carthusiam</span> <span class='ocrx_word' id='word_1_742' title='bbox 3276 5464 3565 5518; x_wconf 88' lang='lat' dir='ltr'>secessisse</span> <span class='ocrx_word' id='word_1_743' title='bbox 3607 5468 3722 5518; x_wconf 88' lang='lat' dir='ltr'>sta-</span> 
     </span>
    </p>
   </div>
   <div class='ocr_carea' id='block_1_119' title="bbox 2117 5532 3721 5603">
    <p class='ocr_par' dir='ltr' id='par_1_119' title="bbox 2117 5532 3721 5603">
     <span class='ocr_line' id='line_1_120' title="bbox 2117 5532 3721 5603; baseline 0.003 -17"><span class='ocrx_word' id='word_1_744' title='bbox 2117 5536 2305 5603; x_wconf 89' lang='lat' dir='ltr'>tuunt,</span> <span class='ocrx_word' id='word_1_745' title='bbox 2330 5532 2672 5603; x_wconf 79' lang='lat' dir='ltr'>suffragatur</span> <span class='ocrx_word' id='word_1_746' title='bbox 2702 5534 2789 5586; x_wconf 91' lang='lat' dir='ltr'>hic</span> <span class='ocrx_word' id='word_1_747' title='bbox 2834 5533 3069 5588; x_wconf 89' lang='lat' dir='ltr'>Titulus.</span> <span class='ocrx_word' id='word_1_748' title='bbox 3103 5535 3209 5590; x_wconf 77' lang='lat' dir='ltr'>Adi</span> <span class='ocrx_word' id='word_1_749' title='bbox 3232 5536 3721 5591; x_wconf 77' lang='lat' dir='ltr'>commentarium</span> 
     </span>
    </p>
   </div>
   <div class='ocr_carea' id='block_1_120' title="bbox 2113 5604 2994 5677">
    <p class='ocr_par' dir='ltr' id='par_1_120' title="bbox 2113 5604 2994 5677">
     <span class='ocr_line' id='line_1_121' title="bbox 2113 5604 2994 5677; baseline 0.002 -19"><span class='ocrx_word' id='word_1_750' title='bbox 2113 5604 2388 5677; x_wconf 61' lang='lat' dir='ltr'>praevium</span> <span class='ocrx_word' id='word_1_751' title='bbox 2422 5621 2583 5663; x_wconf 84' lang='lat' dir='ltr'>num.</span> <span class='ocrx_word' id='word_1_752' title='bbox 2618 5606 2719 5659; x_wconf 74' lang='grc'><strong>415</strong></span> <span class='ocrx_word' id='word_1_753' title='bbox 2743 5607 2797 5660; x_wconf 88' lang='lat' dir='ltr'>et</span> <span class='ocrx_word' id='word_1_754' title='bbox 2837 5620 2994 5677; x_wconf 78' lang='lat' dir='ltr'>seqq.</span> 
     </span>
    </p>
   </div>
  </div>
