4014 6030
308 249 422 319 ,593

997 366 1290 425 Wilhelmi.

316 462 419 515 142
464 460 736 515 Carmina
767 459 811 513 si
842 463 1079 530 possent
1111 463 1274 513 tanto
1334 460 1604 530 prodesse
1656 462 1929 524 Patrono,

379 550 507 603 Jam
542 548 843 620 prodesset
864 549 914 601 ei
946 565 1111 602 musa
1143 564 1359 602 canora
1394 548 1527 602 mei.

313 637 587 692 Carmina
616 639 901 691 cantasset
926 635 1087 690 titulo
1121 636 1364 691 fruitura
1394 637 1658 707 perenni,

381 725 527 780 Mille
558 725 749 780 modis
781 727 942 778 tanto
965 725 1235 794 psalleret
1257 725 1353 779 illa
1382 725 1523 793 viro,

307 814 585 868 Psalleret
610 814 708 868 illa
739 813 881 880 viro,
917 813 1171 868 studiosa
1202 818 1399 868 mente
1431 829 1723 885 manuque

383 902 716 974 Linguaque
747 902 1125 975 magniﬁcum
1158 904 1561 974 magniﬁcaret
1589 906 1745 957 eum.

305 990 422 1047 Sed
449 991 586 1063 quia
618 992 890 1045 defuncto
924 991 1004 1045 nil
1037 995 1277 1062 prosunt
1300 991 1557 1047 carmina
1586 990 1791 1058 laudis,

378 1080 566 1134 Virtus
582 1096 812 1134 summa
834 1079 934 1135 Dei
969 1080 1324 1152 propitietur
1348 1079 1421 1133 ei.

304 1168 614 1223 Torruerat
645 1169 885 1239 phoebus
911 1168 995 1222 bis
1021 1186 1112 1222 sex
1143 1171 1386 1240 octoque
1414 1168 1616 1223 diebus

306 1257 557 1323 Libram,
585 1274 717 1311 cum
756 1257 871 1312 vita
921 1256 1175 1312 discessit
1205 1258 1277 1311 ab
1336 1259 1443 1311 hac
1495 1256 1740 1313 eremita
1778 1258 1927 1330 (409)

589 1343 655 1399 S.
705 1346 865 1400 Petri
895 1344 1190 1400 Castrensis
1217 1347 1441 1400 ecclesiae
1472 1347 1635 1416 (410).

309 1434 431 1487 143.
461 1434 652 1489 Gloria
677 1434 993 1504 justorum,
1025 1435 1228 1489 solatia
1256 1436 1379 1489 sola
1406 1451 1641 1489 reorum

373 1521 566 1575 Bruno
598 1522 708 1576 fuit
734 1523 924 1577 vivens
966 1539 1185 1594 parque
1240 1523 1404 1577 dolor
1436 1524 1709 1578 moriens.

296 1608 496 1663 Totius
525 1610 662 1664 cleri
694 1610 883 1678 decus,
914 1613 1207 1683 exemplar
1229 1628 1458 1683 quoque
1480 1613 1618 1678 veri,

368 1697 515 1755 Mors
549 1697 748 1753 dolor!
784 1700 1015 1769 eripuit,
1051 1700 1188 1753 dum
1212 1701 1380 1754 Pater
1402 1701 1685 1755 occubuit.

298 1785 551 1840 Eﬁ'eclus
593 1788 912 1841 monachus
948 1788 1267 1858 prius,hinc
1320 1789 1675 1861 eremitaque
1708 1793 1916 1858 rectus,

369 1874 563 1929 Gratia
581 1891 811 1930 summa
842 1875 941 1931 Dei
972 1877 1316 1949 pr0pitietur
1349 1878 1420 1932 ei.

298 1962 418 2016 Huc
446 1963 696 2018 tendunt
720 1967 871 2030 vota,
906 1983 1018 2037 qui
1046 1966 1374 2037 propitiatio
1410 1970 1530 2021 tota

299 2050 386 2105 Sit
407 2050 599 2122 fragili
630 2052 757 2106 vitze
784 2053 887 2106 sub
918 2054 1194 2108 brevitate
1230 2055 1371 2109 sitae.

298 2139 438 2193 Huic
467 2140 575 2193 fuit
603 2139 865 2195 Octobris
895 2140 1243 2199 immanibus
1266 2142 1421 2197 edita
1446 2143 1671 2213 probris

369 2226 523 2281 Finis
550 2232 708 2283 sexta
732 2229 873 2296 dies,
906 2230 979 2284 sit
998 2231 1103 2285 sibi
1127 2232 1251 2301 jam
1287 2232 1530 2303 requies.

904 2318 1065 2373 Alius
1086 2319 1342 2390 ejusdem.

296 2406 419 2460 144.
445 2407 712 2462 Personae
742 2407 941 2463 titulus
970 2408 1074 2463 sub
1102 2409 1341 2465 nomine
1370 2410 1752 2481 praetitulatus

288 2493 537 2565 Virginis
561 2498 620 2549 et
648 2496 857 2562 Matris,
874 2513 1050 2568 quam
1082 2499 1539 2568 postDominum
1563 2499 1700 2553 colit
1732 2498 1908 2566 orbis,

289 2581 555 2639 Diversos
587 2584 768 2638 luctus
794 2585 1047 2639 mundus
1072 2589 1241 2639 sonat
1274 2586 1532 2657 undique
1564 2590 1736 2656 totus,

282 2670 374 2724 Ad
396 2673 609 2726 multas
638 2676 856 2727 mortes
878 2689 1073 2728 secum
1106 2674 1370 2729 ducendo
1403 2675 1691 2730 cohortes.

288 2759 609 2817 Prosternit
632 2765 869 2817 cunctos
895 2778 1054 2818 sacro
1072 2763 1419 2834 baptismate
1452 2764 1620 2832 lotos,

288 2845 450 2902 Sicut
477 2848 837 2905 demonstrat
868 2852 1148 2906 Brunonis
1168 2854 1322 2906 clara
1342 2854 1596 2907 lucerna.

286 2936 340 2989 Is
370 2952 506 2990 cum
540 2939 859 2993 multorum
881 2940 1149 2994 laudetur
1177 2957 1312 2995 voce
1343 2941 1618 3009 virorum,

285 3021 373 3077 Sit
402 3024 622 3080 meritis
650 3042 883 3082 morum
913 3028 1235 3099 spectabilis
1251 3028 1618 3097 eximiorum,

285 3110 437 3184 Lege
468 3117 665 3169 tamen
700 3116 902 3170 mortis
931 3133 1054 3171 sors
1076 3117 1227 3171 hunc
1250 3117 1379 3172 tulit
1402 3118 1582 3188 impia
1602 3119 1802 3189 portis.

284 3200 515 3257 Flemus
541 3203 854 3271 vobiscum,
873 3205 974 3260 sed
1000 3221 1144 3275 opus
1176 3206 1314 3277 quid
1337 3206 1410 3260 ad
1431 3207 1553 3262 haec
1572 3208 1678 3261 nisi
1715 3208 1902 3263 Chris-

1754 3300 1903 3366 [tum

283 3379 708 3453 Poscere,quod
745 3383 972 3453 requies
1004 3384 1111 3439 sibi
1161 3384 1235 3438 sit
1278 3388 1406 3455 post
1433 3385 1641 3440 funera
1673 3403 1895 3458 perpes.

282 3466 358 3520 Ut
381 3468 580 3523 vestris
608 3470 822 3524 functis
850 3471 1134 3539 dedimus,
1165 3473 1243 3527 sic
1276 3489 1372 3528 vos
1402 3473 1533 3527 date
1570 3475 1798 3529 nostris.

283 3553 614 3611 145.Maria;-
625 3564 675 3611 et
685 3556 803 3613 S.A
816 3559 1000 3613 ldelmi
1009 3559 1476 3615 Mal-mesbenensis
1488 3561 1712 3616 ecclesiae
1730 3562 1891 3633 (411).

415 3644 512 3698 Hic
544 3645 729 3701 bonus
759 3648 994 3716 athleta,
1021 3650 1181 3718 cujus
1211 3650 1589 3704 celeberrima
1623 3651 1738 3707 vita

277 3730 410 3785 Istic
438 3738 725 3801 narratur,
759 3736 1057 3792 laudabilis
1089 3755 1208 3792 esse
1240 3739 1537 3810 probatur.

276 3819 426 3874 Nam
448 3820 494 3874 si
524 3821 600 3875 sic
630 3824 783 3890 vixit,
807 3840 1056 3894 praesens
1078 3829 1142 3880 ut
1168 3828 1428 3882 chartula
1445 3826 1605 3894 dixit,

278 3906 351 3960 Et
375 3907 420 3960 si
451 3910 873 3966 muniﬁcusfuit
904 3916 961 3967 et
973 3914 1099 3984 pius
1125 3917 1296 3985 atque
1313 3915 1570 3985 pudicus,

272 3993 339 4048 Si
364 3994 593 4052 sibimet
620 4016 823 4070 parcus
850 4001 977 4068 fuit,
1009 4002 1259 4072 indignis
1288 4019 1516 4075 quoque
1532 4004 1745 4075 largus,

276 4081 340 4137 Si
365 4084 613 4139 calcator
641 4103 839 4159 opum,
871 4089 918 4142 si
937 4092 1160 4161 spretor
1189 4090 1545 4159 deliciarum,

280 4168 341 4223 Si
361 4172 550 4226 verbis
575 4175 757 4229 cultus
777 4177 884 4230 fuit
914 4182 971 4232 et
994 4179 1144 4235 bene
1162 4179 1565 4250 morigeratus,

1899 246 2080 325 seu

1951 376 2009 437 Α
2041 371 2230 425 Unum
2257 370 2502 441 suscepit
2531 370 2741 436 Bruno,
2777 368 2872 441 qui
2902 369 3087 425 multa
3110 369 3359 442 reliquit.

3542 247 3647 304 594

2035 460 2349 513 Esttamen
2382 460 2488 513 hoc
2509 460 2695 513 solum
2746 457 2964 511 cunctis
3008 458 3374 528 prazstantius
3440 478 3642 516 unum.

2032 545 2087 601 Si
2117 564 2291 618 quam
2324 548 2395 600 sit
2419 563 2720 617 magnum,
2744 546 2906 617 juvat
2927 547 3035 600 hoc
3067 546 3361 601 addiscere
3395 548 3643 618 lucrum,

2032 634 2130 689 Sat
2162 636 2349 689 dicam
2371 636 2636 702 breviter,
2666 635 2973 706 paucisque
3004 635 3224 691 docebo
3245 639 3533 706 patenter.

2030 722 2289 795 Suscepit
2312 724 2599 779 Christum
2631 725 2890 779 solamen
2924 725 3085 779 dulce
3112 725 3401 792 laborum,

2031 812 2178 877 Quid
2212 813 2446 885 prodest
2466 813 2660 885 igitur,
2689 813 2847 884 quod
2878 830 2981 868 nos
3005 813 3112 868 sibi
3145 813 3575 870 versiﬁcamur?

2030 901 2143 956 Sed
2165 906 2324 972 puto,
2354 902 2653 971 proficere,
2689 902 2733 954 si
2762 902 2888 956 dico
2925 919 2936 956 :
2970 904 3139 969 Deus,
3167 902 3462 960 miserere.

2026 991 2127 1044 Ast
2148 991 2423 1061 quoniam
2453 1007 2625 1043 nemo
2659 990 3007 1060 peccaminis
3025 993 3111 1045 est
3140 991 3261 1045 sine
3290 1008 3473 1059 naevo,

2098 1076 2156 1132 Si
2184 1078 2524 1149 quodhabet
2548 1078 2787 1146 facinus,
2825 1081 2882 1133 tu
2913 1080 3067 1133 bono
3101 1081 3261 1151 terge
3294 1082 3460 1136 Deus.

2224 1165 2286 1219 S.
2315 1165 2512 1221 illanec
2539 1166 2976 1236 Rot/tomrlgensis
3007 1167 3242 1227 ecclesia
3271 1167 3438 1240 (412).

2032 1254 2152 1307 146.
2190 1254 2450 1308 Ecclesiae
2478 1258 2674 1309 sancta
2700 1255 2872 1309 totius
2902 1256 3097 1326 lugeat
3123 1256 3287 1321 ordo,

2028 1341 2272 1395 Humani
2308 1342 2537 1413 generis
2564 1344 2708 1397 ﬂens
2734 1344 3107 1415 irreparabilc
3131 1344 3413 1399 damnum

2026 1430 2234 1486 Mundo
2267 1432 2513 1485 decessit
2543 1432 2823 1505 mundani
2856 1433 3034 1487 victor
3066 1434 3301 1489 honoris

2028 1520 2218 1574 Bruno
2252 1526 2433 1591 pater,
2458 1524 2669 1575 sancta:
2695 1522 2969 1577 fundator
2992 1522 3346 1593 Relligionis,

2026 1609 2197 1679 Cujus
2220 1612 2380 1662 tanta
2414 1609 2570 1680 piam
2606 1609 2781 1663 vitam
2809 1611 3185 1664 commendat
3204 1611 3495 1678 honestas,

1944 1691 1997 1750 B
2026 1698 2096 1752 Ut
2111 1698 2182 1752 sit
2213 1715 2346 1752 eum
2380 1699 2647 1769 cuiquam
2683 1715 2798 1752 non
2832 1699 3190 1769 mquipararc
3216 1704 3489 1770 potestas.

2022 1787 2148 1857 Ipse
2178 1786 2285 1840 fuit
2313 1787 2559 1857 sapiens,
2594 1786 2677 1840 vir
2701 1786 2928 1852 nobilis,
2971 1787 3165 1842 indole
3208 1789 3457 1861 fulgens,

2022 1862 2465 1928 Imbutus'fonte
2494 1874 2667 1928 totius
2690 1874 3068 1947 philosophias
3094 1893 3107 1942 ;

2020 1965 2083 2017 In
2102 1979 2214 2035 quo
2247 1980 2379 2017 cum
2407 1962 2584 2016 virtus
2617 1962 2917 2033 probitatis
2940 1962 3059 2017 viva
3078 1963 3307 2029 niteret,

2017 2051 2309 2106 Gloriﬁcos
2330 2051 2527 2117 fasces,
2553 2069 2666 2123 qua
2696 2051 3082 2124 promeruisse
3115 2053 3348 2119 valeret,

2018 2142 2385 2195 Proculcator
2414 2156 2612 2209 opum,
2667 2143 3005 2194 cunctorum
3039 2146 3263 2211 spretor
3319 2142 3629 2209 honorum,

2017 2230 2085 2304 Et
2117 2228 2317 2282 mundi
2346 2228 2580 2281 stultam
2609 2228 2756 2298 pede
2782 2229 3043 2283 contudit
3073 2229 3455 2284 ambitionem

2017 2317 2083 2370 Et
2108 2316 2298 2371 studio
2331 2319 2592 2370 sanctam
2628 2316 2890 2371 fundavit
2921 2318 3322 2389 Helligionem.

2013 2406 2289 2460 Mundum
2320 2404 2639 2471 declinans,
2674 2405 2876 2460 mundi
2906 2406 3173 2461 sublimia
3195 2407 3379 2461 vitans

2011 2493 2197 2565 Elegit
2226 2494 2414 2566 potius
2453 2493 2674 2564 privata
2705 2494 2916 2565 degere
2947 2495 3078 2549 vita.

2009 2581 2122 2637 Sed
2148 2582 2408 2653 quamvis
2430 2580 2663 2635 humilis
2692 2584 2875 2636 clarus
2896 2583 3116 2638 meritis
3145 2584 3410 2652 ercmita,

2009 2670 2181 2742 Cujus
2210 2670 2535 2741 magnificae
2563 2670 2839 2742 quoniam
2865 2672 3073 2726 seriem
3094 2672 3323 2744 pietatis

2005 2758 2187 2814 Nemo
2220 2760 2435 2814 referre
2468 2760 2636 2827 valet,
2670 2764 2896 2814 actusve
2927 2761 3037 2830 pice
3064 2759 3357 2829 bonitatis,

2007 2848 2100 2902 His
2126 2848 2544 2919 praetermissis,
2575 2849 2836 2918 precibus
2860 2865 2966 2903 nos
2996 2847 3379 2919 invigilemus,
3404 2850 3408 2869 ⁵

1930 2972 1976 3031 C
2004 2938 2190 3008 Atque
2223 2937 2455 2990 Patrem
2500 2953 2793 2990 summum
2825 2936 3030 2990 devota
3078 2940 3273 2991 mente
3323 2953 3616 3010 rogemus,

2006 3025 2076 3079 Ut
2096 3026 2265 3079 Pater
2295 3023 2535 3078 eximius
2553 3024 2706 3077 vitali
2725 3025 2849 3077 luce
2868 3023 3095 3078 fruatur

2002 3113 2029 3167 ,Ι
2038 3117 2189 3167 ustus
2207 3115 2263 3167 et
2291 3112 2619 3184 agminibus
2630 3112 2924 3182 justorum
2943 3112 3323 3168 consocietur.

2004 3200 2115 3256 Nos
2150 3202 2645 3273 Rotbomagenses
2677 3201 3014 3273 metropolis
3055 3201 3307 3257 ecclesia:
3351 3201 3611 3258 canonici

2001 3288 2240 3360 singulis
2256 3289 2422 3344 annis
2456 3289 2796 3344 venerabilis
2825 3289 2928 3343 viri
2961 3290 3243 3345 Brunonis
3279 3290 3608 3346 anniversa-

1999 3375 2150 3430 rium
2181 3376 2476 3432 faciemus.

2314 3464 2377 3521 S.
2416 3467 2700 3521 Trinitatis
2751 3466 3076 3537 Rothomagi
3111 3468 3278 3540 (413).

2001 3554 2119 3608 147.
2154 3553 2423 3617 Quamvis
2436 3572 2602 3610 mens
2622 3556 2877 3611 hominis
2899 3557 3079 3611 nescit
3107 3557 3453 3625 discernere,
3475 3557 3608 3615 ﬁnis

1998 3640 2102 3705 Qui
2126 3643 2198 3696 sit
2215 3647 2576 3707 cunctorum;
2596 3645 2695 3699 sed
2711 3644 2841 3698 fons
2858 3649 2915 3698 et
2937 3645 3097 3716 origo
3116 3646 3427 3714 bonorum,

1997 3730 2270 3801 Cuipatet
2291 3734 2597 3799 occultum,
2632 3748 2735 3786 nec
2775 3732 2907 3803 quid
2933 3733 3172 3787 dimittit
3190 3733 3458 3800 inultum,

1992 3819 2104 3873 Nos
2128 3822 2348 3887 tamen,
2380 3824 2443 3875 ut
2472 3837 2664 3876 mores
2693 3820 2997 3892 designant
3022 3822 3350 3890 exteriores,

1991 3908 2178 3963 Dulcis
2199 3913 2258 3963 et
2286 3909 2543 3964 emeritae
2563 3910 2655 3979 pia
2684 3909 3108 3965 consummatio
3132 3910 3284 3977 vitae,

1991 3995 2307 4063 Credimus,
2321 3998 2396 4053 ad
2408 3997 2656 4069 Superos
2673 3999 2827 4069 quod
2845 4004 3030 4053 vester
3049 3997 3276 4053 transiit
3289 3999 3485 4054 Heros.

1990 4084 2127 4149 Quae
2158 4101 2255 4140 vos
2278 4086 2452 4141 oratis
2470 4086 2540 4140 de
2562 4087 2704 4141 votis
2734 4087 3168 4155 concelebratis,

1988 4174 2101 4229 Hac
2127 4175 2331 4229 eadem
2365 4175 2572 4230 nostris
2592 4176 2948 4247 exposcimus
2974 4180 3032 4231 ut
3052 4176 3292 4231 faciatis.

276 4259 379 4312 Est
405 4259 543 4330 quid
575 4278 719 4333 opus
738 4266 935 4333 verbo,
965 4267 1105 4338 quid
1135 4247 1340 4322 dicere.
1351 4268 1517 4339 plura
1562 4270 1760 4324 laboro
1777 4269 1805 4323 ‘I
1907 4247 1960 4305 D
1987 4262 2058 4317 Ut
2083 4263 2275 4317 vivant
2291 4263 2533 4331 Christo,
2553 4281 2696 4335 quos
2713 4281 2938 4319 carcere
2960 4263 3125 4319 solvit
3154 4266 3226 4319 ab
3246 4265 3374 4320 isto.

272 4345 405 4401 Jam
434 4365 585 4404 nunc
615 4354 912 4408 tantorum
947 4355 1152 4410 coelum
1183 4358 1343 4410 tenet
1397 4360 1518 4410 arte
1570 4357 1882 4426 bonorum,

272 4434 427 4495 Nam
455 4437 563 4492 sibi
591 4457 695 4511 pro
754 4442 972 4496 meritis
1019 4446 1104 4497 est
1135 4444 1393 4500 redditus
1437 4445 1682 4516 astriger
1744 4447 1880 4502 axis.

272 4531 438 4585 Nunc
476 4528 650 4600 igitur
680 4530 870 4584 Bruno
901 4530 1128 4585 lmtatur
1146 4534 1204 4585 et
1223 4533 1403 4587 hazret
1426 4532 1484 4587 in
1516 4550 1652 4601 uno,

349 4652 499 4726 (499)
525 4652 1009 4726 Αῐιῑιοληὶωἰιομῐη
1054 4656 1208 4726 1101,
1244 4672 1357 4726 quo
1398 4656 1434 4711 S
1492 4658 1679 4713 Bruno
1714 4659 1875 4725 obiit,

272 4722 655 4795 nondumque
688 4723 1042 4795 Gregoriana
1074 4722 1395 4781 Calendarii
1424 4729 1707 4783 correctio
1731 4722 1880 4784 facta

273 4793 870 4870 erat,signum_Librze
893 4795 1103 4870 solfuit
1115 4796 1401 4870 ingressus
1421 4798 1512 4852 die
1542 4803 1601 4852 17
1616 4798 1877 4870 Septem-

269 4865 412 4944 bris,
446 4880 603 4944 aquo
616 4865 687 4918 ad
719 4865 921 4944 diem6_
948 4865 1225 4944 Octobris,
1247 4867 1455 4944 sancto
1474 4865 1877 4944 emortualem,

270 4935 400 5018 dies
410 4934 604 5018 viginti
614 4939 964 5018 ,cpmnput'ato
979 4941 1219 5018 utroque
1232 4934 1880 5018 ex-tremo,e_[tlu_xerunt.

356 5005 501 5081 (410⁷)
535 5005 630 5059 Hic
660 5005 914 5081 fortassis
944 5005 1244 5079 collegiata
1270 5005 1504 5081 Anglia!
1539 5013 1785 5067 Ecclesia
1811 5013 1880 5068 de

270 5076 490 5153 Cestre,
519 5092 645 5153 qua:
667 5076 724 5130 S.
756 5078 922 5153 _Petro
944 5076 1117 5153 sacra:
1129 5081 1220 5147 sit,
1249 5076 1598 5153 designatur.

349 5149 489 5231 (4-1“
519 5147 1041 5231 Malmesb'unrie‘nse,
1086 5150 1155 5205 de
1201 5168 1312 5231 quo
1348 5147 1541 5207 t6m.l
1588 5153 1879 5231 Monastici

269 5218 575 5292 Anglicani
607 5234 741 5292 pag.
770 5221 839 5292 49
864 5223 930 5292 et
949 5236 1108 5292 seqq.
1140 5218 1346 5292 agitur,
1376 5223 1878 5292 monasterium,in

272 5305 418 5360 agro
453 5288 804 5343 Wiltoniensi
832 5288 1455 5355 situmfvero'similiter
1479 5296 1568 5348 hic
1614 5288 1877 5360 designa-

272 5336 1088 5440 tdr,‘perperamquenproinde
1116 5362 1578 5419 Malmesbenensis
1609 5380 1712 5435 pro
1735 5336 1880 5422 31a!-

271 5430 646 5485 mesburiensis
675 5430 959 5486 scribitur.

348 5501 501 5574 (412)
528 5500 671 5556 Cum
713 5502 981 5559 eccclesia
1049 5504 1391 5561 cathedralis
1440 5507 1880 5578 Rotomagensis

2473 4350 2536 4406 S.
2568 4352 2885 4423 Leodegarii
2924 4352 3096 4428 (414).

1992 4441 2108 4495 148.
2144 4440 2243 4496 Hic
2274 4440 2823 4511 Leodegariititulus
2843 4440 3182 4496 describitur
3215 4442 3373 4497 almi.

1982 4531 2030 4582 Α
2056 4528 2201 4584 facie
2222 4528 2425 4583 mortis
2447 4528 2646 4600 nequit
2676 4530 2820 4583 ullus
2838 4528 3033 4583 sistere
3046 4528 3229 4585 fortis.

1982 4660 2349 4717 sanctissima:
2372 4660 2471 4715 Dei
2498 4660 2766 4715 Genitrici
2791 4678 2950 4716 sacra
2969 4662 3061 4729 sit,
3111 4662 3270 4718 illam
3311 4662 3402 4717 hic
3434 4662 3581 4718 desi-

1979 4732 2567 4812 gn_a_ri,ipdubitatun_1
2597 4736 2855 4812 apparet.

2048 4804 2172 4874 413)
2200 4804 2312 4857 Hoc
2338 4803 2945 4876 monasterium,quod
2966 4804 3024 4858 in
3044 4807 3241 4876 monte
3258 4819 3437 4875 prope
3470 4805 3582 4860 Ro-

1979 4878 2282 4944 tomagum
2329 4874 2500 4927 situm
2535 4879 2678 4940 erat,
2714 4874 2921 4930 smculo
2956 4892 3010 4929 x1
3066 4875 3175 4928 fuit
3205 4874 3575 4941 eXstructum,

1983 4948 2041 5017 et
2084 4945 2155 5017 ad
2199 4961 2645 5017 annumﬂusque
2685 4948 2837 5012 1597,
2894 4962 3005 5016 quo
3040 4962 3240 4999 mensa
3280 4945 3579 5017 abbatialis

1984 5014 2294 5069 Carthusiaa
2320 5014 2665 5071 Gallionénsi
2702 5014 2975 5071 attributa
3004 5020 3107 5081 est,
3142 5016 3244 5070 sub
3277 5015 3577 5071 abbatibus

1981 5086 2382 5156 perseveravit,
2412 5087 3024 5141 utGalliaeChristiame
3054 5090 3233 5140 aucta:
3256 5085 3575 5157 Scriptores

1979 5160 2124 5211 tom.
2158 5158 2368 5223 Xl,col.
2399 5158 2498 5213 124
2515 5163 2571 5213 et
2600 5174 2717 5228 seq.
2754 5158 2982 5228 docent.

2048 5229 2173 5300 414)
2206 5228 2628 5283 PratellenseS.
2651 5226 2987 5300 tieodegarii
3020 5226 3367 5294 coenobium,
3416 5228 3573 5299 quod

1980 5297 2039 5350 in
2073 5298 2298 5353 diceoesi
2336 5297 2663 5355 Lexoviensi
2700 5297 2872 5353 situm
2906 5302 3009 5364 est,
3038 5300 3357 5364 smculoque
3408 5297 3482 5363 xi,
3517 5302 3581 5353 ut

1980 5369 2171 5442 Calliae
2199 5368 2538 5442 Christiana:
2558 5371 2739 5442 aucta:
2759 5368 3088 5442 Scriptores
3099 5372 3244 5442 tom.
3261 5368 3350 5442 ΧΙῖ
3363 5368 3581 5442 col:85}3

1985 5438 2213 5507 docent,
2260 5439 2367 5494 fuit
2396 5441 2772 5507 exstructum,
2829 5434 3255 5499 verosimillime
3296 5437 3388 5494 hic
3440 5434 3586 5494 desi-

1985 5512 2215 5580 gnatur.
