  <div class='ocr_page' id='page_1' title='image "/cluster/home/n/w/nwhite01/storage/ocr_20150623/152/hvd.32044054760103/303.png"; bbox 0 0 4010 6032; ppageno 0'>
   <div class='ocr_carea' id='block_1_1' title="bbox 428 319 529 370">
    <p class='ocr_par' dir='ltr' id='par_1_1' title="bbox 428 319 529 370">
     <span class='ocr_line' id='line_1_1' title="bbox 428 319 529 370; baseline 0.01 -1"><span class='ocrx_word' id='word_1_1' title='bbox 428 319 529 370; x_wconf 75' lang='grc'>505</span> 
     </span>
    </p>
   </div>
   <div class='ocr_carea' id='block_1_2' title="bbox 1282 325 2886 396">
    <p class='ocr_par' dir='ltr' id='par_1_2' title="bbox 1282 325 2886 396">
     <span class='ocr_line' id='line_1_2' title="bbox 1282 325 2886 396; baseline 0.01 -16"><span class='ocrx_word' id='word_1_2' title='bbox 1282 325 1339 381; x_wconf 92' lang='lat' dir='ltr'>S.</span> <span class='ocrx_word' id='word_1_3' title='bbox 1365 327 1708 387; x_wconf 86' lang='lat' dir='ltr'>BRUNONIS</span> <span class='ocrx_word' id='word_1_4' title='bbox 1750 326 2382 393; x_wconf 80' lang='lat' dir='ltr'>CARTHUSIANOBUM</span> <span class='ocrx_word' id='word_1_5' title='bbox 2418 335 2886 396; x_wconf 82' lang='lat' dir='ltr'>INSTITUTORIS</span> 
     </span>
    </p>
   </div>
   <div class='ocr_carea' id='block_1_3' title="bbox 504 441 1581 509">
    <p class='ocr_par' dir='ltr' id='par_1_3' title="bbox 504 441 1581 509">
     <span class='ocr_line' id='line_1_3' title="bbox 504 441 1581 509; baseline 0.013 -13"><span class='ocrx_word' id='word_1_6' title='bbox 504 441 619 497; x_wconf 85' lang='lat' dir='ltr'>Sed</span> <span class='ocrx_word' id='word_1_7' title='bbox 647 442 809 499; x_wconf 92' lang='lat' dir='ltr'>fumo</span> <span class='ocrx_word' id='word_1_8' title='bbox 843 443 1046 500; x_wconf 87' lang='lat' dir='ltr'>similis</span> <span class='ocrx_word' id='word_1_9' title='bbox 1083 446 1197 502; x_wconf 87' lang='lat' dir='ltr'>vita</span> <span class='ocrx_word' id='word_1_10' title='bbox 1228 449 1330 506; x_wconf 89' lang='lat' dir='ltr'>viri</span> <span class='ocrx_word' id='word_1_11' title='bbox 1353 453 1581 509; x_wconf 77' lang='lat' dir='ltr'>sterilis.</span> 
     </span>
    </p>
   </div>
   <div class='ocr_carea' id='block_1_4' title="bbox 3638 350 3744 405">
    <p class='ocr_par' dir='ltr' id='par_1_4' title="bbox 3638 350 3744 405">
     <span class='ocr_line' id='line_1_4' title="bbox 3638 350 3744 405; baseline -0.009 0"><span class='ocrx_word' id='word_1_12' title='bbox 3638 350 3744 405; x_wconf 82' lang='lat'>596</span> 
     </span>
    </p>
   </div>
   <div class='ocr_carea' id='block_1_5' title="bbox 2063 460 3546 542">
    <p class='ocr_par' dir='ltr' id='par_1_5' title="bbox 2063 460 3546 542">
     <span class='ocr_line' id='line_1_5' title="bbox 2063 460 3546 542; baseline 0.009 -27"><span class='ocrx_word' id='word_1_13' title='bbox 2063 461 2119 521; x_wconf 85' lang='grc' dir='ltr'><strong>Α</strong></span> <span class='ocrx_word' id='word_1_14' title='bbox 2142 460 2253 517; x_wconf 88' lang='lat' dir='ltr'>Nec</span> <span class='ocrx_word' id='word_1_15' title='bbox 2274 462 2434 533; x_wconf 88' lang='lat' dir='ltr'>pravi</span> <span class='ocrx_word' id='word_1_16' title='bbox 2452 480 2647 519; x_wconf 89' lang='lat' dir='ltr'>mores</span> <span class='ocrx_word' id='word_1_17' title='bbox 2676 463 2753 519; x_wconf 88' lang='lat' dir='ltr'>ibi</span> <span class='ocrx_word' id='word_1_18' title='bbox 2786 469 2938 534; x_wconf 88' lang='lat' dir='ltr'>sunt,</span> <span class='ocrx_word' id='word_1_19' title='bbox 2968 466 3066 522; x_wconf 91' lang='lat' dir='ltr'>sed</span> <span class='ocrx_word' id='word_1_20' title='bbox 3088 469 3329 542; x_wconf 88' lang='lat' dir='ltr'>quisque</span> <span class='ocrx_word' id='word_1_21' title='bbox 3344 471 3546 528; x_wconf 78' lang='lat' dir='ltr'>fidelis.</span> 
     </span>
    </p>
   </div>
   <div class='ocr_carea' id='block_1_6' title="bbox 423 529 1893 616">
    <p class='ocr_par' dir='ltr' id='par_1_6' title="bbox 423 529 1893 616">
     <span class='ocr_line' id='line_1_6' title="bbox 423 529 1893 616; baseline 0.014 -34"><span class='ocrx_word' id='word_1_22' title='bbox 423 529 658 585; x_wconf 91' lang='lat' dir='ltr'>Labitur</span> <span class='ocrx_word' id='word_1_23' title='bbox 689 535 750 585; x_wconf 90' lang='lat' dir='ltr'>ut</span> <span class='ocrx_word' id='word_1_24' title='bbox 780 537 980 588; x_wconf 90' lang='lat' dir='ltr'>ventus</span> <span class='ocrx_word' id='word_1_25' title='bbox 1010 536 1406 606; x_wconf 87' lang='lat' dir='ltr'>pulcherrima</span> <span class='ocrx_word' id='word_1_26' title='bbox 1450 546 1581 599; x_wconf 86' lang='lat' dir='ltr'>nata</span> <span class='ocrx_word' id='word_1_27' title='bbox 1604 546 1893 616; x_wconf 81' lang='lat' dir='ltr'>juventus.</span> 
     </span>
    </p>
   </div>
   <div class='ocr_carea' id='block_1_7' title="bbox 497 619 1722 700">
    <p class='ocr_par' dir='ltr' id='par_1_7' title="bbox 497 619 1722 700">
     <span class='ocr_line' id='line_1_7' title="bbox 497 619 1722 700; baseline 0.014 -29"><span class='ocrx_word' id='word_1_28' title='bbox 497 619 679 690; x_wconf 64' lang='lat' dir='ltr'>Eque</span> <span class='ocrx_word' id='word_1_29' title='bbox 710 622 1289 696; x_wconf 85' lang='lat' dir='ltr'>tollunturpessimus</span> <span class='ocrx_word' id='word_1_30' title='bbox 1322 633 1491 700; x_wconf 87' lang='lat' dir='ltr'>atque</span> <span class='ocrx_word' id='word_1_31' title='bbox 1518 632 1722 688; x_wconf 87' lang='lat' dir='ltr'>bonus.</span> 
     </span>
    </p>
   </div>
   <div class='ocr_carea' id='block_1_8' title="bbox 428 704 2038 795">
    <p class='ocr_par' dir='ltr' id='par_1_8' title="bbox 428 704 2038 795">
     <span class='ocr_line' id='line_1_8' title="bbox 428 704 2038 795; baseline 0.013 -36"><span class='ocrx_word' id='word_1_32' title='bbox 428 704 644 761; x_wconf 89' lang='lat' dir='ltr'>Omnes</span> <span class='ocrx_word' id='word_1_33' title='bbox 659 713 847 765; x_wconf 91' lang='lat' dir='ltr'>morte</span> <span class='ocrx_word' id='word_1_34' title='bbox 874 716 1068 780; x_wconf 90' lang='lat' dir='ltr'>ruunt,</span> <span class='ocrx_word' id='word_1_35' title='bbox 1095 717 1428 788; x_wconf 90' lang='lat' dir='ltr'>terramque</span> <span class='ocrx_word' id='word_1_36' title='bbox 1449 720 1729 776; x_wconf 81' lang='lat' dir='ltr'>cadavera</span> <span class='ocrx_word' id='word_1_37' title='bbox 1754 725 2038 795; x_wconf 64' lang='lat' dir='ltr'>quaerunt,</span> 
     </span>
    </p>
   </div>
   <div class='ocr_carea' id='block_1_9' title="bbox 506 796 1846 869">
    <p class='ocr_par' dir='ltr' id='par_1_9' title="bbox 506 796 1846 869">
     <span class='ocr_line' id='line_1_9' title="bbox 506 796 1846 869; baseline 0.014 -21"><span class='ocrx_word' id='word_1_38' title='bbox 506 796 567 849; x_wconf 89' lang='lat' dir='ltr'>In</span> <span class='ocrx_word' id='word_1_39' title='bbox 604 796 850 853; x_wconf 87' lang='lat' dir='ltr'>nihilum</span> <span class='ocrx_word' id='word_1_40' title='bbox 878 801 1134 869; x_wconf 88' lang='lat' dir='ltr'>veniunt,</span> <span class='ocrx_word' id='word_1_41' title='bbox 1168 806 1461 861; x_wconf 76' lang='lat' dir='ltr'>vermibus</span> <span class='ocrx_word' id='word_1_42' title='bbox 1483 825 1610 863; x_wconf 85' lang='lat' dir='ltr'>esca</span> <span class='ocrx_word' id='word_1_43' title='bbox 1640 812 1846 867; x_wconf 86' lang='lat' dir='ltr'>ﬂuunt.</span> 
     </span>
    </p>
   </div>
   <div class='ocr_carea' id='block_1_10' title="bbox 421 883 1898 969">
    <p class='ocr_par' dir='ltr' id='par_1_10' title="bbox 421 883 1898 969">
     <span class='ocr_line' id='line_1_10' title="bbox 421 883 1898 969; baseline 0.013 -32"><span class='ocrx_word' id='word_1_44' title='bbox 421 883 678 955; x_wconf 86' lang='lat' dir='ltr'>Corpora</span> <span class='ocrx_word' id='word_1_45' title='bbox 701 890 1058 959; x_wconf 89' lang='lat' dir='ltr'>putrescunt,</span> <span class='ocrx_word' id='word_1_46' title='bbox 1094 909 1221 963; x_wconf 63' lang='lat' dir='ltr'>quae</span> <span class='ocrx_word' id='word_1_47' title='bbox 1252 894 1377 949; x_wconf 79' lang='lat' dir='ltr'>viva</span> <span class='ocrx_word' id='word_1_48' title='bbox 1404 899 1649 969; x_wconf 84' lang='lat' dir='ltr'>superba</span> <span class='ocrx_word' id='word_1_49' title='bbox 1665 900 1898 956; x_wconf 90' lang='lat' dir='ltr'>fuerunt</span> 
     </span>
    </p>
   </div>
   <div class='ocr_carea' id='block_1_11' title="bbox 489 973 1657 1042">
    <p class='ocr_par' dir='ltr' id='par_1_11' title="bbox 489 973 1657 1042">
     <span class='ocr_line' id='line_1_11' title="bbox 489 973 1657 1042; baseline 0.013 -16"><span class='ocrx_word' id='word_1_50' title='bbox 489 973 733 1030; x_wconf 82' lang='lat' dir='ltr'>Horrida</span> <span class='ocrx_word' id='word_1_51' title='bbox 763 976 829 1031; x_wconf 87' lang='lat' dir='ltr'>ﬁt</span> <span class='ocrx_word' id='word_1_52' title='bbox 858 994 990 1033; x_wconf 89' lang='lat' dir='ltr'>caro</span> <span class='ocrx_word' id='word_1_53' title='bbox 1013 984 1244 1035; x_wconf 87' lang='lat' dir='ltr'>mortua</span> <span class='ocrx_word' id='word_1_54' title='bbox 1271 987 1477 1038; x_wconf 91' lang='lat' dir='ltr'>cuncta</span> <span class='ocrx_word' id='word_1_55' title='bbox 1504 1002 1657 1042; x_wconf 89' lang='lat' dir='ltr'>caro.</span> 
     </span>
    </p>
   </div>
   <div class='ocr_carea' id='block_1_12' title="bbox 413 1060 2035 1149">
    <p class='ocr_par' dir='ltr' id='par_1_12' title="bbox 413 1060 2035 1149">
     <span class='ocr_line' id='line_1_12' title="bbox 413 1060 2035 1149; baseline 0.013 -35"><span class='ocrx_word' id='word_1_56' title='bbox 413 1060 535 1115; x_wconf 85' lang='lat' dir='ltr'>Mox</span> <span class='ocrx_word' id='word_1_57' title='bbox 568 1063 746 1119; x_wconf 90' lang='lat' dir='ltr'>homo</span> <span class='ocrx_word' id='word_1_58' title='bbox 779 1082 909 1119; x_wconf 89' lang='lat' dir='ltr'>cum</span> <span class='ocrx_word' id='word_1_59' title='bbox 936 1069 1203 1137; x_wconf 88' lang='lat' dir='ltr'>moritur,</span> <span class='ocrx_word' id='word_1_60' title='bbox 1239 1072 1432 1126; x_wconf 89' lang='lat' dir='ltr'>statim</span> <span class='ocrx_word' id='word_1_61' title='bbox 1465 1093 1565 1129; x_wconf 86' lang='lat' dir='ltr'>sua</span> <span class='ocrx_word' id='word_1_62' title='bbox 1599 1078 1754 1132; x_wconf 90' lang='lat' dir='ltr'>fossa</span> <span class='ocrx_word' id='word_1_63' title='bbox 1780 1082 2035 1149; x_wconf 80' lang='lat' dir='ltr'>paratur,</span> 
     </span>
    </p>
   </div>
   <div class='ocr_carea' id='block_1_13' title="bbox 484 1149 1699 1232">
    <p class='ocr_par' dir='ltr' id='par_1_13' title="bbox 484 1149 1699 1232">
     <span class='ocr_line' id='line_1_13' title="bbox 484 1149 1699 1232; baseline 0.013 -29"><span class='ocrx_word' id='word_1_64' title='bbox 484 1149 699 1205; x_wconf 89' lang='lat' dir='ltr'>Charus</span> <span class='ocrx_word' id='word_1_65' title='bbox 728 1158 857 1224; x_wconf 91' lang='lat' dir='ltr'>post</span> <span class='ocrx_word' id='word_1_66' title='bbox 891 1158 1077 1210; x_wconf 88' lang='lat' dir='ltr'>nullus</span> <span class='ocrx_word' id='word_1_67' title='bbox 1110 1162 1273 1213; x_wconf 89' lang='lat' dir='ltr'>curet</span> <span class='ocrx_word' id='word_1_68' title='bbox 1305 1161 1519 1217; x_wconf 87' lang='lat' dir='ltr'>habere</span> <span class='ocrx_word' id='word_1_69' title='bbox 1545 1182 1699 1232; x_wconf 90' lang='lat' dir='ltr'>suus,</span> 
     </span>
    </p>
   </div>
   <div class='ocr_carea' id='block_1_14' title="bbox 411 1236 1781 1322">
    <p class='ocr_par' dir='ltr' id='par_1_14' title="bbox 411 1236 1781 1322">
     <span class='ocr_line' id='line_1_14' title="bbox 411 1236 1781 1322; baseline 0.013 -31"><span class='ocrx_word' id='word_1_70' title='bbox 411 1236 524 1292; x_wconf 91' lang='lat' dir='ltr'>Sed</span> <span class='ocrx_word' id='word_1_71' title='bbox 554 1241 731 1294; x_wconf 79' lang='lat' dir='ltr'>sociat</span> <span class='ocrx_word' id='word_1_72' title='bbox 763 1242 940 1298; x_wconf 86' lang='lat' dir='ltr'>cineri</span> <span class='ocrx_word' id='word_1_73' title='bbox 963 1246 1089 1316; x_wconf 90' lang='lat' dir='ltr'>jam</span> <span class='ocrx_word' id='word_1_74' title='bbox 1124 1248 1329 1302; x_wconf 70' lang='lat' dir='ltr'>fmtens</span> <span class='ocrx_word' id='word_1_75' title='bbox 1352 1268 1559 1322; x_wconf 84' lang='lat' dir='ltr'>corpus</span> <span class='ocrx_word' id='word_1_76' title='bbox 1592 1254 1781 1309; x_wconf 83' lang='lat' dir='ltr'>amici.</span> 
     </span>
    </p>
   </div>
   <div class='ocr_carea' id='block_1_15' title="bbox 485 1326 2030 1401">
    <p class='ocr_par' dir='ltr' id='par_1_15' title="bbox 485 1326 2030 1401">
     <span class='ocr_line' id='line_1_15' title="bbox 485 1326 2030 1401; baseline 0.011 -20"><span class='ocrx_word' id='word_1_77' title='bbox 485 1326 727 1399; x_wconf 90' lang='lat' dir='ltr'>Oquam</span> <span class='ocrx_word' id='word_1_78' title='bbox 759 1348 941 1387; x_wconf 81' lang='lat' dir='ltr'>vanus</span> <span class='ocrx_word' id='word_1_79' title='bbox 980 1352 1167 1401; x_wconf 88' lang='lat' dir='ltr'>amor,</span> <span class='ocrx_word' id='word_1_80' title='bbox 1201 1354 1333 1391; x_wconf 90' lang='lat' dir='ltr'>cum</span> <span class='ocrx_word' id='word_1_81' title='bbox 1368 1340 1520 1394; x_wconf 83' lang='lat' dir='ltr'>cadit</span> <span class='ocrx_word' id='word_1_82' title='bbox 1554 1343 1747 1397; x_wconf 90' lang='lat' dir='ltr'>omnis</span> <span class='ocrx_word' id='word_1_83' title='bbox 1804 1344 2030 1400; x_wconf 86' lang='lat' dir='ltr'>honor!</span> 
     </span>
    </p>
   </div>
   <div class='ocr_carea' id='block_1_16' title="bbox 410 1415 1797 1499">
    <p class='ocr_par' dir='ltr' id='par_1_16' title="bbox 410 1415 1797 1499">
     <span class='ocr_line' id='line_1_16' title="bbox 410 1415 1797 1499; baseline 0.013 -30"><span class='ocrx_word' id='word_1_84' title='bbox 410 1415 664 1472; x_wconf 90' lang='lat' dir='ltr'>Brunoni</span> <span class='ocrx_word' id='word_1_85' title='bbox 698 1420 981 1489; x_wconf 83' lang='lat' dir='ltr'>dedimus,</span> <span class='ocrx_word' id='word_1_86' title='bbox 1009 1426 1165 1495; x_wconf 89' lang='lat' dir='ltr'>quod</span> <span class='ocrx_word' id='word_1_87' title='bbox 1183 1426 1407 1481; x_wconf 91' lang='lat' dir='ltr'>debitus</span> <span class='ocrx_word' id='word_1_88' title='bbox 1433 1429 1611 1499; x_wconf 81' lang='lat' dir='ltr'>exigit</span> <span class='ocrx_word' id='word_1_89' title='bbox 1644 1450 1797 1499; x_wconf 85' lang='lat' dir='ltr'>usus,</span> 
     </span>
    </p>
   </div>
   <div class='ocr_carea' id='block_1_17' title="bbox 385 1505 1906 1593">
    <p class='ocr_par' dir='ltr' id='par_1_17' title="bbox 385 1505 1906 1593">
     <span class='ocr_line' id='line_1_17' title="bbox 385 1505 1906 1593; baseline 0.013 -35"><span class='ocrx_word' id='word_1_90' title='bbox 385 1505 520 1560; x_wconf 83' lang='lat' dir='ltr'>-Vos</span> <span class='ocrx_word' id='word_1_91' title='bbox 542 1509 599 1560; x_wconf 90' lang='lat' dir='ltr'>et</span> <span class='ocrx_word' id='word_1_92' title='bbox 630 1507 784 1562; x_wconf 91' lang='lat' dir='ltr'>idem</span> <span class='ocrx_word' id='word_1_93' title='bbox 814 1512 1023 1565; x_wconf 89' lang='lat' dir='ltr'>nostris</span> <span class='ocrx_word' id='word_1_94' title='bbox 1051 1515 1358 1585; x_wconf 86' lang='lat' dir='ltr'>persolvite</span> <span class='ocrx_word' id='word_1_95' title='bbox 1390 1518 1906 1593; x_wconf 60' lang='lat' dir='ltr'>subtitulatis(’el;‘i)</span> 
     </span>
    </p>
   </div>
   <div class='ocr_carea' id='block_1_18' title="bbox 766 1596 1662 1678">
    <p class='ocr_par' dir='ltr' id='par_1_18' title="bbox 766 1596 1662 1678">
     <span class='ocr_line' id='line_1_18' title="bbox 766 1596 1662 1678; baseline 0.013 -27"><span class='ocrx_word' id='word_1_96' title='bbox 766 1596 828 1652; x_wconf 89' lang='lat' dir='ltr'>S.</span> <span class='ocrx_word' id='word_1_97' title='bbox 862 1598 1061 1655; x_wconf 69' lang='lat' dir='ltr'>Mariae</span> <span class='ocrx_word' id='word_1_98' title='bbox 1092 1602 1463 1660; x_wconf 74' lang='lat' dir='ltr'>Potileviensz&#39;s</span> <span class='ocrx_word' id='word_1_99' title='bbox 1498 1608 1662 1678; x_wconf 78' lang='grc'><strong>(416).</strong></span> 
     </span>
    </p>
   </div>
   <div class='ocr_carea' id='block_1_19' title="bbox 418 1683 2034 1765">
    <p class='ocr_par' dir='ltr' id='par_1_19' title="bbox 418 1683 2034 1765">
     <span class='ocr_line' id='line_1_19' title="bbox 418 1683 2034 1765; baseline 0.014 -30"><span class='ocrx_word' id='word_1_100' title='bbox 418 1683 536 1736; x_wconf 86' lang='grc'><strong>149.</strong></span> <span class='ocrx_word' id='word_1_101' title='bbox 568 1683 714 1738; x_wconf 82' lang='lat' dir='ltr'>Exiit</span> <span class='ocrx_word' id='word_1_102' title='bbox 742 1702 771 1739; x_wconf 88' lang='lat' dir='ltr'>e</span> <span class='ocrx_word' id='word_1_103' title='bbox 796 1688 1014 1742; x_wconf 92' lang='lat' dir='ltr'>mundo</span> <span class='ocrx_word' id='word_1_104' title='bbox 1039 1688 1153 1756; x_wconf 89' lang='lat' dir='ltr'>Vir,</span> <span class='ocrx_word' id='word_1_105' title='bbox 1188 1693 1391 1747; x_wconf 89' lang='lat' dir='ltr'>mundi</span> <span class='ocrx_word' id='word_1_106' title='bbox 1420 1699 1667 1765; x_wconf 83' lang='lat' dir='ltr'>spretor,</span> <span class='ocrx_word' id='word_1_107' title='bbox 1719 1699 1790 1753; x_wconf 90' lang='lat' dir='ltr'>ad</span> <span class='ocrx_word' id='word_1_108' title='bbox 1837 1699 2034 1758; x_wconf 65' lang='lat' dir='ltr'>illum,</span> 
     </span>
    </p>
   </div>
   <div class='ocr_carea' id='block_1_20' title="bbox 483 1771 1790 1855">
    <p class='ocr_par' dir='ltr' id='par_1_20' title="bbox 483 1771 1790 1855">
     <span class='ocr_line' id='line_1_20' title="bbox 483 1771 1790 1855; baseline 0.012 -30"><span class='ocrx_word' id='word_1_109' title='bbox 483 1771 589 1836; x_wconf 87' lang='lat' dir='ltr'>Qui</span> <span class='ocrx_word' id='word_1_110' title='bbox 622 1774 908 1830; x_wconf 92' lang='lat' dir='ltr'>mundum</span> <span class='ocrx_word' id='word_1_111' title='bbox 938 1776 1074 1832; x_wconf 89' lang='lat' dir='ltr'>fecit</span> <span class='ocrx_word' id='word_1_112' title='bbox 1103 1796 1279 1850; x_wconf 87' lang='lat' dir='ltr'>quem</span> <span class='ocrx_word' id='word_1_113' title='bbox 1308 1782 1428 1836; x_wconf 90' lang='lat' dir='ltr'>sine</span> <span class='ocrx_word' id='word_1_114' title='bbox 1462 1783 1575 1838; x_wconf 86' lang='lat' dir='ltr'>ﬁne</span> <span class='ocrx_word' id='word_1_115' title='bbox 1598 1785 1790 1855; x_wconf 89' lang='lat' dir='ltr'>videt;</span> 
     </span>
    </p>
   </div>
   <div class='ocr_carea' id='block_1_21' title="bbox 408 1859 2032 1949">
    <p class='ocr_par' dir='ltr' id='par_1_21' title="bbox 408 1859 2032 1949">
     <span class='ocr_line' id='line_1_21' title="bbox 408 1859 2032 1949; baseline 0.014 -37"><span class='ocrx_word' id='word_1_116' title='bbox 408 1860 477 1913; x_wconf 90' lang='lat' dir='ltr'>Et</span> <span class='ocrx_word' id='word_1_117' title='bbox 489 1859 619 1915; x_wconf 91' lang='lat' dir='ltr'>licet</span> <span class='ocrx_word' id='word_1_118' title='bbox 631 1861 1030 1936; x_wconf 89' lang='lat' dir='ltr'>hic,tanquam</span> <span class='ocrx_word' id='word_1_119' title='bbox 1044 1868 1603 1937; x_wconf 72' lang='lat' dir='ltr'>tcnebroSus,Bruno</span> <span class='ocrx_word' id='word_1_120' title='bbox 1624 1877 2032 1949; x_wconf 63' lang='lat' dir='ltr'>voceturHH),</span> 
     </span>
    </p>
   </div>
   <div class='ocr_carea' id='block_1_22' title="bbox 478 1950 1661 2017">
    <p class='ocr_par' dir='ltr' id='par_1_22' title="bbox 478 1950 1661 2017">
     <span class='ocr_line' id='line_1_22' title="bbox 478 1950 1661 2017; baseline 0.012 -14"><span class='ocrx_word' id='word_1_121' title='bbox 478 1950 573 2004; x_wconf 87' lang='lat' dir='ltr'>Est</span> <span class='ocrx_word' id='word_1_122' title='bbox 604 1954 799 2006; x_wconf 89' lang='lat' dir='ltr'>tamen</span> <span class='ocrx_word' id='word_1_123' title='bbox 832 1956 888 2007; x_wconf 91' lang='lat' dir='ltr'>et</span> <span class='ocrx_word' id='word_1_124' title='bbox 918 1954 1075 2009; x_wconf 89' lang='lat' dir='ltr'>fama</span> <span class='ocrx_word' id='word_1_125' title='bbox 1100 1956 1317 2012; x_wconf 91' lang='lat' dir='ltr'>lucidus</span> <span class='ocrx_word' id='word_1_126' title='bbox 1343 1964 1399 2013; x_wconf 90' lang='lat' dir='ltr'>et</span> <span class='ocrx_word' id='word_1_127' title='bbox 1422 1961 1661 2017; x_wconf 90' lang='lat' dir='ltr'>meritis.</span> 
     </span>
    </p>
   </div>
   <div class='ocr_carea' id='block_1_23' title="bbox 412 2037 1796 2121">
    <p class='ocr_par' dir='ltr' id='par_1_23' title="bbox 412 2037 1796 2121">
     <span class='ocr_line' id='line_1_23' title="bbox 412 2037 1796 2121; baseline 0.012 -30"><span class='ocrx_word' id='word_1_128' title='bbox 412 2037 558 2093; x_wconf 91' lang='lat' dir='ltr'>Luce</span> <span class='ocrx_word' id='word_1_129' title='bbox 588 2039 689 2094; x_wconf 92' lang='lat' dir='ltr'>Dei</span> <span class='ocrx_word' id='word_1_130' title='bbox 710 2040 940 2109; x_wconf 87' lang='lat' dir='ltr'>fruitur,</span> <span class='ocrx_word' id='word_1_131' title='bbox 974 2045 1110 2114; x_wconf 87' lang='lat' dir='ltr'>quia</span> <span class='ocrx_word' id='word_1_132' title='bbox 1142 2046 1331 2101; x_wconf 90' lang='lat' dir='ltr'>lucem</span> <span class='ocrx_word' id='word_1_133' title='bbox 1354 2051 1575 2119; x_wconf 90' lang='lat' dir='ltr'>respuit</span> <span class='ocrx_word' id='word_1_134' title='bbox 1602 2050 1796 2121; x_wconf 90' lang='lat' dir='ltr'>istam,</span> 
     </span>
    </p>
   </div>
   <div class='ocr_carea' id='block_1_24' title="bbox 482 2127 1553 2207">
    <p class='ocr_par' dir='ltr' id='par_1_24' title="bbox 482 2127 1553 2207">
     <span class='ocr_line' id='line_1_24' title="bbox 482 2127 1553 2207; baseline 0.012 -27"><span class='ocrx_word' id='word_1_135' title='bbox 482 2127 549 2180; x_wconf 87' lang='lat' dir='ltr'>Et</span> <span class='ocrx_word' id='word_1_136' title='bbox 574 2145 677 2199; x_wconf 91' lang='lat' dir='ltr'>pro</span> <span class='ocrx_word' id='word_1_137' title='bbox 711 2129 936 2186; x_wconf 90' lang='lat' dir='ltr'>deserto</span> <span class='ocrx_word' id='word_1_138' title='bbox 964 2133 1159 2188; x_wconf 86' lang='lat' dir='ltr'>coelica</span> <span class='ocrx_word' id='word_1_139' title='bbox 1188 2152 1370 2207; x_wconf 90' lang='lat' dir='ltr'>regna</span> <span class='ocrx_word' id='word_1_140' title='bbox 1399 2138 1553 2193; x_wconf 90' lang='lat' dir='ltr'>colit.</span> 
     </span>
    </p>
   </div>
   <div class='ocr_carea' id='block_1_25' title="bbox 411 2214 1688 2297">
    <p class='ocr_par' dir='ltr' id='par_1_25' title="bbox 411 2214 1688 2297">
     <span class='ocr_line' id='line_1_25' title="bbox 411 2214 1688 2297; baseline 0.013 -29"><span class='ocrx_word' id='word_1_141' title='bbox 411 2214 520 2270; x_wconf 88' lang='lat' dir='ltr'>Vos</span> <span class='ocrx_word' id='word_1_142' title='bbox 551 2215 744 2286; x_wconf 84' lang='lat' dir='ltr'>igitur,</span> <span class='ocrx_word' id='word_1_143' title='bbox 767 2217 994 2286; x_wconf 87' lang='lat' dir='ltr'>fratres,</span> <span class='ocrx_word' id='word_1_144' title='bbox 1029 2237 1135 2291; x_wconf 92' lang='lat' dir='ltr'>pro</span> <span class='ocrx_word' id='word_1_145' title='bbox 1166 2223 1299 2279; x_wconf 71' lang='lat' dir='ltr'>lzeto</span> <span class='ocrx_word' id='word_1_146' title='bbox 1321 2242 1393 2279; x_wconf 92' lang='lat' dir='ltr'>ne</span> <span class='ocrx_word' id='word_1_147' title='bbox 1426 2227 1688 2297; x_wconf 80' lang='lat' dir='ltr'>deleatis,</span> 
     </span>
    </p>
   </div>
   <div class='ocr_carea' id='block_1_26' title="bbox 479 2304 1570 2385">
    <p class='ocr_par' dir='ltr' id='par_1_26' title="bbox 479 2304 1570 2385">
     <span class='ocr_line' id='line_1_26' title="bbox 479 2304 1570 2385; baseline 0.013 -29"><span class='ocrx_word' id='word_1_148' title='bbox 479 2304 611 2357; x_wconf 89' lang='lat' dir='ltr'>Esse</span> <span class='ocrx_word' id='word_1_149' title='bbox 644 2322 773 2360; x_wconf 90' lang='lat' dir='ltr'>suos</span> <span class='ocrx_word' id='word_1_150' title='bbox 795 2307 954 2362; x_wconf 76' lang='lat' dir='ltr'>laetos</span> <span class='ocrx_word' id='word_1_151' title='bbox 978 2309 1143 2364; x_wconf 75' lang='lat' dir='ltr'>laetus</span> <span class='ocrx_word' id='word_1_152' title='bbox 1174 2315 1231 2365; x_wconf 91' lang='lat' dir='ltr'>et</span> <span class='ocrx_word' id='word_1_153' title='bbox 1256 2312 1375 2383; x_wconf 87' lang='lat' dir='ltr'>ipse</span> <span class='ocrx_word' id='word_1_154' title='bbox 1394 2315 1570 2385; x_wconf 90' lang='lat' dir='ltr'>cupit.</span> 
     </span>
    </p>
   </div>
   <div class='ocr_carea' id='block_1_27' title="bbox 411 2391 1821 2475">
    <p class='ocr_par' dir='ltr' id='par_1_27' title="bbox 411 2391 1821 2475">
     <span class='ocr_line' id='line_1_27' title="bbox 411 2391 1821 2475; baseline 0.01 -28"><span class='ocrx_word' id='word_1_155' title='bbox 411 2391 469 2447; x_wconf 90' lang='lat' dir='ltr'>Si</span> <span class='ocrx_word' id='word_1_156' title='bbox 499 2392 636 2464; x_wconf 88' lang='lat' dir='ltr'>quid</span> <span class='ocrx_word' id='word_1_157' title='bbox 663 2393 713 2447; x_wconf 92' lang='lat' dir='ltr'>ei</span> <span class='ocrx_word' id='word_1_158' title='bbox 746 2394 936 2450; x_wconf 91' lang='lat' dir='ltr'>minus</span> <span class='ocrx_word' id='word_1_159' title='bbox 955 2400 1058 2464; x_wconf 92' lang='lat' dir='ltr'>est,</span> <span class='ocrx_word' id='word_1_160' title='bbox 1085 2400 1234 2453; x_wconf 89' lang='lat' dir='ltr'>Deus</span> <span class='ocrx_word' id='word_1_161' title='bbox 1261 2401 1341 2454; x_wconf 94' lang='lat' dir='ltr'>illi</span> <span class='ocrx_word' id='word_1_162' title='bbox 1368 2405 1660 2475; x_wconf 89' lang='lat' dir='ltr'>compleat</span> <span class='ocrx_word' id='word_1_163' title='bbox 1681 2405 1821 2461; x_wconf 92' lang='lat' dir='ltr'>illud</span> 
     </span>
    </p>
   </div>
   <div class='ocr_carea' id='block_1_28' title="bbox 475 2480 1638 2560">
    <p class='ocr_par' dir='ltr' id='par_1_28' title="bbox 475 2480 1638 2560">
     <span class='ocr_line' id='line_1_28' title="bbox 475 2480 1638 2560; baseline 0.012 -27"><span class='ocrx_word' id='word_1_164' title='bbox 475 2480 544 2534; x_wconf 90' lang='lat' dir='ltr'>Et</span> <span class='ocrx_word' id='word_1_165' title='bbox 574 2484 795 2537; x_wconf 87' lang='lat' dir='ltr'>nostras</span> <span class='ocrx_word' id='word_1_166' title='bbox 824 2484 1025 2538; x_wconf 84' lang='lat' dir='ltr'>vestris</span> <span class='ocrx_word' id='word_1_167' title='bbox 1039 2486 1253 2559; x_wconf 86' lang='lat' dir='ltr'>jungat</span> <span class='ocrx_word' id='word_1_168' title='bbox 1276 2489 1327 2542; x_wconf 91' lang='lat' dir='ltr'>ei</span> <span class='ocrx_word' id='word_1_169' title='bbox 1358 2492 1638 2560; x_wconf 86' lang='lat' dir='ltr'>precibus.</span> 
     </span>
    </p>
   </div>
   <div class='ocr_carea' id='block_1_29' title="bbox 1047 2574 1400 2632">
    <p class='ocr_par' dir='ltr' id='par_1_29' title="bbox 1047 2574 1400 2632">
     <span class='ocr_line' id='line_1_29' title="bbox 1047 2574 1400 2632; baseline 0.011 -4"><span class='ocrx_word' id='word_1_170' title='bbox 1047 2574 1287 2632; x_wconf 86' lang='lat' dir='ltr'>SECTIO</span> <span class='ocrx_word' id='word_1_171' title='bbox 1312 2578 1400 2632; x_wconf 89' lang='lat' dir='ltr'>Vl.</span> 
     </span>
    </p>
   </div>
   <div class='ocr_carea' id='block_1_30' title="bbox 549 2658 1855 2743">
    <p class='ocr_par' dir='ltr' id='par_1_30' title="bbox 549 2658 1855 2743">
     <span class='ocr_line' id='line_1_30' title="bbox 549 2658 1855 2743; baseline 0.012 -32"><span class='ocrx_word' id='word_1_172' title='bbox 549 2658 762 2713; x_wconf 76' lang='lat' dir='ltr'>Titulus</span> <span class='ocrx_word' id='word_1_173' title='bbox 785 2659 847 2714; x_wconf 93' lang='lat' dir='ltr'>S.</span> <span class='ocrx_word' id='word_1_174' title='bbox 872 2660 1070 2717; x_wconf 52' lang='lat' dir='ltr'>illam}?</span> <span class='ocrx_word' id='word_1_175' title='bbox 1101 2663 1409 2735; x_wconf 77' lang='lat' dir='ltr'>Bajocensis</span> <span class='ocrx_word' id='word_1_176' title='bbox 1430 2669 1657 2725; x_wconf 62' lang='lat' dir='ltr'>ecclesiae</span> <span class='ocrx_word' id='word_1_177' title='bbox 1689 2672 1855 2743; x_wconf 78' lang='grc'><strong>(416).</strong></span> 
     </span>
    </p>
   </div>
   <div class='ocr_carea' id='block_1_31' title="bbox 412 2747 2012 2832">
    <p class='ocr_par' dir='ltr' id='par_1_31' title="bbox 412 2747 2012 2832">
     <span class='ocr_line' id='line_1_31' title="bbox 412 2747 2012 2832; baseline 0.011 -31"><span class='ocrx_word' id='word_1_178' title='bbox 412 2750 532 2802; x_wconf 91' lang='grc'><strong>150.</strong></span> <span class='ocrx_word' id='word_1_179' title='bbox 557 2747 876 2804; x_wconf 89' lang='lat' dir='ltr'>Strennuus</span> <span class='ocrx_word' id='word_1_180' title='bbox 906 2754 963 2805; x_wconf 91' lang='lat' dir='ltr'>et</span> <span class='ocrx_word' id='word_1_181' title='bbox 987 2752 1150 2806; x_wconf 91' lang='lat' dir='ltr'>fortis</span> <span class='ocrx_word' id='word_1_182' title='bbox 1188 2762 1557 2813; x_wconf 88' lang='lat' dir='ltr'>conservator</span> <span class='ocrx_word' id='word_1_183' title='bbox 1570 2763 2012 2832; x_wconf 89' lang='lat' dir='ltr'>monachorum,</span> 
     </span>
    </p>
   </div>
   <div class='ocr_carea' id='block_1_32' title="bbox 408 2836 1764 2917">
    <p class='ocr_par' dir='ltr' id='par_1_32' title="bbox 408 2836 1764 2917">
     <span class='ocr_line' id='line_1_32' title="bbox 408 2836 1764 2917; baseline 0.011 -29"><span class='ocrx_word' id='word_1_184' title='bbox 408 2836 683 2891; x_wconf 87' lang='lat' dir='ltr'>Providus</span> <span class='ocrx_word' id='word_1_185' title='bbox 703 2841 760 2891; x_wconf 93' lang='lat' dir='ltr'>et</span> <span class='ocrx_word' id='word_1_186' title='bbox 796 2841 1018 2905; x_wconf 89' lang='lat' dir='ltr'>mortis,</span> <span class='ocrx_word' id='word_1_187' title='bbox 1045 2840 1319 2898; x_wconf 87' lang='lat' dir='ltr'>fundator</span> <span class='ocrx_word' id='word_1_188' title='bbox 1349 2846 1764 2917; x_wconf 88' lang='lat' dir='ltr'>coenobiorum,</span> 
     </span>
    </p>
   </div>
   <div class='ocr_carea' id='block_1_33' title="bbox 407 2922 2009 3009">
    <p class='ocr_par' dir='ltr' id='par_1_33' title="bbox 407 2922 2009 3009">
     <span class='ocr_line' id='line_1_33' title="bbox 407 2922 2009 3009; baseline 0.012 -33"><span class='ocrx_word' id='word_1_189' title='bbox 407 2922 865 2998; x_wconf 87' lang='lat' dir='ltr'>Sanctorumque</span> <span class='ocrx_word' id='word_1_190' title='bbox 890 2929 1126 2984; x_wconf 88' lang='lat' dir='ltr'>Patrum</span> <span class='ocrx_word' id='word_1_191' title='bbox 1156 2932 1311 3001; x_wconf 88' lang='lat' dir='ltr'>prius</span> <span class='ocrx_word' id='word_1_192' title='bbox 1356 2938 1413 2987; x_wconf 91' lang='lat' dir='ltr'>et</span> <span class='ocrx_word' id='word_1_193' title='bbox 1451 2935 1703 2992; x_wconf 89' lang='lat' dir='ltr'>clemens</span> <span class='ocrx_word' id='word_1_194' title='bbox 1733 2937 2009 3009; x_wconf 89' lang='lat' dir='ltr'>imitator,</span> 
     </span>
    </p>
   </div>
   <div class='ocr_carea' id='block_1_34' title="bbox 409 3010 1725 3093">
    <p class='ocr_par' dir='ltr' id='par_1_34' title="bbox 409 3010 1725 3093">
     <span class='ocr_line' id='line_1_34' title="bbox 409 3010 1725 3093; baseline 0.011 -28"><span class='ocrx_word' id='word_1_195' title='bbox 409 3010 680 3067; x_wconf 88' lang='lat' dir='ltr'>Solamen</span> <span class='ocrx_word' id='word_1_196' title='bbox 702 3014 968 3084; x_wconf 84' lang='lat' dir='ltr'>fratrum,</span> <span class='ocrx_word' id='word_1_197' title='bbox 995 3023 1203 3073; x_wconf 73' lang='lat' dir='ltr'>sanctas</span> <span class='ocrx_word' id='word_1_198' title='bbox 1226 3020 1448 3076; x_wconf 89' lang='lat' dir='ltr'>virtutis</span> <span class='ocrx_word' id='word_1_199' title='bbox 1479 3029 1725 3093; x_wconf 89' lang='lat' dir='ltr'>amator,</span> 
     </span>
    </p>
   </div>
   <div class='ocr_carea' id='block_1_35' title="bbox 407 3101 1838 3183">
    <p class='ocr_par' dir='ltr' id='par_1_35' title="bbox 407 3101 1838 3183">
     <span class='ocr_line' id='line_1_35' title="bbox 407 3101 1838 3183; baseline 0.012 -29"><span class='ocrx_word' id='word_1_200' title='bbox 407 3101 625 3155; x_wconf 85' lang='lat' dir='ltr'>Morum</span> <span class='ocrx_word' id='word_1_201' title='bbox 658 3107 947 3159; x_wconf 91' lang='lat' dir='ltr'>corrector</span> <span class='ocrx_word' id='word_1_202' title='bbox 968 3106 1173 3176; x_wconf 82' lang='lat' dir='ltr'>justus,</span> <span class='ocrx_word' id='word_1_203' title='bbox 1202 3109 1297 3178; x_wconf 87' lang='lat' dir='ltr'>pia</span> <span class='ocrx_word' id='word_1_204' title='bbox 1320 3127 1447 3182; x_wconf 87' lang='lat' dir='ltr'>spes</span> <span class='ocrx_word' id='word_1_205' title='bbox 1473 3113 1838 3183; x_wconf 88' lang='lat' dir='ltr'>miserorum,</span> 
     </span>
    </p>
   </div>
   <div class='ocr_carea' id='block_1_36' title="bbox 408 3190 1731 3271">
    <p class='ocr_par' dir='ltr' id='par_1_36' title="bbox 408 3190 1731 3271">
     <span class='ocr_line' id='line_1_36' title="bbox 408 3190 1731 3271; baseline 0.011 -29"><span class='ocrx_word' id='word_1_206' title='bbox 408 3190 624 3244; x_wconf 73' lang='lat' dir='ltr'>Justitae</span> <span class='ocrx_word' id='word_1_207' title='bbox 656 3195 863 3258; x_wconf 89' lang='lat' dir='ltr'>rector,</span> <span class='ocrx_word' id='word_1_208' title='bbox 892 3198 1079 3249; x_wconf 89' lang='lat' dir='ltr'>custos</span> <span class='ocrx_word' id='word_1_209' title='bbox 1109 3200 1166 3250; x_wconf 90' lang='lat' dir='ltr'>et</span> <span class='ocrx_word' id='word_1_210' title='bbox 1183 3197 1391 3268; x_wconf 87' lang='lat' dir='ltr'>ubique</span> <span class='ocrx_word' id='word_1_211' title='bbox 1421 3200 1731 3271; x_wconf 90' lang='lat' dir='ltr'>bonorum,</span> 
     </span>
    </p>
   </div>
   <div class='ocr_carea' id='block_1_37' title="bbox 408 3277 1699 3358">
    <p class='ocr_par' dir='ltr' id='par_1_37' title="bbox 408 3277 1699 3358">
     <span class='ocr_line' id='line_1_37' title="bbox 408 3277 1699 3358; baseline 0.01 -27"><span class='ocrx_word' id='word_1_212' title='bbox 408 3277 657 3331; x_wconf 86' lang='lat' dir='ltr'>Moribus</span> <span class='ocrx_word' id='word_1_213' title='bbox 684 3283 940 3347; x_wconf 88' lang='lat' dir='ltr'>ornatus,</span> <span class='ocrx_word' id='word_1_214' title='bbox 973 3298 1069 3336; x_wconf 91' lang='lat' dir='ltr'>vas</span> <span class='ocrx_word' id='word_1_215' title='bbox 1094 3287 1152 3337; x_wconf 90' lang='lat' dir='ltr'>et</span> <span class='ocrx_word' id='word_1_216' title='bbox 1182 3285 1419 3353; x_wconf 88' lang='lat' dir='ltr'>plenum</span> <span class='ocrx_word' id='word_1_217' title='bbox 1450 3288 1699 3358; x_wconf 88' lang='lat' dir='ltr'>pietatis,</span> 
     </span>
    </p>
   </div>
   <div class='ocr_carea' id='block_1_38' title="bbox 414 3363 1693 3445">
    <p class='ocr_par' dir='ltr' id='par_1_38' title="bbox 414 3363 1693 3445">
     <span class='ocr_line' id='line_1_38' title="bbox 414 3363 1693 3445; baseline 0.012 -28"><span class='ocrx_word' id='word_1_218' title='bbox 414 3363 661 3418; x_wconf 84' lang='lat' dir='ltr'>Fortiter</span> <span class='ocrx_word' id='word_1_219' title='bbox 678 3370 936 3421; x_wconf 89' lang='lat' dir='ltr'>armatus</span> <span class='ocrx_word' id='word_1_220' title='bbox 951 3369 1149 3439; x_wconf 82' lang='lat' dir='ltr'>clypeo</span> <span class='ocrx_word' id='word_1_221' title='bbox 1182 3388 1330 3426; x_wconf 69' lang='lat' dir='ltr'>versa</span> <span class='ocrx_word' id='word_1_222' title='bbox 1362 3376 1693 3445; x_wconf 85' lang='lat' dir='ltr'>probitatis,</span> 
     </span>
    </p>
   </div>
   <div class='ocr_carea' id='block_1_39' title="bbox 417 3452 1632 3532">
    <p class='ocr_par' dir='ltr' id='par_1_39' title="bbox 417 3452 1632 3532">
     <span class='ocr_line' id='line_1_39' title="bbox 417 3452 1632 3532; baseline 0.012 -27"><span class='ocrx_word' id='word_1_223' title='bbox 417 3452 695 3509; x_wconf 68' lang='lat' dir='ltr'>Humana:</span> <span class='ocrx_word' id='word_1_224' title='bbox 727 3456 916 3509; x_wconf 90' lang='lat' dir='ltr'>Bruno</span> <span class='ocrx_word' id='word_1_225' title='bbox 944 3457 1114 3512; x_wconf 87' lang='lat' dir='ltr'>subiit</span> <span class='ocrx_word' id='word_1_226' title='bbox 1134 3459 1229 3529; x_wconf 87' lang='lat' dir='ltr'>jus</span> <span class='ocrx_word' id='word_1_227' title='bbox 1260 3463 1632 3532; x_wconf 91' lang='lat' dir='ltr'>conditionis,</span> 
     </span>
    </p>
   </div>
   <div class='ocr_carea' id='block_1_40' title="bbox 423 3540 1701 3623">
    <p class='ocr_par' dir='ltr' id='par_1_40' title="bbox 423 3540 1701 3623">
     <span class='ocr_line' id='line_1_40' title="bbox 423 3540 1701 3623; baseline 0.01 -28"><span class='ocrx_word' id='word_1_228' title='bbox 423 3540 671 3596; x_wconf 71' lang='lat' dir='ltr'>Caetibus</span> <span class='ocrx_word' id='word_1_229' title='bbox 687 3543 961 3614; x_wconf 63' lang='lat' dir='ltr'>angelicae</span> <span class='ocrx_word' id='word_1_230' title='bbox 978 3547 1417 3619; x_wconf 90' lang='lat' dir='ltr'>conjungendus</span> <span class='ocrx_word' id='word_1_231' title='bbox 1435 3552 1701 3623; x_wconf 86' lang='lat' dir='ltr'>legionis.</span> 
     </span>
    </p>
   </div>
   <div class='ocr_carea' id='block_1_41' title="bbox 422 3628 1841 3704">
    <p class='ocr_par' dir='ltr' id='par_1_41' title="bbox 422 3628 1841 3704">
     <span class='ocr_line' id='line_1_41' title="bbox 422 3628 1841 3704; baseline 0.012 -22"><span class='ocrx_word' id='word_1_232' title='bbox 422 3628 547 3683; x_wconf 91' lang='lat' dir='ltr'>Non</span> <span class='ocrx_word' id='word_1_233' title='bbox 569 3629 647 3684; x_wconf 93' lang='lat' dir='ltr'>ibi</span> <span class='ocrx_word' id='word_1_234' title='bbox 675 3637 936 3704; x_wconf 88' lang='lat' dir='ltr'>raptores</span> <span class='ocrx_word' id='word_1_235' title='bbox 959 3634 1243 3703; x_wconf 89' lang='lat' dir='ltr'>habitant,</span> <span class='ocrx_word' id='word_1_236' title='bbox 1277 3655 1381 3692; x_wconf 88' lang='lat' dir='ltr'>nec</span> <span class='ocrx_word' id='word_1_237' title='bbox 1412 3642 1581 3696; x_wconf 89' lang='lat' dir='ltr'>turba</span> <span class='ocrx_word' id='word_1_238' title='bbox 1610 3642 1841 3698; x_wconf 88' lang='lat' dir='ltr'>rebellis</span> 
     </span>
    </p>
   </div>
   <div class='ocr_carea' id='block_1_42' title="bbox 498 3751 1171 3826">
    <p class='ocr_par' dir='ltr' id='par_1_42' title="bbox 498 3751 1171 3826">
     <span class='ocr_line' id='line_1_42' title="bbox 498 3751 1171 3826; baseline 0.007 -20"><span class='ocrx_word' id='word_1_239' title='bbox 498 3751 643 3826; x_wconf 90' lang='grc'><strong>(415)</strong></span> <span class='ocrx_word' id='word_1_240' title='bbox 676 3754 782 3808; x_wconf 82' lang='lat' dir='ltr'>Adi</span> <span class='ocrx_word' id='word_1_241' title='bbox 814 3758 1014 3811; x_wconf 89' lang='lat' dir='ltr'>notam</span> <span class='ocrx_word' id='word_1_242' title='bbox 1050 3760 1171 3813; x_wconf 89' lang='grc'><strong>352.</strong></span> 
     </span>
    </p>
   </div>
   <div class='ocr_carea' id='block_1_43' title="bbox 496 3826 2039 3909">
    <p class='ocr_par' dir='ltr' id='par_1_43' title="bbox 496 3826 2039 3909">
     <span class='ocr_line' id='line_1_43' title="bbox 496 3826 2039 3909; baseline 0.008 -30"><span class='ocrx_word' id='word_1_243' title='bbox 496 3827 647 3907; x_wconf 73' lang='grc'><strong>(416)</strong></span> <span class='ocrx_word' id='word_1_244' title='bbox 687 3826 801 3881; x_wconf 87' lang='lat' dir='ltr'>Hoc</span> <span class='ocrx_word' id='word_1_245' title='bbox 838 3828 1185 3909; x_wconf 88' lang='lat' dir='ltr'>coenobium,</span> <span class='ocrx_word' id='word_1_246' title='bbox 1220 3831 1372 3909; x_wconf 81' lang='lat' dir='ltr'>quod</span> <span class='ocrx_word' id='word_1_247' title='bbox 1419 3834 1787 3909; x_wconf 65' lang='lat' dir='ltr'>sanctissimae</span> <span class='ocrx_word' id='word_1_248' title='bbox 1818 3837 2039 3909; x_wconf 84' lang='lat' dir='ltr'>Virgini</span> 
     </span>
    </p>
   </div>
   <div class='ocr_carea' id='block_1_44' title="bbox 426 3896 2039 3973">
    <p class='ocr_par' dir='ltr' id='par_1_44' title="bbox 426 3896 2039 3973">
     <span class='ocr_line' id='line_1_44' title="bbox 426 3896 2039 3973; baseline 0.006 -21"><span class='ocrx_word' id='word_1_249' title='bbox 426 3896 615 3973; x_wconf 71' lang='lat' dir='ltr'>Maria:</span> <span class='ocrx_word' id='word_1_250' title='bbox 668 3914 895 3973; x_wconf 71' lang='lat' dir='ltr'>sacrum</span> <span class='ocrx_word' id='word_1_251' title='bbox 926 3904 1034 3973; x_wconf 76' lang='lat' dir='ltr'>est,</span> <span class='ocrx_word' id='word_1_252' title='bbox 1084 3896 1357 3973; x_wconf 77' lang='lat' dir='ltr'>quodque</span> <span class='ocrx_word' id='word_1_253' title='bbox 1397 3904 1466 3956; x_wconf 89' lang='lat' dir='ltr'>ab</span> <span class='ocrx_word' id='word_1_254' title='bbox 1525 3905 1649 3959; x_wconf 88' lang='lat' dir='ltr'>aliis</span> <span class='ocrx_word' id='word_1_255' title='bbox 1677 3896 2039 3962; x_wconf 50' lang='lat' dir='ltr'>Pontilevium</span> 
     </span>
    </p>
   </div>
   <div class='ocr_carea' id='block_1_45' title="bbox 429 3968 2038 4050">
    <p class='ocr_par' dir='ltr' id='par_1_45' title="bbox 429 3968 2038 4050">
     <span class='ocr_line' id='line_1_45' title="bbox 429 3968 2038 4050; baseline 0.008 -30"><span class='ocrx_word' id='word_1_256' title='bbox 429 3972 688 4050; x_wconf 71' lang='lat' dir='ltr'>vocatur,</span> <span class='ocrx_word' id='word_1_257' title='bbox 718 3968 777 4022; x_wconf 89' lang='lat' dir='ltr'>in</span> <span class='ocrx_word' id='word_1_258' title='bbox 812 3969 1038 4050; x_wconf 46' lang='lat' dir='ltr'>dioecesi</span> <span class='ocrx_word' id='word_1_259' title='bbox 1080 3968 1334 4050; x_wconf 67' lang='lat' dir='ltr'>Bleserisi</span> <span class='ocrx_word' id='word_1_260' title='bbox 1368 3974 1541 4027; x_wconf 87' lang='lat' dir='ltr'>situm</span> <span class='ocrx_word' id='word_1_261' title='bbox 1573 3978 1677 4042; x_wconf 87' lang='lat' dir='ltr'>est,</span> <span class='ocrx_word' id='word_1_262' title='bbox 1718 3980 2038 4050; x_wconf 67' lang='lat' dir='ltr'>saeculoque</span> 
     </span>
    </p>
   </div>
   <div class='ocr_carea' id='block_1_46' title="bbox 431 4039 2040 4119">
    <p class='ocr_par' dir='ltr' id='par_1_46' title="bbox 431 4039 2040 4119">
     <span class='ocr_line' id='line_1_46' title="bbox 431 4039 2040 4119; baseline 0.007 -27"><span class='ocrx_word' id='word_1_263' title='bbox 431 4039 763 4119; x_wconf 64' lang='lat' dir='ltr'>undecimo,</span> <span class='ocrx_word' id='word_1_264' title='bbox 812 4043 874 4119; x_wconf 77' lang='lat' dir='ltr'>ut</span> <span class='ocrx_word' id='word_1_265' title='bbox 899 4041 1467 4119; x_wconf 41' lang='lat' dir='ltr'>Galliaa‘tlhristianaa</span> <span class='ocrx_word' id='word_1_266' title='bbox 1511 4039 1690 4099; x_wconf 72' lang='lat' dir='ltr'>auctae</span> <span class='ocrx_word' id='word_1_267' title='bbox 1723 4039 2040 4119; x_wconf 70' lang='lat' dir='ltr'>Scriptores</span> 
     </span>
    </p>
   </div>
   <div class='ocr_carea' id='block_1_47' title="bbox 436 4109 1859 4178">
    <p class='ocr_par' dir='ltr' id='par_1_47' title="bbox 436 4109 1859 4178">
     <span class='ocr_line' id='line_1_47' title="bbox 436 4109 1859 4178; baseline 0.006 -14"><span class='ocrx_word' id='word_1_268' title='bbox 436 4112 581 4164; x_wconf 87' lang='lat' dir='ltr'>tom.</span> <span class='ocrx_word' id='word_1_269' title='bbox 620 4109 750 4173; x_wconf 92' lang='lat' dir='ltr'>Vlll,</span> <span class='ocrx_word' id='word_1_270' title='bbox 780 4110 888 4163; x_wconf 92' lang='lat' dir='ltr'>col.</span> <span class='ocrx_word' id='word_1_271' title='bbox 927 4113 1061 4164; x_wconf 80' lang='grc'>1379</span> <span class='ocrx_word' id='word_1_272' title='bbox 1086 4111 1315 4178; x_wconf 85' lang='lat' dir='ltr'>docent,</span> <span class='ocrx_word' id='word_1_273' title='bbox 1349 4114 1456 4166; x_wconf 90' lang='lat' dir='ltr'>fuit</span> <span class='ocrx_word' id='word_1_274' title='bbox 1487 4109 1859 4172; x_wconf 62' lang='lat' dir='ltr'>exstructum:</span> 
     </span>
    </p>
   </div>
   <div class='ocr_carea' id='block_1_48' title="bbox 508 4179 2043 4258">
    <p class='ocr_par' dir='ltr' id='par_1_48' title="bbox 508 4179 2043 4258">
     <span class='ocr_line' id='line_1_48' title="bbox 508 4179 2043 4258; baseline 0.007 -25"><span class='ocrx_word' id='word_1_275' title='bbox 508 4182 657 4258; x_wconf 60' lang='lat' dir='ltr'>g4l7_)_</span> <span class='ocrx_word' id='word_1_276' title='bbox 682 4179 1064 4258; x_wconf 40' lang='lat' dir='ltr'>Alluditurnad</span> <span class='ocrx_word' id='word_1_277' title='bbox 1091 4197 1307 4258; x_wconf 67' lang='lat' dir='ltr'>nomen</span> <span class='ocrx_word' id='word_1_278' title='bbox 1332 4184 1633 4258; x_wconf 81' lang='lat' dir='ltr'>B_runon_is,</span> <span class='ocrx_word' id='word_1_279' title='bbox 1667 4188 1818 4258; x_wconf 90' lang='lat' dir='ltr'>quod</span> <span class='ocrx_word' id='word_1_280' title='bbox 1852 4206 1885 4243; x_wconf 91' lang='lat' dir='ltr'>a</span> <span class='ocrx_word' id='word_1_281' title='bbox 1944 4207 2043 4245; x_wconf 89' lang='lat' dir='ltr'>no-</span> 
     </span>
    </p>
   </div>
   <div class='ocr_carea' id='block_1_49' title="bbox 441 4249 2040 4326">
    <p class='ocr_par' dir='ltr' id='par_1_49' title="bbox 441 4249 2040 4326">
     <span class='ocr_line' id='line_1_49' title="bbox 441 4249 2040 4326; baseline 0.008 -23"><span class='ocrx_word' id='word_1_282' title='bbox 441 4250 598 4326; x_wconf 72' lang='lat' dir='ltr'>mine</span> <span class='ocrx_word' id='word_1_283' title='bbox 616 4250 929 4326; x_wconf 71' lang='lat' dir='ltr'>Teutonico</span> <span class='ocrx_word' id='word_1_284' title='bbox 950 4249 1495 4326; x_wconf 86' lang='lat' dir='ltr'>B_ra_un,_Flan_drico</span> <span class='ocrx_word' id='word_1_285' title='bbox 1531 4249 1721 4326; x_wconf 62' lang='lat' dir='ltr'>Bruyh</span> <span class='ocrx_word' id='word_1_286' title='bbox 1755 4262 1809 4312; x_wconf 91' lang='lat' dir='ltr'>et</span> <span class='ocrx_word' id='word_1_287' title='bbox 1830 4260 2040 4315; x_wconf 87' lang='lat' dir='ltr'>Gallico</span> 
     </span>
    </p>
   </div>
   <div class='ocr_carea' id='block_1_50' title="bbox 442 4320 2120 4404">
    <p class='ocr_par' dir='ltr' id='par_1_50' title="bbox 442 4320 2120 4404">
     <span class='ocr_line' id='line_1_50' title="bbox 442 4320 2120 4404; baseline 0.008 -30"><span class='ocrx_word' id='word_1_288' title='bbox 442 4321 629 4404; x_wconf 52' lang='lat' dir='ltr'>Brut},</span> <span class='ocrx_word' id='word_1_289' title='bbox 646 4320 824 4404; x_wconf 82' lang='lat' dir='ltr'>idem,</span> <span class='ocrx_word' id='word_1_290' title='bbox 859 4321 1011 4404; x_wconf 78' lang='lat' dir='ltr'>quod</span> <span class='ocrx_word' id='word_1_291' title='bbox 1053 4322 1529 4404; x_wconf 41' lang='lat' dir='ltr'>‘Latine‘Fuscum</span> <span class='ocrx_word' id='word_1_292' title='bbox 1578 4320 1677 4404; x_wconf 76' lang='lat' dir='ltr'>seu</span> <span class='ocrx_word' id='word_1_293' title='bbox 1705 4327 2043 4402; x_wconf 76' lang='lat' dir='ltr'>Subnz‘grum</span> <span class='ocrx_word' id='word_1_294' title='bbox 2066 4345 2120 4404; x_wconf 81' lang='lat'>1)</span> 
     </span>
    </p>
   </div>
   <div class='ocr_carea' id='block_1_51' title="bbox 442 4391 1621 4476">
    <p class='ocr_par' dir='ltr' id='par_1_51' title="bbox 442 4391 1621 4476">
     <span class='ocr_line' id='line_1_51' title="bbox 442 4391 1621 4476; baseline 0.004 -30"><span class='ocrx_word' id='word_1_295' title='bbox 442 4392 826 4476; x_wconf 64' lang='lat' dir='ltr'>significante,</span> <span class='ocrx_word' id='word_1_296' title='bbox 852 4391 1173 4476; x_wconf 43' lang='lat' dir='ltr'>.deductu&#39;m</span> <span class='ocrx_word' id='word_1_297' title='bbox 1190 4393 1383 4476; x_wconf 68' lang='lat' dir='ltr'>videri</span> <span class='ocrx_word' id='word_1_298' title='bbox 1416 4401 1621 4476; x_wconf 81' lang='lat' dir='ltr'>potest.</span> 
     </span>
    </p>
   </div>
   <div class='ocr_carea' id='block_1_52' title="bbox 516 4462 2044 4543">
    <p class='ocr_par' dir='ltr' id='par_1_52' title="bbox 516 4462 2044 4543">
     <span class='ocr_line' id='line_1_52' title="bbox 516 4462 2044 4543; baseline 0.008 -28"><span class='ocrx_word' id='word_1_299' title='bbox 516 4464 662 4543; x_wconf 63' lang='grc'><strong>(418)</strong></span> <span class='ocrx_word' id='word_1_300' title='bbox 698 4462 1089 4543; x_wconf 38' lang='lat' dir='ltr'>Sangus-sima;</span> <span class='ocrx_word' id='word_1_301' title='bbox 1104 4462 1493 4543; x_wconf 36' lang='lat' dir='ltr'>DeiIGenitrici</span> <span class='ocrx_word' id='word_1_302' title='bbox 1514 4475 1804 4543; x_wconf 89' lang='lat' dir='ltr'>sacra_est,</span> <span class='ocrx_word' id='word_1_303' title='bbox 1839 4489 2044 4543; x_wconf 90' lang='lat' dir='ltr'>quem-</span> 
     </span>
    </p>
   </div>
   <div class='ocr_carea' id='block_1_53' title="bbox 447 4532 2048 4611">
    <p class='ocr_par' dir='ltr' id='par_1_53' title="bbox 447 4532 2048 4611">
     <span class='ocr_line' id='line_1_53' title="bbox 447 4532 2048 4611; baseline 0.007 -25"><span class='ocrx_word' id='word_1_304' title='bbox 447 4532 776 4611; x_wconf 58' lang='lat' dir='ltr'>admodum</span> <span class='ocrx_word' id='word_1_305' title='bbox 795 4533 985 4611; x_wconf 55' lang='lat' dir='ltr'>Gallia</span> <span class='ocrx_word' id='word_1_306' title='bbox 1015 4534 1348 4611; x_wconf 69' lang='lat' dir='ltr'>Christianae</span> <span class='ocrx_word' id='word_1_307' title='bbox 1380 4542 1560 4611; x_wconf 60' lang='lat' dir='ltr'>aucta:</span> <span class='ocrx_word' id='word_1_308' title='bbox 1585 4532 1891 4611; x_wconf 66' lang='lat' dir='ltr'>scriptores</span> <span class='ocrx_word' id='word_1_309' title='bbox 1918 4546 1958 4596; x_wconf 92' lang='lat' dir='ltr'>t.</span> <span class='ocrx_word' id='word_1_310' title='bbox 1982 4544 2048 4597; x_wconf 80' lang='lat' dir='ltr'>XI</span> 
     </span>
    </p>
   </div>
   <div class='ocr_carea' id='block_1_54' title="bbox 447 4602 2045 4680">
    <p class='ocr_par' dir='ltr' id='par_1_54' title="bbox 447 4602 2045 4680">
     <span class='ocr_line' id='line_1_54' title="bbox 447 4602 2045 4680; baseline 0.007 -24"><span class='ocrx_word' id='word_1_311' title='bbox 447 4604 556 4657; x_wconf 90' lang='lat' dir='ltr'>col.</span> <span class='ocrx_word' id='word_1_312' title='bbox 596 4602 707 4680; x_wconf 66' lang='grc'>340</span> <span class='ocrx_word' id='word_1_313' title='bbox 734 4604 983 4680; x_wconf 67' lang='lat' dir='ltr'>docent,</span> <span class='ocrx_word' id='word_1_314' title='bbox 1026 4606 1367 4680; x_wconf 59' lang='lat' dir='ltr'>catliedralis</span> <span class='ocrx_word' id='word_1_315' title='bbox 1415 4602 1736 4680; x_wconf 77' lang='lat' dir='ltr'>Bajocensis</span> <span class='ocrx_word' id='word_1_316' title='bbox 1781 4614 2045 4680; x_wconf 87' lang='lat' dir='ltr'>ecclesia;</span> 
     </span>
    </p>
   </div>
   <div class='ocr_carea' id='block_1_55' title="bbox 448 4674 2043 4752">
    <p class='ocr_par' dir='ltr' id='par_1_55' title="bbox 448 4674 2043 4752">
     <span class='ocr_line' id='line_1_55' title="bbox 448 4674 2043 4752; baseline 0.006 -24"><span class='ocrx_word' id='word_1_317' title='bbox 448 4690 632 4752; x_wconf 72' lang='lat' dir='ltr'>quare</span> <span class='ocrx_word' id='word_1_318' title='bbox 641 4674 1263 4752; x_wconf 77' lang='lat' dir='ltr'>ad_liane_refere_ndum</span> <span class='ocrx_word' id='word_1_319' title='bbox 1280 4680 1415 4752; x_wconf 84' lang='lat' dir='ltr'>puto</span> <span class='ocrx_word' id='word_1_320' title='bbox 1435 4674 1687 4734; x_wconf 77' lang='lat' dir='ltr'>Titulum</span> <span class='ocrx_word' id='word_1_321' title='bbox 1701 4682 1821 4752; x_wconf 85' lang='lat' dir='ltr'>subj</span> <span class='ocrx_word' id='word_1_322' title='bbox 1830 4674 2043 4737; x_wconf 71' lang='lat' dir='ltr'>cetum.</span> 
     </span>
    </p>
   </div>
   <div class='ocr_carea' id='block_1_56' title="bbox 520 4746 1413 4815">
    <p class='ocr_par' dir='ltr' id='par_1_56' title="bbox 520 4746 1413 4815">
     <span class='ocr_line' id='line_1_56' title="bbox 520 4746 1413 4815; baseline 0.006 -17"><span class='ocrx_word' id='word_1_323' title='bbox 520 4748 660 4815; x_wconf 82' lang='grc'><strong>(419)</strong></span> <span class='ocrx_word' id='word_1_324' title='bbox 707 4746 768 4799; x_wconf 91' lang='lat' dir='ltr'>ln</span> <span class='ocrx_word' id='word_1_325' title='bbox 817 4746 1118 4800; x_wconf 87' lang='lat' dir='ltr'>Aduotatis</span> <span class='ocrx_word' id='word_1_326' title='bbox 1173 4746 1413 4802; x_wconf 82' lang='lat' dir='ltr'>seetioni</span> 
     </span>
    </p>
   </div>
   <div class='ocr_carea' id='block_1_57' title="bbox 446 5172 2044 5245">
    <p class='ocr_par' dir='ltr' id='par_1_57' title="bbox 446 5172 2044 5245">
     <span class='ocr_line' id='line_1_57' title="bbox 446 5172 2044 5245; baseline 0.003 -20"><span class='ocrx_word' id='word_1_327' title='bbox 446 5172 675 5238; x_wconf 59' lang='lat' dir='ltr'>scholas,</span> <span class='ocrx_word' id='word_1_328' title='bbox 708 5187 834 5245; x_wconf 63' lang='lat' dir='ltr'>qua}</span> <span class='ocrx_word' id='word_1_329' title='bbox 867 5172 1236 5245; x_wconf 18' lang='lat' dir='ltr'>a‘magistris,</span> <span class='ocrx_word' id='word_1_330' title='bbox 1284 5173 1355 5226; x_wconf 88' lang='lat' dir='ltr'>ab</span> <span class='ocrx_word' id='word_1_331' title='bbox 1388 5173 1656 5245; x_wconf 89' lang='lat' dir='ltr'>episcopo</span> <span class='ocrx_word' id='word_1_332' title='bbox 1693 5177 2044 5245; x_wconf 87' lang='lat' dir='ltr'>approbatis,</span> 
     </span>
    </p>
   </div>
   <div class='ocr_carea' id='block_1_58' title="bbox 447 5242 2045 5315">
    <p class='ocr_par' dir='ltr' id='par_1_58' title="bbox 447 5242 2045 5315">
     <span class='ocr_line' id='line_1_58' title="bbox 447 5242 2045 5315; baseline 0.003 -20"><span class='ocrx_word' id='word_1_333' title='bbox 447 5246 607 5296; x_wconf 84' lang='lat' dir='ltr'>extra</span> <span class='ocrx_word' id='word_1_334' title='bbox 628 5242 985 5315; x_wconf 84' lang='lat' dir='ltr'>cathedrales</span> <span class='ocrx_word' id='word_1_335' title='bbox 1006 5243 1272 5315; x_wconf 87' lang='lat' dir='ltr'>ecclesias</span> <span class='ocrx_word' id='word_1_336' title='bbox 1303 5242 2045 5315; x_wconf 69' lang='lat' dir='ltr'>monasteriaqueinstitue-</span> 
     </span>
    </p>
   </div>
   <div class='ocr_carea' id='block_1_59' title="bbox 443 5312 2045 5395">
    <p class='ocr_par' dir='ltr' id='par_1_59' title="bbox 443 5312 2045 5395">
     <span class='ocr_line' id='line_1_59' title="bbox 443 5312 2045 5395; baseline 0.001 -28"><span class='ocrx_word' id='word_1_337' title='bbox 443 5312 674 5379; x_wconf 90' lang='lat' dir='ltr'>bantur,</span> <span class='ocrx_word' id='word_1_338' title='bbox 727 5313 1116 5395; x_wconf 72' lang='lat' dir='ltr'>nesciamque,</span> <span class='ocrx_word' id='word_1_339' title='bbox 1168 5314 1278 5395; x_wconf 65' lang='lat' dir='ltr'>qui</span> <span class='ocrx_word' id='word_1_340' title='bbox 1310 5330 1400 5368; x_wconf 84' lang='lat' dir='ltr'>res</span> <span class='ocrx_word' id='word_1_341' title='bbox 1448 5314 1530 5395; x_wconf 80' lang='lat' dir='ltr'>i_n_</span> <span class='ocrx_word' id='word_1_342' title='bbox 1561 5312 1712 5395; x_wconf 80' lang='lat' dir='ltr'>urbé_</span> <span class='ocrx_word' id='word_1_343' title='bbox 1752 5316 2045 5395; x_wconf 81' lang='lat' dir='ltr'>Bajocensi</span> 
     </span>
    </p>
   </div>
   <div class='ocr_carea' id='block_1_60' title="bbox 442 5383 2043 5457">
    <p class='ocr_par' dir='ltr' id='par_1_60' title="bbox 442 5383 2043 5457">
     <span class='ocr_line' id='line_1_60' title="bbox 442 5383 2043 5457; baseline 0.002 -19"><span class='ocrx_word' id='word_1_344' title='bbox 442 5383 500 5457; x_wconf 87' lang='lat' dir='ltr'>S.</span> <span class='ocrx_word' id='word_1_345' title='bbox 535 5383 1614 5457; x_wconf 28' lang='lat' dir='ltr'>Brunonissetate’habuerit,spcctetne</span> <span class='ocrx_word' id='word_1_346' title='bbox 1646 5386 1721 5457; x_wconf 87' lang='lat' dir='ltr'>ad</span> <span class='ocrx_word' id='word_1_347' title='bbox 1749 5383 2043 5457; x_wconf 90' lang='lat' dir='ltr'>episcopa-</span> 
     </span>
    </p>
   </div>
   <div class='ocr_carea' id='block_1_61' title="bbox 438 5454 2042 5524">
    <p class='ocr_par' dir='ltr' id='par_1_61' title="bbox 438 5454 2042 5524">
     <span class='ocr_line' id='line_1_61' title="bbox 438 5454 2042 5524; baseline 0.001 -15"><span class='ocrx_word' id='word_1_348' title='bbox 438 5454 658 5524; x_wconf 82' lang='lat' dir='ltr'>lem,an</span> <span class='ocrx_word' id='word_1_349' title='bbox 677 5454 750 5507; x_wconf 91' lang='lat' dir='ltr'>ad</span> <span class='ocrx_word' id='word_1_350' title='bbox 780 5454 951 5507; x_wconf 88' lang='lat' dir='ltr'>aliam</span> <span class='ocrx_word' id='word_1_351' title='bbox 994 5454 1367 5524; x_wconf 72' lang='lat' dir='ltr'>Bajocenseni</span> <span class='ocrx_word' id='word_1_352' title='bbox 1388 5457 1641 5510; x_wconf 87' lang='lat' dir='ltr'>scholam</span> <span class='ocrx_word' id='word_1_353' title='bbox 1666 5454 1881 5509; x_wconf 81' lang='lat' dir='ltr'>Titulus</span> <span class='ocrx_word' id='word_1_354' title='bbox 1910 5454 2042 5513; x_wconf 78' lang='lat' dir='ltr'>sub-</span> 
     </span>
    </p>
   </div>
   <div class='ocr_carea' id='block_1_62' title="bbox 430 5523 2046 5607">
    <p class='ocr_par' dir='ltr' id='par_1_62' title="bbox 430 5523 2046 5607">
     <span class='ocr_line' id='line_1_62' title="bbox 430 5523 2046 5607; baseline 0.003 -30"><span class='ocrx_word' id='word_1_355' title='bbox 430 5523 642 5607; x_wconf 58' lang='lat' dir='ltr'>iectus,</span> <span class='ocrx_word' id='word_1_356' title='bbox 671 5540 774 5596; x_wconf 89' lang='lat' dir='ltr'>pro</span> <span class='ocrx_word' id='word_1_357' title='bbox 807 5528 962 5607; x_wconf 78' lang='lat' dir='ltr'>certo</span> <span class='ocrx_word' id='word_1_358' title='bbox 996 5523 1220 5607; x_wconf 76' lang='lat' dir='ltr'>nequeo</span> <span class='ocrx_word' id='word_1_359' title='bbox 1248 5526 1491 5607; x_wconf 76' lang='lat' dir='ltr'>edicere,</span> <span class='ocrx_word' id='word_1_360' title='bbox 1520 5530 1819 5607; x_wconf 77' lang='lat' dir='ltr'>potestque</span> <span class='ocrx_word' id='word_1_361' title='bbox 1850 5527 1893 5580; x_wconf 91' lang='lat' dir='ltr'>is</span> <span class='ocrx_word' id='word_1_362' title='bbox 1916 5545 2046 5607; x_wconf 83' lang='lat' dir='ltr'>pro-</span> 
     </span>
    </p>
   </div>
   <div class='ocr_carea' id='block_1_63' title="bbox 437 5595 2043 5670">
    <p class='ocr_par' dir='ltr' id='par_1_63' title="bbox 437 5595 2043 5670">
     <span class='ocr_line' id='line_1_63' title="bbox 437 5595 2043 5670; baseline 0.005 -23"><span class='ocrx_word' id='word_1_363' title='bbox 437 5595 618 5670; x_wconf 80' lang='lat' dir='ltr'>fectus</span> <span class='ocrx_word' id='word_1_364' title='bbox 645 5595 764 5670; x_wconf 76' lang='lat' dir='ltr'>esse</span> <span class='ocrx_word' id='word_1_365' title='bbox 810 5596 882 5670; x_wconf 77' lang='lat' dir='ltr'>ab</span> <span class='ocrx_word' id='word_1_366' title='bbox 935 5595 1405 5670; x_wconf 71' lang='lat' dir='ltr'>omnibussimul</span> <span class='ocrx_word' id='word_1_367' title='bbox 1442 5595 1683 5670; x_wconf 78' lang='lat' dir='ltr'>civitatis</span> <span class='ocrx_word' id='word_1_368' title='bbox 1718 5595 2043 5670; x_wconf 70' lang='lat' dir='ltr'>Bajocensis</span> 
     </span>
    </p>
   </div>
   <div class='ocr_carea' id='block_1_64' title="bbox 434 5665 1613 5747">
    <p class='ocr_par' dir='ltr' id='par_1_64' title="bbox 434 5665 1613 5747">
     <span class='ocr_line' id='line_1_64' title="bbox 434 5665 1613 5747; baseline 0.002 -25"><span class='ocrx_word' id='word_1_369' title='bbox 434 5665 665 5747; x_wconf 63' lang='lat' dir='ltr'>scholis,</span> <span class='ocrx_word' id='word_1_370' title='bbox 690 5665 736 5721; x_wconf 89' lang='lat' dir='ltr'>si</span> <span class='ocrx_word' id='word_1_371' title='bbox 767 5666 959 5740; x_wconf 89' lang='lat' dir='ltr'>plures</span> <span class='ocrx_word' id='word_1_372' title='bbox 977 5665 1126 5722; x_wconf 90' lang='lat' dir='ltr'>forte</span> <span class='ocrx_word' id='word_1_373' title='bbox 1149 5666 1363 5723; x_wconf 90' lang='lat' dir='ltr'>ibidem</span> <span class='ocrx_word' id='word_1_374' title='bbox 1381 5667 1613 5725; x_wconf 85' lang='lat' dir='ltr'>fuerint.</span> 
     </span>
    </p>
   </div>
   <div class='ocr_carea' id='block_1_65' title="bbox 1483 4752 2050 4808">
    <p class='ocr_par' dir='ltr' id='par_1_65' title="bbox 1483 4752 2050 4808">
     <span class='ocr_line' id='line_1_65' title="bbox 1483 4752 2050 4808; baseline 0.004 -4"><span class='ocrx_word' id='word_1_375' title='bbox 1483 4752 1745 4805; x_wconf 71' lang='lat' dir='ltr'>secundm</span> <span class='ocrx_word' id='word_1_376' title='bbox 1785 4754 2050 4808; x_wconf 86' lang='lat' dir='ltr'>subnexis</span> 
     </span>
    </p>
   </div>
   <div class='ocr_carea' id='block_1_66' title="bbox 424 4816 2049 4897">
    <p class='ocr_par' dir='ltr' id='par_1_66' title="bbox 424 4816 2049 4897">
     <span class='ocr_line' id='line_1_66' title="bbox 424 4816 2049 4897; baseline 0.006 -28"><span class='ocrx_word' id='word_1_377' title='bbox 424 4816 612 4897; x_wconf 67' lang='lat' dir='ltr'>docui</span> <span class='ocrx_word' id='word_1_378' title='bbox 644 4816 1021 4897; x_wconf 75' lang='lat' dir='ltr'>singulisfere</span> <span class='ocrx_word' id='word_1_379' title='bbox 1062 4818 1643 4897; x_wconf 72' lang='lat' dir='ltr'>cathedralibussuas</span> <span class='ocrx_word' id='word_1_380' title='bbox 1691 4823 1829 4897; x_wconf 82' lang='lat' dir='ltr'>olim</span> <span class='ocrx_word' id='word_1_381' title='bbox 1878 4824 2049 4897; x_wconf 86' lang='lat' dir='ltr'>fuisse</span> 
     </span>
    </p>
   </div>
   <div class='ocr_carea' id='block_1_67' title="bbox 447 4887 2052 4959">
    <p class='ocr_par' dir='ltr' id='par_1_67' title="bbox 447 4887 2052 4959">
     <span class='ocr_line' id='line_1_67' title="bbox 447 4887 2052 4959; baseline 0.004 -18"><span class='ocrx_word' id='word_1_382' title='bbox 447 4887 688 4953; x_wconf 85' lang='lat' dir='ltr'>scholas,</span> <span class='ocrx_word' id='word_1_383' title='bbox 710 4887 769 4940; x_wconf 87' lang='lat' dir='ltr'>in</span> <span class='ocrx_word' id='word_1_384' title='bbox 798 4887 1021 4959; x_wconf 86' lang='lat' dir='ltr'>quibus,</span> <span class='ocrx_word' id='word_1_385' title='bbox 1052 4889 1148 4959; x_wconf 87' lang='lat' dir='ltr'>qui</span> <span class='ocrx_word' id='word_1_386' title='bbox 1184 4890 1470 4957; x_wconf 89' lang='lat' dir='ltr'>volebant,</span> <span class='ocrx_word' id='word_1_387' title='bbox 1501 4892 1717 4946; x_wconf 88' lang='lat' dir='ltr'>litteras</span> <span class='ocrx_word' id='word_1_388' title='bbox 1767 4895 2052 4948; x_wconf 88' lang='lat' dir='ltr'>doceban-</span> 
     </span>
    </p>
   </div>
   <div class='ocr_carea' id='block_1_68' title="bbox 449 4961 2049 5035">
    <p class='ocr_par' dir='ltr' id='par_1_68' title="bbox 449 4961 2049 5035">
     <span class='ocr_line' id='line_1_68' title="bbox 449 4961 2049 5035; baseline 0.004 -23"><span class='ocrx_word' id='word_1_389' title='bbox 449 4962 541 5012; x_wconf 90' lang='lat' dir='ltr'>tur</span> <span class='ocrx_word' id='word_1_390' title='bbox 567 4976 579 5013; x_wconf 91' lang='lat'>:</span> <span class='ocrx_word' id='word_1_391' title='bbox 608 4976 827 5035; x_wconf 83' lang='lat' dir='ltr'>verum,</span> <span class='ocrx_word' id='word_1_392' title='bbox 846 4975 975 5012; x_wconf 91' lang='lat' dir='ltr'>cum</span> <span class='ocrx_word' id='word_1_393' title='bbox 991 4963 1203 5030; x_wconf 69' lang='lat' dir='ltr'>praeter</span> <span class='ocrx_word' id='word_1_394' title='bbox 1235 4961 1455 5035; x_wconf 80' lang='lat' dir='ltr'>scholas</span> <span class='ocrx_word' id='word_1_395' title='bbox 1484 4962 1673 5031; x_wconf 86' lang='lat' dir='ltr'>hasce,</span> <span class='ocrx_word' id='word_1_396' title='bbox 1707 4980 1835 5034; x_wconf 73' lang='lat' dir='ltr'>quae</span> <span class='ocrx_word' id='word_1_397' title='bbox 1858 4982 2049 5035; x_wconf 82' lang='lat' dir='ltr'>epzsco-</span> 
     </span>
    </p>
   </div>
   <div class='ocr_carea' id='block_1_69' title="bbox 437 5029 2049 5112">
    <p class='ocr_par' dir='ltr' id='par_1_69' title="bbox 437 5029 2049 5112">
     <span class='ocr_line' id='line_1_69' title="bbox 437 5029 2049 5112; baseline 0.004 -29"><span class='ocrx_word' id='word_1_398' title='bbox 437 5030 589 5111; x_wconf 72' lang='lat' dir='ltr'>pales</span> <span class='ocrx_word' id='word_1_399' title='bbox 622 5029 1501 5112; x_wconf 31' lang='lat' dir='ltr'>vo‘cabantur,’mo‘nasticasque,</span> <span class='ocrx_word' id='word_1_400' title='bbox 1525 5029 1667 5112; x_wconf 52' lang='lat' dir='ltr'>quas</span> <span class='ocrx_word' id='word_1_401' title='bbox 1685 5029 2049 5112; x_wconf 59' lang='lat' dir='ltr'>moliasteriis</span> 
     </span>
    </p>
   </div>
   <div class='ocr_carea' id='block_1_70' title="bbox 446 5100 2048 5166">
    <p class='ocr_par' dir='ltr' id='par_1_70' title="bbox 446 5100 2048 5166">
     <span class='ocr_line' id='line_1_70' title="bbox 446 5100 2048 5166; baseline 0.003 -12"><span class='ocrx_word' id='word_1_402' title='bbox 446 5100 912 5166; x_wconf 89' lang='lat' dir='ltr'>instituebantur,</span> <span class='ocrx_word' id='word_1_403' title='bbox 946 5104 1135 5155; x_wconf 88' lang='lat' dir='ltr'>essent</span> <span class='ocrx_word' id='word_1_404' title='bbox 1164 5102 1338 5156; x_wconf 90' lang='lat' dir='ltr'>etiam</span> <span class='ocrx_word' id='word_1_405' title='bbox 1379 5100 1436 5155; x_wconf 78' lang='lat' dir='ltr'>in</span> <span class='ocrx_word' id='word_1_406' title='bbox 1471 5100 1705 5157; x_wconf 81' lang='lat' dir='ltr'>urbibus</span> <span class='ocrx_word' id='word_1_407' title='bbox 1758 5106 2048 5160; x_wconf 90' lang='lat' dir='ltr'>nonnullis</span> 
     </span>
    </p>
   </div>
   <div class='ocr_carea' id='block_1_71' title="bbox 2143 550 3492 632">
    <p class='ocr_par' dir='ltr' id='par_1_71' title="bbox 2143 550 3492 632">
     <span class='ocr_line' id='line_1_71' title="bbox 2143 550 3492 632; baseline 0.009 -28"><span class='ocrx_word' id='word_1_408' title='bbox 2143 550 2264 615; x_wconf 88' lang='lat' dir='ltr'>Quo</span> <span class='ocrx_word' id='word_1_409' title='bbox 2287 553 2450 607; x_wconf 89' lang='lat' dir='ltr'>nobis</span> <span class='ocrx_word' id='word_1_410' title='bbox 2475 553 2695 607; x_wconf 88' lang='lat' dir='ltr'>aditum</span> <span class='ocrx_word' id='word_1_411' title='bbox 2721 555 2938 610; x_wconf 89' lang='lat' dir='ltr'>tribuat</span> <span class='ocrx_word' id='word_1_412' title='bbox 2962 557 3073 611; x_wconf 84' lang='lat' dir='ltr'>Rex</span> <span class='ocrx_word' id='word_1_413' title='bbox 3107 561 3492 632; x_wconf 70' lang='lat' dir='ltr'>perpetualis,’</span> 
     </span>
    </p>
   </div>
   <div class='ocr_carea' id='block_1_72' title="bbox 2139 641 3359 717">
    <p class='ocr_par' dir='ltr' id='par_1_72' title="bbox 2139 641 3359 717">
     <span class='ocr_line' id='line_1_72' title="bbox 2139 641 3359 717; baseline 0.007 -22"><span class='ocrx_word' id='word_1_414' title='bbox 2139 641 2329 695; x_wconf 86' lang='lat' dir='ltr'>Mortis</span> <span class='ocrx_word' id='word_1_415' title='bbox 2346 645 2472 713; x_wconf 88' lang='lat' dir='ltr'>post</span> <span class='ocrx_word' id='word_1_416' title='bbox 2491 642 2713 697; x_wconf 88' lang='lat' dir='ltr'>obitum</span> <span class='ocrx_word' id='word_1_417' title='bbox 2738 646 3018 713; x_wconf 89' lang='lat' dir='ltr'>protectio</span> <span class='ocrx_word' id='word_1_418' title='bbox 3051 647 3359 717; x_wconf 88' lang='lat' dir='ltr'>spiritualis</span> 
     </span>
    </p>
   </div>
   <div class='ocr_carea' id='block_1_73' title="bbox 2140 727 3500 805">
    <p class='ocr_par' dir='ltr' id='par_1_73' title="bbox 2140 727 3500 805">
     <span class='ocr_line' id='line_1_73' title="bbox 2140 727 3500 805; baseline 0.008 -23"><span class='ocrx_word' id='word_1_419' title='bbox 2140 727 2384 799; x_wconf 87' lang='lat' dir='ltr'>Spiritus</span> <span class='ocrx_word' id='word_1_420' title='bbox 2414 729 2503 784; x_wconf 90' lang='lat' dir='ltr'>hic</span> <span class='ocrx_word' id='word_1_421' title='bbox 2530 748 2759 786; x_wconf 90' lang='lat' dir='ltr'>summa</span> <span class='ocrx_word' id='word_1_422' title='bbox 2794 733 3085 788; x_wconf 89' lang='lat' dir='ltr'>Brunonis</span> <span class='ocrx_word' id='word_1_423' title='bbox 3106 752 3245 805; x_wconf 90' lang='lat' dir='ltr'>pace</span> <span class='ocrx_word' id='word_1_424' title='bbox 3276 737 3500 793; x_wconf 89' lang='lat' dir='ltr'>fruatur</span> 
     </span>
    </p>
   </div>
   <div class='ocr_carea' id='block_1_74' title="bbox 2142 817 3434 895">
    <p class='ocr_par' dir='ltr' id='par_1_74' title="bbox 2142 817 3434 895">
     <span class='ocr_line' id='line_1_74' title="bbox 2142 817 3434 895; baseline 0.008 -24"><span class='ocrx_word' id='word_1_425' title='bbox 2142 817 2401 890; x_wconf 89' lang='lat' dir='ltr'>Luceque</span> <span class='ocrx_word' id='word_1_426' title='bbox 2429 820 2775 889; x_wconf 89' lang='lat' dir='ltr'>splendiﬂua</span> <span class='ocrx_word' id='word_1_427' title='bbox 2799 822 3014 893; x_wconf 88' lang='lat' dir='ltr'>pietate</span> <span class='ocrx_word' id='word_1_428' title='bbox 3036 824 3139 878; x_wconf 90' lang='lat' dir='ltr'>Dei</span> <span class='ocrx_word' id='word_1_429' title='bbox 3161 826 3434 895; x_wconf 90' lang='lat' dir='ltr'>potiatur.</span> 
     </span>
    </p>
   </div>
   <div class='ocr_carea' id='block_1_75' title="bbox 2362 897 3460 987">
    <p class='ocr_par' dir='ltr' id='par_1_75' title="bbox 2362 897 3460 987">
     <span class='ocr_line' id='line_1_75' title="bbox 2362 897 3460 987; baseline 0.007 -27"><span class='ocrx_word' id='word_1_430' title='bbox 2362 908 2554 961; x_wconf 81' lang='lat' dir='ltr'>Versus</span> <span class='ocrx_word' id='word_1_431' title='bbox 2576 909 2836 963; x_wconf 75' lang='lat' dir='ltr'>sclzolares</span> <span class='ocrx_word' id='word_1_432' title='bbox 2855 897 3085 979; x_wconf 79' lang='lat' dir='ltr'>ejusdem</span> <span class='ocrx_word' id='word_1_433' title='bbox 3114 912 3259 966; x_wconf 76' lang='lat' dir='ltr'>urbis</span> <span class='ocrx_word' id='word_1_434' title='bbox 3290 913 3460 987; x_wconf 75' lang='grc'><strong>(419).</strong></span> 
     </span>
    </p>
   </div>
   <div class='ocr_carea' id='block_1_76' title="bbox 2144 996 3751 1075">
    <p class='ocr_par' dir='ltr' id='par_1_76' title="bbox 2144 996 3751 1075">
     <span class='ocr_line' id='line_1_76' title="bbox 2144 996 3751 1075; baseline 0.006 -26"><span class='ocrx_word' id='word_1_435' title='bbox 2144 998 2262 1050; x_wconf 86' lang='grc'><strong>151.</strong></span> <span class='ocrx_word' id='word_1_436' title='bbox 2302 996 2401 1050; x_wconf 84' lang='lat' dir='ltr'>Hic</span> <span class='ocrx_word' id='word_1_437' title='bbox 2432 996 2616 1064; x_wconf 87' lang='lat' dir='ltr'>dolor,</span> <span class='ocrx_word' id='word_1_438' title='bbox 2661 1015 2693 1052; x_wconf 95' lang='lat' dir='ltr'>o</span> <span class='ocrx_word' id='word_1_439' title='bbox 2742 1000 2953 1068; x_wconf 88' lang='lat' dir='ltr'>Bruno,</span> <span class='ocrx_word' id='word_1_440' title='bbox 2993 1002 3118 1071; x_wconf 89' lang='lat' dir='ltr'>plus</span> <span class='ocrx_word' id='word_1_441' title='bbox 3169 1018 3341 1072; x_wconf 89' lang='lat' dir='ltr'>quam</span> <span class='ocrx_word' id='word_1_442' title='bbox 3374 1004 3648 1075; x_wconf 91' lang='lat' dir='ltr'>processit</span> <span class='ocrx_word' id='word_1_443' title='bbox 3676 1005 3751 1060; x_wconf 91' lang='lat' dir='ltr'>ab</span> 
     </span>
    </p>
   </div>
   <div class='ocr_carea' id='block_1_77' title="bbox 3589 1093 3747 1163">
    <p class='ocr_par' dir='ltr' id='par_1_77' title="bbox 3589 1093 3747 1163">
     <span class='ocr_line' id='line_1_77' title="bbox 3589 1093 3747 1163; baseline 0.006 -17"><span class='ocrx_word' id='word_1_444' title='bbox 3589 1093 3747 1163; x_wconf 87' lang='lat' dir='ltr'>[un0,</span> 
     </span>
    </p>
   </div>
   <div class='ocr_carea' id='block_1_78' title="bbox 2140 1171 3745 1250">
    <p class='ocr_par' dir='ltr' id='par_1_78' title="bbox 2140 1171 3745 1250">
     <span class='ocr_line' id='line_1_78' title="bbox 2140 1171 3745 1250; baseline 0.005 -26"><span class='ocrx_word' id='word_1_445' title='bbox 2140 1171 2301 1225; x_wconf 88' lang='lat' dir='ltr'>Unde</span> <span class='ocrx_word' id='word_1_446' title='bbox 2323 1172 2498 1239; x_wconf 88' lang='lat' dir='ltr'>dolet,</span> <span class='ocrx_word' id='word_1_447' title='bbox 2517 1175 2760 1245; x_wconf 86' lang='lat' dir='ltr'>plangit,</span> <span class='ocrx_word' id='word_1_448' title='bbox 2789 1192 2963 1247; x_wconf 86' lang='lat' dir='ltr'>quam</span> <span class='ocrx_word' id='word_1_449' title='bbox 2992 1193 3148 1231; x_wconf 90' lang='lat' dir='ltr'>mors</span> <span class='ocrx_word' id='word_1_450' title='bbox 3164 1180 3260 1232; x_wconf 92' lang='lat' dir='ltr'>tua</span> <span class='ocrx_word' id='word_1_451' title='bbox 3278 1177 3534 1232; x_wconf 84' lang='lat' dir='ltr'>funditus</span> <span class='ocrx_word' id='word_1_452' title='bbox 3564 1179 3745 1250; x_wconf 86' lang='lat' dir='ltr'>angit!</span> 
     </span>
    </p>
   </div>
   <div class='ocr_carea' id='block_1_79' title="bbox 2137 1258 3750 1333">
    <p class='ocr_par' dir='ltr' id='par_1_79' title="bbox 2137 1258 3750 1333">
     <span class='ocr_line' id='line_1_79' title="bbox 2137 1258 3750 1333; baseline 0.006 -21"><span class='ocrx_word' id='word_1_453' title='bbox 2137 1258 2260 1314; x_wconf 86' lang='lat' dir='ltr'>Non</span> <span class='ocrx_word' id='word_1_454' title='bbox 2277 1262 2648 1331; x_wconf 80' lang='lat' dir='ltr'>lacrymando</span> <span class='ocrx_word' id='word_1_455' title='bbox 2663 1280 2869 1333; x_wconf 90' lang='lat' dir='ltr'>parum</span> <span class='ocrx_word' id='word_1_456' title='bbox 2884 1265 3211 1319; x_wconf 90' lang='lat' dir='ltr'>communis</span> <span class='ocrx_word' id='word_1_457' title='bbox 3237 1267 3407 1321; x_wconf 91' lang='lat' dir='ltr'>turba</span> <span class='ocrx_word' id='word_1_458' title='bbox 3423 1267 3750 1322; x_wconf 86' lang='lat' dir='ltr'>scholarum</span> 
     </span>
    </p>
   </div>
   <div class='ocr_carea' id='block_1_80' title="bbox 2135 1348 3385 1422">
    <p class='ocr_par' dir='ltr' id='par_1_80' title="bbox 2135 1348 3385 1422">
     <span class='ocr_line' id='line_1_80' title="bbox 2135 1348 3385 1422; baseline 0.007 -22"><span class='ocrx_word' id='word_1_459' title='bbox 2135 1348 2321 1419; x_wconf 81' lang='lat' dir='ltr'>Atque</span> <span class='ocrx_word' id='word_1_460' title='bbox 2348 1366 2500 1420; x_wconf 89' lang='lat' dir='ltr'>genu</span> <span class='ocrx_word' id='word_1_461' title='bbox 2522 1368 2706 1422; x_wconf 90' lang='lat' dir='ltr'>prono</span> <span class='ocrx_word' id='word_1_462' title='bbox 2749 1352 2846 1406; x_wconf 90' lang='lat' dir='ltr'>tali</span> <span class='ocrx_word' id='word_1_463' title='bbox 2878 1354 3108 1409; x_wconf 83' lang='lat' dir='ltr'>viduata</span> <span class='ocrx_word' id='word_1_464' title='bbox 3134 1356 3385 1409; x_wconf 90' lang='lat' dir='ltr'>Patrono</span> 
     </span>
    </p>
   </div>
   <div class='ocr_carea' id='block_1_81' title="bbox 2137 1438 3503 1513">
    <p class='ocr_par' dir='ltr' id='par_1_81' title="bbox 2137 1438 3503 1513">
     <span class='ocr_line' id='line_1_81' title="bbox 2137 1438 3503 1513; baseline 0.006 -23"><span class='ocrx_word' id='word_1_465' title='bbox 2137 1438 2246 1491; x_wconf 92' lang='lat' dir='ltr'>Pro</span> <span class='ocrx_word' id='word_1_466' title='bbox 2270 1439 2479 1494; x_wconf 87' lang='lat' dir='ltr'>merito</span> <span class='ocrx_word' id='word_1_467' title='bbox 2505 1439 2698 1495; x_wconf 89' lang='lat' dir='ltr'>dando</span> <span class='ocrx_word' id='word_1_468' title='bbox 2733 1440 3007 1496; x_wconf 79' lang='lat' dir='ltr'>diffundit</span> <span class='ocrx_word' id='word_1_469' title='bbox 3036 1446 3167 1496; x_wconf 90' lang='lat' dir='ltr'>vota</span> <span class='ocrx_word' id='word_1_470' title='bbox 3187 1442 3503 1513; x_wconf 89' lang='lat' dir='ltr'>precando,</span> 
     </span>
    </p>
   </div>
   <div class='ocr_carea' id='block_1_82' title="bbox 2136 1526 3521 1600">
    <p class='ocr_par' dir='ltr' id='par_1_82' title="bbox 2136 1526 3521 1600">
     <span class='ocr_line' id='line_1_82' title="bbox 2136 1526 3521 1600; baseline 0.005 -22"><span class='ocrx_word' id='word_1_471' title='bbox 2136 1526 2209 1578; x_wconf 83' lang='lat' dir='ltr'>At</span> <span class='ocrx_word' id='word_1_472' title='bbox 2231 1526 2447 1597; x_wconf 85' lang='lat' dir='ltr'>Regem</span> <span class='ocrx_word' id='word_1_473' title='bbox 2478 1527 2678 1599; x_wconf 89' lang='lat' dir='ltr'>poscit,</span> <span class='ocrx_word' id='word_1_474' title='bbox 2697 1529 2792 1600; x_wconf 91' lang='lat' dir='ltr'>qui</span> <span class='ocrx_word' id='word_1_475' title='bbox 2820 1533 3028 1584; x_wconf 89' lang='lat' dir='ltr'>cuncta</span> <span class='ocrx_word' id='word_1_476' title='bbox 3051 1531 3291 1585; x_wconf 90' lang='lat' dir='ltr'>latentia</span> <span class='ocrx_word' id='word_1_477' title='bbox 3319 1530 3521 1598; x_wconf 87' lang='lat' dir='ltr'>noscit,</span> 
     </span>
    </p>
   </div>
   <div class='ocr_carea' id='block_1_83' title="bbox 2138 1614 3456 1689">
    <p class='ocr_par' dir='ltr' id='par_1_83' title="bbox 2138 1614 3456 1689">
     <span class='ocr_line' id='line_1_83' title="bbox 2138 1614 3456 1689; baseline 0.005 -22"><span class='ocrx_word' id='word_1_478' title='bbox 2138 1614 2211 1668; x_wconf 93' lang='lat' dir='ltr'>Ut</span> <span class='ocrx_word' id='word_1_479' title='bbox 2241 1614 2340 1668; x_wconf 91' lang='lat' dir='ltr'>tibi</span> <span class='ocrx_word' id='word_1_480' title='bbox 2354 1615 2451 1669; x_wconf 90' lang='lat' dir='ltr'>det</span> <span class='ocrx_word' id='word_1_481' title='bbox 2480 1616 2680 1683; x_wconf 87' lang='lat' dir='ltr'>vitam,</span> <span class='ocrx_word' id='word_1_482' title='bbox 2708 1619 2766 1671; x_wconf 88' lang='lat' dir='ltr'>te</span> <span class='ocrx_word' id='word_1_483' title='bbox 2796 1617 3107 1689; x_wconf 90' lang='lat' dir='ltr'>suscipiens</span> <span class='ocrx_word' id='word_1_484' title='bbox 3131 1619 3456 1674; x_wconf 88' lang='lat' dir='ltr'>eremitam.</span> 
     </span>
    </p>
   </div>
   <div class='ocr_carea' id='block_1_84' title="bbox 2444 1702 3432 1779">
    <p class='ocr_par' dir='ltr' id='par_1_84' title="bbox 2444 1702 3432 1779">
     <span class='ocr_line' id='line_1_84' title="bbox 2444 1702 3432 1779; baseline 0.004 -22"><span class='ocrx_word' id='word_1_485' title='bbox 2444 1702 2506 1758; x_wconf 89' lang='lat' dir='ltr'>S.</span> <span class='ocrx_word' id='word_1_486' title='bbox 2545 1702 2765 1775; x_wconf 76' lang='lat' dir='ltr'>Georgii</span> <span class='ocrx_word' id='word_1_487' title='bbox 2792 1706 3023 1775; x_wconf 83' lang='lat' dir='ltr'>ejusdem</span> <span class='ocrx_word' id='word_1_488' title='bbox 3078 1708 3225 1761; x_wconf 77' lang='lat' dir='ltr'>urbis</span> <span class='ocrx_word' id='word_1_489' title='bbox 3265 1707 3432 1779; x_wconf 88' lang='grc'><strong>(420).</strong></span> 
     </span>
    </p>
   </div>
   <div class='ocr_carea' id='block_1_85' title="bbox 2056 1782 3749 1864">
    <p class='ocr_par' dir='ltr' id='par_1_85' title="bbox 2056 1782 3749 1864">
     <span class='ocr_line' id='line_1_85' title="bbox 2056 1782 3749 1864; baseline 0.006 -22"><span class='ocrx_word' id='word_1_490' title='bbox 2056 1782 2109 1842; x_wconf 93' lang='grc' dir='ltr'>Β</span> <span class='ocrx_word' id='word_1_491' title='bbox 2207 1794 2329 1847; x_wconf 86' lang='grc'><strong>552.</strong></span> <span class='ocrx_word' id='word_1_492' title='bbox 2360 1791 2895 1863; x_wconf 88' lang='lat' dir='ltr'>Floseremitarum,</span> <span class='ocrx_word' id='word_1_493' title='bbox 2946 1795 3143 1850; x_wconf 92' lang='lat' dir='ltr'>lumen</span> <span class='ocrx_word' id='word_1_494' title='bbox 3179 1795 3465 1864; x_wconf 91' lang='lat' dir='ltr'>mirabile,</span> <span class='ocrx_word' id='word_1_495' title='bbox 3526 1798 3749 1854; x_wconf 90' lang='lat' dir='ltr'>clarum</span> 
     </span>
    </p>
   </div>
   <div class='ocr_carea' id='block_1_86' title="bbox 2137 1872 3749 1957">
    <p class='ocr_par' dir='ltr' id='par_1_86' title="bbox 2137 1872 3749 1957">
     <span class='ocr_line' id='line_1_86' title="bbox 2137 1872 3749 1957; baseline 0.005 -23"><span class='ocrx_word' id='word_1_496' title='bbox 2137 1879 2338 1952; x_wconf 86' lang='lat' dir='ltr'>Sydus,</span> <span class='ocrx_word' id='word_1_497' title='bbox 2366 1872 2578 1949; x_wconf 85' lang='lat' dir='ltr'>Bruno,</span> <span class='ocrx_word' id='word_1_498' title='bbox 2602 1884 2835 1954; x_wconf 89' lang='lat' dir='ltr'>patrum</span> <span class='ocrx_word' id='word_1_499' title='bbox 2865 1884 3050 1956; x_wconf 84' lang='lat' dir='ltr'>vigor,</span> <span class='ocrx_word' id='word_1_500' title='bbox 3077 1885 3240 1952; x_wconf 90' lang='lat' dir='ltr'>ordo,</span> <span class='ocrx_word' id='word_1_501' title='bbox 3279 1887 3480 1957; x_wconf 89' lang='lat' dir='ltr'>regula</span> <span class='ocrx_word' id='word_1_502' title='bbox 3501 1886 3749 1943; x_wconf 86' lang='lat' dir='ltr'>fratrum</span> 
     </span>
    </p>
   </div>
   <div class='ocr_carea' id='block_1_87' title="bbox 2135 1969 3497 2046">
    <p class='ocr_par' dir='ltr' id='par_1_87' title="bbox 2135 1969 3497 2046">
     <span class='ocr_line' id='line_1_87' title="bbox 2135 1969 3497 2046; baseline 0.005 -23"><span class='ocrx_word' id='word_1_503' title='bbox 2135 1969 2551 2041; x_wconf 81' lang='lat' dir='ltr'>Exemplarque</span> <span class='ocrx_word' id='word_1_504' title='bbox 2574 1971 2678 2025; x_wconf 71' lang='lat' dir='ltr'>vim</span> <span class='ocrx_word' id='word_1_505' title='bbox 2695 1972 2955 2039; x_wconf 77' lang='lat' dir='ltr'>caelestis,</span> <span class='ocrx_word' id='word_1_506' title='bbox 2986 1972 3229 2045; x_wconf 89' lang='lat' dir='ltr'>fonsque</span> <span class='ocrx_word' id='word_1_507' title='bbox 3259 1975 3497 2046; x_wconf 80' lang='lat' dir='ltr'>30phiae,</span> 
     </span>
    </p>
   </div>
   <div class='ocr_carea' id='block_1_88' title="bbox 2134 2057 3637 2132">
    <p class='ocr_par' dir='ltr' id='par_1_88' title="bbox 2134 2057 3637 2132">
     <span class='ocr_line' id='line_1_88' title="bbox 2134 2057 3637 2132; baseline 0.005 -21"><span class='ocrx_word' id='word_1_508' title='bbox 2134 2058 2244 2111; x_wconf 88' lang='lat' dir='ltr'>Has</span> <span class='ocrx_word' id='word_1_509' title='bbox 2275 2057 2466 2130; x_wconf 88' lang='lat' dir='ltr'>tetigit</span> <span class='ocrx_word' id='word_1_510' title='bbox 2481 2062 2684 2127; x_wconf 89' lang='lat' dir='ltr'>metas,</span> <span class='ocrx_word' id='word_1_511' title='bbox 2720 2060 2924 2132; x_wconf 90' lang='lat' dir='ltr'>quibus</span> <span class='ocrx_word' id='word_1_512' title='bbox 2948 2060 3140 2116; x_wconf 88' lang='lat' dir='ltr'>omnis</span> <span class='ocrx_word' id='word_1_513' title='bbox 3167 2062 3452 2117; x_wconf 90' lang='lat' dir='ltr'>clauditur</span> <span class='ocrx_word' id='word_1_514' title='bbox 3479 2067 3637 2119; x_wconf 67' lang='lat' dir='ltr'>aetas.</span> 
     </span>
    </p>
   </div>
   <div class='ocr_carea' id='block_1_89' title="bbox 2132 2147 3746 2222">
    <p class='ocr_par' dir='ltr' id='par_1_89' title="bbox 2132 2147 3746 2222">
     <span class='ocr_line' id='line_1_89' title="bbox 2132 2147 3746 2222; baseline 0.005 -23"><span class='ocrx_word' id='word_1_515' title='bbox 2132 2147 2196 2199; x_wconf 91' lang='lat' dir='ltr'>In</span> <span class='ocrx_word' id='word_1_516' title='bbox 2219 2162 2463 2200; x_wconf 89' lang='lat' dir='ltr'>numero</span> <span class='ocrx_word' id='word_1_517' title='bbox 2494 2147 2741 2202; x_wconf 90' lang='lat' dir='ltr'>fratrum</span> <span class='ocrx_word' id='word_1_518' title='bbox 2774 2151 2829 2202; x_wconf 88' lang='lat' dir='ltr'>te</span> <span class='ocrx_word' id='word_1_519' title='bbox 2862 2149 3218 2220; x_wconf 89' lang='lat' dir='ltr'>scripsimus,</span> <span class='ocrx_word' id='word_1_520' title='bbox 3254 2150 3473 2220; x_wconf 90' lang='lat' dir='ltr'>optime</span> <span class='ocrx_word' id='word_1_521' title='bbox 3492 2155 3746 2222; x_wconf 88' lang='lat' dir='ltr'>patrum,</span> 
     </span>
    </p>
   </div>
   <div class='ocr_carea' id='block_1_90' title="bbox 2135 2232 3489 2311">
    <p class='ocr_par' dir='ltr' id='par_1_90' title="bbox 2135 2232 3489 2311">
     <span class='ocr_line' id='line_1_90' title="bbox 2135 2232 3489 2311; baseline 0.005 -25"><span class='ocrx_word' id='word_1_522' title='bbox 2135 2232 2346 2287; x_wconf 87' lang='lat' dir='ltr'>Sedula</span> <span class='ocrx_word' id='word_1_523' title='bbox 2369 2233 2572 2289; x_wconf 89' lang='lat' dir='ltr'>devote</span> <span class='ocrx_word' id='word_1_524' title='bbox 2598 2235 2892 2291; x_wconf 83' lang='lat' dir='ltr'>fundendo</span> <span class='ocrx_word' id='word_1_525' title='bbox 2915 2237 3251 2309; x_wconf 86' lang='lat' dir='ltr'>precamina</span> <span class='ocrx_word' id='word_1_526' title='bbox 3280 2255 3384 2311; x_wconf 89' lang='lat' dir='ltr'>pro</span> <span class='ocrx_word' id='word_1_527' title='bbox 3412 2243 3489 2306; x_wconf 91' lang='lat' dir='ltr'>te,</span> 
     </span>
    </p>
   </div>
   <div class='ocr_carea' id='block_1_91' title="bbox 2133 2321 3323 2398">
    <p class='ocr_par' dir='ltr' id='par_1_91' title="bbox 2133 2321 3323 2398">
     <span class='ocr_line' id='line_1_91' title="bbox 2133 2321 3323 2398; baseline 0.004 -22"><span class='ocrx_word' id='word_1_528' title='bbox 2133 2322 2204 2376; x_wconf 91' lang='lat' dir='ltr'>Ut</span> <span class='ocrx_word' id='word_1_529' title='bbox 2228 2321 2441 2393; x_wconf 89' lang='lat' dir='ltr'>pietate</span> <span class='ocrx_word' id='word_1_530' title='bbox 2456 2322 2559 2378; x_wconf 86' lang='lat' dir='ltr'>Dei</span> <span class='ocrx_word' id='word_1_531' title='bbox 2589 2324 2691 2378; x_wconf 90' lang='lat' dir='ltr'>tibi</span> <span class='ocrx_word' id='word_1_532' title='bbox 2719 2325 2888 2379; x_wconf 90' lang='lat' dir='ltr'>detur</span> <span class='ocrx_word' id='word_1_533' title='bbox 2916 2343 3050 2397; x_wconf 89' lang='lat' dir='ltr'>pars</span> <span class='ocrx_word' id='word_1_534' title='bbox 3081 2326 3323 2398; x_wconf 89' lang='lat' dir='ltr'>requiei.</span> 
     </span>
    </p>
   </div>
   <div class='ocr_carea' id='block_1_92' title="bbox 2630 2412 3174 2485">
    <p class='ocr_par' dir='ltr' id='par_1_92' title="bbox 2630 2412 3174 2485">
     <span class='ocr_line' id='line_1_92' title="bbox 2630 2412 3174 2485; baseline 0.004 -18"><span class='ocrx_word' id='word_1_535' title='bbox 2630 2412 2693 2468; x_wconf 89' lang='lat' dir='ltr'>S.</span> <span class='ocrx_word' id='word_1_536' title='bbox 2718 2412 2985 2485; x_wconf 74' lang='lat' dir='ltr'>Stephani</span> <span class='ocrx_word' id='word_1_537' title='bbox 3013 2416 3174 2485; x_wconf 82' lang='grc'><strong>(421).</strong></span> 
     </span>
    </p>
   </div>
   <div class='ocr_carea' id='block_1_93' title="bbox 2128 2500 3746 2576">
    <p class='ocr_par' dir='ltr' id='par_1_93' title="bbox 2128 2500 3746 2576">
     <span class='ocr_line' id='line_1_93' title="bbox 2128 2500 3746 2576; baseline 0.003 -21"><span class='ocrx_word' id='word_1_538' title='bbox 2128 2504 2250 2556; x_wconf 87' lang='grc'><strong>153.</strong></span> <span class='ocrx_word' id='word_1_539' title='bbox 2289 2500 2346 2556; x_wconf 94' lang='lat' dir='ltr'>Si</span> <span class='ocrx_word' id='word_1_540' title='bbox 2376 2502 2461 2555; x_wconf 89' lang='lat' dir='ltr'>vel</span> <span class='ocrx_word' id='word_1_541' title='bbox 2519 2517 2624 2572; x_wconf 88' lang='lat' dir='ltr'>per</span> <span class='ocrx_word' id='word_1_542' title='bbox 2665 2502 2950 2574; x_wconf 85' lang='lat' dir='ltr'>gemitum</span> <span class='ocrx_word' id='word_1_543' title='bbox 2984 2504 3070 2557; x_wconf 90' lang='lat' dir='ltr'>vel</span> <span class='ocrx_word' id='word_1_544' title='bbox 3131 2520 3236 2576; x_wconf 89' lang='lat' dir='ltr'>per</span> <span class='ocrx_word' id='word_1_545' title='bbox 3265 2504 3547 2575; x_wconf 81' lang='lat' dir='ltr'>lacrymas</span> <span class='ocrx_word' id='word_1_546' title='bbox 3604 2505 3746 2560; x_wconf 87' lang='lat' dir='ltr'>dare</span> 
     </span>
    </p>
   </div>
   <div class='ocr_carea' id='block_1_94' title="bbox 3101 2591 3748 2659">
    <p class='ocr_par' dir='ltr' id='par_1_94' title="bbox 3101 2591 3748 2659">
     <span class='ocr_line' id='line_1_94' title="bbox 3101 2591 3748 2659; baseline 0.008 -13"><span class='ocrx_word' id='word_1_547' title='bbox 3101 2602 3104 2605; x_wconf 47' lang='grc' dir='ltr'>λ</span> <span class='ocrx_word' id='word_1_548' title='bbox 3552 2591 3748 2659; x_wconf 83' lang='lat' dir='ltr'>[vitam</span> 
     </span>
    </p>
   </div>
   <div class='ocr_carea' id='block_1_95' title="bbox 2193 2679 3637 2754">
    <p class='ocr_par' dir='ltr' id='par_1_95' title="bbox 2193 2679 3637 2754">
     <span class='ocr_line' id='line_1_95' title="bbox 2193 2679 3637 2754; baseline 0.003 -20"><span class='ocrx_word' id='word_1_549' title='bbox 2193 2679 2292 2734; x_wconf 86' lang='lat' dir='ltr'>Hic</span> <span class='ocrx_word' id='word_1_550' title='bbox 2327 2680 2578 2735; x_wconf 88' lang='lat' dir='ltr'>mundus</span> <span class='ocrx_word' id='word_1_551' title='bbox 2605 2683 2818 2752; x_wconf 85' lang='lat' dir='ltr'>posset,</span> <span class='ocrx_word' id='word_1_552' title='bbox 2850 2681 3422 2754; x_wconf 88' lang='lat' dir='ltr'>mundusutrumque</span> <span class='ocrx_word' id='word_1_553' title='bbox 3455 2684 3637 2753; x_wconf 89' lang='lat' dir='ltr'>daret,</span> 
     </span>
    </p>
   </div>
   <div class='ocr_carea' id='block_1_96' title="bbox 2120 2755 3465 2827">
    <p class='ocr_par' dir='ltr' id='par_1_96' title="bbox 2120 2755 3465 2827">
     <span class='ocr_line' id='line_1_96' title="bbox 2120 2755 3465 2827; baseline 0.001 -2"><span class='ocrx_word' id='word_1_554' title='bbox 2120 2770 2193 2825; x_wconf 92' lang='lat' dir='ltr'>Ut</span> <span class='ocrx_word' id='word_1_555' title='bbox 2220 2770 2325 2825; x_wconf 91' lang='lat' dir='ltr'>sibi</span> <span class='ocrx_word' id='word_1_556' title='bbox 2359 2770 2651 2825; x_wconf 88' lang='lat' dir='ltr'>sublatum</span> <span class='ocrx_word' id='word_1_557' title='bbox 2672 2772 2851 2824; x_wconf 90' lang='lat' dir='ltr'>semel</span> <span class='ocrx_word' id='word_1_558' title='bbox 2885 2755 3117 2826; x_wconf 71' lang='lat' dir='ltr'>eliceret</span> <span class='ocrx_word' id='word_1_559' title='bbox 3146 2771 3465 2827; x_wconf 87' lang='lat' dir='ltr'>redivivum</span> 
     </span>
    </p>
   </div>
   <div class='ocr_carea' id='block_1_97' title="bbox 2188 2859 3576 2931">
    <p class='ocr_par' dir='ltr' id='par_1_97' title="bbox 2188 2859 3576 2931">
     <span class='ocr_line' id='line_1_97' title="bbox 2188 2859 3576 2931; baseline 0.002 -18"><span class='ocrx_word' id='word_1_560' title='bbox 2188 2861 2546 2927; x_wconf 90' lang='lat' dir='ltr'>Brunonem,</span> <span class='ocrx_word' id='word_1_561' title='bbox 2579 2859 2813 2913; x_wconf 89' lang='lat' dir='ltr'>miseris</span> <span class='ocrx_word' id='word_1_562' title='bbox 2828 2876 3010 2931; x_wconf 88' lang='lat' dir='ltr'>spem,</span> <span class='ocrx_word' id='word_1_563' title='bbox 3039 2860 3229 2925; x_wconf 90' lang='lat' dir='ltr'>decus,</span> <span class='ocrx_word' id='word_1_564' title='bbox 3265 2861 3576 2930; x_wconf 85' lang='lat' dir='ltr'>auxilium;</span> 
     </span>
    </p>
   </div>
   <div class='ocr_carea' id='block_1_98' title="bbox 2121 2943 3747 3023">
    <p class='ocr_par' dir='ltr' id='par_1_98' title="bbox 2121 2943 3747 3023">
     <span class='ocr_line' id='line_1_98' title="bbox 2121 2943 3747 3023; baseline 0.002 -19"><span class='ocrx_word' id='word_1_565' title='bbox 2121 2949 2236 3015; x_wconf 91' lang='lat' dir='ltr'>Qui</span> <span class='ocrx_word' id='word_1_566' title='bbox 2268 2953 2492 3003; x_wconf 90' lang='lat' dir='ltr'>sectans</span> <span class='ocrx_word' id='word_1_567' title='bbox 2526 2964 2813 3015; x_wconf 88' lang='lat' dir='ltr'>eremum,</span> <span class='ocrx_word' id='word_1_568' title='bbox 2853 2950 3270 3023; x_wconf 89' lang='lat' dir='ltr'>propriamque</span> <span class='ocrx_word' id='word_1_569' title='bbox 3294 2943 3547 3006; x_wconf 76' lang='lat' dir='ltr'>&#39;crucem</span> <span class='ocrx_word' id='word_1_570' title='bbox 3578 2951 3747 3023; x_wconf 90' lang='lat' dir='ltr'>baju-</span> 
     </span>
    </p>
   </div>
   <div class='ocr_carea' id='block_1_99' title="bbox 2194 3039 3748 3180">
    <p class='ocr_par' dir='ltr' id='par_1_99' title="bbox 2194 3039 3748 3180">
     <span class='ocr_line' id='line_1_99' title="bbox 2194 3039 3748 3180; baseline -0.036 14"><span class='ocrx_word' id='word_1_571' title='bbox 2194 3112 2337 3164; x_wconf 58' lang='grc' dir='ltr'>Λεία</span> <span class='ocrx_word' id='word_1_572' title='bbox 2364 3108 2694 3179; x_wconf 68' lang='grc' dir='ltr'>οοωΡῙθνίὶ,</span> <span class='ocrx_word' id='word_1_573' title='bbox 2713 3124 2812 3162; x_wconf 91' lang='lat' dir='ltr'>ore</span> <span class='ocrx_word' id='word_1_574' title='bbox 2826 3108 2982 3180; x_wconf 90' lang='lat' dir='ltr'>quod</span> <span class='ocrx_word' id='word_1_575' title='bbox 2999 3109 3245 3176; x_wconf 90' lang='lat' dir='ltr'>edocuit,</span> <span class='ocrx_word' id='word_1_576' title='bbox 3545 3039 3748 3099; x_wconf 66' lang='lat' dir='ltr'>[laudo</span> 
     </span>
    </p>
   </div>
   <div class='ocr_carea' id='block_1_100' title="bbox 2129 3196 3598 3268">
    <p class='ocr_par' dir='ltr' id='par_1_100' title="bbox 2129 3196 3598 3268">
     <span class='ocr_line' id='line_1_100' title="bbox 2129 3196 3598 3268; baseline 0 -15"><span class='ocrx_word' id='word_1_577' title='bbox 2129 3198 2576 3268; x_wconf 85' lang='lat' dir='ltr'>Remigiumque</span> <span class='ocrx_word' id='word_1_578' title='bbox 2605 3200 2811 3250; x_wconf 89' lang='lat' dir='ltr'>tenens</span> <span class='ocrx_word' id='word_1_579' title='bbox 2833 3196 2967 3251; x_wconf 84' lang='lat' dir='ltr'>ﬁdei</span> <span class='ocrx_word' id='word_1_580' title='bbox 3000 3213 3160 3268; x_wconf 89' lang='lat' dir='ltr'>spem</span> <span class='ocrx_word' id='word_1_581' title='bbox 3183 3197 3305 3252; x_wconf 83' lang='lat' dir='ltr'>ﬁxit</span> <span class='ocrx_word' id='word_1_582' title='bbox 3325 3199 3383 3253; x_wconf 89' lang='lat' dir='ltr'>in</span> <span class='ocrx_word' id='word_1_583' title='bbox 3416 3199 3598 3268; x_wconf 87' lang='lat' dir='ltr'>astris,</span> 
     </span>
    </p>
   </div>
   <div class='ocr_carea' id='block_1_101' title="bbox 2207 3284 3278 3355">
    <p class='ocr_par' dir='ltr' id='par_1_101' title="bbox 2207 3284 3278 3355">
     <span class='ocr_line' id='line_1_101' title="bbox 2207 3284 3278 3355; baseline 0 -15"><span class='ocrx_word' id='word_1_584' title='bbox 2207 3287 2274 3340; x_wconf 89' lang='lat' dir='ltr'>Et</span> <span class='ocrx_word' id='word_1_585' title='bbox 2303 3289 2426 3339; x_wconf 85' lang='lat' dir='ltr'>rate</span> <span class='ocrx_word' id='word_1_586' title='bbox 2457 3285 2605 3339; x_wconf 86' lang='lat' dir='ltr'>felici</span> <span class='ocrx_word' id='word_1_587' title='bbox 2623 3284 2747 3355; x_wconf 88' lang='lat' dir='ltr'>jam</span> <span class='ocrx_word' id='word_1_588' title='bbox 2780 3301 2941 3340; x_wconf 90' lang='lat' dir='ltr'>mare</span> <span class='ocrx_word' id='word_1_589' title='bbox 2970 3286 3240 3340; x_wconf 90' lang='lat' dir='ltr'>transiliit</span> <span class='ocrx_word' id='word_1_590' title='bbox 3265 3303 3278 3340; x_wconf 89' lang='lat'><strong>:</strong></span> 
     </span>
    </p>
   </div>
   <div class='ocr_carea' id='block_1_102' title="bbox 2134 3373 3460 3445">
    <p class='ocr_par' dir='ltr' id='par_1_102' title="bbox 2134 3373 3460 3445">
     <span class='ocr_line' id='line_1_102' title="bbox 2134 3373 3460 3445; baseline 0.002 -17"><span class='ocrx_word' id='word_1_591' title='bbox 2134 3376 2202 3430; x_wconf 88' lang='lat' dir='ltr'>Et</span> <span class='ocrx_word' id='word_1_592' title='bbox 2232 3374 2366 3445; x_wconf 89' lang='lat' dir='ltr'>quia</span> <span class='ocrx_word' id='word_1_593' title='bbox 2389 3389 2505 3428; x_wconf 90' lang='lat' dir='ltr'>non</span> <span class='ocrx_word' id='word_1_594' title='bbox 2538 3389 2641 3443; x_wconf 89' lang='lat' dir='ltr'>per</span> <span class='ocrx_word' id='word_1_595' title='bbox 2665 3389 2722 3427; x_wconf 92' lang='lat' dir='ltr'>se</span> <span class='ocrx_word' id='word_1_596' title='bbox 2741 3373 2889 3427; x_wconf 88' lang='lat' dir='ltr'>valet</span> <span class='ocrx_word' id='word_1_597' title='bbox 2911 3374 3058 3427; x_wconf 90' lang='lat' dir='ltr'>ullus</span> <span class='ocrx_word' id='word_1_598' title='bbox 3089 3390 3252 3445; x_wconf 86' lang='lat' dir='ltr'>posse</span> <span class='ocrx_word' id='word_1_599' title='bbox 3280 3374 3460 3443; x_wconf 89' lang='lat' dir='ltr'>beari,</span> 
     </span>
    </p>
   </div>
   <div class='ocr_carea' id='block_1_103' title="bbox 2207 3460 3318 3531">
    <p class='ocr_par' dir='ltr' id='par_1_103' title="bbox 2207 3460 3318 3531">
     <span class='ocr_line' id='line_1_103' title="bbox 2207 3460 3318 3531; baseline 0.001 -15"><span class='ocrx_word' id='word_1_600' title='bbox 2207 3463 2365 3516; x_wconf 88' lang='lat' dir='ltr'>Hunc</span> <span class='ocrx_word' id='word_1_601' title='bbox 2388 3461 2677 3515; x_wconf 90' lang='lat' dir='ltr'>immensa</span> <span class='ocrx_word' id='word_1_602' title='bbox 2708 3460 2805 3515; x_wconf 92' lang='lat' dir='ltr'>Dei</span> <span class='ocrx_word' id='word_1_603' title='bbox 2822 3461 3006 3531; x_wconf 87' lang='lat' dir='ltr'>gratia</span> <span class='ocrx_word' id='word_1_604' title='bbox 3023 3461 3318 3531; x_wconf 84' lang='lat' dir='ltr'>justiﬁcet.</span> 
     </span>
    </p>
   </div>
   <div class='ocr_carea' id='block_1_104' title="bbox 2417 3545 3454 3619">
    <p class='ocr_par' dir='ltr' id='par_1_104' title="bbox 2417 3545 3454 3619">
     <span class='ocr_line' id='line_1_104' title="bbox 2417 3545 3454 3619; baseline 0.001 -16"><span class='ocrx_word' id='word_1_605' title='bbox 2417 3547 2480 3603; x_wconf 88' lang='lat' dir='ltr'>S.</span> <span class='ocrx_word' id='word_1_606' title='bbox 2515 3548 2725 3616; x_wconf 79' lang='lat' dir='ltr'>Vz&#39;goris</span> <span class='ocrx_word' id='word_1_607' title='bbox 2750 3545 3024 3602; x_wconf 67' lang='lat' dir='ltr'>Cerastae-2&#39;</span> <span class='ocrx_word' id='word_1_608' title='bbox 3049 3549 3270 3603; x_wconf 63' lang='grc' dir='ltr'>εαξηοὸἰὶ</span> <span class='ocrx_word' id='word_1_609' title='bbox 3290 3551 3454 3619; x_wconf 90' lang='grc'><strong>(422).</strong></span> 
     </span>
    </p>
   </div>
   <div class='ocr_carea' id='block_1_105' title="bbox 2142 3636 3752 3711">
    <p class='ocr_par' dir='ltr' id='par_1_105' title="bbox 2142 3636 3752 3711">
     <span class='ocr_line' id='line_1_105' title="bbox 2142 3636 3752 3711; baseline 0.001 -18"><span class='ocrx_word' id='word_1_610' title='bbox 2142 3640 2261 3693; x_wconf 81' lang='grc'><strong>154.</strong></span> <span class='ocrx_word' id='word_1_611' title='bbox 2287 3636 2525 3691; x_wconf 83' lang='lat' dir='ltr'>Humilis</span> <span class='ocrx_word' id='word_1_612' title='bbox 2540 3652 2676 3706; x_wconf 86' lang='lat' dir='ltr'>grex</span> <span class='ocrx_word' id='word_1_613' title='bbox 2708 3636 2953 3691; x_wconf 89' lang='lat' dir='ltr'>coenobii</span> <span class='ocrx_word' id='word_1_614' title='bbox 2981 3637 3752 3711; x_wconf 86' lang='lat' dir='ltr'>CerasiensisbeatiVigoris,</span> 
     </span>
    </p>
   </div>
   <div class='ocr_carea' id='block_1_106' title="bbox 2213 3759 3755 3835">
    <p class='ocr_par' dir='ltr' id='par_1_106' title="bbox 2213 3759 3755 3835">
     <span class='ocr_line' id='line_1_106' title="bbox 2213 3759 3755 3835; baseline 0.003 -20"><span class='ocrx_word' id='word_1_615' title='bbox 2213 3764 2350 3830; x_wconf 83' lang='grc'><strong>(420)</strong></span> <span class='ocrx_word' id='word_1_616' title='bbox 2374 3762 2435 3814; x_wconf 93' lang='lat' dir='ltr'>In</span> <span class='ocrx_word' id='word_1_617' title='bbox 2458 3759 2715 3835; x_wconf 85' lang='lat' dir='ltr'>generali</span> <span class='ocrx_word' id='word_1_618' title='bbox 2727 3759 3140 3835; x_wconf 73' lang='lat' dir='ltr'>beneficiorum</span> <span class='ocrx_word' id='word_1_619' title='bbox 3156 3761 3413 3835; x_wconf 66' lang='lat' dir='ltr'>dimcesis</span> <span class='ocrx_word' id='word_1_620' title='bbox 3426 3763 3755 3835; x_wconf 88' lang='lat' dir='ltr'>Bajocensis</span> 
     </span>
    </p>
   </div>
   <div class='ocr_carea' id='block_1_107' title="bbox 2138 3831 3751 3901">
    <p class='ocr_par' dir='ltr' id='par_1_107' title="bbox 2138 3831 3751 3901">
     <span class='ocr_line' id='line_1_107' title="bbox 2138 3831 3751 3901; baseline 0.001 -14"><span class='ocrx_word' id='word_1_621' title='bbox 2138 3832 2400 3896; x_wconf 87' lang='lat' dir='ltr'>elencho,</span> <span class='ocrx_word' id='word_1_622' title='bbox 2453 3847 2607 3885; x_wconf 90' lang='lat' dir='ltr'>anno</span> <span class='ocrx_word' id='word_1_623' title='bbox 2653 3832 2787 3883; x_wconf 79' lang='grc'><strong>1648</strong></span> <span class='ocrx_word' id='word_1_624' title='bbox 2846 3831 2997 3901; x_wconf 78' lang='lat' dir='ltr'>typis</span> <span class='ocrx_word' id='word_1_625' title='bbox 3050 3832 3462 3887; x_wconf 88' lang='lat' dir='ltr'>Parisiensibus</span> <span class='ocrx_word' id='word_1_626' title='bbox 3501 3831 3751 3901; x_wconf 57' lang='lat' dir='ltr'>&#39;excuso,</span> 
     </span>
    </p>
   </div>
   <div class='ocr_carea' id='block_1_108' title="bbox 2140 3900 3755 3974">
    <p class='ocr_par' dir='ltr' id='par_1_108' title="bbox 2140 3900 3755 3974">
     <span class='ocr_line' id='line_1_108' title="bbox 2140 3900 3755 3974; baseline 0.002 -18"><span class='ocrx_word' id='word_1_627' title='bbox 2140 3920 2272 3974; x_wconf 89' lang='lat' dir='ltr'>pag.</span> <span class='ocrx_word' id='word_1_628' title='bbox 2293 3905 2360 3956; x_wconf 89' lang='grc'><strong>23</strong></span> <span class='ocrx_word' id='word_1_629' title='bbox 2381 3902 2591 3974; x_wconf 84' lang='lat' dir='ltr'>curatis</span> <span class='ocrx_word' id='word_1_630' title='bbox 2638 3900 2883 3974; x_wconf 66' lang='lat' dir='ltr'>civitatis</span> <span class='ocrx_word' id='word_1_631' title='bbox 2910 3900 3232 3974; x_wconf 89' lang='lat' dir='ltr'>Bajocensis</span> <span class='ocrx_word' id='word_1_632' title='bbox 3270 3904 3519 3957; x_wconf 90' lang='lat' dir='ltr'>ecclesiis</span> <span class='ocrx_word' id='word_1_633' title='bbox 3549 3921 3755 3959; x_wconf 82' lang='lat' dir='ltr'>accen-</span> 
     </span>
    </p>
   </div>
   <div class='ocr_carea' id='block_1_109' title="bbox 2141 3970 3753 4045">
    <p class='ocr_par' dir='ltr' id='par_1_109' title="bbox 2141 3970 3753 4045">
     <span class='ocr_line' id='line_1_109' title="bbox 2141 3970 3753 4045; baseline 0.001 -17"><span class='ocrx_word' id='word_1_634' title='bbox 2141 3970 2298 4028; x_wconf 74' lang='lat' dir='ltr'>setur</span> <span class='ocrx_word' id='word_1_635' title='bbox 2322 3970 2690 4045; x_wconf 89' lang='lat' dir='ltr'>ecclesia,__S.</span> <span class='ocrx_word' id='word_1_636' title='bbox 2744 3970 2964 4045; x_wconf 53' lang='lat' dir='ltr'>Georgii:</span> <span class='ocrx_word' id='word_1_637' title='bbox 3016 3973 3199 4045; x_wconf 86' lang='lat' dir='ltr'>dicta;</span> <span class='ocrx_word' id='word_1_638' title='bbox 3258 3990 3436 4045; x_wconf 88' lang='lat' dir='ltr'>quare</span> <span class='ocrx_word' id='word_1_639' title='bbox 3480 3991 3627 4045; x_wconf 84' lang='lat' dir='ltr'>cum</span> <span class='ocrx_word' id='word_1_640' title='bbox 3665 3978 3753 4029; x_wconf 77' lang='grc' dir='ltr'>1οο</span> 
     </span>
    </p>
   </div>
   <div class='ocr_carea' id='block_1_110' title="bbox 2141 4042 3755 4111">
    <p class='ocr_par' dir='ltr' id='par_1_110' title="bbox 2141 4042 3755 4111">
     <span class='ocr_line' id='line_1_110' title="bbox 2141 4042 3755 4111; baseline 0.001 -13"><span class='ocrx_word' id='word_1_641' title='bbox 2141 4062 2274 4098; x_wconf 90' lang='lat' dir='ltr'>cum</span> <span class='ocrx_word' id='word_1_642' title='bbox 2304 4059 2530 4096; x_wconf 86' lang='lat' dir='ltr'>sacrum</span> <span class='ocrx_word' id='word_1_643' title='bbox 2557 4043 2755 4107; x_wconf 90' lang='lat' dir='ltr'>alium,</span> <span class='ocrx_word' id='word_1_644' title='bbox 2798 4043 2883 4096; x_wconf 89' lang='lat' dir='ltr'>vel</span> <span class='ocrx_word' id='word_1_645' title='bbox 2914 4042 3213 4111; x_wconf 87' lang='lat' dir='ltr'>abolitum,</span> <span class='ocrx_word' id='word_1_646' title='bbox 3248 4042 3335 4098; x_wconf 76' lang='lat' dir='ltr'>vel</span> <span class='ocrx_word' id='word_1_647' title='bbox 3362 4044 3536 4099; x_wconf 92' lang='lat' dir='ltr'>modo</span> <span class='ocrx_word' id='word_1_648' title='bbox 3563 4045 3755 4100; x_wconf 87' lang='lat' dir='ltr'>adhuc</span> 
     </span>
    </p>
   </div>
   <div class='ocr_carea' id='block_1_111' title="bbox 2142 4112 3753 4184">
    <p class='ocr_par' dir='ltr' id='par_1_111' title="bbox 2142 4112 3753 4184">
     <span class='ocr_line' id='line_1_111' title="bbox 2142 4112 3753 4184; baseline 0.001 -15"><span class='ocrx_word' id='word_1_649' title='bbox 2142 4115 2505 4178; x_wconf 87' lang='lat' dir='ltr'>existentem,</span> <span class='ocrx_word' id='word_1_650' title='bbox 2525 4113 2612 4168; x_wconf 90' lang='lat' dir='ltr'>cui</span> <span class='ocrx_word' id='word_1_651' title='bbox 2630 4112 2687 4165; x_wconf 88' lang='lat' dir='ltr'>in</span> <span class='ocrx_word' id='word_1_652' title='bbox 2716 4112 2941 4166; x_wconf 88' lang='lat' dir='ltr'>civitate</span> <span class='ocrx_word' id='word_1_653' title='bbox 2959 4114 3253 4184; x_wconf 86' lang='lat' dir='ltr'>Bajocensi</span> <span class='ocrx_word' id='word_1_654' title='bbox 3270 4115 3356 4168; x_wconf 90' lang='lat' dir='ltr'>vel</span> <span class='ocrx_word' id='word_1_655' title='bbox 3385 4115 3476 4181; x_wconf 90' lang='lat' dir='ltr'>sit,</span> <span class='ocrx_word' id='word_1_656' title='bbox 3495 4118 3581 4169; x_wconf 89' lang='lat' dir='ltr'>vel</span> <span class='ocrx_word' id='word_1_657' title='bbox 3611 4116 3753 4170; x_wconf 88' lang='lat' dir='ltr'>olim</span> 
     </span>
    </p>
   </div>
   <div class='ocr_carea' id='block_1_112' title="bbox 2141 4184 3751 4255">
    <p class='ocr_par' dir='ltr' id='par_1_112' title="bbox 2141 4184 3751 4255">
     <span class='ocr_line' id='line_1_112' title="bbox 2141 4184 3751 4255; baseline 0.001 -15"><span class='ocrx_word' id='word_1_658' title='bbox 2141 4185 2359 4240; x_wconf 88' lang='lat' dir='ltr'>fuerita</span> <span class='ocrx_word' id='word_1_659' title='bbox 2378 4184 2685 4255; x_wconf 89' lang='lat' dir='ltr'>S.Georgio</span> <span class='ocrx_word' id='word_1_660' title='bbox 2708 4185 3111 4255; x_wconf 88' lang='lat' dir='ltr'>nomen,hand</span> <span class='ocrx_word' id='word_1_661' title='bbox 3124 4185 3434 4255; x_wconf 88' lang='lat' dir='ltr'>reperiam,</span> <span class='ocrx_word' id='word_1_662' title='bbox 3451 4186 3751 4241; x_wconf 90' lang='lat' dir='ltr'>ecclesiam</span> 
     </span>
    </p>
   </div>
   <div class='ocr_carea' id='block_1_113' title="bbox 2143 4254 3020 4334">
    <p class='ocr_par' dir='ltr' id='par_1_113' title="bbox 2143 4254 3020 4334">
     <span class='ocr_line' id='line_1_113' title="bbox 2143 4254 3020 4334; baseline -0.003 -24"><span class='ocrx_word' id='word_1_663' title='bbox 2143 4257 2303 4310; x_wconf 89' lang='lat' dir='ltr'>illam</span> <span class='ocrx_word' id='word_1_664' title='bbox 2321 4255 2413 4334; x_wconf 77' lang='lat' dir='ltr'>hic</span> <span class='ocrx_word' id='word_1_665' title='bbox 2445 4254 2735 4334; x_wconf 71' lang='lat' dir='ltr'>designari</span> <span class='ocrx_word' id='word_1_666' title='bbox 2750 4254 3020 4334; x_wconf 61' lang='lat' dir='ltr'>Eoujicio.</span> 
     </span>
    </p>
   </div>
   <div class='ocr_carea' id='block_1_114' title="bbox 2216 4324 3758 4397">
    <p class='ocr_par' dir='ltr' id='par_1_114' title="bbox 2216 4324 3758 4397">
     <span class='ocr_line' id='line_1_114' title="bbox 2216 4324 3758 4397; baseline 0 -16"><span class='ocrx_word' id='word_1_667' title='bbox 2216 4329 2362 4392; x_wconf 76' lang='grc'><strong>(421)</strong></span> <span class='ocrx_word' id='word_1_668' title='bbox 2384 4327 2445 4397; x_wconf 84' lang='lat' dir='ltr'>In</span> <span class='ocrx_word' id='word_1_669' title='bbox 2463 4324 2718 4397; x_wconf 76' lang='lat' dir='ltr'>editione</span> <span class='ocrx_word' id='word_1_670' title='bbox 2749 4324 3054 4397; x_wconf 84' lang='lat' dir='ltr'>Basileensi</span> <span class='ocrx_word' id='word_1_671' title='bbox 3093 4324 3347 4397; x_wconf 82' lang='lat' dir='ltr'>habetur</span> <span class='ocrx_word' id='word_1_672' title='bbox 3375 4324 3438 4381; x_wconf 90' lang='lat' dir='ltr'>S.</span> <span class='ocrx_word' id='word_1_673' title='bbox 3488 4325 3758 4397; x_wconf 77' lang='lat' dir='ltr'>Stephani</span> 
     </span>
    </p>
   </div>
   <div class='ocr_carea' id='block_1_115' title="bbox 2148 4395 3749 4465">
    <p class='ocr_par' dir='ltr' id='par_1_115' title="bbox 2148 4395 3749 4465">
     <span class='ocr_line' id='line_1_115' title="bbox 2148 4395 3749 4465; baseline 0 -13"><span class='ocrx_word' id='word_1_674' title='bbox 2148 4398 2218 4453; x_wconf 90' lang='lat' dir='ltr'>ad</span> <span class='ocrx_word' id='word_1_675' title='bbox 2247 4396 2506 4459; x_wconf 87' lang='lat' dir='ltr'>eumdem,</span> <span class='ocrx_word' id='word_1_676' title='bbox 2536 4395 2593 4449; x_wconf 91' lang='lat' dir='ltr'>id</span> <span class='ocrx_word' id='word_1_677' title='bbox 2626 4399 2730 4461; x_wconf 89' lang='lat' dir='ltr'>est,</span> <span class='ocrx_word' id='word_1_678' title='bbox 2763 4395 2820 4448; x_wconf 88' lang='lat' dir='ltr'>ni</span> <span class='ocrx_word' id='word_1_679' title='bbox 2854 4396 3040 4463; x_wconf 87' lang='lat' dir='ltr'>fallar,</span> <span class='ocrx_word' id='word_1_680' title='bbox 3075 4396 3145 4448; x_wconf 89' lang='lat' dir='ltr'>ad</span> <span class='ocrx_word' id='word_1_681' title='bbox 3194 4396 3432 4449; x_wconf 85' lang='lat' dir='ltr'>eumdem</span> <span class='ocrx_word' id='word_1_682' title='bbox 3481 4395 3749 4465; x_wconf 70' lang='lat' dir='ltr'>Titulem;</span> 
     </span>
    </p>
   </div>
   <div class='ocr_carea' id='block_1_116' title="bbox 2148 4466 3754 4538">
    <p class='ocr_par' dir='ltr' id='par_1_116' title="bbox 2148 4466 3754 4538">
     <span class='ocr_line' id='line_1_116' title="bbox 2148 4466 3754 4538; baseline 0 -16"><span class='ocrx_word' id='word_1_683' title='bbox 2148 4466 2478 4538; x_wconf 87' lang='lat' dir='ltr'>hujusmodi</span> <span class='ocrx_word' id='word_1_684' title='bbox 2505 4468 2725 4538; x_wconf 14' lang='lat' dir='ltr'>autem,</span> <span class='ocrx_word' id='word_1_685' title='bbox 2756 4466 3071 4538; x_wconf 82' lang='lat' dir='ltr'>inscriptio,</span> <span class='ocrx_word' id='word_1_686' title='bbox 3124 4482 3256 4519; x_wconf 90' lang='lat' dir='ltr'>cum</span> <span class='ocrx_word' id='word_1_687' title='bbox 3288 4482 3490 4521; x_wconf 88' lang='lat' dir='ltr'>vocem</span> <span class='ocrx_word' id='word_1_688' title='bbox 3539 4467 3754 4522; x_wconf 79' lang='lat' dir='ltr'>Tilulus</span> 
     </span>
    </p>
   </div>
   <div class='ocr_carea' id='block_1_117' title="bbox 2150 4536 3755 4607">
    <p class='ocr_par' dir='ltr' id='par_1_117' title="bbox 2150 4536 3755 4607">
     <span class='ocr_line' id='line_1_117' title="bbox 2150 4536 3755 4607; baseline 0 -14"><span class='ocrx_word' id='word_1_689' title='bbox 2150 4536 2391 4593; x_wconf 87' lang='lat' dir='ltr'>subinde</span> <span class='ocrx_word' id='word_1_690' title='bbox 2442 4536 2617 4590; x_wconf 90' lang='lat' dir='ltr'>etiam</span> <span class='ocrx_word' id='word_1_691' title='bbox 2661 4537 2732 4607; x_wconf 87' lang='lat' dir='ltr'>ad</span> <span class='ocrx_word' id='word_1_692' title='bbox 2784 4536 3084 4607; x_wconf 83' lang='lat' dir='ltr'>epistolam</span> <span class='ocrx_word' id='word_1_693' title='bbox 3141 4537 3510 4607; x_wconf 84' lang='lat' dir='ltr'>encyclicam,</span> <span class='ocrx_word' id='word_1_694' title='bbox 3565 4539 3755 4593; x_wconf 88' lang='lat' dir='ltr'>obitus</span> 
     </span>
    </p>
   </div>
   <div class='ocr_carea' id='block_1_118' title="bbox 2151 4606 3755 4679">
    <p class='ocr_par' dir='ltr' id='par_1_118' title="bbox 2151 4606 3755 4679">
     <span class='ocr_line' id='line_1_118' title="bbox 2151 4606 3755 4679; baseline 0 -16"><span class='ocrx_word' id='word_1_695' title='bbox 2151 4608 2469 4679; x_wconf 87' lang='lat' dir='ltr'>cujuspiam</span> <span class='ocrx_word' id='word_1_696' title='bbox 2520 4606 2815 4672; x_wconf 78' lang='lat' dir='ltr'>nunciam,</span> <span class='ocrx_word' id='word_1_697' title='bbox 2867 4606 3307 4679; x_wconf 87' lang='lat' dir='ltr'>signiﬁcandam</span> <span class='ocrx_word' id='word_1_698' title='bbox 3354 4607 3410 4661; x_wconf 93' lang='lat' dir='ltr'>S.</span> <span class='ocrx_word' id='word_1_699' title='bbox 3468 4609 3755 4663; x_wconf 89' lang='lat' dir='ltr'>Brunonis</span> 
     </span>
    </p>
   </div>
   <div class='ocr_carea' id='block_1_119' title="bbox 2150 4678 3753 4748">
    <p class='ocr_par' dir='ltr' id='par_1_119' title="bbox 2150 4678 3753 4748">
     <span class='ocr_line' id='line_1_119' title="bbox 2150 4678 3753 4748; baseline -0.001 -14"><span class='ocrx_word' id='word_1_700' title='bbox 2150 4678 2317 4734; x_wconf 66' lang='lat' dir='ltr'>aetate</span> <span class='ocrx_word' id='word_1_701' title='bbox 2338 4678 2509 4732; x_wconf 90' lang='lat' dir='ltr'>fuisse</span> <span class='ocrx_word' id='word_1_702' title='bbox 2536 4680 2891 4748; x_wconf 71' lang='lat' dir='ltr'>usurpatam,</span> <span class='ocrx_word' id='word_1_703' title='bbox 2925 4678 3130 4748; x_wconf 88' lang='lat' dir='ltr'>exipsa</span> <span class='ocrx_word' id='word_1_704' title='bbox 3149 4678 3407 4748; x_wconf 84' lang='lat' dir='ltr'>proxime</span> <span class='ocrx_word' id='word_1_705' title='bbox 3420 4683 3555 4733; x_wconf 88' lang='lat' dir='ltr'>ante</span> <span class='ocrx_word' id='word_1_706' title='bbox 3586 4680 3753 4734; x_wconf 86' lang='lat' dir='ltr'>fune-</span> 
     </span>
    </p>
   </div>
   <div class='ocr_carea' id='block_1_120' title="bbox 2149 4747 3751 4820">
    <p class='ocr_par' dir='ltr' id='par_1_120' title="bbox 2149 4747 3751 4820">
     <span class='ocr_line' id='line_1_120' title="bbox 2149 4747 3751 4820; baseline -0.001 -15"><span class='ocrx_word' id='word_1_707' title='bbox 2149 4752 2280 4805; x_wconf 90' lang='lat' dir='ltr'>bres</span> <span class='ocrx_word' id='word_1_708' title='bbox 2324 4750 2494 4820; x_wconf 89' lang='lat' dir='ltr'>hosce</span> <span class='ocrx_word' id='word_1_709' title='bbox 2564 4747 2778 4820; x_wconf 90' lang='lat' dir='ltr'>Titulos</span> <span class='ocrx_word' id='word_1_710' title='bbox 2826 4747 3111 4820; x_wconf 84' lang='lat' dir='ltr'>descripta</span> <span class='ocrx_word' id='word_1_711' title='bbox 3149 4748 3390 4820; x_wconf 83' lang='lat' dir='ltr'>epistola</span> <span class='ocrx_word' id='word_1_712' title='bbox 3442 4750 3751 4820; x_wconf 87' lang='lat' dir='ltr'>encyclica,</span> 
     </span>
    </p>
   </div>
   <div class='ocr_carea' id='block_1_121' title="bbox 2152 4818 3752 4891">
    <p class='ocr_par' dir='ltr' id='par_1_121' title="bbox 2152 4818 3752 4891">
     <span class='ocr_line' id='line_1_121' title="bbox 2152 4818 3752 4891; baseline -0.001 -16"><span class='ocrx_word' id='word_1_713' title='bbox 2152 4820 2353 4875; x_wconf 90' lang='lat' dir='ltr'>mortis</span> <span class='ocrx_word' id='word_1_714' title='bbox 2384 4819 2441 4873; x_wconf 94' lang='lat' dir='ltr'>S.</span> <span class='ocrx_word' id='word_1_715' title='bbox 2476 4818 2758 4872; x_wconf 88' lang='lat' dir='ltr'>Brunonis</span> <span class='ocrx_word' id='word_1_716' title='bbox 2783 4818 3017 4891; x_wconf 67' lang='lat' dir='ltr'>pungia,</span> <span class='ocrx_word' id='word_1_717' title='bbox 3053 4818 3422 4891; x_wconf 77' lang='lat' dir='ltr'>manifestum</span> <span class='ocrx_word' id='word_1_718' title='bbox 3457 4818 3752 4891; x_wconf 49' lang='lat' dir='ltr'>sit,&#39;aequi-</span> 
     </span>
    </p>
   </div>
   <div class='ocr_carea' id='block_1_122' title="bbox 2152 4887 3755 4961">
    <p class='ocr_par' dir='ltr' id='par_1_122' title="bbox 2152 4887 3755 4961">
     <span class='ocr_line' id='line_1_122' title="bbox 2152 4887 3755 4961; baseline -0.001 -16"><span class='ocrx_word' id='word_1_719' title='bbox 2152 4893 2299 4945; x_wconf 89' lang='lat' dir='ltr'>valet</span> <span class='ocrx_word' id='word_1_720' title='bbox 2354 4889 2487 4943; x_wconf 89' lang='lat' dir='ltr'>huic</span> <span class='ocrx_word' id='word_1_721' title='bbox 2536 4888 2842 4961; x_wconf 83' lang='lat' dir='ltr'>sequenti:</span> <span class='ocrx_word' id='word_1_722' title='bbox 2897 4887 3181 4961; x_wconf 65' lang='lat' dir='ltr'>Responsio</span> <span class='ocrx_word' id='word_1_723' title='bbox 3231 4887 3295 4943; x_wconf 92' lang='lat' dir='ltr'>S.</span> <span class='ocrx_word' id='word_1_724' title='bbox 3346 4889 3609 4961; x_wconf 49' lang='lat' dir='ltr'>Stephani</span> <span class='ocrx_word' id='word_1_725' title='bbox 3642 4887 3755 4945; x_wconf 57' lang='lat' dir='ltr'>_ad</span> 
     </span>
    </p>
   </div>
   <div class='ocr_carea' id='block_1_123' title="bbox 2150 4958 3754 5029">
    <p class='ocr_par' dir='ltr' id='par_1_123' title="bbox 2150 4958 3754 5029">
     <span class='ocr_line' id='line_1_123' title="bbox 2150 4958 3754 5029; baseline 0.001 -15"><span class='ocrx_word' id='word_1_726' title='bbox 2150 4962 2383 5014; x_wconf 77' lang='lat' dir='ltr'>eamdem</span> <span class='ocrx_word' id='word_1_727' title='bbox 2413 4958 2685 5029; x_wconf 77' lang='lat' dir='ltr'>epistolam</span> <span class='ocrx_word' id='word_1_728' title='bbox 2739 4958 3081 5027; x_wconf 79' lang='lat' dir='ltr'>encyclicam,</span> <span class='ocrx_word' id='word_1_729' title='bbox 3132 4962 3316 5012; x_wconf 81' lang='lat' dir='ltr'>mortis</span> <span class='ocrx_word' id='word_1_730' title='bbox 3355 4958 3449 5014; x_wconf 43' lang='lat' dir='ltr'>Sf</span> <span class='ocrx_word' id='word_1_731' title='bbox 3475 4959 3754 5016; x_wconf 75' lang='lat' dir='ltr'>Brunonis</span> 
     </span>
    </p>
   </div>
   <div class='ocr_carea' id='block_1_124' title="bbox 2149 5029 3753 5100">
    <p class='ocr_par' dir='ltr' id='par_1_124' title="bbox 2149 5029 3753 5100">
     <span class='ocr_line' id='line_1_124' title="bbox 2149 5029 3753 5100; baseline 0.001 -15"><span class='ocrx_word' id='word_1_732' title='bbox 2149 5034 2415 5085; x_wconf 79' lang='lat' dir='ltr'>nuntiam.</span> <span class='ocrx_word' id='word_1_733' title='bbox 2448 5031 2573 5083; x_wconf 83' lang='lat' dir='ltr'>Jam</span> <span class='ocrx_word' id='word_1_734' title='bbox 2602 5046 2753 5095; x_wconf 87' lang='lat' dir='ltr'>vero,</span> <span class='ocrx_word' id='word_1_735' title='bbox 2788 5046 2917 5083; x_wconf 92' lang='lat' dir='ltr'>cum</span> <span class='ocrx_word' id='word_1_736' title='bbox 2941 5029 3193 5100; x_wconf 68' lang='lat' dir='ltr'>dicacesis</span> <span class='ocrx_word' id='word_1_737' title='bbox 3229 5031 3551 5100; x_wconf 88' lang='lat' dir='ltr'>Bajocensis</span> <span class='ocrx_word' id='word_1_738' title='bbox 3574 5032 3753 5087; x_wconf 91' lang='lat' dir='ltr'>situm</span> 
     </span>
    </p>
   </div>
   <div class='ocr_carea' id='block_1_125' title="bbox 2150 5098 3754 5181">
    <p class='ocr_par' dir='ltr' id='par_1_125' title="bbox 2150 5098 3754 5181">
     <span class='ocr_line' id='line_1_125' title="bbox 2150 5098 3754 5181; baseline 0 -24"><span class='ocrx_word' id='word_1_739' title='bbox 2150 5104 2209 5157; x_wconf 91' lang='lat' dir='ltr'>in</span> <span class='ocrx_word' id='word_1_740' title='bbox 2268 5103 2420 5181; x_wconf 36' lang='lat' dir='ltr'>urbe.</span> <span class='ocrx_word' id='word_1_741' title='bbox 2469 5100 2832 5181; x_wconf 81' lang='lat' dir='ltr'>Cadomensi,</span> <span class='ocrx_word' id='word_1_742' title='bbox 2886 5100 3040 5181; x_wconf 69' lang='lat' dir='ltr'>quod</span> <span class='ocrx_word' id='word_1_743' title='bbox 3207 5098 3489 5181; x_wconf 51' lang='lat' dir='ltr'>Stephani</span> <span class='ocrx_word' id='word_1_744' title='bbox 3514 5102 3754 5181; x_wconf 81' lang='lat' dir='ltr'>nomine</span> 
     </span>
    </p>
   </div>
   <div class='ocr_carea' id='block_1_126' title="bbox 2151 5169 3750 5241">
    <p class='ocr_par' dir='ltr' id='par_1_126' title="bbox 2151 5169 3750 5241">
     <span class='ocr_line' id='line_1_126' title="bbox 2151 5169 3750 5241; baseline -0.001 -14"><span class='ocrx_word' id='word_1_745' title='bbox 2151 5171 2523 5241; x_wconf 89' lang='lat' dir='ltr'>distinguitur</span> <span class='ocrx_word' id='word_1_746' title='bbox 2548 5172 2867 5241; x_wconf 63' lang='lat' dir='ltr'>saeculoque</span> <span class='ocrx_word' id='word_1_747' title='bbox 2900 5169 3207 5224; x_wconf 81' lang='lat' dir='ltr'>undecimo</span> <span class='ocrx_word' id='word_1_748' title='bbox 3239 5169 3345 5225; x_wconf 89' lang='lat' dir='ltr'>fuit</span> <span class='ocrx_word' id='word_1_749' title='bbox 3378 5176 3750 5240; x_wconf 85' lang='lat' dir='ltr'>exstructum,</span> 
     </span>
    </p>
   </div>
   <div class='ocr_carea' id='block_1_127' title="bbox 2148 5241 3756 5321">
    <p class='ocr_par' dir='ltr' id='par_1_127' title="bbox 2148 5241 3756 5321">
     <span class='ocr_line' id='line_1_127' title="bbox 2148 5241 3756 5321; baseline 0 -24"><span class='ocrx_word' id='word_1_750' title='bbox 2148 5242 2564 5298; x_wconf 85' lang='lat' dir='ltr'>monasterium</span> <span class='ocrx_word' id='word_1_751' title='bbox 2591 5242 3024 5321; x_wconf 73' lang='lat' dir='ltr'>complectatur,</span> <span class='ocrx_word' id='word_1_752' title='bbox 3042 5241 3380 5321; x_wconf 76' lang='lat' dir='ltr'>processisse</span> <span class='ocrx_word' id='word_1_753' title='bbox 3395 5242 3466 5321; x_wconf 78' lang='lat' dir='ltr'>ab</span> <span class='ocrx_word' id='word_1_754' title='bbox 3483 5243 3590 5297; x_wconf 93' lang='lat' dir='ltr'>hoc</span> <span class='ocrx_word' id='word_1_755' title='bbox 3601 5243 3756 5298; x_wconf 88' lang='lat' dir='ltr'>Titu-</span> 
     </span>
    </p>
   </div>
   <div class='ocr_carea' id='block_1_128' title="bbox 2146 5311 3754 5384">
    <p class='ocr_par' dir='ltr' id='par_1_128' title="bbox 2146 5311 3754 5384">
     <span class='ocr_line' id='line_1_128' title="bbox 2146 5311 3754 5384; baseline 0 -16"><span class='ocrx_word' id='word_1_756' title='bbox 2146 5315 2266 5368; x_wconf 90' lang='lat' dir='ltr'>lum</span> <span class='ocrx_word' id='word_1_757' title='bbox 2300 5312 2627 5384; x_wconf 86' lang='lat' dir='ltr'>funebrem,</span> <span class='ocrx_word' id='word_1_758' title='bbox 2657 5328 2754 5384; x_wconf 85' lang='lat' dir='ltr'>seu</span> <span class='ocrx_word' id='word_1_759' title='bbox 2784 5312 2967 5381; x_wconf 71' lang='lat' dir='ltr'>subjec</span> <span class='ocrx_word' id='word_1_760' title='bbox 2980 5316 3099 5365; x_wconf 88' lang='lat' dir='ltr'>tam</span> <span class='ocrx_word' id='word_1_761' title='bbox 3130 5311 3204 5365; x_wconf 88' lang='lat' dir='ltr'>ad</span> <span class='ocrx_word' id='word_1_762' title='bbox 3234 5312 3602 5384; x_wconf 80' lang='lat' dir='ltr'>encyclicam,</span> <span class='ocrx_word' id='word_1_763' title='bbox 3638 5330 3754 5384; x_wconf 89' lang='lat' dir='ltr'>qua</span> 
     </span>
    </p>
   </div>
   <div class='ocr_carea' id='block_1_129' title="bbox 2147 5382 3750 5453">
    <p class='ocr_par' dir='ltr' id='par_1_129' title="bbox 2147 5382 3750 5453">
     <span class='ocr_line' id='line_1_129' title="bbox 2147 5382 3750 5453; baseline -0.001 -14"><span class='ocrx_word' id='word_1_764' title='bbox 2147 5402 2303 5439; x_wconf 90' lang='lat' dir='ltr'>mors</span> <span class='ocrx_word' id='word_1_765' title='bbox 2360 5383 2416 5437; x_wconf 89' lang='lat' dir='ltr'>S.</span> <span class='ocrx_word' id='word_1_766' title='bbox 2453 5382 2734 5436; x_wconf 89' lang='lat' dir='ltr'>Brunonis</span> <span class='ocrx_word' id='word_1_767' title='bbox 2783 5398 3240 5453; x_wconf 89' lang='lat' dir='ltr'>quaquaversum</span> <span class='ocrx_word' id='word_1_768' title='bbox 3302 5382 3569 5437; x_wconf 89' lang='lat' dir='ltr'>nuntiata</span> <span class='ocrx_word' id='word_1_769' title='bbox 3619 5382 3750 5453; x_wconf 77' lang='lat' dir='ltr'>fuit,</span> 
     </span>
    </p>
   </div>
   <div class='ocr_carea' id='block_1_130' title="bbox 2146 5453 3569 5527">
    <p class='ocr_par' dir='ltr' id='par_1_130' title="bbox 2146 5453 3569 5527">
     <span class='ocr_line' id='line_1_130' title="bbox 2146 5453 3569 5527; baseline -0.001 -17"><span class='ocrx_word' id='word_1_770' title='bbox 2146 5455 2447 5527; x_wconf 75' lang='lat' dir='ltr'>epistolam</span> <span class='ocrx_word' id='word_1_771' title='bbox 2472 5453 2928 5527; x_wconf 71' lang='lat' dir='ltr'>responsionem,</span> <span class='ocrx_word' id='word_1_772' title='bbox 2961 5453 3283 5527; x_wconf 85' lang='lat' dir='ltr'>verosimile</span> <span class='ocrx_word' id='word_1_773' title='bbox 3310 5457 3569 5527; x_wconf 85' lang='lat' dir='ltr'>apparet.</span> 
     </span>
    </p>
   </div>
   <div class='ocr_carea' id='block_1_131' title="bbox 2217 5523 3752 5595">
    <p class='ocr_par' dir='ltr' id='par_1_131' title="bbox 2217 5523 3752 5595">
     <span class='ocr_line' id='line_1_131' title="bbox 2217 5523 3752 5595; baseline -0.001 -15"><span class='ocrx_word' id='word_1_774' title='bbox 2217 5528 2360 5595; x_wconf 70' lang='grc'><strong>(422)</strong></span> <span class='ocrx_word' id='word_1_775' title='bbox 2394 5525 2508 5578; x_wconf 88' lang='lat' dir='ltr'>Hoc</span> <span class='ocrx_word' id='word_1_776' title='bbox 2533 5523 2787 5578; x_wconf 89' lang='lat' dir='ltr'>dioecesis</span> <span class='ocrx_word' id='word_1_777' title='bbox 2819 5524 3140 5595; x_wconf 86' lang='lat' dir='ltr'>Bajocensis</span> <span class='ocrx_word' id='word_1_778' title='bbox 3172 5523 3609 5592; x_wconf 87' lang='lat' dir='ltr'>monasterium,</span> <span class='ocrx_word' id='word_1_779' title='bbox 3646 5523 3752 5580; x_wconf 83' lang='lat' dir='ltr'>Ce-</span> 
     </span>
    </p>
   </div>
   <div class='ocr_carea' id='block_1_132' title="bbox 2144 5594 3752 5665">
    <p class='ocr_par' dir='ltr' id='par_1_132' title="bbox 2144 5594 3752 5665">
     <span class='ocr_line' id='line_1_132' title="bbox 2144 5594 3752 5665; baseline 0.001 -16"><span class='ocrx_word' id='word_1_780' title='bbox 2144 5600 2345 5651; x_wconf 81' lang='lat' dir='ltr'>rasz&#39;um</span> <span class='ocrx_word' id='word_1_781' title='bbox 2361 5595 2536 5649; x_wconf 89' lang='lat' dir='ltr'>etiam</span> <span class='ocrx_word' id='word_1_782' title='bbox 2550 5594 3082 5665; x_wconf 89' lang='lat' dir='ltr'>appellatum,quod</span> <span class='ocrx_word' id='word_1_783' title='bbox 3098 5611 3130 5647; x_wconf 92' lang='lat' dir='ltr'>a</span> <span class='ocrx_word' id='word_1_784' title='bbox 3142 5595 3553 5665; x_wconf 69' lang='lat' dir='ltr'>Northmannis</span> <span class='ocrx_word' id='word_1_785' title='bbox 3562 5595 3752 5651; x_wconf 86' lang='lat' dir='ltr'>adhuc</span> 
     </span>
    </p>
   </div>
   <div class='ocr_carea' id='block_1_133' title="bbox 2144 5664 3754 5738">
    <p class='ocr_par' dir='ltr' id='par_1_133' title="bbox 2144 5664 3754 5738">
     <span class='ocr_line' id='line_1_133' title="bbox 2144 5664 3754 5738; baseline 0 -14"><span class='ocrx_word' id='word_1_786' title='bbox 2144 5664 2832 5738; x_wconf 86' lang='lat' dir='ltr'>ethnicisNeustriamque</span> <span class='ocrx_word' id='word_1_787' title='bbox 2860 5664 3284 5736; x_wconf 84' lang='lat' dir='ltr'>infestantibus,</span> <span class='ocrx_word' id='word_1_788' title='bbox 3313 5666 3502 5724; x_wconf 85' lang='lat' dir='ltr'>fuerat</span> <span class='ocrx_word' id='word_1_789' title='bbox 3526 5666 3754 5724; x_wconf 86' lang='lat' dir='ltr'>destru-</span> 
     </span>
    </p>
   </div>
  </div>
