4014 6030
286 334 391 388 597

280 636 470 702 solvit,
504 652 676 690 orans
698 640 760 690 ut
789 636 840 689 ei
866 640 1065 708 parcat
1089 653 1322 690 summa
1352 636 1452 689 Dei
1474 636 1677 707 pietas.

493 741 556 797 S.
591 741 789 797 Mariae
822 741 1237 797 Constanlz'ensis
1264 742 1487 796 ecclesiae
1514 743 1676 814 (424).

284 851 405 903 155.
440 848 694 903 Christus
727 850 1031 905 doctorum
1072 850 1296 915 doctor,
1326 849 1456 903 fons
1498 854 1668 922 atque
1708 850 1892 905 bono-

1720 937 1891 1006 [rum,

351 1027 540 1079 Donet
566 1025 843 1091 Brunoni,
872 1026 1026 1097 quod
1057 1042 1322 1081 meruere
1355 1026 1514 1082 boni.

276 1113 412 1166 Esse
440 1115 619 1167 Deum
646 1130 845 1168 verum
880 1114 1138 1184 sequitur
1169 1133 1284 1169 non
1318 1131 1437 1169 esse
1470 1131 1752 1182 severum,

351 1201 487 1253 Huic
510 1201 685 1271 igitur
718 1202 972 1272 placidus
1000 1202 1070 1255 sit
1098 1202 1219 1257 sine
1250 1204 1365 1255 fine
1400 1206 1564 1257 Deus.

274 1288 422 1342 Nam
446 1305 628 1359 genus
658 1290 1001 1355 humanum,
1035 1291 1363 1345 confectum
1385 1291 1627 1346 crimine
1654 1309 1887 1360 vanum,

350 1378 460 1431 Iste
491 1379 661 1431 Pater
689 1378 882 1431 docuit
915 1396 1087 1449 quam
1122 1380 1327 1433 melius
1360 1380 1568 1450 potuit,

276 1464 485 1519 Christi
514 1466 856 1520 mandatum
893 1467 1174 1538 pandens,
1207 1468 1345 1521 dare
1375 1485 1583 1522 munus
1629 1473 1890 1525 amatum

349 1553 611 1608 Servanti
634 1553 808 1607 vitam
842 1554 939 1608 dat
969 1555 1104 1626 quia
1137 1559 1496 1626 perpetuam.

274 1642 389 1695 Nec
414 1642 600 1696 solum
631 1642 836 1708 verbis,
865 1646 928 1696 ut
953 1643 1127 1697 durus
1151 1644 1371 1711 doctor,
1421 1644 1641 1699 acerbis

350 1728 649 1795 Perdocet,
685 1733 771 1783 ast
800 1730 964 1784 factis
984 1732 1345 1803 persequitur
1369 1733 1635 1803 propriis.

273 1819 562 1889 Perpetua
592 1817 707 1872 vita
728 1835 830 1872 cur
858 1835 974 1873 non
1006 1823 1162 1874 caret
1190 1820 1279 1874 hic
1309 1822 1572 1888 eremita,

346 1906 443 1960 Est
469 1905 745 1977 quoniam
774 1923 940 1961 verus
961 1909 1111 1962 solus
1141 1908 1198 1961 in
1222 1909 1360 1963 orbe
1400 1911 1565 1963 Deus.

276 1992 447 2058 Quod
490 1994 682 2064 petitis
736 1994 956 2062 vestris,
1013 1996 1122 2050 hoc
1185 1996 1440 2052 Christus
1510 1998 1609 2052 det
1658 2014 1887 2069 quoque

1631 2087 1818 2147 [nostr
1840 2103 1885 2154 s,

348 2169 587 2225 Insimul
612 2173 673 2224 ut
703 2170 839 2225 socii
871 2170 988 2225 sint
1012 2172 1132 2227 sine
1162 2172 1277 2228 fine
1310 2173 1411 2228 Dei

606 2277 800 2331 Versus
827 2278 1087 2331 scholares
1123 2280 1360 2349 ejusdem
1399 2278 1563 2350 (425).

280 2364 402 2419 156.
438 2363 627 2418 Bruno
660 2366 976 2419 multorum
1006 2370 1327 2437 praeceptor
1370 2366 1886 2437 grammaticorum

347 2450 576 2506 Cunctis
605 2469 947 2523 corporeum
982 2454 1209 2508 nuntiat
1236 2454 1534 2509 interitum

271 2540 718 2607 Grammaticus,
746 2542 962 2609 rhetor,
993 2542 1320 2597 dialecticus
1345 2544 1777 2617 astrologusque

348 2627 680 2700 Efi‘ugerent
704 2633 976 2697 mortem,
1009 2630 1053 2684 si
1080 2630 1356 2702 fugienda
1386 2632 1557 2686 foret.

273 2716 387 2772 Sed
414 2718 550 2789 quia
580 2734 738 2772 mors
767 2719 925 2772 nulla
950 2720 1150 2790 nequit
1168 2719 1381 2774 auferri
1406 2720 1715 2788 medicina,

346 2805 590 2877 Semper
614 2807 852 2879 quisque
873 2824 1040 2861 suum
1061 2808 1279 2880 cogitet
1308 2809 1630 2864 interitum.

512 2911 575 2967 S.
608 2912 893 2969 Michaelis
921 2913 984 2967 de
1003 2913 1240 2985 periculo
1272 2917 1436 2968 maris
1466 2915 1636 2987 (426).

275 3004 397 3055 157.
430 3001 568 3055 Mira
593 3001 692 3056 Dei
723 3002 900 3056 virtus
925 3002 1216 3057 mirandos
1236 3002 1458 3073 perficit
1488 3008 1664 3057 actus.

270 3088 562 3153 Quosdam
578 3090 870 3162 justiﬁcat,
896 3092 1176 3163 quosdam
1209 3092 1279 3147 de
1312 3095 1500 3147 morte
1532 3093 1804 3164 repulsat.

270 3179 425 3242 Quos
447 3180 583 3247 vult,
609 3179 857 3250 ignorat,
891 3196 1033 3251 quos
1064 3181 1199 3247 vult,
1229 3180 1407 3234 solide
1431 3180 1537 3234 sibi
1570 3183 1761 3236 ﬁrmat
1790 3200 1804 3250 ;

267 3268 331 3321 In
358 3268 562 3338 quibus
584 3267 674 3321 hic
697 3269 910 3335 Bruno,
940 3269 1025 3322 vir
1055 3269 1367 3340 relligionis
1409 3273 1655 3338 amator,

268 3354 586 3426 Colligitur,
614 3355 856 3425 capitur,
886 3355 1124 3410 feliciter
1148 3360 1586 3425 annumeratur,

266 3444 446 3517 Hujus
469 3445 611 3499 sicut
638 3461 779 3516 opus
810 3446 981 3500 rotuli
1014 3446 1481 3501 contestificatur.

264 3634 445 3698 ctum,
470 3631 540 3685 ab
571 3630 796 3695 iisdem,
824 3631 986 3685 factis
1018 3631 1374 3697 Christianis,
1406 3634 1614 3687 smculo
1642 3633 1875 3687 undeci-

261 3719 362 3758 mo
394 3702 924 3767 fuitinstauratum,
953 3703 1184 3756 consule
1215 3703 1457 3756 Galliam
1492 3703 1873 3758 Christianam

264 3777 497 3829 auctam
528 3776 674 3844 tom.
701 3773 786 3838 XI,
821 3775 928 3827 col.
959 3775 1062 3827 408
1094 3776 1151 3827 et
1176 3790 1337 3844 seqq.

338 3846 489 3912 (423)
518 3842 622 3896 Adi
653 3847 849 3897 notam
884 3846 1003 3897 282.

336 3916 459 3987 (424
512 3916 573 3987 In
598 3913 855 3987 infcriori
888 3913 1308 3987 Northmannia
1333 3914 1441 3987 sita
1463 3918 1549 3968 est
1571 3915 1705 3968 urbs
1722 3916 1869 3987 epis-

259 3984 449 4056 copali
475 3984 627 4056 sede'
668 3985 875 4056 nobilis
917 3984 1284 4049 Constantia;
1334 3986 1502 4054 hujus
1546 3984 1874 4041 antem—ca-

257 4054 540 4112 thedralis
571 4054 825 4126 ecclesia,
859 4056 1353 4126 quemadmodum
1379 4056 1571 4109 Galliae
1599 4057 1868 4111 Christia-

258 4144 355 4183 nas
386 4129 566 4180 aucta:
610 4125 915 4194 scriptores
973 4129 1116 4180 tom.
1172 4127 1255 4190 XI,
1313 4128 1421 4179 col.
1485 4128 1587 4180 863
1635 4128 1865 4193 docent,

258 4196 636 4277 sanctissimae
668 4196 767 4251 Dei
806 4195 1309 4277 GenitricinMai'iaa
1359 4202 1687 4277 nuncupata
1724 4202 1819 4277 est
1851 4216 1864 4266 ;

259 4284 444 4359 quaIJ‘e
474 4268 661 4348 locum
683 4268 1028 4359 sacru‘mhab
1072 4267 1317 4321 Ecclesia
1368 4268 1464 4321 illa
1512 4267 1864 4333 distinctum,
1889 4300 1943 4359 D

260 4338 356 4393 hic
380 4338 665 4408 designari
690 4356 806 4392 non
834 4340 992 4408 puto.

333 4411 480 4476 (425)
512 4407 571 4462 In
608 4407 862 4463 editione
902 4408 1205 4463 Basileensi
1248 4408 1478 4463 additur
1519 4407 1681 4463 Urbis
1728 4408 1865 4464 Vide

261 4484 489 4535 notam.
518 4481 640 4533 419.

338 4553 479 4619 (426)
506 4551 583 4604 De
629 4550 736 4604 hoc
787 4549 1044 4603 diaacesis
1080 4549 1446 4603 Abrincensis
1490 4550 1862 4616 monasterio,

263 4621 515 4700 quodab
536 4623 585 4675 al
585 4621 660 4700 iis
684 4620 747 4675 S.
774 4620 1318 4700 ﬁfichqel‘z'npericulo
1340 4621 1509 4700 maris
1523 4622 1863 4700 appellatur,

263 4691 561 4763 sanctique
585 4691 1125 4763 Brunonisaetatem
1156 4691 1651 4763 longoﬂtemporis
1683 4692 1866 4763 spatio

262 4761 573 4834 praecessit,
602 4763 695 4816 adi
722 4762 911 4834 operis
942 4762 1133 4834 nostri
1161 4761 1471 4834 tom.AVlIl,
1516 4761 1869 4834 Septembris

262 4832 400 4905 pag.
453 4836 520 4887 80
564 4837 622 4905 et
665 4836 696 4886 3
743 4832 903 4904 seqq,
939 4833 1017 4887 uti
1064 4832 1236 4887 etiam
1297 4832 1487 4886 Galliae
1535 4832 1868 4905 Christianae

262 4903 447 4959 auctae
480 4904 783 4974 scriptores
813 4903 958 4957 tom.
992 4905 1078 4969 XI,
1111 4905 1218 4957 col.
1251 4906 1355 4957 510
1394 4907 1452 4957 et
1479 4903 1660 4974 tribus
1706 4920 1865 4974 seqq.

337 4975 483 5037 (427)
514 4973 725 5029 Lucum
758 4991 1006 5037 sacrum,
1037 4974 1132 5045 qui
1154 4976 1263 5028 hoc
1296 4973 1533 5045 nomine
1554 4973 1868 5043 distingua-

265 5050 379 5125 tur,
413 5045 636 5125 dicique
668 5044 860 5125 aliqua
886 5045 1002 5125 veri
1034 5044 1220 5125 specie
1248 5045 1315 5112 is,
1344 5044 1442 5115 qui
1473 5044 1563 5098 hic
1604 5045 1869 5116 designa-

264 5120 379 5181 tur,
413 5115 607 5186 possit,
638 5115 902 5185 nuspiam
929 5115 1181 5169 invenio.

340 5185 483 5257 (428)
514 5186 944 5251 Monasterium,
977 5187 1037 5239 in
1064 5186 1288 5241 diwcesi
1336 5185 1760 5241 Cenomanensi
1798 5185 1870 5239 si-

262 5262 415 5322 tum,
449 5257 604 5329 quod
633 5257 1416 5329 Lonleyumvocatur,saaculo
1437 5257 1745 5329 undecimo
1768 5257 1873 5310 fuit

263 5327 612 5384 exstructum
626 5369 638 5381 .
671 5328 869 5399 Liquet
885 5327 944 5381 id
960 5345 1024 5381 ex
1044 5329 1187 5399 ipso,
1206 5332 1403 5399 utpote
1424 5328 1513 5381 cui
1532 5327 1867 5399 Sigefridus,

262 5400 470 5472 seculo
496 5398 800 5472 undecimo
832 5415 946 5472 non
983 5398 1227 5452 multum
1251 5398 1655 5472 provecto,_ut
1679 5398 1871 5472 Gallias

265 5469 604 5526 Christianae
637 5473 817 5523 aucta!
842 5469 1148 5540 scriptores
1178 5474 1319 5523 tom.
1350 5470 1434 5535 XI,
1482 5470 1588 5522 col.
1634 5471 1737 5521 680
1770 5470 1871 5523 do-

264 5545 419 5606 cent,
454 5539 1085 5622 Sagiensisepiscopus,
1121 5539 1469 5662 subscripsit,
1507 5540 1870 5610 suppeditato

265 5629 300 5662 ιι
326 5611 789 5662 Sammarthams
813 5611 1085 5662 fratribus
1114 5615 1256 5662 tom.
1288 5611 1307 5662 Ι
1361 5652 1374 5662 .
1398 5626 1530 5662 nam
1552 5612 1655 5662 579
1674 5615 1734 5662 et
1752 5629 1870 5662 sea.

265 5629 300 5685 a
326 5611 789 5685 sammarthanis
813 5611 1099 5685 fratribus;
1114 5615 1256 5685 tom.
1288 5611 1374 5677 IV,
1398 5626 1530 5682 pag.
1552 5612 1734 5685 579get
1749 5629 1870 5685 seq.

264 5680 632 5740 fundationis
650 5680 1059 5740 instrumento.
1078 5681 1235 5740 Istud
1252 5680 1426 5753 porro
1444 5680 1888 5754 monasterium,

1862 333 2044 388 ACTA

282 458 663 530 praemonitus
689 461 919 514 oraculo
953 459 1167 525 divino,
1204 475 1305 531 pro
1337 458 1533 514 anima
1554 458 1803 531 religiosi
1831 474 1896 513 ac
1914 460 1971 518 A

280 548 400 601 Deo
430 546 620 601 dilecti
648 548 931 603 Brunonis
955 550 1226 620 generale
1270 548 1526 602 officium
1574 549 1715 619 (422)
1761 563 1891 619 per-

3502 342 3603 395 598

2443 459 2504 514 S.
2552 460 2704 515 Petrz
2746 459 2951 515 Casnlis
2993 462 3162 533 (427).

2074 550 2191 601 158.
2222 547 2346 601 Vita
2366 549 2668 617 Brunonis,
2703 549 2845 604 fides
2876 553 2933 603 et
2968 566 3144 622 Opera
3191 550 3237 604 si
3281 552 3407 606 talis
3437 554 3602 607 exsti-

1970 634 2086 703 'tit,
2119 640 2181 690 ut
2202 636 2339 690 dicit
2370 637 2581 691 littera.

2067 724 2191 779 Non
2224 729 2307 778 est
2336 726 2640 796 lugendus,
2675 743 2807 780 cum
2839 727 2911 780 sit
2948 727 3182 797 Superis
3212 728 3495 795 sociatus;

2067 813 2177 867 Sed
2210 814 2274 879 si,
2314 814 2451 867 dum
2494 814 2716 885 fragilis
2754 816 3071 869 toleramus
3102 817 3362 886 pondera
3395 818 3603 883 carnis,

2066 901 2258 955 Nullus
2280 906 2631 972 compareat,
2657 902 2752 974 qui
2782 903 2859 956 sic
2889 904 3013 957 sine
3052 904 3294 959 crimine
3324 905 3497 973 vivat,

2066 990 2136 1043 Ut
2166 994 2363 1043 caveat
2394 991 2555 1044 factis
2589 994 2685 1044 aut
2715 1008 2832 1044 non
2862 992 3198 1063 delinquere
3237 993 3421 1047 verbis
3448 1012 3461 1060 ;

2065 1077 2277 1132 Idcirco
2309 1078 2597 1132 Christum
2647 1078 3046 1148 deprecamur,
3097 1083 3180 1147 ut,
3232 1080 3277 1135 si
3321 1081 3378 1135 in
3412 1081 3604 1153 aliquo

1994 1166 2235 1220 offendit
2264 1167 2364 1219 istc
2400 1169 2588 1232 Pater,
2624 1166 2894 1237 dignetur
2925 1167 3245 1239 indulgere.

2310 1254 2373 1308 S.
2406 1255 2603 1307 Maria)
2632 1254 2839 1308 Louleii
2864 1257 3086 1309 errnobz'z'
3107 1258 3279 1326 (428).

2070 1345 2186 1395 159.
2221 1342 2429 1396 Audito
2458 1342 2701 1396 transitu
2730 1343 3042 1397 beatissimi
3077 1345 3334 1398 eremita:
3382 1344 3601 1398 Bruno-

1992 1428 2099 1494 nis,
2132 1430 2581 1484 Cenomanensis
2630 1434 2816 1484 mater
2858 1430 3096 1484 ecclesia
3138 1431 3513 1503 trigenarium
3552 1431 3603 1485 ei

1990 1516 2126 1571 fecit
2161 1520 2326 1588 (429),
2360 1518 2813 1572 anniversarium
2853 1518 3226 1589 depositionis
3274 1519 3428 1574 diem
3458 1519 3606 1573 cele-

1992 1605 2249 1658 bratura.

2306 1693 2369 1748 S.
2405 1694 2622 1748 Juliam'
2659 1693 3071 1750 Cenomanensis
3106 1699 3276 1765 (430).

1911 1773 1961 1832 Β
2066 1785 2185 1837 160.
2220 1783 2395 1837 Morte
2430 1786 2526 1837 tua
2571 1783 2832 1838 ﬂendum
2868 1800 2985 1838 non
3031 1785 3337 1853 credimus,
3385 1786 3601 1859 optime

3367 1876 3598 1945 [Bruno,

2063 1958 2190 2026 Qui,
2223 1959 2448 2029 fugiens
2479 1976 2655 2014 vanos
2683 1960 2886 2015 mundi
2920 1962 3210 2033 pereuntis
3232 1962 3504 2032 honores,

2060 2048 2395 2118 Angelicam
2421 2048 2478 2101 in
2518 2048 2682 2102 terris
2713 2048 2890 2103 vitam
2925 2051 3151 2122 sapiens
3179 2050 3433 2106 imitatus

2062 2135 2314 2205 Corpore
2348 2136 2533 2190 adhuc
2565 2136 2757 2191 vivens
2785 2138 3034 2192 coelestia
3066 2140 3259 2193 mente
3287 2140 3540 2210 petebas.

2059 2224 2327 2294 Corporis
2357 2242 2496 2296 ergo
2531 2225 2717 2291 malis,
2752 2225 2975 2280 Christo
3018 2227 3351 2296 miserante,
3386 2230 3599 2285 solutus

2067 2312 2307 2367 Sedibus
2333 2314 2598 2368 aethereis
2628 2318 2847 2368 arterna
2876 2331 3016 2385 pace
3052 2316 3278 2372 frueris.

2058 2401 2102 2456 Ο
2128 2402 2349 2456 utinam
2382 2407 2480 2457 tua
2501 2406 2698 2457 sancta
2728 2403 2887 2475 sequi
2916 2404 3152 2476 vestigia
3178 2422 3424 2476 possem,

2069 2490 2337 2562 Corporis
2358 2491 2515 2546 istius
2542 2508 2655 2562 quo
2682 2493 2845 2546 laatus
2871 2492 3085 2548 damna
3113 2495 3367 2550 subirem
3399 2495 3411 2549 ἓ

2564 2579 2726 2633 Alius
2769 2580 3022 2650 ejusdem.

2060 2668 2182 2722 161.
2214 2667 2360 2722 Vixit
2386 2668 2444 2721 in
2474 2668 2721 2722 Ecclesia
2737 2667 3065 2723 firmissima
3088 2669 3275 2725 Bruno
3298 2672 3589 2743 columna,

2055 2755 2292 2822 Occidit,
2323 2755 2473 2809 unde
2502 2756 2674 2809 decus
2706 2755 2965 2809 Ecclesiae
3004 2755 3233 2812 titubat.

1982 2844 2258 2898 Mundalis
2290 2846 2467 2913 luget,
2502 2842 2740 2899 caelestis
2768 2844 2924 2897 curia
2964 2845 3198 2915 gaudet.

2056 2932 2181 2985 Haec
2209 2932 2418 3003 perdit,
2448 2934 2672 2985 tantum
2703 2932 2933 3003 suscipit
2962 2932 3058 2992 illa
3083 2934 3300 2988 Virum.

1903 3021 1952 3082 C
1982 3019 2183 3073 Debita
2206 3024 2425 3073 natura:
2457 3019 2619 3073 solvit
2650 3019 2892 3073 meliora
2913 3023 3156 3089 secutus,

2053 3106 2150 3161 Cui
2184 3124 2286 3178 pro
2323 3110 2508 3161 morte
2538 3106 2693 3160 brevi
2720 3107 2833 3160 vita
2854 3109 3124 3178 perennis
3151 3110 3278 3164 erit.

2477 3194 2637 3247 Alius
2669 3196 2793 3248 item
2818 3196 3069 3265 ejusdem.

2053 3287 2170 3339 162.
2203 3284 2290 3339 Ad
2318 3284 2565 3355 Superos
2607 3283 2894 3355 Superum
2935 3287 3121 3341 cultor
3151 3287 3451 3361 sociusque
3490 3307 3582 3345 re-

3393 3395 3580 3434 (3838",.

3393 3395 3421 3432 c

2049 3459 2476 3515 Commendans
2505 3464 2675 3516 terrae
2702 3463 2916 3530 Bruno,
2951 3464 3109 3534 quod
3142 3464 3263 3536 ejus
3293 3378 3558 3533 θτὲιῗϐδή

1974 3631 2152 3755 ἓιιιοά,
2176 3632 2673 3702 quemadmodum
2726 3634 2797 3688 ab
2856 3634 3059 3689 iisdem
3118 3634 3582 3691 Sammarthanis

2000 3702 2245 3755 ratribus
2276 3703 2489 3755 ibidem
2521 3704 2784 3755 traditur.
2819 3702 2876 3755 in
2925 3704 3297 3755 sanctissimae
3334 3705 3580 3755 Virginis

2000 3702 2245 3755 ratribus
2276 3703 2489 3756 ibidem
2521 3704 2784 3770 traditur,
2819 3702 2876 3757 in
2925 3704 3297 3759 sanctissimae
3334 3705 3580 3770 Virginis

1972 3772 2160 3827 Maria:
2192 3774 2486 3846 honorem
2503 3772 2607 3846 fuit
2637 3775 2957 3846 conditum,
2987 3792 3106 3846 esse
3140 3780 3278 3845 puto
3320 3772 3459 3846 illud
3490 3777 3574 3846 ip-

1974 3860 2121 3907 sum,
2156 3846 2309 3913 quod
2339 3844 2442 3897 hac
2474 3842 2530 3895 in
2564 3844 2950 3914 inscriptione,
2983 3842 3248 3899 litterulae
3272 3844 3439 3898 unius
3464 3842 3577 3900 fac-

1972 3918 2031 3966 ta
2061 3914 2401 3977 mutatione,
2435 3914 2642 3967 Louleiz'
2662 3915 2890 3967 czenobz'i
2919 3915 3151 3969 nomine
3182 3914 3571 3984 distinguitur.

1969 3984 2172 4038 Mirum
2204 3984 2435 4037 interim
2465 3984 2688 4050 accidit,
2718 3985 2775 4038 in
2804 3986 3001 4055 iTitulo
3037 3985 3293 4054 subjecto
3341 3987 3570 4055 exponi,

1970 4071 2086 4127 non
2120 4055 2416 4127 quidqhocg,
2450 4056 2550 4109 sed
2600 4055 2737 4127 quid
2783 4054 3191 4127 Cenomanensis
3228 4054 3425 4119 mater,
3472 4074 3574 4111 seu

1968 4124 2333 4189 cathedralis,
2361 4125 2596 4179 Ecclesia
2618 4124 2746 4196 'pro
2791 4125 2853 4180 S.
2905 4125 3163 4181 Brunone
3218 4127 3570 4196 praastiterit,

1969 4196 2345 4269 sequentique
2366 4197 2542 4251 etiam
2574 4200 2836 4266 tempore
2877 4198 2948 4252 sit
2977 4197 3319 4269 priestitura.

2075 4214 2345 4266 uentique
2366 4214 2542 4251 etiam
2574 4214 2712 4266 rem}

2033 4214 2191 4335 ίῗ429)
2224 4267 2327 4320 Adi
2360 4272 2560 4321 notam
2590 4271 2712 4322 269.

2040 4338 2186 4407 (430)
2241 4338 2383 4391 Cum
2436 4338 2787 4393 Cathedralis
2828 4338 3279 4394 Cenomanensis
3326 4338 3574 4393 Ecclesia

1969 4407 2025 4463 S.
2058 4408 2303 4482 Iuliano,
2338 4408 2525 4482 primo
2555 4410 3078 4482 Cenomanensium
3109 4410 3395 4482 episcopo,
3417 4427 3567 4482 nun-

1968 4482 2175 4549 cupata
2205 4478 2295 4541 sit,
2325 4478 2430 4531 nec
2451 4480 2524 4532 ab
2554 4480 2659 4533 hac
2684 4480 2998 4546 distinctus,
3033 4481 3121 4534 cui
3145 4478 3195 4535 'a
3235 4478 3317 4538 Sf
3340 4480 3566 4535 Iuliano

1969 4566 2185 4621 nomen
2217 4549 2409 4614 fuerit,
2434 4550 2853 4621 convenireque
2881 4551 3268 4620 posseTitulus
3282 4552 3568 4621 subjectus

1966 4620 2247 4683 videatur,
2280 4621 2435 4673 locus
2465 4636 2622 4674 sacer
2653 4621 2797 4674 ullus
2828 4620 2886 4674 in
2919 4621 3339 4677 Cenomanensi
3366 4620 3463 4676 seu
3489 4621 3567 4677 ci-

1967 4691 2137 4745 vitate
2169 4707 2266 4743 seu
2299 4690 2523 4745 dicecesi
2559 4691 2764 4745 saeculo
2797 4691 3161 4755 duodecimo,
3212 4692 3371 4761 cujus
3414 4710 3567 4747 anno

1967 4762 2167 4833 primo
2190 4762 2441 4833 Sanctus,
2454 4764 2653 4833 noster
2693 4761 2855 4833 obiit,
2908 4762 3564 4833 exstitisseinveniatur,

1969 4831 2361 4912 cathedralem
2392 4831 2567 4912 illam
2599 4832 2895 4912 ecclesiam
2943 4834 3049 4912 hac
3092 4833 3149 4886 in
3199 4832 3569 4912 inscriptione

1972 4902 2284 4974 designari,
2317 4900 2579 4974 existimo
2608 4920 2622 4966 ;
2654 4904 2810 4974 quod
2851 4903 2896 4957 si
2933 4908 3124 4957 autem
3168 4919 3301 4974 vera
3342 4900 3425 4974 sit
3446 4904 3570 4957 hmc

1972 4972 2113 5028 mea
2130 4972 2346 5043 opinio.
2368 4972 3000 5029 Claudium'Robertum
3020 4977 3078 5028 et
3091 4978 3215 5044 post
3239 4973 3391 5027 hunc
3403 4972 3568 5028 Sam-

1973 5044 2315 5115 marthanos
2342 5043 2565 5109 fratres,
2595 5044 2713 5115 qui,
2747 5043 3133 5099 cathedralem
3166 5043 3569 5115 Cenomanen-

1972 5132 2096 5169 sem
2122 5114 2443 5179 ecclesiam,
2472 5113 2821 5185 cumiprimo
2851 5116 2911 5168 B.
2940 5114 3126 5185 Mariae
3158 5129 3222 5166 ac
3268 5113 3477 5168 deinde
3508 5114 3566 5185 S.

1971 5186 2232 5240 Gervasio
2254 5189 2589 5239 consecrata
2618 5183 2831 5251 fuisset,
2862 5202 3014 5239 anno
3047 5184 3282 5238 demum
3336 5187 3461 5238 1201
3510 5183 3571 5239 S.

1970 5256 2215 5323 Juliano,
2245 5256 2523 5311 translato
2554 5255 2609 5308 in
2634 5255 2791 5308 illam
2816 5270 2974 5308 sacro
3000 5254 3171 5323 hujus
3196 5253 3573 5325 corpore,de-

1974 5327 2221 5382 dicatam
2250 5327 2440 5393 fuisse,
2470 5326 2527 5381 in
2560 5324 2913 5379 concinnatis
2944 5342 2978 5379 a
3006 5343 3064 5380 se
3095 5323 3579 5380 Galliis—Christia-

1976 5397 2063 5451 nis
2084 5398 2358 5461 scribunt,
2391 5415 2424 5451 a
2455 5396 2692 5450 veritate
2738 5396 3006 5451 aberrare
3049 5413 3277 5451 necesse
3315 5398 3420 5459 est,
3463 5395 3579 5451 nisi

1976 5468 2144 5539 forte,
2177 5469 2330 5539 quod
2356 5471 2558 5539 tamen
2584 5480 2700 5539 non
2728 5471 2889 5539 puto,
2921 5466 3115 5539 isthase
3140 5466 3307 5539 Tituli
3338 5464 3584 5539 subjecti

1977 5534 2269 5610 inscriptio
2315 5538 2385 5592 ab
2418 5538 2485 5592 iis
2523 5536 2914 5610 solummodo,
2962 5537 3056 5609 qui
3089 5538 3359 5610 funebres
3389 5534 3587 5610 Sancti

1976 5604 2189 5664 Titulo's
2208 5610 2411 5665 saeculo
2433 5612 2495 5664 16
2514 5604 2778 5664 edendos
2803 5604 3094 5677 curarunt,
3110 5607 3283 5666 fuerit
3304 5605 3584 5682 profecta.
