4014 6030
202 1048 249 1073 κ

449 278 552 332 599
1314 273 1371 329 S.
1402 273 1748 330 BRUNONIS
1776 270 2407 330 CARTHUSIANORUM
2444 273 2912 332 INSTITUTORIS
3672 280 3783 334 600

450 398 888 469 Sarcinulasque
919 399 1068 453 leves
1096 400 1153 453 et
1180 402 1451 470 agentem
1486 400 1732 453 Prothea
1775 398 2056 453 mundum
2076 401 2132 461 Α
2232 398 2419 454 Gloria
2449 400 2701 455 Platonis
2742 399 2957 455 vilescit
2987 400 3155 454 laude
3198 400 3503 455 Rrunonis.

522 487 788 558 Despicit,
822 489 1070 542 aeternas
1101 505 1321 561 pauper
1351 488 1593 559 adeptus
1623 506 1776 559 Opes.

451 576 785 647 Depositum
822 575 1044 630 interea
1072 577 1247 630 cineri
1284 577 1574 643 miscetur,
1610 576 1879 648 idemque

524 663 728 733 Sperat
749 666 805 716 et
836 668 1124 736 exspectat
1144 665 1389 736 proemia
1415 668 1564 718 sorte
1598 665 1741 734 pari.

451 750 738 823 Suspicor,
776 752 1063 823 angelicas
1090 753 1218 807 huic
1249 755 1528 807 exsultare
1560 755 1841 819 cohortes,

524 840 592 894 Et
622 840 746 897 celi
778 842 924 896 cives
952 842 1225 913 plaudere
1254 843 1371 897 cive
1396 859 1564 897 novo.

456 927 626 984 Sexta
652 928 772 983 dies
802 929 1058 985 Octobris
1090 934 1233 998 erat,
1262 947 1392 985 cum
1424 933 1636 998 Bruno,
1668 935 1890 986 secutus

524 1020 820 1088 Naturam,
850 1019 1098 1091 Superos
1128 1025 1469 1076 exoneratus
1497 1022 1636 1076 adit.

928 1110 1095 1165 Alius
1128 1111 1299 1163 all/mc
1326 1111 1576 1180 ejusdem.

526 1199 644 1251 163.
679 1198 783 1251 Iste
816 1215 1065 1268 superna
1095 1203 1293 1270 petens
1316 1199 1539 1254 sincera
1570 1200 1889 1272 relligione,

523 1286 746 1357 Regnat
767 1303 897 1340 eum
930 1288 1140 1341 sanctis
1173 1288 1227 1340 in
1258 1290 1472 1342 cmlcsti
1511 1289 1771 1359 regione.

520 1375 627 1428 Iste
651 1374 948 1441 laboravit,
983 1375 1115 1429 felix
1146 1376 1329 1443 labor,
1361 1377 1512 1431 unde
1556 1377 1775 1431 vocavit

522 1462 713 1516 Gloria
733 1466 1090 1529 sanctorum,
1126 1481 1345 1519 merces
1378 1465 1643 1519 miranda
1685 1466 1949 1519 laborum

520 1552 618 1619 Te,
652 1552 751 1606 tibi
774 1569 852 1617 se,
890 1552 1099 1620 Bruno,
1134 1554 1276 1607 dans
1305 1570 1550 1623 regnum
1584 1554 1735 1623 Rege
1768 1554 1869 1607 sub
1902 1570 2054 1608 uno:

524 1639 679 1710 Rege
704 1641 807 1694 sub
838 1641 947 1694 hoc
986 1640 1133 1706 dico,
1162 1642 1431 1712 majestas
1462 1643 1621 1712 cujus
1648 1644 1877 1714 olympo

2232 489 2329 541 llic
2354 490 2718 560 prmcellebat
2748 489 3096 555 doctoribus,
3130 490 3219 543 hic
3256 490 3501 544 faciebat

2232 577 2501 632 Summos
2528 578 2810 644 doctores,
2850 596 2965 632 non
3010 578 3357 633 instituendo
3389 580 3675 635 minores.

2232 668 2444 721 Doctor
2476 667 2777 721 doctorum
2814 668 2918 721 fuit
2948 668 3060 733 hic,
3096 685 3210 722 non
3233 669 3668 723 clericulorum.

2231 756 2373 809 Nam
2406 773 2511 809 nec
2544 756 2873 810 honestatos
2902 758 3230 823 verborum,
3262 774 3365 811 nec
3397 758 3715 827 gravitates

2232 843 2489 916 Sumpsit
2514 846 2816 910 Brunonis,
2852 846 2957 899 nisi
2990 846 3072 899 vir
3097 862 3327 918 magnae
3367 847 3634 901 rationis.

2233 932 2425 986 Rectio
2457 934 2755 1004 prudentis
2785 934 3093 1004 superabat
3122 934 3392 989 acumina
3434 936 3672 1003 mentis,

2233 1020 2303 1072 Ut
2335 1022 2819 1076 documentorum
2859 1023 3061 1077 doctor
3099 1024 3235 1077 satis
3284 1024 3499 1077 exstitit
3540 1026 3778 1079 horum.

2230 1109 2323 1161 llis
2354 1110 2480 1179 plus
2520 1111 2837 1179 perfectam
2870 1111 3047 1164 voluit
3088 1128 3427 1183 praeponere
3462 1117 3709 1179 sectam,

2230 1198 2467 1251 Nuntiat
2499 1200 2797 1269 egregiam
2826 1200 3017 1254 divina
3048 1201 3308 1255 docendo
3340 1202 3631 1274 sephiam,

2233 1287 2538 1358 Primaque
2566 1289 2839 1342 destruxit
2872 1294 2927 1343 et
2961 1294 3235 1361 tanquam
3268 1291 3468 1345 frivola
3497 1292 3682 1359 duxit,

2234 1377 2352 1429 Dux
2384 1376 2541 1446 prius
2567 1379 2778 1432 erroris
2811 1382 3152 1434 monstravit
3182 1378 3290 1433 iter
3321 1379 3579 1433 melioris

2231 1464 2436 1518 Postea
2469 1466 2744 1519 doctrinas
2776 1469 2943 1536 (434‘,
2980 1484 3107 1538 quas
3138 1467 3350 1537 gaudia
3375 1468 3472 1522 dat
3498 1468 3779 1523 sinefine.

2232 1551 2344 1605 Sed
2372 1552 2449 1606 nil
2482 1555 2779 1609 mundana
2806 1556 3091 1627 sapientia
3117 1556 3215 1609 dat
3255 1556 3359 1610 nisi
3389 1574 3556 1611 vana.

2233 1640 2360 1694 Haec
2390 1641 2526 1696 facit
2550 1644 2733 1697 elatos
2766 1659 3000 1713 pompa,
3034 1644 3172 1697 facit
3204 1644 3303 1698 illa
3340 1645 3557 1699 beatos.

523 1728 723 1800 Fulget
748 1733 805 1783 et
834 1733 919 1783 est
950 1730 1171 1785 Sanctis
1218 1731 1330 1793 lux,
1364 1730 1565 1800 gloria,
1614 1731 1726 1784 vita
1766 1729 2055 1801 perennis.
2080 1727 2130 1785 B
2235 1728 2418 1783 Factis
2443 1732 2773 1801 complebat
2816 1734 3133 1803 operando,
3168 1733 3323 1803 quod
3366 1749 3463 1787 ore
3502 1734 3773 1789 docebat.

520 1817 685 1871 Istius
715 1834 854 1889 ergo
889 1818 1052 1872 decet
1080 1836 1183 1872 nos
1214 1819 1627 1873 commendare
1659 1820 1919 1873 laborem

519 1906 765 1961 Muneris
797 1907 998 1961 interni
1035 1907 1199 1960 decet
1231 1911 1287 1960 et
1314 1907 1551 1961 laudare
1577 1908 1861 1962 datorem.

519 1995 795 2065 Impetret
824 1999 881 2049 et
913 1995 1075 2049 notis
1103 2000 1313 2050 nostra}
1342 1997 1568 2049 devotio
1602 1997 1807 2064 laudis,

524 2086 752 2141 Munere
785 2084 975 2139 divino
1002 2102 1311 2155 rcgnemus
1344 2086 1495 2154 Rege
1526 2085 1627 2139 sub
1661 2086 1778 2140 illo.

733 2190 796 2244 S.
842 2191 1117 2246 Vinccnlii
1151 2190 1560 2245 Ccnomanemis
1598 2192 1771 2261 (~13t).

530 2281 649 2334 I61.
686 2279 743 2333 Si
771 2283 959 2350 posset
984 2280 1248 2350 lacrymis
1279 2282 1335 2333 et
1373 2281 1603 2350 planctu
1639 2283 1757 2333 v.ta
1787 2281 2003 2347 reduci,

530 2368 670 2423 Cum
702 2368 923 2439 gemitu
950 2384 1164 2438 magno
1191 2374 1249 2423 et
1282 2368 1548 2439 lacrymis
1568 2369 1913 2440 planctuque
1938 2386 2065 2441 pro-

1906 2462 2062 2512 tervo

525 2527 718 2581 Totius
740 2528 945 2581 florem
981 2528 1183 2582 mundi
1211 2527 1462 2599 clerique
1486 2527 1754 2586 decorem
1880 2465 1897 2523 [

527 2615 721 2670 Tristis
754 2617 1084 2671 Bruuonem
1118 2618 1467 2688 lacrymarer
1496 2620 1620 2673 luce
1657 2623 1971 2675 carentem.

754 2758 767 2777 κ
860 2720 931 2774 Β.
965 2720 1180 2775 Jullam'
1208 2722 1448 2793 depralo
1476 2728 1651 2789 (432‘.

537 2810 659 2865 165.
694 2809 785 2864 Isti
818 2811 1071 2865 Brunoni
1105 2811 1387 2866 tribuatur
1413 2812 1528 2866 vita
1557 2813 1851 2884 perennis,

532 2898 776 2970 Spiritus
806 2902 977 2970 atque
1010 2917 1160 2965 suus,
1190 2901 1399 2955 ccelesti
1432 2902 1562 2955 sede
1590 2905 1852 2972 receptus

530 2987 754 3059 Regnet
778 3004 908 3041 cum
942 2988 1211 3053 Domino,
1243 2988 1373 3042 felix
1399 2989 1471 3042 sit
1500 3007 1651 3043 nunc
1681 2993 1738 3044 et
1768 2990 1823 3044 in
1856 3005 1995 3044 aevo.

534 3074 631 3129 llic
662 3075 746 3129 vir
775 3076 1084 3147 praeclarus
1114 3075 1228 3129 vita
1260 3077 1572 3148 doctorque
1616 3079 1820 3133 beatus

534 3164 687 3219 Felix
712 3165 769 3217 in
805 3166 956 3219 clero
990 3164 1165 3229 fulsit,
1199 3180 1301 3234 per
1334 3165 1609 3236 dogmata
1641 3166 1859 3219 mundo
1895 3183 1907 3219 :

533 3251 696 3306 Unde
726 3251 822 3322 pio
854 3252 1096 3323 gemitu,
1130 3252 1373 3322 profusis
1404 3244 1649 3319 fletibus,
1683 3257 1740 3306 et
1772 3270 1876 3307 nos

452 3406 457 3411 ,
538 3338 784 3394 Oremus
812 3340 1120 3405 Christum,
1144 3357 1256 3410 quo
1291 3340 1387 3394 det
1416 3341 1520 3395 sibi
1542 3358 1691 3395 nunc
1720 3342 2073 3411 paradisum.

677 3443 739 3499 S.
777 3444 1042 3500 Mauricii
1074 3445 1213 3499 sedis
1242 3446 1643 3515 Andegavensis
1686 3450 1857 3517 1433).

544 3534 665 3588 166.
696 3533 873 3586 Gallia
903 3532 1178 3600 tristatur,
1195 3534 1433 3588 Calaber
1451 3536 2074 3607 pepuluslacrymatur.

542 3624 964 3693 Doctoremque
994 3621 1213 3677 bonum
1239 3622 1422 3694 gemit
1446 3624 1575 3691 ista,
1614 3623 1713 3679 ﬂet
1751 3625 1849 3679 illa
1878 3629 2080 3695 patro-

1914 3714 2075 3750 num.

541 3781 681 3837 Vita:
714 3784 1011 3853 praesentis
1039 3783 1162 3838 haec
1192 3784 1387 3839 laudat
1415 3801 1549 3839 eum
1582 3784 1967 3853 documentis,

542 3871 673 3943 Eius
700 3875 757 3927 et
785 3872 993 3928 eximia
1022 3874 1345 3929 celebratur
1376 3875 1588 3946 ubique
1635 3875 1854 3946 sophia.

541 3963 851 4035 Plusquam
875 3962 1121 4019 Maronis
1148 3964 1415 4017 laudatur
1440 3964 1639 4035 lingua
1664 3964 1966 4018 Brunonis.

549 4131 843 4204 (Mutinae
876 4132 1092 4204 ordinis
1124 4131 1181 4185 S.
1217 4133 1507 4187 Benedicti
1553 4133 1803 4199 abbatia,
1846 4149 1972 4204 qua:
2018 4132 2077 4187 in

476 4218 595 4256 uno
622 4202 861 4255 civitatis
892 4202 1343 4256 Cenomanensis
1374 4205 1646 4258 suburbio
1694 4204 1800 4258 sita
1837 4202 1940 4269 est,
1974 4220 2076 4258 saa-

2105 3006 2153 3065 C

2229 1818 2430 1873 Multos
2459 1835 2757 1873 sermones
2788 1820 3034 1875 faciebat
3064 1837 3166 1892 per
3193 1821 3460 1891 regiones

2233 1906 2447 1961 Urbem
2478 1907 2741 1961 transivit
2768 1910 3035 1973 Romam,
3070 1910 3455 1981 Calabrosque
3486 1910 3711 1981 petivit.

2233 1994 2331 2047 Hic
2364 1994 2540 2048 abbas
2562 1996 2742 2049 factus
2774 2000 2857 2049 est
2885 1996 3123 2051 tandem
3152 1998 3349 2052 cmlica
3381 2003 3603 2063 nactus,

2235 2082 2373 2136 Hinc
2407 2100 2548 2153 gens
2576 2084 2673 2138 illa
2700 2085 2902 2155 gemit,
2938 2086 3072 2156 quia
3102 2090 3329 2156 patrem
3360 2087 3781 2151 casusademit,

2234 2169 2491 2241 Cumque
2526 2172 2711 2225 virum
2742 2175 2917 2226 talem
2952 2175 3139 2245 plorat
3163 2178 3285 2227 tam
3322 2164 3704 2245 spiritualem,

2237 2258 2361 2312 Non
2392 2275 2548 2313 mors
2576 2261 2838 2331 pastoris,
2867 2262 2967 2316 sed
3002 2262 3282 2316 damnum
3329 2280 3497 2317 causa
3539 2264 3779 2318 doloris.

2377 2346 2439 2401 S.
2473 2347 2739 2402 Florentii
2765 2348 3108 2405 Glamuensz's
3137 2353 3361 2405 cenabit
3388 2354 3563 2419 (435).

2242 2438 2361 2489 167.
2393 2437 2453 2489 In
2479 2437 2647 2491 variis
2675 2439 2955 2493 membris
2980 2456 3185 2510 corpus
3210 2440 3581 2509 distinguitur
3612 2441 3780 2505 illud,

2238 2523 2337 2578 Cui
2369 2527 2541 2594 caput
2571 2528 2654 2579 est
2689 2525 2962 2592 Christus,
2988 2530 3266 2597 regnator
3293 2528 3745 2594 catholicorum;

2238 2614 2299 2666 1n
2328 2630 2442 2683 quo
2466 2630 2570 2668 nos
2603 2615 2896 2681 monachi,
2938 2616 3258 2670 mediocria
3288 2617 3575 2683 membra,
3608 2617 3785 2672 locati

2240 2702 2541 2756 Credimus
2573 2704 2824 2758 excelsos
2853 2703 2911 2757 in
2944 2720 3011 2759 eo
3046 2721 3207 2759 veros
3234 2705 3528 2770 eremitas,

2239 2791 2320 2844 De
2353 2806 2600 2861 quorum
2630 2808 2876 2846 numero
2903 2795 2976 2857 te,
3012 2793 3200 2847 Bruno
3232 2809 3467 2863 magne,
3509 2793 3784 2861 fatentes,

2240 2878 2476 2950 Spretus
2506 2880 2694 2935 honor
2734 2880 2935 2934 mundi
2967 2880 3122 2951 quod
3155 2881 3319 2936 nobis
3348 2881 3706 2950 testiﬁcatur,

2241 2968 2307 3020 Et
2337 2971 2547 3022 sanctas
2575 2968 2704 3022 vita:
2735 2968 2861 3022 linis
2896 2970 3078 3024 bonus
3109 2969 3471 3042 astipulatur,

2245 3056 2388 3111 Cum
2416 3056 2517 3111 tibi
2548 3057 2858 3129 descriptas
2882 3058 3079 3112 laudes
3105 3058 3344 3113 omnino
3365 3058 3678 3130 probemus

2245 3146 2470 3216 Nosque
2504 3145 2615 3199 tuis
2648 3146 2866 3199 meritis
2892 3146 3075 3201 fulciri
3102 3163 3265 3218 posse
3298 3150 3586 3218 putemus,

2242 3235 2312 3289 Ut
2341 3238 2535 3289 tamen
2569 3238 2839 3289 orantum
2886 3236 3130 3290 fratrum
3164 3237 3430 3306 precibus
3468 3238 3790 3306 faveamus,

2250 3324 2521 3378 Etfudisse
2546 3340 2743 3394 preces
2767 3341 2869 3395 pro
2904 3328 2959 3378 te
2984 3341 3087 3379 nos
3117 3325 3502 3390 notiﬁcamus,

2250 3412 2411 3466 Unde
2444 3412 2623 3466 vicem
2664 3413 2831 3467 nobis
2877 3413 3236 3468 reddendam
3282 3430 3400 3468 non
3434 3414 3792 3471 dubitamus.

2497 3517 2558 3572 S.
2595 3518 2815 3572 Νίσοἰαί
2853 3519 3083 3589 ejusdem
3121 3521 3265 3573 urbis
3298 3522 3466 3591 (436).

2256 3610 2374 3663 168.
2410 3608 2663 3661 Necdum
2706 3611 2892 3663 vester
2928 3612 3155 3663 nostros
3190 3610 3338 3663 lares
3380 3611 3617 3682 rolliger
3646 3613 3795 3683 (437)

2178 3696 2469 3767 attigerat,
2508 3713 2641 3749 cum
2687 3696 3023 3750 Lambertus
3054 3697 3232 3751 abbas
3263 3700 3461 3752 noster
3491 3700 3618 3769 jam
3652 3717 3793 3755 eum

2180 3787 2502 3854 susceperat
2524 3787 2580 3837 et
2603 3784 2672 3837 de
2704 3787 2864 3837 tanto
2889 3786 3053 3837 Patre
3080 3784 3286 3855 dignos
3304 3784 3425 3855 jam
3461 3802 3655 3841 versus
3699 3804 3793 3842 as-

2179 3873 2475 3943 cripserat,
2506 3872 2642 3926 illud
2661 3877 2878 3938 autem,
2900 3873 3055 3943 quod
3069 3873 3355 3943 promisit,
3384 3874 3635 3929 libenter
3655 3892 3795 3930 eon-

2181 3961 2438 4017 cedimus
2468 3964 2526 4023 et
2554 3978 2766 4032 augere
2791 3962 2916 4032 jam
2945 3961 3238 4032 promissis
3268 3963 3479 4017 iterum
3501 3964 3793 4035 promitti-

2179 4131 2622 4204 commentario,
2646 4130 2784 4204 actis
2805 4132 2926 4204 ejus
2942 4130 3175 4201 praevio,
3198 4131 3645 4204 expositum,qui
3667 4149 3794 4187 mo-

2179 4204 2516 4268 nasterium,
2532 4203 2588 4255 in
2612 4202 2877 4256 hodierni
2894 4203 3131 4256 ducatus
3141 4202 3792 4272 Andegavensis'monte

479 4274 605 4327 culo
632 4277 796 4345 sexto
826 4273 931 4325 fuit
956 4273 1235 4327 aedificata
1271 4291 1303 4327 a
1349 4273 1405 4327 8.
1447 4276 1750 4339 Domnulo,
1799 4275 2076 4329 Cenema-
2108 4270 2156 4327 D
2178 4274 2419 4345 Glonna,
2450 4274 2572 4326 aliis
2591 4274 2828 4327 Glomea
2853 4277 2949 4345 aut
2970 4273 3143 4326 etiam
3166 4270 3411 4345 Clonina
3429 4274 3793 4345 situm,quod

480 4343 643 4398 nensi
677 4344 943 4414 episcopo
1000 4345 1080 4397 Ita
1111 4344 1276 4398 docet
1305 4345 1359 4398 in
1414 4348 1729 4400 Annalibus
1766 4346 2080 4400 Benedicti-

479 4414 568 4468 nis
598 4414 695 4468 lib.
728 4431 798 4478 v1,
827 4430 985 4467 num.
1022 4416 1110 4480 43,
1136 4416 1509 4470 Mabillonius.

553 4488 694 4557 (432';
728 4484 911 4557 Situm
966 4489 1050 4538 est
1094 4486 1150 4539 in
1211 4486 1435 4540 dimccsi
1488 4486 1930 4551 Cenomanensi,
1971 4487 2081 4540 hoc

478 4555 1003 4613 sanctimonialium
1062 4557 1563 4612 Benedictinarum
1641 4557 2077 4619 monasterium,

482 4629 694 4708 diuque
727 4626 949 4708 ante‘S.
979 4628 1265 4708 Brunonis‘
1288 4629 1776 4708 aetatemexstitnit,
1806 4628 2082 4708 utili-quiet

481 4716 546 4753 ex
578 4697 664 4765 iis,
693 4713 819 4768 qua:
852 4698 922 4751 de
953 4714 1019 4752 eo
1055 4697 1149 4751 lib.
1180 4702 1327 4752 netu
1350 4701 1661 4753 Annalium
1692 4697 2081 4753 Benedictino-

478 4786 608 4824 rum
637 4772 925 4823 memorat
957 4768 1331 4823 Mabitlonius.

554 4844 700 4911 (433)
734 4839 923 4912 Dicata
952 4844 1035 4893 est
1065 4839 1122 4892 S.
1150 4840 1406 4912 Mauritio
1431 4841 1773 4896 cathedralis
1810 4840 2077 4912 Andega-

475 4910 662 4967 vensis
693 4910 965 4978 ecclesia;
1011 4927 1187 4981 quare
1215 4911 1593 4967 dubitandum
1636 4929 1751 4967 non
1798 4916 1900 4977 est,
1939 4910 2079 4981 quin

476 4984 601 5055 haec
632 4998 735 5055 per
753 4982 907 5055 sedis
933 4999 1031 5055 seu
1058 4982 1343 5036 cathedras
1380 4983 1805 5055 Andegavensis
1832 4982 1887 5036 S.
1926 4982 2078 5037 Mau-

473 5052 673 5110 ritium
706 5053 797 5108 hic
841 5052 1191 5123 designetur.

549 5125 697 5195 (434)
726 5125 804 5178 Ne
834 5122 1177 5195 hine’putes,
1207 5123 1270 5178 S.
1313 5122 1623 5179 Brunonem
1668 5142 1700 5178 a
1724 5123 1855 5178 fidei
1890 5125 2081 5179 ortho-

476 5196 640 5251 doxae
685 5196 921 5265 veritate
981 5196 1209 5249 devium
1268 5196 1575 5265 aliquando
1634 5196 1927 5249 exstitisse.
1972 5196 2077 5250 Adi

473 5264 961 5337 commentarium
991 5267 1269 5335 praevium
1302 5264 1462 5320 num.
1499 5271 1565 5320 69
1597 5271 1653 5319 et
1683 5283 1802 5337 seq.

546 5339 688 5403 (435)
724 5340 801 5391 De
833 5334 888 5389 S.
922 5334 1234 5406 Flerentio,
1260 5338 1590 5406 presbytero
1619 5334 1967 5399 conféssore,
2003 5337 2075 5389 ad

467 5407 811 5477 vigesimum
831 5406 1142 5461 secundum
1159 5405 1514 5475 Septembris
1529 5408 1703 5473 diem,
1721 5406 1905 5478 quoin
1920 5423 2073 5460 mar-

469 5478 754 5548 tyrologio
776 5480 1032 5532 Romano
1046 5478 1284 5548 aliisque
1306 5478 1461 5531 fastis
1489 5478 1660 5530 sacris
1694 5482 2069 5543 memoratur,

2182 4362 2214 4399 a
2240 4344 2449 4398 Sancto
2484 4345 2580 4397 illo
2614 4360 2829 4397 nomen
2863 4344 3054 4409 habet,
3101 4344 3369 4414 quodque
3414 4344 3610 4411 modo,
3652 4344 3723 4398 fut
3754 4363 3791 4400 a

2181 4431 2327 4469 novo
2354 4414 2411 4468 S.
2465 4415 2736 4468 Florentii
2798 4415 3172 4480 monasterio,
3224 4429 3404 4480 prope
3453 4415 3793 4470 Salmurum

2180 4487 2357 4540 serius
2396 4489 2700 4549 exstructo,
2750 4484 3153 4554 distinguatur,
3194 4484 3257 4539 S.
3292 4484 3597 4539 Florentius
3642 4495 3793 4539 vetus

2181 4557 2520 4627 appellatur,
2546 4557 2751 4635 saeculo
2780 4556 3003 4635 decimo
3052 4560 3182 4635 post
3225 4556 3510 4635 duplicem
3544 4558 3795 4635 eversio-

2182 4644 2338 4691 nem,
2373 4643 2545 4697 quam
2575 4628 2760 4696 primo
2792 4644 2825 4679 a
2855 4627 3277 4693 Britonibus,ac
3304 4627 3563 4680 deindea
3583 4628 3792 4681 North-

2180 4698 2410 4755 mannis
2455 4701 2770 4768 acceperat,
2818 4697 3199 4768 instauratum
3242 4697 3432 4752 denuo
3463 4698 3654 4751 fuerit.
3689 4698 3793 4752 Sa-

2180 4786 2339 4822 crum
2388 4768 2525 4821 illud
2576 4767 2937 4834 asceterium,
2989 4767 3059 4820 de
3109 4784 3221 4838 quo
3279 4769 3455 4822 etiam
3498 4770 3555 4821 in
3604 4769 3790 4822 Gallia

2181 4838 2500 4893 Christiana
2531 4839 2767 4909 antiqua
2794 4843 2933 4891 tom.
2971 4838 3034 4890 ιν
3066 4854 3198 4908 pag.
3229 4841 3331 4892 388
3350 4838 3787 4893 Sammarthani

2178 4909 2575 4982 fratrges,_i|lud
2607 4908 2793 4982 ipsum
2834 4908 2993 4962 omni
3023 4909 3197 4982 dubio
3238 4912 3435 4979 procul
3482 4914 3585 4982 est,
3625 4911 3789 4982 quod

2178 4981 2271 5035 hic
2299 4979 2362 5035 S.
2393 4979 2655 5033 Florentii
2685 4980 3043 5041 Glamucnsis,
3090 4979 3350 5033 litterulas
3403 4981 3590 5047 unius,
3624 4979 3791 5035 vero-

2179 5050 2469 5105 simillime
2494 5066 2599 5121 per
2629 5067 2908 5115 errorem,
2940 5051 3091 5104 facta
3116 5050 3174 5103 in
3206 5051 3315 5105 hoc
3357 5052 3628 5106 vocabulo
3659 5066 3791 5105 mu-

2179 5122 2417 5187 tatione,
2447 5122 2667 5175 camobil
2694 5120 2929 5175 nomine
2960 5121 3349 5192 distinguitur.

2251 5193 2394 5265 (436)
2425 5193 2485 5246 Id
2516 5198 2620 5258 est,
2645 5192 2701 5246 ni
2734 5193 2919 5265 fallar,
2944 5191 3421 5265 Andegavensis;
3456 5197 3521 5265 ut
3544 5192 3636 5246 hic
3662 5194 3783 5245 An-

2179 5262 2519 5336 degavense,
2554 5264 2624 5336 de
2673 5263 2875 5336 quoin
2924 5262 3244 5336 Adnotatis,
3287 5263 3524 5317 sectioni
3573 5278 3788 5334 praece-

2178 5334 2335 5389 denti
2366 5334 2651 5399 subnexis,
2681 5334 2964 5405 quippiam
2986 5335 3109 5403 jam
3143 5334 3214 5387 ad
3246 5338 3366 5387 not.
3417 5336 3521 5388 402
3560 5350 3787 5388 memo-

2176 5407 2313 5467 ravi,
2350 5405 2406 5461 S.
2442 5406 2650 5458 Nicolai
2706 5404 3122 5458 monasterium
3166 5404 3372 5458 iterum
3420 5405 3778 5475 designetur.

2255 5478 2409 5539 (437)
2439 5476 2543 5528 Adi
2573 5491 2676 5547 pro
2697 5476 2864 5545 huius
2884 5475 3138 5528 vocabuli
3160 5475 3581 5547 signiﬁcatione
3607 5475 3783 5531 Com-

466 5546 992 5620 vitamque,sazcuto
1009 5548 1215 5619 quinto
1233 5547 1863 5620 ei_rciterineunte,cum
1883 5552 2069 5620 morte
2173 5547 2524 5603 mentarium
2551 5546 2827 5620 praevium
2858 5561 3021 5601 num.
3057 5549 3143 5601 24.

465 5617 880 5695 commutavit,
904 5617 1089 5675 actum
1129 5617 1296 5692 apud
1329 5636 1434 5676 nos
1468 5620 1594 5691 jam
1621 5622 1728 5688 est,
1778 5619 1974 5691 ibique
2006 5619 2067 5678 in
