4010 6032
415 302 516 356 603

1267 306 1323 359 S.
1356 302 1698 358 BRUNONIS
1739 302 2369 360 CARTHUSIANORUM
2412 305 2876 361 INSTITUTORIS

3629 316 3732 371 604

408 423 692 478 tissimam
720 439 983 479 eremum
1018 426 1079 480 in
1109 428 1512 482 transmarinis
1543 427 1800 497 partibus
1851 444 2021 498 expe-
2044 434 2097 491 Α
2121 430 2337 501 suscepi
2368 432 2621 484 rotulum
2653 428 2826 484 istum
2858 431 3027 501 (454).
3058 432 3191 502 Legi
3244 433 3303 486 in
3341 450 3430 501 eo,
3468 434 3726 505 beatam,

409 511 498 565 tiit
525 512 691 582 (450),
721 515 778 565 et
808 511 963 579 inde,
988 515 1235 569 Domino
1265 520 1522 579 vocante,
1554 516 1626 569 ad
1653 516 1863 569 summi
1910 517 2017 569 Be-

409 600 497 670 gis
516 599 773 653 convivia
802 601 965 654 laetus
1010 603 1301 672 perrexit;
1340 605 1456 671 ubi,
1514 605 1647 657 licet
1692 604 2019 675 angelicum

410 686 750 740 Psalterium
772 688 1075 743 credamus
1096 707 1225 745 cum
1248 692 1467 745 Christo
1484 692 2018 758 decantare,tamen

410 773 456 827 si
483 775 621 846 quid
650 777 1109 849 maculaz,quoad
1140 780 1374 846 viveret,
1399 798 1463 834 ex
1493 781 1758 851 originali
1780 784 2019 851 parente

410 878 510 916 seu
540 879 605 916 ex
635 864 841 918 actuali
865 866 998 932 vita,
1033 868 1317 922 oblivione
1349 886 1445 923 seu
1496 870 1738 936 incuria,
1768 874 2022 924 contem-

410 949 521 1020 psit
552 952 803 1018 abolere,
832 954 1007 1007 totius
1040 955 1266 1024 pietatis
1290 973 1394 1010 nec
1441 975 1557 1011 non
1611 957 2021 1011 misericordiae

413 1038 652 1093 Fontem
682 1057 849 1111 prece
868 1046 922 1095 et
939 1046 1133 1097 mente
1166 1061 1397 1098 oremus
1419 1046 1951 1115 assidue,quatenus
1970 1045 2021 1099 ei

411 1126 544 1179 velit
570 1127 865 1197 indulgere
899 1133 1027 1183 etut
1061 1148 1163 1202 pro
1196 1149 1263 1186 eo
1299 1133 1433 1186 illud
1464 1134 1859 1204 impetremus,
1886 1150 2020 1186 con-

411 1213 586 1268 tinuis
616 1218 837 1285 septem
871 1218 1072 1272 diebus
1104 1220 1391 1289 Ofﬁcium,
1442 1221 1683 1275 mortuis
1733 1222 2017 1287 debitum,

416 1300 636 1357 Christo
669 1306 1081 1373 persolvemus.

883 1393 1077 1447 Scliola
1109 1396 1341 1466 ejusdem
1382 1399 1549 1467 (451).

490 1480 622 1541 174.
646 1480 865 1535 Lumen
885 1487 1008 1536 erat
1040 1484 1249 1551 Bruno,
1286 1485 1424 1539 dum
1457 1486 1610 1553 vixit,
1643 1487 2021 1557 Francigena-

1846 1587 2020 1645 [rum,

484 1656 599 1712 Lux
631 1658 1010 1726 cleri,fruitur
1044 1677 1194 1715 nunc
1225 1661 1444 1716 lumine
1475 1663 1881 1718 caelicolarum.

484 1745 580 1797 Est
610 1747 825 1800 etenim
856 1747 955 1801 tali
987 1749 1310 1820 condignus
1341 1751 1562 1806 honore
1581 1752 1776 1822 potiri,

485 1831 592 1895 Qui
623 1833 797 1888 vitam
829 1834 943 1889 vita
974 1838 1265 1890 caelestem
1294 1837 1452 1891 duxit
1482 1839 1539 1892 in
1578 1839 1704 1893 ista.

480 1921 696 1976 Delirat
716 1924 905 1993 plane,
921 1940 1019 1978 cor
1051 1925 1224 1979 habet
1246 1926 1484 1981 rationis
1512 1928 1706 1993 inane,

487 2008 752 2081 Quisquis
784 2014 1024 2065 testatur
1054 2030 1235 2079 secus,
1265 2018 1362 2067 aut
1391 2015 1543 2069 aliud
1578 2014 1913 2082 meditatur,

483 2096 555 2150 Ut
576 2102 795 2164 narrat,
826 2100 1089 2154 chartam
1114 2101 1279 2155 nobis
1308 2102 1404 2173 qui
1433 2102 1638 2156 detulit
1666 2102 1856 2158 istam.

484 2182 552 2238 Si.
574 2184 645 2238 de
674 2188 908 2241 terrena
928 2188 1032 2242 sibi
1064 2189 1380 2259 quidquam
1412 2190 1548 2244 faece
1573 2191 1828 2257 cohaesit,

482 2272 627 2327 Illud
656 2274 727 2328 ab
758 2275 865 2329 hoc
905 2280 1112 2347 tergat,
1161 2277 1257 2348 qui
1281 2278 1485 2332 mundi
1511 2279 1757 2333 crimina
1788 2283 2016 2350 purgat.

995 2365 1157 2419 Alius
1188 2367 1437 2436 ejusdem.

486 2452 606 2505 175.
638 2451 752 2505 Lux
781 2452 988 2520 fuerat,
1024 2456 1244 2509 mundo
1274 2457 1465 2510 Bruno
1481 2457 1620 2511 dum
1644 2456 1776 2510 vixit
1806 2457 1864 2511 in
1888 2456 2016 2523 isto,

414 2537 527 2594 Sed
551 2540 726 2595 modo
756 2542 992 2609 relucet,
1020 2542 1155 2613 quia
1186 2544 1309 2598 caeli
1334 2544 1467 2597 sede
1494 2547 1731 2599 relucet.

412 2626 580 2681 Novit
606 2629 946 2684 Psalterium
980 2631 1145 2701 (452),
1178 2631 1277 2685 sed
1305 2649 1456 2686 nunc
1483 2632 1636 2687 canit
1658 2650 1880 2703 organa
1894 2650 2016 2688 sur-

1844 2734 2017 2791 |sum,

413 2804 653 2861 Edocuit
684 2808 916 2873 multos,
942 2824 1094 2862 nunc
1120 2810 1304 2863 cernit
1324 2809 1381 2863 in
1414 2810 1632 2864 aethera
1663 2814 1908 2878 sanctos,

409 2894 620 2949 Doctor
651 2894 955 2950 doctorum
984 2914 1136 2950 nunc
1164 2914 1308 2951 unus
1339 2898 1751 2953 caelicolarum.

409 2982 474 3036 In
504 2982 672 3037 terris
704 2983 925 3053 doctor,
955 3002 1106 3039 nunc
1146 2985 1368 3040 Christo
1399 2987 1633 3057 plaudet
1655 2986 1711 3040 in
1741 2989 1857 3043 alto

409 3069 605 3125 Funde
635 3088 832 3142 preces
851 3089 989 3144 ergo
1013 3090 1115 3145 pro
1135 3074 1320 3140 nobis,
1355 3074 1566 3145 inclyte
1599 3076 1811 3142 Bruno,

410 3158 479 3211 Et
508 3175 611 3214 nos
642 3164 875 3214 econtra
906 3160 1159 3215 nitemur
1188 3163 1428 3217 reddere
1455 3166 1605 3218 vota.

406 3246 553 3300 Nam
579 3247 840 3318 cupimus
870 3253 1061 3303 tecum
1093 3266 1224 3304 cum
1251 3250 1473 3304 Christo
1532 3252 1719 3305 vivere
1766 3268 2016 3319 sursum,

410 3334 479 3387 Et
500 3332 723 3389 decimo
754 3336 943 3389 cuncti
974 3336 1300 3406 ﬂagitamus
1333 3337 1390 3390 in
1419 3338 1620 3391 ordine
1650 3340 1805 3409 poni.

643 3419 707 3475 S.
738 3421 904 3484 Pauli
934 3424 1159 3493 apostoli
1187 3423 1605 3477 Cormaricensis
1632 3425 1807 3497 (453).

486 3511 605 3563 176.
628 3510 885 3563 Dominis
915 3515 973 3564 et
1000 3511 1270 3566 fratribus
1292 3512 1452 3579 meis,
1486 3514 1602 3567 Deo
1632 3513 2021 3585 omnipotenti

412 3593 470 3649 in
499 3598 851 3653 monasterio
892 3599 1114 3654 Sancta:
1128 3601 1311 3655 Mariae
1346 3601 1415 3655 de
1433 3617 1652 3668 eremo,
1683 3618 1808 3673 qua:
1824 3602 2017 3656 Turris

413 3682 639 3751 dicitur,
662 3687 1383 3755 servicntibus,Mainardus
1402 3690 1479 3743 uti
1500 3690 1857 3757 mundo,frui
1878 3692 2018 3747 Deo.

412 3773 580 3828 Anno
611 3774 683 3829 ab
714 3777 1113 3831 lncarnatione
1154 3778 1381 3832 Domini
1410 3778 1589 3833 nostri
1620 3779 1750 3832 Jesu
1810 3779 2018 3834 Christi

413 3861 719 3918 millesimo
740 3865 1052 3919 centesimo
1086 3866 1334 3919 secundo
1376 3867 1644 3921 Kalendis
1685 3867 2020 3921 Novembris

486 4004 631 4075 (450)
664 4004 772 4066 Qui
804 4005 1032 4058 titulum
1060 4006 1211 4058 hunc
1243 4005 1663 4075 scripsere,non
1689 4008 1776 4059 sat
1798 4005 2020 4059 novisse

414 4073 699 4145 videntur,
734 4090 846 4145 quo
889 4076 1013 4128 loco
1062 4073 1383 4141 Turritana,
1441 4075 1497 4128 in
1548 4092 1722 4145 quam
1782 4076 2020 4129 tandem

416 4142 676 4210 Sanctus,
708 4142 887 4215 Gallia
917 4145 1269 4209 relicta,sese
1286 4146 1525 4209 abdidit,
1559 4142 1787 4199 eramus
1808 4146 1915 4199 sita
1929 4147 2017 4215 sit;

416 4231 604 4286 neque
636 4214 794 4286 enim
826 4215 968 4281 haec,
994 4216 1075 4268 uti
1107 4215 1199 4268 hic
1226 4216 1496 4282 innuunt,
1532 4216 1588 4269 in
1614 4217 2021 4271 transmarinis

413 4285 669 4377 partibus
690 4285 915 4377 rati‘ope
940 4286 1249 4377 Galliarum
1281 4286 1388 4377 sita
1426 4290 1529 4377 est.
1561 4287 1673 4341 Sed
1706 4288 1874 4377 ﬁf‘ort’e
1922 4304 2023 4377 per
2046 4320 2097 4377 D

415 4355 695 4421 errorem,
729 4372 762 4409 a
793 4355 1035 4410 librariis
1089 4357 1431 4426 profectum,
1487 4360 1881 4425 transmar‘z’nz’s,
1916 4355 2019 4430 pro

417 4426 758 4480 transalpinis
790 4426 881 4479 hic
909 4427 1193 4480 scribitur.

439 4442 758 4482 ransatmms
790 4442 881 4479 DIC
909 4442 1193 4482 SCI‘IDILUI‘.

417 4444 758 4496 transalpinis
790 4444 881 4479 nic
909 4444 1193 4482 scribitur.

488 4497 633 4620 S451)
668 4498 990 4551 Monasterii
1023 4514 1233 4569 nempe
1257 4499 1534 4553 Noliensis
1571 4516 1669 4553 seu
1718 4499 1927 4571 potius,
1960 4504 2024 4555 ut

415 4565 494 4621 Ga
518 4567 607 4621 liae
641 4566 973 4622 Christianae
1006 4572 1186 4623 auctae
1208 4570 1592 4625 Scrintoribus
1612 4571 1734 4624 loco
1763 4571 2020 4625 proxime

415 4583 607 4621 beluae
641 4583 973 4622 unrisuante
1006 4583 1186 4623 auctae
1208 4583 1592 4641 scriptoribus
1612 4583 1734 4624 loco
1761 4587 2020 4641 prox1me

415 4636 587 4721 citato
614 4643 900 4721 exaratur,
922 4639 1267 4720 'Nioliensis;
1305 4644 1364 4694 ut
1388 4643 1485 4721 ‘ad
1518 4642 1793 4721 scholam,
1843 4659 2020 4721 quam

414 4708 599 4780 isthoc
622 4710 1035 4764 monasterium
1068 4726 1172 4780 pro
1206 4728 1368 4765 more
1384 4716 1519 4766 tunc
1543 4708 2020 4766 usitatoinstitue-

414 4779 543 4903 μείῦ
566 4784 824 4851 spectent
853 4779 1087 4836 indubie
1118 4782 1237 4836 bini
1262 4783 1428 4836 Tituli
1462 4783 1724 4854 proxime
1772 4783 1864 4836 hic
1894 4784 2022 4837 sub-

414 4865 502 4903 iec
531 4868 568 4903 ι.

439 4866 568 4905 Θϐῐι.

407 4865 632 4985 ’18ῗῖ52)
656 4922 845 4977 Alludi
876 4922 1085 4977 iterum
1113 4923 1207 4977 hic
1237 4923 1460 4977 videtur
1504 4924 1577 4978 ad
1608 4924 2021 4979 concinnatum

414 5006 451 5046 a
480 4993 688 5046 Sancto
712 4993 769 5046 in
805 5009 1010 5048 omnes
1064 4993 1288 5048 Davidis
1336 4995 1591 5049 Psalmos
1647 4996 2019 5050 Commenta-

417 5061 592 5137 rium,
618 5067 889 5137 autcerte
912 5064 991 5137 ad
1021 5064 1292 5119 eximiam
1313 5066 1505 5136 plane,
1540 5082 1653 5137 qua
1683 5066 2020 5132 enituit,ho-

414 5147 546 5187 rum
579 5133 1026 5205 intelligentiam
1039 5176 1051 5189 .

485 5205 627 5273 (453)
681 5205 794 5259 Hoc
825 5205 1044 5260 ordinis
1104 5206 1161 5261 S.
1217 5206 1509 5260 Benedicti
1572 5206 2015 5273 monasterium,

415 5273 571 5344 quod
594 5274 652 5327 in
674 5275 1229 5331 dimcesiTuronensi
1245 5277 1417 5331 situm
1442 5280 1545 5344 est,
1578 5279 1783 5331 saeculo
1816 5280 2015 5332 octavo

416 5341 474 5427 in
596 5345 751 5427 Pauli
784 5348 1027 5427 apostoli
1042 5349 1325 5427 honorem
1344 5341 2014 5427 fuit_exstructiim‘,utiin

413 5413 591 5490 Callia
622 5413 945 5490 Christiana
971 5419 1208 5489 antiqua
1234 5421 1376 5473 tom.
1406 5420 1491 5484 IV,
1524 5435 1657 5490 pag.
1683 5420 1781 5473 299
1807 5418 2017 5473 docent

417 5482 853 5541 Sammarthani
887 5482 1113 5542 fratres;

489 5557 633 5627 (454)
675 5556 783 5621 Qui
803 5574 942 5629 ergo
975 5558 1280 5630 epistolam
1299 5559 1667 5632 cucyclicam,
1718 5560 1922 5616 mortis
1952 5560 2010 5618 S.

2122 521 2182 569 ut
2207 521 2367 588 puto,
2401 518 2659 572 animam
2685 519 3000 573 suavissimi
3024 520 3283 591 magistri
3318 522 3432 576 mei
3448 524 3729 579 Bruuonis

2119 607 2307 659 smculi
2327 607 2495 677 hujus
2526 608 3206 679 vaporemtransitorium
3236 612 3729 681 perseverandoin

2119 712 2254 749 vera
2279 696 2556 749 charitatc
2584 696 2883 763 efﬂavisse,
2918 698 3238 769 pennisque
3269 699 3545 755 virtutum
3562 702 3730 757 caele-

2121 783 2228 836 stia
2253 800 2433 854 regna
2464 783 2717 838 subiisse.
2748 785 2978 839 Gavisus
3016 785 3212 858 utique
3245 804 3414 859 super
3444 790 3592 843 tanti
3622 790 3726 844 viri

2121 872 2370 943 glorioso
2388 872 2625 938 fine,sed
2647 872 3039 944 quiaintentio
3066 875 3352 931 indefessa
3384 877 3527 932 mihi
3542 878 3731 935 inerat

2123 958 2195 1011 ad
2221 975 2353 1014 eum
2387 961 2440 1014 in
2475 962 2629 1015 brevi
2665 980 2926 1034 pergere,
2960 980 3209 1035 cumque
3237 965 3428 1019 videre
3448 969 3506 1019 et
3532 967 3731 1021 audire

2124 1042 2438 1120 omnesque
2470 1050 2646 1104 animi
2679 1052 2791 1105 mei
2822 1056 2992 1105 aestus
3013 1052 3073 1106 in
3103 1053 3263 1107 illum
3308 1053 3639 1121 refundere,
3676 1060 3733 1109 et

2123 1136 2411 1191 vobiscum
2428 1139 2530 1191 sub
2549 1140 2671 1209 ejus
2702 1140 2911 1193 ducatu
2926 1141 3299 1195 sanctissimae
3316 1132 3577 1196 Trinitati
3593 1143 3730 1197 obe-

2123 1222 2265 1290 dire,
2292 1226 2440 1279 ultra
2461 1244 2633 1297 quam
2662 1229 2850 1282 dicere
2874 1229 3110 1299 possim,
3130 1230 3201 1283 de
3224 1230 3519 1301 inopinato
3544 1234 3730 1285 trans-

2123 1312 2204 1366 itu
2236 1313 2359 1383 ejus
2388 1316 2760 1370 conturbatus
2787 1335 2934 1384 sum,
2963 1335 3068 1372 nec
3084 1319 3332 1372 retinere
3365 1319 3526 1391 potui
3553 1320 3728 1373 habe-

2124 1418 2226 1455 nas
2266 1403 2413 1457 ultro
2447 1404 2860 1473 proﬂuentium
2917 1407 3327 1477 lacrymarum.
3382 1407 3727 1474 Mainardus,

2123 1488 2383 1559 inquam,
2419 1507 2525 1562 ego
2560 1492 2617 1545 in
2660 1494 3049 1548 Cormariensi
3107 1495 3459 1550 monasterio
3521 1512 3730 1549 mona-

2124 1577 2364 1631 chorum
2402 1579 2786 1649 plurimorum
2840 1582 3101 1649 nomine,
3148 1600 3265 1638 non
3310 1600 3505 1654 opere,
3566 1584 3734 1638 Prior

2121 1665 2296 1735 (455),
2325 1667 2639 1722 Remorum
2664 1669 2902 1724 ciwtatis
2929 1670 3205 1726 oriundus
3238 1671 3339 1739 fui,
3374 1671 3596 1726 domini
3624 1673 3730 1727 hu-

2049 1769 2101 1827 B
2118 1753 2212 1823 jus
2233 1754 2515 1809 Brunonis
2532 1755 2749 1827 aliquot
2768 1758 2935 1812 annis
2952 1758 3733 1837 doctrinamaudivi,Deoque

2126 1843 2696 1908 volentc,admodum
2721 1846 2958 1916 profeci,
2989 1847 3392 1918 profectusque
3411 1848 3525 1902 mei
3542 1852 3736 1919 grates

2126 1931 2364 1986 domino
2398 1933 2649 1987 Brunoui
2676 1938 2733 1988 et
2762 1935 2805 1988 si
2829 1936 2887 1989 in
2920 1936 3026 1990 hac
3062 1936 3176 1990 vita
3209 1937 3450 1991 reddere
3479 1954 3595 1992 non
3628 1955 3732 2009 po-

2124 2019 2226 2086 tui,
2262 2037 2411 2074 nunc
2434 2022 2638 2077 saltem
2675 2023 2884 2078 animae
2916 2024 3065 2078 illius
3094 2024 3362 2079 exhibere
3394 2026 3588 2079 statui.
3624 2027 3731 2080 Ha-

2123 2108 2272 2163 bebo
2303 2109 2493 2181 itaque
2528 2111 2687 2166 illum
2716 2130 3033 2184 omnesque
3062 2114 3117 2168 in
3153 2114 3374 2168 Christo
3428 2115 3735 2170 dilectores

2122 2197 2243 2266 ejus
2274 2198 2332 2251 in
2362 2201 2685 2255 memoriali
2734 2219 2887 2268 meo,
2936 2202 3189 2274 quandiu
3226 2203 3442 2273 spirare
3501 2209 3729 2275 potero,

2122 2285 2527 2359 universosque
2581 2290 2936 2344 convictores
2984 2308 3164 2357 meos,
3226 2291 3371 2345 filios
3426 2308 3491 2345 ac
3523 2292 3733 2348 fratres

2121 2373 2441 2443 spirituales
2465 2376 2537 2430 ad
2570 2376 2723 2432 idem
2747 2395 2888 2450 opus
2902 2396 3005 2449 pro
3038 2396 3202 2450 posse
3220 2396 3349 2433 meo
3381 2381 3729 2450 provocabo,

2121 2462 2399 2529 excitabo,
2426 2467 2798 2536 promovebo,
2833 2483 3050 2537 preces,
3101 2467 3441 2535 oblationes,
3481 2468 3734 2522 eleemo-

2121 2567 2288 2620 synas
2316 2568 2419 2622 pro
2474 2570 2541 2607 eo
2572 2570 2688 2609 non
2741 2556 2925 2622 aliter,
2989 2571 3093 2609 nec
3132 2555 3341 2622 minus,
3394 2573 3571 2626 quam
3624 2571 3730 2626 pro

2122 2638 2340 2709 meipso
2369 2640 2610 2695 offeram
2644 2642 3066 2711 Deo,Trinitati,
3088 2643 3343 2715 quandiu
3371 2642 3545 2697 fuerit
3564 2642 3729 2714 spiri-

2121 2728 2211 2779 tus
2244 2726 2299 2780 in
2328 2729 2564 2783 naribus
2587 2730 2748 2788 meis.

2253 2814 2315 2871 S.
2345 2816 2645 2872 Saluatoris
2666 2819 2857 2890 mandi
2879 2822 3152 2890 sanctique
3170 2817 3408 2875 Gildasil
3434 2819 3580 2890 conf.

2705 2889 2945 2943 Dolensis
2969 2889 3138 2953 (456).

2196 2977 3519 3052 l77.Quoniamproomnibus,hominibus,quos
3532 2981 3733 3034 sancta

2121 3065 2280 3137 virgo
2299 3068 2486 3120 mater
2500 3066 2743 3120 Ecclesia
2756 3083 2860 3137 per
2870 3084 3081 3139 aquam
3096 3070 3152 3121 et
3172 3066 3451 3138 Spiritum
3465 3071 3732 3123 sanctum

2124 3153 2489 3225 peruniversa
2504 3155 2703 3209 mundi
2721 3156 2952 3209 climata
2970 3155 3040 3208 ab
3063 3155 3222 3209 omni
3246 3172 3441 3209 errore
3461 3159 3518 3209 et
3539 3156 3731 3227 primo

2122 3241 2387 3313 originali
2412 3247 2645 3313 peccato
2662 3244 2985 3298 emundans
3004 3261 3108 3315 per
3123 3245 3243 3299 dies
3270 3248 3595 3315 regenerat,
3630 3246 3731 3300 de-

2121 3332 2219 3386 bet
2240 3332 2569 3387 Iideliterad
2594 3333 2903 3387 Dominum
2920 3334 3101 3388 oratio
3134 3333 3317 3399 fundi,
3346 3334 3596 3388 maxime
3626 3350 3734 3406 pro

2122 3420 2231 3474 illis
2258 3439 2492 3493 precum
2528 3421 2801 3475 instantia
2819 3422 3265 3493 orationumque
3287 3439 3492 3495 perpes
3512 3439 3735 3477 memo-

2123 3507 2205 3561 ria
2219 3509 2472 3563 debetab
2490 3509 2650 3562 omni
2671 3509 2949 3563 catholico
2989 3510 3269 3576 adhiberi,
3298 3526 3545 3581 quorum
3572 3510 3735 3581 adju-

2122 3598 2270 3652 torio
2286 3601 2341 3651 et
2357 3598 2636 3653 beneficio
2656 3598 2943 3652 credimus
2960 3615 3122 3670 posse
3142 3598 3731 3668 adjuvari.Quocirca,

2122 3686 2290 3756 hujus
2307 3687 2763 3740 excellentissimi
2780 3687 2875 3740 viri
2908 3687 3187 3741 Brunonis
3204 3687 3397 3741 audita
3427 3704 3459 3741 a
3482 3688 3732 3743 Domino

2122 3774 2559 3840 vocatione,tria
2577 3774 2766 3829 officia
2780 3774 2837 3829 in
2853 3780 3137 3829 conventu
3152 3774 3411 3845 pleniora
3428 3776 3736 3830 statuimus

2123 3879 2420 3933 peragere.
2448 3863 2658 3917 Anima
2685 3864 2807 3934 ejus
2837 3862 3156 3934 requiescat
3187 3863 3245 3917 in
3278 3880 3437 3935 pace.

2123 4004 2405 4059 Brunonis
2437 4004 2727 4069 nunciam,
2761 4004 3127 4069 circumtulit,
3159 4003 3592 4059 Cormaricense
3608 4020 3735 4059 mo-

2122 4076 2435 4129 nasterium
2463 4092 2579 4129 non
2607 4075 2767 4139 adiit,
2786 4075 2892 4128 nisi
2916 4092 3047 4130 cum
3075 4076 3197 4145 jam
3227 4092 3410 4130 annus
3429 4092 3463 4129 a
3494 4074 3549 4131 S.
3590 4076 3732 4128 Bru-

2123 4147 2290 4200 nonis
2316 4147 2471 4217 obitu
2496 4146 2827 4216 aliquandiu
2848 4150 2993 4200 esset
3015 4147 3256 4217 elapsus;
3272 4163 3447 4217 quare
3465 4146 3729 4200 existimo

2122 4218 2283 4271 illum
2309 4216 2529 4287 Anglia!
2557 4218 2678 4269 loca
2704 4233 2884 4281 sacra,
2915 4216 3164 4287 quorum
3188 4216 3361 4286 supra
3394 4219 3617 4270 exstant
3635 4217 3730 4269 fu-

2123 4289 2330 4341 nebres
2359 4288 2429 4341 de
2457 4287 2513 4341 S.
2552 4287 2817 4341 Brunone
2838 4287 3027 4351 Tituli,
3063 4287 3215 4358 prius
3249 4288 3474 4353 adiisse,
3499 4303 3563 4340 ac
3598 4290 3729 4358 tum

2123 4359 2360 4412 demum
2390 4358 2677 4425 trajecisse
2701 4358 2756 4410 in
2783 4357 3287 4422 Northmanniam,
3317 4376 3347 4411 e
3379 4374 3492 4428 qua
3518 4357 3730 4428 deinde

2124 4430 2195 4483 ad
2225 4429 2651 4483 Cormaricense
2673 4429 2999 4482 cumobium
3032 4429 3256 4499 aliaque
3286 4427 3415 4483 loca
3436 4445 3596 4482 sacra
3644 4427 3728 4481 vi-

2124 4501 2253 4554 cina
2282 4517 2401 4554 sese
2432 4499 2758 4553 contulerit.

2196 4572 2448 4640 (455)1)θ
2473 4571 2581 4624 hoc
2612 4568 2997 4641 S.7Brunonis
3023 4568 3277 4641 piissimo
3325 4568 3599 4640 discipulo
3646 4567 3728 4622 vi-

2122 4641 2269 4696 desis
2301 4640 2798 4695 Commentarium
2832 4640 3108 4711 praivium
3133 4656 3285 4711 num?
3322 4642 3408 4703 97,
3430 4642 3497 4693 99
3530 4641 3587 4693 et
3603 4655 3728 4711 seq.

2196 4713 2342 4779 (456)
2378 4712 2493 4765 Hoc
2523 4711 2661 4765 olim
2676 4709 2894 4765 ordinis
2916 4710 2969 4765 S.
3002 4710 3290 4764 Benedicti
3308 4709 3729 4763 monasterium

2164 4783 2275 4836 uod
2307 4782 2558 4836 sedecim
2592 4782 2761 4835 leucis
2791 4782 2862 4835 ab
2889 4783 3124 4835 Avarico
3161 4780 3482 4850 Biturigum
3541 4780 3616 4833 ad
3662 4780 3726 4833 In

2164 4800 2275 4836 uou
2307 4800 2558 4836 seaec1m
2592 4800 2761 4835 lCllClS
2791 4800 2862 4835 an
2889 4800 3124 4835 avarico
3162 4800 3482 4850 uiturigum
3541 4800 3616 4833 au
3662 4800 3726 4833 in

2121 4800 2292 4906 drum
2326 4853 2561 4907 ﬂuvium
2597 4853 2653 4905 in
2686 4852 2912 4907 dimcesi
2944 4851 3276 4906 Bituriconsi
3308 4851 3479 4904 situm
3504 4855 3609 4916 est,
3655 4850 3728 4903 ab

2124 4924 2379 4987 Ebbone,
2407 4922 2574 4977 castri
2614 4923 2869 4977 Dolensis
2900 4922 3155 4995 principe
3187 4921 3609 5045 memoratiqpe
3656 4919 3732 4974 ad

2124 4998 2245 5045 not.
2279 4997 2382 5045 439
2414 4994 2656 5045 cmnobii
2686 4993 3045 5045 cognominis
3071 4996 3433 5045 auctore.nro
3447 4991 3519 5045 ab
3563 4994 3656 5045 ate
3674 4994 3732 5044 et

2123 4998 2245 5048 not.
2279 4997 2382 5048 439
2414 4994 2656 5048 coanobii
2686 4991 3045 5062 cognominis
3071 4991 3433 5062 auctore,pro
3447 4991 3737 5062 abbateet

2123 5065 2421 5119 monachis
2453 5064 2725 5134 Ruyensis
2761 5061 2818 5118 S.
2850 5064 3078 5118 Gildasii
3128 5061 3487 5127 monasterii,
3519 5061 3730 5116 North-

2121 5135 2919 5201 mannorum,Aremoricam,
2945 5134 3002 5188 in
3025 5135 3256 5205 quahoc
3268 5134 3441 5205 situm
3462 5136 3606 5205 erat,
3632 5148 3738 5185 sae-

2121 5208 2247 5283 culo
2270 5222 2428 5283 nono
2457 5209 2519 5283 et
2557 5205 2782 5283 decimo
2818 5203 3142 5283 incipiente
3182 5204 3330 5260 foede
3359 5203 3729 5283 vastantium,

2119 5277 2377 5331 furorem
2402 5276 2776 5347 fugientibus,
2811 5276 2919 5330 fuit
2943 5273 3284 5342 fundatum;
3320 5275 3435 5347 qui~
3452 5278 3647 5347 autem
3674 5273 3733 5327 id

2118 5348 2343 5425 factum
2366 5345 2591 5425 fuerit,
2604 5347 2802 5425 Callia),
2835 5347 3171 5425 Christiania
3199 5345 3732 5425 auctir-Scriptores

2118 5421 2263 5475 tom.
2297 5421 2362 5484 ll,
2396 5419 2501 5472 col.
2534 5420 2631 5479 153
2654 5420 2712 5472 et
2748 5418 2894 5472 binis
2915 5419 3428 5489 seqq.exponunt,
3446 5418 3529 5470 uti
3548 5418 3732 5469 etiam

2121 5490 2217 5560 qui
2250 5489 2487 5544 tandem
2543 5489 2838 5544 monachis
2894 5488 3159 5560 canonici
3212 5488 3513 5543 saeculares
3574 5501 3733 5542 anno

2124 5559 2257 5617 1623
2283 5560 2503 5617 fuerint
2521 5560 2741 5617 ibidem
2758 5559 3067 5617 substituti.
