4014 6030
236 336 344 389 605

466 457 532 514 S.
563 457 761 513 Maria:-
789 456 1124 530 Tropcz'ensis
1160 459 1412 515 Ecclesiae
1444 464 1611 533 (457).

324 550 446 603 178.
484 548 646 603 Unde
678 549 795 603 Deo
836 552 1034 618 gratus
1065 549 1171 603 fuit
1212 551 1421 618 Bruno,
1468 552 1601 606 inde
1632 553 1849 606 beatus.

243 636 432 700 Quem
464 636 508 690 si
541 636 862 701 laudarem,
898 654 1013 690 non
1046 637 1197 691 hunc
1230 655 1333 708 pro
1376 640 1541 693 laude
1596 639 1851 694 bearem.

244 724 448 779 Reddo
482 727 599 779 Deo
626 727 839 792 grates,
874 724 1027 796 quod
1069 725 1321 780 habebat
1358 730 1443 781 tot
1474 728 1780 795 bonitates,

241 811 413 876 Quod
442 815 679 884 possunt
700 812 805 866 dici
833 813 1031 884 lingua
1057 815 1327 885 sapientis
1349 816 1537 870 amici.

243 901 386 955 Inde
418 901 562 955 cutis
592 900 721 955 colli
752 901 957 955 teritur
985 918 1101 972 pra}
1138 903 1392 973 pondere
1420 905 1566 971 rolli,

242 988 518 1059 Rolligeri
550 990 763 1043 collum
797 990 997 1061 nequit
1028 993 1176 1045 ultra
1215 993 1422 1045 collere
1452 995 1853 1063 rollum(-’i58),

241 1077 369 1141 Quo
400 1081 487 1131 tot
517 1094 647 1130 cum
676 1077 851 1131 tantis
881 1078 1205 1133 scribuntur
1239 1084 1295 1134 et
1326 1082 1454 1134 aula
1484 1082 1779 1137 Tonantis.

238 1165 311 1218 Et
340 1166 427 1218 sol
460 1181 592 1218 cum
618 1166 775 1231 luna,
806 1167 1101 1219 stellarum
1131 1184 1323 1221 cursus
1358 1172 1415 1222 et
1440 1187 1552 1223 una

244 1252 387 1319 Lux,
420 1253 603 1323 polus,
639 1270 756 1319 aer,
786 1254 1017 1322 humus,
1053 1271 1234 1322 mare,
1280 1259 1513 1323 tartara,
1555 1259 1850 1329 sulphura,

1617 1347 1851 1416 [fumus.

241 1429 495 1495 Lividus,
528 1431 825 1486 obscmnus
858 1432 1176 1504 feetensque
1211 1433 1514 1504 putredine
1543 1436 1775 1505 plenus;

241 1516 385 1581 Quae
416 1520 587 1590 plaga
618 1520 875 1575 Plutonis
902 1525 1097 1593 procul
1132 1526 1215 1577 est
1243 1540 1275 1576 a
1295 1528 1445 1577 sorte
1478 1525 1777 1578 Brunonis.

1817 337 1997 393 ACTA

1885 470 1939 527 Α
1960 466 2167 536 Ampla
2197 466 2305 520 fuit
2335 468 2551 535 charta,
2588 486 2738 524 nunc
2769 488 2941 543 parva
2968 475 3190 533 videtur
3214 482 3271 534 et
3301 486 3489 550 arcta;

3458 358 3561 414 606

1962 553 2085 618 Qua
2117 572 2256 619 sors,
2290 573 2403 627 qua
2432 558 2638 625 fatum,
2673 562 3063 630 quascribitur
3089 582 3262 622 omne
3285 574 3566 640 creatum,

1960 645 2144 713 Atque
2174 644 2447 698 creatoris
2477 646 2599 699 sine
2640 651 2905 720 tempore
2940 653 3166 723 tempus
3196 656 3451 713 honoris.

1963 730 2133 800 Cujus
2156 732 2212 785 in
2243 733 2349 787 hac
2382 733 2495 787 vita
2517 735 2643 789 vita:
2674 737 2781 790 fuit
2800 738 2889 792 hic
2922 742 3183 809 eremita,

1964 820 2147 883 Quam
2180 821 2306 891 pius
2336 824 2392 875 et
2416 822 2591 889 mitis,
2615 824 2876 897 simplex,
2908 829 3028 884 sine
3062 832 3294 902 agmine
3325 834 3459 890 litis.

1965 909 2161 963 Dicere
2196 909 2236 962 si
2268 926 2517 977 nossem,
2551 928 2667 966 non
2728 917 2831 981 est,
2860 933 2972 987 quo
3017 919 3264 976 scribere
3312 939 3566 994 possem.

1963 998 2118 1050 Intus
2149 1000 2205 1051 et
2231 1015 2263 1051 a
2292 1002 2451 1068 tergo
2473 1000 2597 1069 jam
2632 1003 2794 1071 pellis
2816 1006 3082 1060 scribitur
3116 1026 3279 1080 ergo.

1963 1084 2121 1138 Ultra
2147 1085 2283 1155 quid
2316 1087 2507 1141 dicam
2529 1088 2556 1141 ?
2584 1089 2711 1143 Jam
2765 1093 2954 1147 nescio
3002 1094 3192 1149 dicere
3224 1098 3561 1170 quidquam.

1963 1173 2073 1226 Sed
2108 1178 2325 1239 tamen,
2373 1178 2432 1228 ut
2471 1182 2685 1231 crescat
2718 1180 3065 1248 benedictio,
3111 1184 3238 1239 dico
3285 1187 3561 1257 quiescat.

1959 1262 2102 1315 Pace
2135 1263 2259 1316 dico
2289 1263 2473 1329 datus,
2506 1282 2637 1319 cum
2676 1268 2745 1320 sit
2774 1285 2946 1339 super
2976 1277 3133 1327 astra
3165 1274 3417 1343 locatus;

1956 1348 2013 1402 Si
2044 1354 2237 1403 tamen
2266 1351 2319 1404 in
2355 1352 2504 1406 fossa
2540 1354 2640 1408 ﬁat
2671 1373 2802 1410 caro
2831 1360 3011 1427 pulvis
3045 1364 3101 1414 et
3129 1378 3277 1429 ossa,

1952 1437 2076 1492 Non
2102 1439 2262 1505 obiit,
2296 1440 2445 1507 vivit,
2490 1443 2737 1511 patriam
2772 1447 3067 1502 redeundo
3106 1449 3323 1518 petivit.

1950 1526 2167 1593 Vivere,
2201 1546 2329 1599 quze
2373 1530 2560 1584 Bruno
2604 1533 2758 1597 vivit,
2824 1536 3106 1605 possimus
3161 1537 3219 1591 in
3256 1554 3373 1593 uno
3394 1539 3560 1612 (453).

1489 1852 2344 1977 APPENDIX

713 2085 869 2146 SEU
917 2083 1608 2149 SUPPLEMENTUM
1653 2090 1763 2149 AD
1806 2092 2181 2154 GLORIAM
2224 2096 2518 2157 SANCTI
2559 2100 3097 2167 POSTHUMAM.

1722 2276 2100 2289 —_

241 2429 272 2494 §
314 2423 388 2499 I._
432 2425 716 2499 Veneratio
764 2423 987 2499 Sancto,
1018 2424 1225 2499 iBeatis‘
1258 2426 1381 2499 jam
1425 2429 1655 2499 ascrz’plo
1698 2435 1849 2499 atque

1964 2414 2201 2468 etiamin
2217 2416 2678 2490 ﬁnemlemporis
2691 2422 2850 2492 lapsu
2866 2424 3084 2482 ordinis
3098 2426 3563 2499 suiprovinciam,

315 2496 388 2550 ad
446 2496 718 2551 ecclesiam
768 2496 831 2551 S.
874 2495 1140 2566 Stephani
1184 2495 1461 2562 translato,
1504 2495 1574 2551 ini
1606 2495 1860 2553 Caladria

313 2568 571 2639 exhibita,
595 2569 1003 2639 frequentiaque
1029 2568 1099 2639 ad
1127 2568 1240 2637 ejus
1279 2571 1663 2622 invocationem
1692 2574 1859 2623 mira-

313 2638 435 2691 cula
458 2638 705 2708 patrata,
758 2656 986 2710 quorum
1027 2638 1249 2710 aliquot,
1307 2656 1511 2693 annum
1554 2643 1857 2711 160019722?—

311 2726 515 2777 gressa,
550 2717 898 2764 recensentur.

324 2817 373 2868 1.
404 2817 716 2889 Postquam
749 2832 975 2871 sacrum
1005 2815 1307 2881 Brunonis,
1336 2816 1520 2869 Beatis
1542 2830 1576 2869 a
1605 2816 1794 2871 Leone
1820 2817 1861 2871 X

242 2918 419 2974 papa,
449 2904 531 2958 uti
560 2904 619 2958 in
648 2904 1073 2959 commentario
1102 2904 1312 2974 praevio
1336 2907 1363 2972 §
1386 2906 1452 2958 47
1484 2904 1672 2970 docui,
1704 2922 1860 2960 anno

248 2995 390 3048 1514
416 2993 670 3064 ascripti,
703 3009 910 3065 corpus
939 3010 969 3048 e
1003 2992 1328 3058 Turritana,
1355 2992 1412 3046 in
1472 3009 1585 3063 qua
1624 2993 1860 3063 jacebat

244 3080 635 3146 reconditum,
663 3080 1036 3136 sanctissima:
1068 3079 1169 3134 Dei
1194 3079 1490 3134 Genitricis
1512 3081 1762 3135 Ecclesia
1782 3082 1854 3135 ad

242 3169 611 3224 Turritanam
630 3169 831 3224 itidem
854 3169 1239 3240 S.Sthephani
1255 3169 1552 3223 ecclesiam
1569 3168 1690 3241 ipso
1709 3170 1858 3225 dicto

246 3275 406 3313 anno
444 3260 577 3312 1514
608 3257 806 3312 fuisset
834 3258 1198 3323 translatum,
1229 3257 1608 3327 singularem,
1662 3275 1776 3330 qua
1801 3258 1859 3312 in

246 3350 511 3401 sanctum
544 3345 760 3400 ordinis
787 3346 870 3400 sui
902 3345 1292 3400 institutorem
1316 3346 1674 3413 ferebantur,
1695 3364 1861 3401 vene-

246 3434 539 3489 rationem
558 3433 915 3488 Carthusiani
931 3432 1239 3487 universim
1262 3450 1485 3499 omnes,
1510 3450 1575 3487 ac
1591 3434 1858 3488 nomina-

247 3523 359 3578 tim
370 3522 654 3576 Turritani
670 3522 852 3593 magis
869 3539 932 3575 ac
946 3522 1129 3592 magis
1147 3539 1265 3577 non
1282 3538 1399 3575 uno
1418 3521 1860 3577 manifestavere

252 3610 487 3666 indicio.
514 3612 593 3663 Ac
625 3609 812 3679 primo
834 3609 1089 3681 quidem,
1110 3610 1550 3663 TurritanumS.
1581 3609 1857 3680 Stephani

1962 2518 2087 2572 qua:
2113 2503 2476 2560 Turritanam
2496 2508 2851 2566 Carthusiam
2873 2515 3047 2569 modo
3073 2519 3494 2588 complectitur,

1962 2607 2203 2662 qumque
2230 2597 2401 2649 antea
2435 2596 2740 2664 provincize
2760 2601 3117 2658 Lombardize
3152 2607 3440 2663 ulterioris
3468 2628 3569 2667 no-

1961 2678 2118 2733 mine
2150 2681 2628 2753 distinguehat'ur,
2663 2687 2719 2741 S.
2756 2688 3034 2745 Brunonis
3057 2694 3564 2770 provinciam,quo

1961 2769 2198 2823 nomine
2252 2771 2537 2844 hodieque
2598 2776 2789 2831 istheec
2854 2781 3087 2850 gaudet,
3140 2769 3563 2857 nuncupavere,

1961 2856 2042 2909 uti
2069 2857 2226 2911 disco
2241 2860 2450 2930 partim
2468 2878 2535 2915 ex
2559 2863 2796 2919 Morotio
2812 2866 2868 2919 in
2894 2867 3140 2925 Theatro
3154 2856 3564 2945 chronologico

1962 2959 2093 3016 pag.
2122 2949 2244 3014 226,
2278 2947 2489 3018 partim
2505 2967 2573 3004 ex
2609 2950 2833 3009 Camilli
2861 2955 3050 3010 Tutini
3082 2958 3299 3014 ordinis
3322 2961 3562 3019 Carthu-

1961 3032 2161 3087 siensis
2187 3035 2259 3089 ad
2291 3053 2506 3091 annum
2544 3042 2678 3094 1514
2708 3042 3035 3115 Prospectu.

2037 3145 2089 3196 2.
2122 3141 2332 3197 Verum
2360 3143 2418 3198 in
2451 3146 2601 3200 facta
2633 3152 2981 3206 monasterio
3014 3170 3113 3209 suo
3145 3154 3253 3210 aS.
3292 3158 3561 3215 Brunone

1961 3230 2368 3300 appellatione,
2402 3235 2556 3306 quod
2585 3253 2791 3307 parum
2820 3256 2956 3294 sane
2977 3242 3194 3310 fuisset,
3228 3246 3566 3317 neutiquam

1960 3318 2117 3372 stetit
2164 3319 2697 3392 Carthusianorum,
2739 3326 3106 3385 Turritanam
3149 3349 3434 3401 eremum,
3458 3334 3565 3390 sibi

1962 3422 1996 3459 a
2017 3405 2482 3465 Cisterciensibus
2501 3413 2706 3473 Leonis
2721 3415 2761 3468 Χ
2773 3430 2936 3486 papae
2943 3417 2965 3487 j
2977 3435 3104 3472 ussu
3118 3421 3358 3476 tandem
3377 3421 3568 3478 reddi-

1960 3497 2104 3556 tam,
2130 3495 2524 3567 incolentium,
2545 3503 2753 3557 eximia
2769 3505 2938 3575 plane
2962 3523 3100 3578 erga
3128 3512 3390 3565 sanctum
3405 3510 3566 3567 illum

1961 3582 2188 3637 Patrem
2217 3603 2381 3640 suum
2408 3591 2720 3645 veneratio.
2754 3592 2918 3655 Quod
2943 3595 3101 3649 enim
3130 3596 3288 3662 (Vide
3325 3599 3566 3654 recitata

248 3697 692 3762 monasterium,
724 3697 889 3751 unice
920 3701 1074 3763 tunc,
1109 3698 1382 3768 primaevo
1410 3697 1466 3752 S.
1492 3698 1679 3752 Mariae
1711 3701 1768 3751 et
1797 3697 1854 3752 8.
1878 3672 1924 3730 C
1960 3686 2018 3768 in
2047 3670 2482 3768 commentam?
2512 3678 2720 3768 Ρῗωνξο
2760 3696 2923 3734 Πυῐη·
2957 3685 3060 3737 776
3086 3684 3279 3750 verba)
3303 3684 3374 3740 de
3405 3702 3566 3742 sacro

247 3786 528 3857 Stephani
551 3784 787 3839 nomine
816 3789 1059 3851 mutato,
1082 3785 1138 3839 S.
1169 3786 1446 3857 Stephani
1472 3786 1542 3840 de
1565 3787 1738 3841 Bosco
1759 3804 1857 3841 seu

250 3874 324 3929 de
345 3874 593 3929 Nemore
620 3874 897 3945 appellari
922 3874 1176 3940 solitum,
1211 3874 1313 3928 sub
1331 3874 1491 3945 cujus
1513 3875 1854 3943 etiamtum,

248 3978 370 4018 non
394 3978 552 4017 secus
578 3979 643 4016 ac
698 3962 889 4028 hodie,
933 3962 1168 4017 nomine
1196 3963 1501 4017 Turritana
1532 3962 1644 4025 (adi
1680 3963 1852 4017 Com-

248 4050 607 4105 mentarium
629 4050 904 4120 praevium
936 4067 1075 4103 num
1096 4092 1108 4103 .
1138 4052 1282 4111 733).
1317 4049 1373 4103 8.
1408 4050 1594 4105 Maria:
1623 4051 1860 4105 ecclesia

244 4143 554 4210 totumque
571 4137 1048 4203 aediﬁciorum,ad
1068 4136 1433 4191 Turritanam
1455 4154 1717 4191 eremum
1737 4153 1861 4207 spe-

244 4226 555 4291 ctantium,
605 4226 971 4295 complexum
1003 4225 1294 4289 veniebat,
1330 4240 1447 4277 non
1484 4224 1540 4278 S.
1579 4224 1858 4294 Stephani

248 4314 453 4380 modo,
487 4317 550 4367 ut
581 4314 756 4367 LeoX
812 4329 963 4384 papa
1020 4312 1137 4385 (adi
1195 4313 1524 4366 Comment.
1578 4312 1854 4383 praavium

249 4419 419 4458 num.
451 4404 554 4455 755
583 4404 641 4454 et
665 4400 808 4471 seq.)
856 4404 1152 4465 statuerat,
1197 4400 1318 4467 sed,
1354 4400 1428 4454 ad
1476 4400 1657 4453 sancti
1712 4400 1859 4454 illius

248 4489 528 4561 martyris
560 4504 775 4542 nomen
826 4487 1066 4542 nomine
1124 4488 1181 4542 S.
1230 4486 1512 4541 Brunonis
1563 4487 1858 4556 adjuncto,

248 4580 311 4634 S.
343 4577 619 4649 Stephani
655 4580 712 4631 et
740 4576 799 4631 S.
835 4575 1122 4630 Brunonis
1156 4576 1396 4631 domum
1452 4575 1512 4629 in
1540 4576 1721 4629 sancti
1756 4577 1859 4629 Pa-

248 4666 355 4721 tris
368 4666 451 4720 sui
467 4667 751 4721 honorem
768 4664 1041 4736 deinceps
1067 4664 1447 4736 appellavere,
1472 4663 1861 4735 eamdemque

323 4808 466 4878 (457)
486 4807 749 4879 Tropeia,
783 4806 1119 4879 episcopalis
1151 4803 1427 4879 Calabriae
1458 4804 1858 4879 ulteriorisch

246 4875 411 4944 vitas,
442 4875 755 4932 cathe-drali
797 4875 1012 4948 gaudet
1057 4876 1318 4948 Ecclesia
1349 4875 1718 4931 sanctissimae
1760 4877 1859 4930 Dei

247 4949 545 5016 Genitrici,
570 4953 629 5002 ut
658 4947 887 5016 Ugellus
905 4951 1049 5013 tom,
1093 4948 1157 4999 1X
1202 4947 1376 5000 Italia:
1409 4962 1581 5000 sacrae
1609 4949 1717 5002 col.
1751 4949 1854 5001 419

250 5021 442 5085 docet,
465 5036 645 5074 sacra.
698 5017 855 5073 Hunc
895 5017 1316 5084 adeo,maxime
1339 5018 1494 5088 quod
1511 5018 1673 5088 locus
1701 5034 1860 5071 sacer

1960 3758 2239 3815 Brunonis
2255 3762 2439 3833 capite
2458 3764 2783 3820 faciendum
2795 3808 2807 3832 ,
2814 3770 3026 3839 populo
3048 3770 3423 3838 astanti,dum
3437 3790 3568 3844 pre-

1959 3845 2103 3900 tiosa
2129 3849 2484 3922 ejuslipsana
2509 3853 2981 3923 transferrentur,
3000 3857 3220 3913 dixerat
3245 3860 3560 3931 Mattheus,
3668 3902 3675 3907 .

1961 3932 2649 3994 CarthusimBononieusis
2664 3941 2845 4011 prior,
2868 3945 3215 4000 exsecutioni
3228 3946 3287 4001 id
3306 3947 3387 4002 illi
3404 3965 3567 4005 man-

1960 4021 2216 4077 dandum
2230 4031 2494 4081 curantes
2510 4028 2726 4084 hermas
2740 4033 3261 4103 argenteo,aﬂ'a.bre
3273 4036 3565 4093 eleborato

1960 4129 2185 4170 sacrum
2216 4114 2407 4169 Sancti
2439 4118 2628 4187 caput,
2662 4135 2758 4173 seu
2791 4119 2979 4191 potius
3013 4120 3201 4193 hujus,
3234 4139 3363 4195 quas
3389 4141 3568 4196 penes

1958 4202 2109 4275 ipsos
2131 4204 2316 4258 adhuc
2333 4205 2566 4273 mansit,
2602 4209 2826 4278 partem
2847 4208 3146 4265 inclusere.
3163 4211 3275 4266 Nec
3307 4213 3569 4269 contenti

1958 4299 2037 4356 ita
2050 4293 2386 4360 eﬂ‘ecisse,ut
2399 4295 2714 4367 pretiosum
2726 4296 2835 4351 hoc
2851 4297 3061 4369 pignus
3075 4315 3333 4371 congrua
3347 4301 3571 4360 debita-

1960 4401 2072 4457 que
2086 4383 2405 4437 reverentia
2416 4384 2950 4452 custodiatur,haud
2963 4386 3181 4442 dudum
3190 4388 3457 4455 etiam,ut
3471 4408 3571 4464 ap-

1960 4474 2278 4544 paret,post
2300 4488 2518 4526 annum
2534 4473 2671 4526 1514
2690 4472 3009 4541 instituere,
3031 4477 3093 4529 ut
3104 4477 3432 4548 quotannis,
3452 4496 3566 4552 quo

1963 4562 2020 4614 et
2042 4560 2193 4631 apud
2222 4561 2500 4630 populum
2522 4561 2879 4616 incrementa
2898 4568 3129 4634 caperet
3155 4564 3350 4621 Sancti
3362 4567 3566 4635 cultus,

1961 4664 2186 4702 sacrum
2226 4648 2347 4718 ejus
2378 4652 2568 4719 caput,
2600 4649 2841 4716 hermae,
2888 4654 2950 4704 ut
2977 4651 3113 4720 dixi,
3136 4657 3415 4725 argenteo
3439 4655 3566 4727 jam

1958 4806 2155 4845 eremo
2186 4789 2341 4844 haud
2372 4791 2620 4845 multum
2640 4795 2952 4846 remotam.

2032 4861 2327 4934 (1158)Rolli
2344 4865 2401 4915 et
2419 4860 3168 4934 Rolligerisigniﬁcationem
3189 4865 3249 4920 in
3271 4881 3567 4924 commen-

1959 4932 2104 4987 tario
2128 4933 2338 5005 praevio
2367 4949 2528 4988 num.
2559 4936 2627 4988 24
2652 4932 3026 5005 suppeditavi.

2030 5004 2416 5076 (459lFutilia
2460 5021 2598 5076 sane
2639 5004 2729 5076 et
2758 5004 2923 5070 vana,
2956 5006 3451 5076 quemadmodum
3502 5010 3562 5067 in

250 5074 537 5157 έιῖυείειιί
576 5093 931 5168 competere.
954 5074 1127 5159 quéat
1159 5074 1376 5168 Τίιυιιξὲ
1401 5087 1856 5168 ευξῇεοωεεροο
1877 5110 1930 5168 1)
1957 5074 3560 5168 sesesesesatireaaésfegssesamum

251 5165 537 5226 occurrat,
581 5158 879 5232 esse—puto
920 5158 1125 5232 ipsam,
1169 5175 1299 5232 quae
1329 5158 1845 5232 hacrinscriptione

251 5232 609 5301 designatur,
636 5228 1041 5302 Tropeiensem
1088 5229 1145 5283 S.
1168 5228 1359 5302 Maria;
1372 5228 1691 5302 ecclesiam,
1726 5228 1858 5302 licet

251 5299 801 5381 interim.hanc,qui
836 5300 1139 5381 epistolam
1168 5299 1557 5381 encyclicam,
1578 5299 1778 5381 mortis
1795 5299 1851 5354 S.

252 5372 541 5429 Brunonis
558 5370 847 5426 nunciam.
881 5370 1250 5436 circumtulit,
1284 5370 1414 5441 post
1456 5370 1681 5440 reliqua
1706 5370 1853 5424 dun-

255 5447 433 5507 taxat,
467 5459 713 5513 quorum
750 5441 932 5513 Tituli
961 5441 1230 5513 funebres
1276 5441 1671 5513 praecedentes
1702 5444 1852 5513 sunt,

254 5515 383 5569 loca
411 5510 571 5566 sacra
597 5512 779 5566 adisse
810 5528 840 5565 e
882 5510 1135 5575 diversis,
1192 5510 1397 5580 quibus
1426 5510 1642 5563 Titulus
1673 5511 1856 5581 subje-

252 5581 1019 5654 ctusconcipitur,versiculis
1033 5581 1310 5660 videatur,
1328 5581 1653 5660 mirumque
1675 5580 1854 5660 videri

256 5657 453 5728 queat,
479 5651 601 5728 tam
629 5670 754 5707 sero
786 5669 939 5708 eum.
960 5656 1023 5728 et
1035 5669 1165 5728 non
1188 5651 1314 5728 nisi,
1339 5651 1733 5728 cumjamjam
1752 5652 1852 5708 do-

257 5720 426 5783 mum
438 5720 590 5784 esset
602 5722 1159 5797 reversurus,adiisse
1179 5720 1538 5795 ecclesiamet
1552 5720 1855 5784 Turritana

1962 5145 2173 5223 Titulus
2190 5146 2439 5223 Cangius
2457 5145 2730 5223 affirmat:
2754 5145 2812 5199 in
2828 5145 3051 5223 Titulus
3064 5146 3561 5223 unebribus,qui-

1958 5220 2063 5274 bus
2080 5218 2216 5289 olim
2241 5214 2534 5289 parentari
2562 5216 2688 5269 Vita
2702 5214 2909 5289 functis
2926 5216 3193 5289 contigit,
3208 5214 3419 5289 scripta
3435 5214 3567 5277 sub-

1960 5290 2093 5345 inde
2116 5286 2557 5360 fuissse,_palarn
2600 5289 2685 5338 est
2708 5286 2893 5360 veluex
2939 5286 3408 5360 nonnullis,quaa
3439 5295 3568 5350 tum

1963 5361 2163 5421 inhoc,
2192 5362 2317 5413 tum
2338 5355 2397 5411 in
2423 5358 2547 5411 aliis
2569 5355 2862 5427 nonnullis
2891 5373 3061 5427 supra
3075 5356 3220 5413 datis
3242 5355 3318 5413 de
3335 5359 3391 5414 S.
3426 5362 3570 5419 Bru-

1964 5447 2118 5486 none
2153 5430 2349 5483 Titulis
2402 5425 2739 5481 funebribus
2783 5425 3127 5495 occurrunt;
3161 5429 3295 5483 licet
3329 5430 3573 5493 interim

1968 5502 2143 5556 iidem
2173 5502 2290 5553 fere
2323 5499 2494 5552 simul
2525 5497 3011 5569 complectantur,
3031 5515 3158 5569 quae
3183 5500 3256 5553 ad
3285 5500 3575 5561 Brunonis

1966 5578 2091 5645 tum
2126 5570 2418 5645 doctrinas,
2448 5573 2570 5622 tum
2597 5567 2937 5645 sanctitatis,
2964 5567 3076 5640 qua
3097 5570 3291 5645 statim
3308 5571 3383 5645 ab
3412 5572 3580 5636 obitu

1969 5642 2254 5709 inclaruit,
2280 5641 2502 5696 famam
2533 5636 3028 5696 manifestandafn
3064 5641 3415 5698 conducunt.
