4010 6032
440 267 548 328 607

1265 261 1322 316 8.
1356 257 1700 316 BRUNONIS
1742 252 2372 319 CARTHUSIANORUM
2427 252 2897 310 INSTITUTORIS

3654 256 3763 327 6οβ

438 389 747 453 inclusum,
781 386 1030 443 secundo
1059 387 1423 441 Pentecostes
1453 386 1598 439 festo
1621 400 1651 437 e
1684 384 1740 437 S.
1768 380 2051 451 Stephani
2070 388 2125 445 Α
2156 395 2399 451 rumque
2422 379 2823 451 religiosorum
2840 378 3151 434 Carthusiaa
3180 377 3236 432 S.
3257 376 3533 450 Stephani
3553 378 3771 435 incola-

441 477 698 543 ecclesia,
736 476 793 530 in
825 492 937 546 qua
977 479 1254 541 servatur,
1293 475 1365 528 ad
1416 472 1713 527 ecclesiam
1756 470 1811 524 S.
1861 469 2048 524 Mariae

439 565 685 620 solemni
717 564 830 617 ritu
866 564 1209 627 deferretur,
1246 562 1634 633 postridieque
1657 577 1723 613 ex
1749 560 1855 612 hac
1888 557 1963 611 ad
1988 556 2044 611 S.

439 653 715 723 Stephani
755 652 1053 709 ecclesiam
1086 652 1291 706 eodem
1328 651 1502 705 modo
1534 650 1949 720 reportaretur.
1982 647 2049 698 Et

437 758 573 797 vero
600 741 749 795 felici
779 757 1033 795 successu
1053 740 1207 794 haud
1236 739 1417 793 caruit
1460 739 1629 809 hujus
1669 733 2049 791 solemnitatis

438 828 742 887 institutio.
768 829 890 883 Non
914 829 1097 883 solum
1121 829 1279 882 enim
1301 844 1369 882 ex
1400 828 1505 881 hac
1538 826 1785 880 multum
1813 821 2051 878 increvit

444 915 637 972 Sancti
659 919 871 985 cultus;
896 934 1095 972 verum
1127 917 1300 970 etiam
1323 915 1564 969 subinde
1579 918 1663 968 est
1690 914 1927 977 factum,
1960 912 2043 976 ut,

442 1006 539 1077 qui
571 1006 645 1060 ad
672 1006 830 1060 illam
859 1009 1155 1071 venerant,
1182 1004 1419 1069 inﬁrmi,
1450 1003 1506 1058 8.
1530 1000 1808 1056 Brunonis
1830 1000 2039 1069 implo-

439 1096 566 1150 rato
600 1094 830 1157 auxilio,
864 1093 1119 1164 pristinae
1152 1092 1383 1146 sanitati
1422 1091 1635 1144 fuerint
1665 1088 1930 1142 restituti.

508 1183 561 1235 4.
596 1183 678 1235 Ita
708 1184 991 1235 testantur
1021 1179 1181 1246 varii,
1211 1179 1328 1250 qui,
1359 1196 1484 1249 quae
1512 1177 1790 1231 Dominus
1822 1175 1895 1228 ad
1917 1190 2038 1227 ma-

436 1269 824 1324 nifestandam
839 1268 995 1324 Servi
1015 1269 1098 1323 sui
1121 1268 1365 1339 gloriam
1385 1267 1611 1338 operari
1635 1270 1765 1319 tunc
1781 1264 2048 1334 dignatus

437 1364 544 1428 est,
580 1360 861 1414 mirucula
890 1359 948 1412 in
984 1360 1205 1413 litteras
1245 1358 1473 1411 misere.
1516 1355 1747 1425 Aliquot
1796 1370 1861 1406 ex
1893 1352 2045 1405 hisce

416 1451 724 1521 .simulque
749 1448 1028 1503 nonnulla
1042 1446 1172 1511 alia,
1192 1463 1319 1516 qua:
1346 1445 1469 1499 aliis
1488 1445 1663 1498 etiam
1690 1440 2046 1511 temporibus

439 1539 514 1593 ad
530 1538 585 1591 S.
610 1536 893 1591 Brunonis
912 1535 1336 1590 invocationem
1353 1537 1485 1587 ante
1501 1548 1721 1587 annum
1743 1533 1874 1583 1600
1888 1529 2046 1582 fuere

437 1629 686 1698 patrata,
721 1626 877 1679 lubet
929 1624 1195 1695 przesenti
1231 1627 1279 1688 ξ,
1313 1625 1554 1675 servato.
1587 1636 1700 1690 quo
1730 1618 2047 1688 contigere,

2156 485 2284 521 rum
2318 469 2597 523 relatione
2622 469 2678 522 in
2704 468 2952 541 praefatis
2968 467 3082 522 suis
3109 469 3181 523 ad
3199 468 3387 522 Vitam
3406 466 3463 522 S.
3482 468 3770 523 Brunonis

2156 558 2629 613 annotationibus
2648 575 2883 612 narrare
2908 559 3096 630 pergit
3109 557 3670 612 Surianus.Primum
3686 558 3770 613 sic

2152 647 2353 700 habet:
2381 648 2641 701 «Domna
2665 648 2828 701 laura
2856 646 3107 713 Carrala,
3141 646 3260 700 ﬁlia
3278 644 3435 700 ducis
3462 645 3764 712 Niverniae,

2153 735 2442 789 comitissa
2472 737 2817 801 Arenarum,
2849 752 2983 789 cum
3005 752 3315 807 praegnans
3348 737 3515 799 esset,
3549 734 3606 789 in
3638 751 3769 807 gra-

2151 822 2443 877 vissimam
2475 824 2715 878 incurrit
2741 824 3152 889 valetudinem,
3186 839 3457 895 quaacum
3492 822 3552 877 in
3583 826 3768 879 extre-

2153 912 2261 966 mis
2304 916 2522 983 ageret,
2561 913 2645 967 vir
2680 913 2803 983 ejus
2835 914 2899 967 D.
2935 913 3284 979 Franciscus,
3328 928 3522 966 comes
3546 914 3765 967 Arena-

2152 1018 2303 1067 rum,
2338 1001 2433 1072 qui
2467 1018 2697 1073 semper
2743 1002 2801 1055 S.
2840 1002 3168 1056 Brunonem
3214 1001 3306 1056 ‘oie
3345 1002 3619 1068 coluerat,
3665 1017 3770 1055 vo-

2151 1092 2273 1143 tum
2298 1090 2450 1155 fecit,
2477 1091 2805 1146 oblaturum
2838 1107 2897 1144 se
2931 1091 3003 1143 ad
3026 1090 3175 1144 illius
3205 1091 3383 1144 altare
3413 1089 3646 1143 calicem
3677 1106 3774 1143 ar-

2154 1181 2452 1248 genteum;
2488 1182 2544 1233 et
2575 1179 2880 1241 tune,sicut
2905 1196 3097 1232 comes
3124 1177 3245 1248 ipse
3275 1181 3333 1232 et
3357 1177 3647 1232 comitissa
3671 1181 3763 1231 te-

2154 1266 2285 1319 stati
2315 1270 2468 1333 sunt,
2501 1270 2704 1320 sanata
2734 1271 2817 1320 est
2867 1268 2937 1321 ab
2971 1266 3066 1320 illa
3118 1266 3275 1337 gravi
3310 1265 3666 1331 inﬁrmitate,
3700 1267 3765 1319 et

2154 1357 2415 1427 tempore
2444 1358 2771 1426 Opportuno
2794 1354 2961 1409 enixa
2990 1357 3074 1409 est
3105 1354 3517 1422 infantem,cui
3546 1370 3767 1409 nomen

2156 1441 2212 1496 S.
2245 1442 2527 1496 Brunonis
2558 1444 2614 1497 in
2642 1442 2989 1513 baptismate
3023 1443 3441 1515 imposuerunt.
3475 1443 3543 1496 Et
3564 1459 3633 1496 ne
3652 1442 3766 1497 im-

2156 1547 2386 1584 memor
2403 1548 2657 1601 unquam
2687 1534 2832 1584 esset
2856 1531 3072 1603 accepti
3097 1530 3360 1585 beneﬁcii
3389 1535 3595 1598 mater,
3612 1530 3770 1586 vovit

2156 1621 2337 1671 vestes
2367 1620 2524 1672 albas
2553 1619 2811 1685 induere,
2845 1620 3108 1689 qualibus
3143 1618 3375 1673 indutus
3400 1619 3570 1673 fuisse
3608 1619 3763 1672 visus

439 1714 643 1769 ordine
676 1713 970 1779 chronieo,
999 1727 1318 1765 recensere.
1354 1711 1431 1763 Ne
1464 1710 1615 1762 hunc
1646 1708 1789 1761 adeo
1823 1709 2046 1777 pertur-
2075 1744 2125 1802 B
2155 1705 2275 1775 ipse
2307 1706 2363 1760 S.
2402 1708 2589 1773 Pater,
2625 1707 2797 1777 quiin
2833 1708 3053 1761 somnis
3078 1707 3126 1761 ei
3157 1711 3521 1777 apparuerat.
3547 1728 3575 1755 ››

435 1801 591 1869 hem,
615 1802 715 1856 abs
743 1801 1008 1872 illis,qua3
1030 1804 1189 1853 extra
1212 1799 1467 1869 praefatae
1502 1795 1884 1851 solemnitatis
1900 1798 2046 1848 tem-

438 1906 546 1961 pus
575 1890 725 1944 facta
753 1893 903 1955 sunt,
953 1889 1097 1942 duco
1145 1888 1395 1941 initium.
1432 1886 1706 1940 Surianus
1744 1884 1803 1936 in
1836 1882 1947 1936 suis
1975 1882 2049 1936 ad

438 1976 787 2032 S.Brunonis
803 1977 1053 2043 Vitam,a
1067 1976 1233 2030 Surio
1250 1976 1542 2047 scriptam,
1563 1971 2050 2026 Adnotationibus

434 2082 570 2138 pag.
598 2066 790 2120 3195ic
821 2065 1043 2119 scribit:
1081 2087 1108 2113 ‹‹
1132 2066 1300 2117 Auno
1324 2065 1458 2116 1523
1476 2062 1663 2132 prima
1693 2061 1783 2114 die
1806 2061 2052 2113 Februa-

436 2153 508 2208 rii
536 2153 599 2206 V.
633 2156 694 2208 Ρ.
727 2154 971 2207 Jacobus
985 2151 1391 2222 Aragonensis,
1417 2150 1705 2221 professus
1729 2146 2047 2201 Carthusiae

437 2242 826 2313 Neapolitana:
854 2258 917 2295 ac
953 2241 1108 2311 prior
1143 2239 1453 2293 Carthusiae
1482 2238 1540 2303 S,
1571 2236 1846 2307 Stephani
1878 2252 2050 2306 supra

439 2327 594 2395 dicti,
628 2332 685 2382 et
723 2328 915 2382 caeteri
957 2327 1224 2381 monachi
1265 2326 1671 2381 conventuales
1702 2325 2051 2396 scripserunt

439 2418 691 2489 capitulo
722 2417 983 2488 generali
1009 2416 1225 2471 ordinis
1279 2413 1694 2470 Carthusiensis
1750 2412 2050 2483 sequentia

444 2504 742 2570 miracula,
772 2521 899 2576 quae
914 2506 1048 2558 tunc
1073 2520 1273 2557 recens
1298 2506 1425 2573 post
1440 2504 1736 2573 receptam
1756 2501 1996 2555 domum
2020 2522 2046 2549 ››

440 2591 828 2667 (Calabrinam
866 2608 1077 2663 nempe
1112 2590 1169 2645 S.
1198 2590 1498 2661 Stephani)
1529 2589 1863 2644 acciderunt
1888 2607 1899 2642 :
1926 2588 2049 2642 Istis

437 2680 638 2735 diebus
652 2679 861 2735 nostris
884 2680 1090 2734 nobilis
1103 2680 1425 2750 Alphonsus
1438 2677 1713 2733 Toraldus
1729 2676 2051 2748 Neapolita-

440 2784 568 2836 nus,
591 2768 771 2822 frater
795 2784 1109 2839 germanus
1131 2767 1458 2822 excellentis
1480 2765 1703 2820 domini
1731 2764 1923 2819 adami
1945 2765 2049 2819 To-

434 2856 602 2923 raldi,
626 2856 858 2911 baronis
885 2856 955 2909 de
971 2856 1268 2921 Badulato,
1292 2855 1453 2909 valde
1482 2870 1619 2925 erga
1634 2852 1691 2907 S.
1718 2854 2046 2907 Brunonem

436 2944 531 3016 pie
562 2944 816 3011 affectus,
862 2960 992 2997 cum
1024 2955 1168 2999 esset
1214 2944 1473 3014 Trepeas,
1509 2960 1635 3014 quae
1668 2946 1752 2996 est
1780 2942 1912 2996 urbs
1942 2940 2044 2995 Ca-

437 3032 635 3088 labriae
666 3032 980 3098 maritima,
1022 3032 1201 3086 animi
1239 3048 1408 3086 causa
1461 3031 1842 3085 deambulans
1883 3030 2046 3100 juxta

432 3135 595 3176 mare
622 3137 793 3192 super
813 3119 1127 3191 quamdam
1161 3119 1434 3174 declivem
1471 3135 1675 3191 rupem
1727 3117 2044 3172 altitudinis

418 3208 552 3264 fere
583 3211 817 3262 centum
840 3208 1190 3272 cubitorum,
1216 3207 1423 3261 accidit
1476 3210 1558 3273 ut,
1606 3207 1841 3260 fallente
1869 3205 2038 3276 pede,

431 3295 491 3352 in
516 3312 791 3368 praeceps,
837 3296 1024 3365 capite
1055 3295 1300 3361 inverso,
1341 3296 1651 3349 laberetur.
1695 3295 1801 3358 Qui
1832 3294 2040 3349 cadens

428 3383 727 3439 ruinosam
761 3384 1073 3437 maceriam
1098 3384 1364 3437 manibus
1388 3383 1844 3454 apprehendere,
1880 3399 1951 3435 ne
1981 3382 2037 3435 in

429 3470 551 3525 ima
572 3474 884 3537 corrueret,
908 3471 1180 3537 tentavit;
1210 3471 1310 3525 sed
1333 3470 1454 3542 ipsa
1486 3471 1690 3524 eadem
1713 3486 1882 3539 super
1903 3486 2036 3524 eum

432 3558 666 3629 delapsa
696 3561 814 3626 est;
865 3558 1019 3612 unde
1059 3562 1116 3613 et
1155 3558 1212 3612 in
1248 3574 1315 3613 eo
1360 3558 1701 3613 descrimine
1733 3558 1947 3629 positus
1978 3557 2035 3612 8.

429 3645 762 3701 Brunonem
795 3647 1502 3716 adjutoreminvocavit,et
1521 3664 1652 3701 mox
1673 3647 1890 3717 aSpexit
1919 3663 2041 3701 mo-

429 3734 953 3801 nachum,vestibus
971 3734 1111 3789 albis
1131 3737 1474 3805 aspectuque
1496 3734 2040 3800 decorum,manum

430 3839 595 3878 suam
626 3824 921 3879 dexteram
951 3827 1253 3879 tenentem
1279 3827 1335 3878 et
1353 3824 1426 3878 ad
1455 3824 1575 3878 ima
1593 3825 1719 3878 loca
1744 3840 1802 3877 se
1834 3824 2041 3877 leniter

435 3911 840 3968 deducentem.

503 4003 557 4056 4.
585 4001 762 4065 «Quo
802 4002 1020 4056 factum
1051 4003 1157 4067 est,
1190 4003 1254 4055 ut
1284 4001 1501 4054 nullam
1535 4017 1601 4054 ex
1632 4016 1700 4055 eo
1734 4016 1864 4054 casu
1913 4017 2039 4073 pas-

434 4105 528 4144 sus
559 4088 630 4143 sit
647 4089 965 4154 laesionem,
995 4105 1127 4142 cum
1160 4092 1357 4142 tamen
1387 4089 1508 4158 ejus
1538 4088 1798 4155 comites,
1836 4088 1931 4160 qui
1966 4088 2039 4142 ad

434 4176 739 4233 cadentem
759 4180 1146 4242 aceurrerant,
1170 4176 1513 4230 exstinctum
1537 4194 1669 4231 eum
1691 4182 2039 4247 autcorpore

434 4265 795 4321 confractum
828 4282 895 4318 ex
924 4265 1085 4334 lapsu
1111 4263 1523 4319 existimarent.
1567 4265 1745 4337 Igitur
1774 4266 2042 4335 pedester

435 4352 678 4409 domum
703 4355 787 4406 est
798 4368 1109 4420 regressus,
1126 4369 1198 4406 ne
1217 4352 1473 4408 vehiculo
1497 4354 1730 4424 quidem
1747 4355 2041 4408 autaliena

438 4440 894 4511 operaindigens
923 4440 997 4495 ad
1022 4440 1157 4508 iter;
1174 4440 1331 4512 quod
1344 4441 1686 4496 beneﬁcium
1720 4442 2039 4496 maximum

438 4528 663 4582 meritis
692 4526 1047 4582 S.Brunonis
1068 4532 1365 4599 acceptum
1394 4528 1541 4583 tulit.
1564 4529 1784 4584 Accidit
1804 4530 1861 4583 id
1892 4529 2041 4584 circa

437 4630 657 4671 annum
688 4619 843 4671 1122.
866 4637 894 4665 ››
926 4616 1197 4670 Camillus
1222 4617 1459 4672 Tutmus
1491 4618 1644 4672 idem
1673 4618 1848 4672 etiam
1873 4617 2042 4672 mira-

439 4705 632 4759 culum
653 4704 712 4757 in
730 4704 1073 4760 concinnato
1097 4721 1131 4758 a
1151 4722 1210 4759 se
1233 4705 1448 4759 ordinis
1464 4706 1879 4761 Carthusiensis
1904 4722 2040 4776 pro-

436 4795 636 4863 spectu
662 4796 940 4860 recenset;
969 4809 1170 4851 verum
1202 4793 1407 4859 id,non
1439 4795 1510 4848 ad
1534 4811 1753 4850 annum
1794 4795 2040 4860 circiter,

441 4880 524 4935 uti
548 4880 641 4935 hic
670 4880 964 4948 Surianus,
1006 4884 1164 4947 1522,
1198 4881 1297 4937 sed
1324 4881 1395 4935 ad
1423 4899 1640 4936 annum
1672 4885 1806 4937 1518
1844 4883 2040 4937 refert.

439 4968 514 5023 At
539 4984 695 5035 vero,
720 4968 823 5027 etsi
851 4968 908 5022 id
950 4969 1032 5023 ita
1052 4968 1144 5036 sit,
1181 4968 1292 5023 duo
1309 4968 1398 5023 isti
1423 4970 1730 5042 scriptores
1752 4987 1873 5024 sese
1895 4971 2047 5024 inter

441 5073 703 5130 pugnare
716 5056 987 5113 censendi
1000 5060 1308 5129 propterea
1320 5075 1436 5113 non
1453 5062 1607 5120 sunt,
1626 5076 1755 5114 cum
1773 5058 2047 5114 Surianus

434 5145 786 5207 miraculum
818 5145 980 5211 illud,
1000 5162 1117 5201 non
1140 5146 1393 5201 distriete
1420 5163 1572 5202 anno
1608 5151 1743 5203 1522
1768 5148 2044 5210 innectat,

436 5232 546 5287 sed
572 5233 968 5289 annocireiter
1002 5237 1157 5301 1522,
1182 5251 1307 5305 qua),
1322 5234 1594 5306 loquendi
1611 5234 2046 5289 formulatrium

443 5322 758 5393 quatuorve
772 5337 1059 5377 annorum
1082 5323 1336 5377 extensio
1346 5339 1477 5376 nem
1494 5322 1729 5395 patitur,
1754 5323 2042 5390 accidisse,

444 5408 723 5465 duntaxat
741 5409 1050 5471 scribat.Ut
1063 5412 1123 5464 ut
1134 5409 1467 5477 sit,miracul
1476 5428 1573 5465 um
1588 5412 1726 5465 illud
1736 5412 2047 5483 praecessis-

450 5512 511 5554 se
528 5497 754 5561 videtur
764 5496 877 5559 tria
891 5497 1154 5571 aliaalia:
1176 5499 1762 5570 exJacobiArrogonii
1790 5500 2047 5572 reliquo-

2228 1798 2279 1847 5.
2305 1794 2632 1849 Secundum
2656 1795 2744 1849 his
2774 1796 2960 1849 verbis
2980 1795 3303 1866 concipitur
3327 1813 3339 1849 :
3375 1797 3590 1849 «Anno
3624 1798 3764 1851 1522

2151 1883 2387 1954 quidam
2418 1900 2483 1937 ex
2515 1884 2725 1955 oppido
2748 1883 3032 1938 Zimbario
3051 1882 3456 1955 Squillacensis
3476 1882 3759 1949 dimcesis,

2155 1975 2401 2041 quatuor
2430 1972 2549 2025 fere
2579 1988 2848 2042 passuum
2885 1972 3135 2025 millibus
3162 1988 3195 2025 a
3230 1972 3577 2026 monasterio
3611 1992 3638 2019 ››
3668 1971 3750 2030 (8.

2155 2057 2431 2128 Stephani
2460 2061 2758 2123 nimirum)
2792 2083 2817 2107 «
2844 2060 3060 2122 dissito,
3093 2060 3329 2114 nomine
3353 2061 3589 2114 Garetus
3616 2059 3759 2114 Sco-

2153 2147 2421 2216 pa-Casa,
2444 2164 2576 2202 eum
2611 2165 2783 2202 uxore
2814 2166 2914 2202 sua
2936 2148 3560 2203 lsabellaadduxerunt
3582 2149 3650 2202 ad
3667 2149 3760 2219 ja-

2154 2252 2329 2289 nnam
2370 2237 2705 2290 monasterii
2740 2236 2971 2291 unicam
3016 2236 3195 2290 filiam
3228 2253 3411 2303 suam,
3440 2237 3759 2291 habentem

2153 2323 2417 2393 spiritum
2450 2323 2841 2391 immundum,
2872 2341 3118 2397 cumque
3146 2325 3221 2379 ad
3252 2340 3384 2381 eam
3410 2325 3595 2379 allata:
3620 2323 3757 2378 fuis-

2153 2416 2279 2466 sent
2295 2413 2551 2484 reliquim
2570 2417 2899 2469 sanctorum
2921 2413 3198 2483 Stephani
3232 2416 3289 2467 et
3320 2414 3564 2467 aliorum
3596 2412 3755 2467 divo-

2152 2514 2304 2566 rum,
2337 2503 2398 2553 ut
2428 2500 2659 2556 daemon
2691 2503 2763 2556 ab
2783 2518 2851 2555 ea
2876 2500 3201 2571 ejiceretur,
3230 2501 3373 2555 sicut
3390 2500 3758 2555 aliasfactum

2151 2588 2359 2654 fuerat,
2394 2593 2453 2642 et
2482 2590 2639 2644 nulla
2677 2606 2804 2660 spes
2854 2590 3200 2661 egressionis
3234 2593 3558 2661 appareret,
3592 2589 3653 2643 V.
3690 2591 3751 2643 P.

2150 2676 2401 2730 Vicarius
2417 2678 2476 2735 P.
2509 2678 2577 2732 de
2597 2678 2863 2733 Corduba
2876 2678 3178 2733 consilium
3196 2678 3530 2749 parentibus
3550 2678 3754 2748 puellas

2151 2764 2327 2832 dedit,
2358 2768 2420 2819 ut
2452 2766 2525 2820 ad
2556 2782 2792 2837 specum
2838 2766 2893 2821 8.
2930 2768 3233 2833 Brunonis,
3277 2783 3405 2838 quae
3439 2766 3685 2820 millario
3719 2784 3753 2821 a

2149 2853 2500 2907 monasterio
2533 2855 2711 2921 abest,
2737 2871 2867 2909 eam
2902 2856 3197 2909 ducerent.
3231 2855 3354 2918 Quo
3394 2872 3524 2909 eum
3546 2870 3746 2925 perve-

2150 2940 2386 3007 nissent,
2408 2945 2499 2995 ter
2526 2942 2687 2997 flexis
2707 2943 2947 3015 genibus
2975 2946 3255 3016 capellam
3288 2945 3490 2999 devote
3519 2947 3754 2999 orantes

2148 3030 2577 3084 circumierunt.
2612 3031 2755 3085 Dein
2787 3033 2977 3101 puella
3017 3036 3147 3104 post
3199 3033 3456 3087 osculum
3508 3032 3754 3104 pedibus

2145 3117 2418 3189 imaginis
2448 3118 2503 3173 S.
2539 3120 3179 3193 Brunonisimpressum
3224 3121 3754 3191 hausitaliquantu-

2146 3207 2266 3260 lum
2302 3208 2547 3277 pulveris
2577 3225 2644 3262 ex
2666 3209 2872 3263 eadem
2905 3226 3096 3280 specu.
3141 3210 3392 3264 Mirabile
3423 3210 3597 3274 dictu,
3627 3213 3759 3280 post

2144 3299 2437 3365 sumptum
2468 3297 2761 3367 pulverem
2814 3298 3041 3368 spiritus
3078 3298 3315 3352 infestus
3345 3297 3513 3369 cwpit
3538 3314 3642 3368 per
3671 3297 3752 3351 vi-

2143 3400 2301 3437 scera
2325 3384 2527 3453 puellae
2559 3384 2895 3451 discurrere,
2929 3402 2993 3439 ac
3023 3385 3158 3439 inde
3188 3385 3532 3456 immigrans
3554 3385 3611 3438 iu
3627 3385 3760 3440 bra-

2141 3472 2333 3525 chium
2360 3472 2434 3525 ad
2459 3488 2697 3526 manum
2718 3473 2956 3527 tandem
2991 3474 3253 3541 devenit;
3288 3478 3363 3539 et,
3384 3477 3446 3527 ut
3476 3473 3755 3527 indicium

2142 3575 2399 3612 excessus
2428 3559 2511 3613 sui
2543 3560 2914 3631 relinqueret,
2944 3561 3003 3614 in
3032 3561 3365 3615 summitate
3397 3560 3559 3631 digiti
3583 3561 3755 3615 unius

2144 3649 2370 3701 tumore
2399 3648 2570 3714 facto,
2600 3648 2766 3703 latius
2788 3649 2999 3719 apertis
3018 3649 3173 3719 poris
3190 3666 3308 3704 non
3334 3649 3456 3703 sine
3469 3649 3753 3720 sanguine

2145 3736 2360 3790 exitum
2378 3736 2483 3790 sibi
2514 3736 2762 3807 providit
2790 3741 2849 3790 et
2873 3738 3100 3809 penitus
3123 3738 3409 3792 abscessit.
3428 3737 3569 3791 Tam
3597 3738 3753 3791 malo

2143 3824 2369 3894 hospite
2393 3824 2633 3879 liberata
2669 3826 2859 3896 puella
2902 3842 3033 3879 cum
3066 3826 3403 3898 parentibus
3432 3826 3505 3879 ad
3545 3842 3751 3880 mona-

2145 3912 2382 3967 sterium
2414 3930 2673 3984 regressa
2700 3917 2809 3980 est,
2832 3914 2927 3968 ubi
2967 3916 3083 3969 Deo
3112 3918 3169 3968 et
3198 3914 3251 3968 S.
3289 3914 3566 3980 Brunoni,
3604 3913 3751 3968 libe—

2143 4001 2325 4055 ratori
2350 4017 2472 4067 suo,
2500 4002 2738 4071 gratitas
2791 4001 3105 4056 immensas
3138 4003 3350 4057 retulit.
3378 4023 3406 4051 ››
3457 4003 3540 4055 Εη
3572 4001 3751 4057 modo

2144 4088 2319 4141 etiam
2361 4091 2698 4159 postrenum
2730 4106 2761 4142 e
2800 4089 2981 4144 tribus
3032 4106 3206 4161 supra
3235 4090 3401 4144 dictis
3431 4088 3748 4143 miraculis.

2144 4175 2525 4247 Sequentibus
2551 4176 2701 4229 hisce
2726 4177 2878 4247 apud
2917 4176 3227 4231 Surianum
3267 4194 3399 4248 pag.
3426 4179 3531 4231 323
3560 4176 3750 4231 verbis

2143 4264 2474 4333 exponitur:
2505 4288 2531 4313 ‹‹
2558 4266 2665 4318 Per
2685 4265 2889 4319 eadem
2918 4269 3230 4336 tempora»
3271 4269 3510 4327 (annum
3538 4264 3754 4319 scilicet

2145 4356 2301 4419 1523,
2364 4370 2476 4425 quo
2522 4353 2694 4407 trium
2758 4353 3043 4407 dictorum
3097 4353 3510 4409 miraculorum
3540 4353 3751 4408 certius

2140 4442 2433 4496 redditum
2448 4441 2556 4495 fuit
2580 4442 2848 4512 generale
2869 4441 3085 4496 ordinis
3095 4441 3753 4514 Carthusiensiscapitu-

2140 4531 2283 4595 lum,
2307 4530 2458 4584 haud
2481 4530 2725 4583 multum
2754 4532 3083 4600 praegressa)
3126 4552 3153 4579 ‹‹
3172 4530 3231 4584 in
3263 4530 3474 4602 oppido
3514 4532 3749 4585 Pizzone

2143 4617 2399 4673 dioecesis
2423 4618 2745 4685 Melitensis,
2805 4622 2960 4672 sexto
3019 4618 3210 4689 lapide
3257 4634 3291 4672 a
3346 4618 3745 4674 monasterio»

2147 4707 2202 4777 (Τ
2208 4706 2465 4761 urritana
2494 4704 2550 4759 S.
2600 4704 2874 4775 Stephani
2903 4705 3201 4763 nimirum)
3245 4728 3273 4755 ι(
3297 4706 3514 4773 dissito,
3560 4724 3747 4762 sacer-

2146 4794 2501 4866 dosquidam
2520 4811 2549 4849 e
2562 4793 2786 4865 gremio
2805 4794 2939 4848 cleri
2955 4794 3239 4849 saecularis
3252 4794 3750 4868 nomineSOphra-

2146 4902 2252 4938 nus
2267 4883 2523 4949 Miriano,
2544 4882 2762 4936 habens
2776 4885 3074 4952 apostema
3089 4882 3146 4936 iu
3170 4885 3402 4953 pectore
3422 4882 3571 4937 circa
3601 4884 3744 4939 vita-

2147 4974 2229 5027 les
2256 4973 2467 5042 partes,
2501 4972 2697 5024 votum
2726 4970 3075 5041 nuncupavit
3092 4969 3146 5024 8.
3185 4970 3459 5025 Brunoni.
3485 4970 3752 5037 Qui,con-

2148 5061 2308 5114 tinuo
2339 5076 2509 5112 sanus
2522 5057 2775 5126 effectus,
2811 5058 2955 5112 sicut
2978 5058 3097 5129 ipse
3123 5057 3334 5130 scripto
3373 5062 3609 5113 testatus
3639 5062 3746 5126 est,

2146 5148 2334 5203 facem
2352 5163 2532 5201 cereas
2545 5152 2709 5209 [ceras
2718 5145 3006 5217 lvirgineze
3022 5144 3178 5199 misit
3193 5146 3268 5201 ad
3281 5146 3459 5201 altare
3476 5145 3511 5200 S
3523 5187 3536 5199 .
3550 5148 3751 5201 P.Bru-

2148 5236 2336 5301 nonis,
2369 5236 2426 5290 in
2453 5252 2566 5307 qua
2590 5234 2903 5289 curationis
2928 5238 2985 5289 et
3006 5235 3290 5305 sospitatis
3305 5235 3481 5289 series
3510 5237 3741 5306 legeba-

2148 5326 2260 5378 tur.
2289 5346 2317 5373 »
2346 5323 2550 5378 Subdit
2578 5323 2752 5377 modo
2786 5322 2878 5375 hic
2908 5321 3185 5377 Surianus
3217 5322 3331 5377 alia
3366 5322 3647 5378 miracula
3682 5323 3743 5378 S.

2148 5412 2428 5467 Brunonis
2448 5410 2671 5465 meritis
2692 5414 2938 5482 patrata,
2956 5428 3103 5483 quae,
3122 5411 3617 5484 quemadmodum
3643 5412 3750 5482 ait,

2148 5523 2172 5551 α
2200 5499 2483 5572 exscripta
2505 5501 2639 5555 sunt
2664 5515 2734 5556 ex
2782 5498 3003 5555 schedis
3034 5515 3173 5557 mss.
3219 5500 3287 5557 D.
3328 5499 3546 5557 Nicolai
3576 5498 3751 5556 Riecii
