4010 6032
277 246 385 321 809

1848 258 2028 327 ACTA

3485 276 3598 341 610

274 389 349 446 de
367 386 650 457 Taberna,
668 387 904 466 professi
920 391 1175 466 ejusdem
1208 393 1284 468 (S.
1306 394 1884 468 Stephani)domus,»
1909 395 1964 455 Α
1987 393 2359 450 continentur
2372 442 2383 453 .
2397 396 2512 451 Hoc
2525 401 2913 456 commectum
2929 404 3012 457 est
3025 400 3259 475 Neapoli
3278 403 3594 468 18Novem-

273 482 728 554 accuratiusque,
757 483 993 553 adjectis
1025 486 1197 539 etiam
1249 487 1370 540 aliis
1415 486 1727 551 nonnullis,
1762 501 1795 538 a
1819 484 1881 536 V.

272 571 339 623 P.
372 570 581 624 Severo
614 588 646 624 a
674 572 907 643 Neapoli
939 572 1099 626 fuere
1133 574 1372 645 digesta.

347 662 399 712 6.
436 659 644 713 Verum
678 677 806 713 cum
838 661 1094 731 primum
1120 679 1184 715 ex
1203 663 1289 716 his
1311 679 1464 716 anno
1485 663 1721 717 domum
1748 663 1883 715 152-1

269 747 543 801 accidisse
568 751 821 810 notetur,
855 749 1131 821 citiusque
1163 751 1437 816 fortassis,
1467 768 1641 823 quam
1672 750 1760 803 hic
1789 766 1883 803 me

268 836 614 901 relaturum,
649 835 706 889 in
728 836 1160 894 Commentario
1188 840 1399 909 przrvio
1432 856 1593 895 num.
1628 840 1730 893 746
1754 853 1883 908 spo-

268 940 386 995 pon
400 922 477 989 di,
513 923 569 977 S.
593 925 875 979 Brunonis
905 930 962 979 et
994 925 1051 979 S.
1072 927 1353 981 Vincentii
1378 928 1622 981 Terrerii
1656 925 1882 999 appari-

266 1012 375 1078 tio,
421 1011 648 1083 Aloysio
692 1014 968 1068 Bertrano
1011 1031 1109 1069 seu
1150 1016 1465 1070 Bertrando
1516 1015 1572 1069 8.
1622 1013 1883 1069 Ludovici

266 1100 572 1154 Bertrandi
609 1101 777 1172 patri,
825 1102 1094 1157 divinitus
1134 1105 1348 1171 oblata,
1399 1104 1674 1169 evenerit,
1725 1104 1883 1157 lubet

265 1188 441 1253 hanc,
457 1192 771 1260 antequam
799 1191 977 1244 ullum
994 1207 1058 1244 ex
1083 1192 1147 1245 iis
1164 1207 1520 1259 recenseam,
1547 1191 1744 1245 lectori
1766 1191 1878 1257 hic,

265 1292 345 1329 ne
375 1277 445 1330 ab
471 1276 672 1332 ordine
719 1278 989 1333 chronico
1022 1279 1347 1347 deﬂectam,
1376 1280 1664 1334 exhibere.
1697 1281 1743 1333 A
1774 1280 1878 1333 Su-

262 1364 432 1418 riano
457 1364 651 1436 itaque
678 1381 811 1437 pag.
846 1369 948 1421 318
981 1370 1037 1421 et
1070 1383 1189 1439 seq.
1213 1368 1366 1421 hunc
1386 1371 1655 1422 narratur
1676 1367 1733 1421 in
1752 1384 1877 1421 mo-

264 1452 409 1507 dum
444 1468 457 1506 :
495 1472 526 1504 ‹‹
558 1454 742 1508 Isdem
765 1454 953 1526 (pater
979 1455 1191 1509 scilicet
1221 1455 1279 1509 S.
1313 1455 1578 1510 Ludovici
1610 1457 1877 1509 Bertran-

263 1540 348 1610 di)
376 1541 486 1595 alia
510 1541 653 1607 vice,
687 1542 958 1597 defuncta
992 1544 1182 1614 prima
1220 1561 1322 1599 sua
1360 1561 1555 1610 uxore,
1601 1543 1879 1615 pergebat

262 1629 343 1682 ad
360 1629 626 1684 eamdem
652 1630 892 1685 domum
918 1631 1376 1693 (Curtbusianam
1408 1636 1640 1702 nempe)
1660 1633 1873 1686 Porta)-

1986 484 2071 538 br.
2104 488 2236 540 1519
2260 487 2441 557 (error
2473 486 2564 540 hic
2593 489 2784 554 cubat,
2804 494 3001 562 estque
3050 510 3254 561 annus,
3280 514 3394 568 quo
3436 499 3595 554 resti«

1986 572 2271 627 tutionem
2302 576 2459 628 illam
2506 575 2740 643 factam,
2786 578 2936 632 infra
2983 598 3143 638 num.
3209 587 3272 637 13
3317 585 3591 654 invenies,

1990 662 2123 714 15:29
2137 664 2583 733 substituendus)
2610 682 2715 735 per
2746 669 3036 723 notarium
3068 671 3369 743 Virgilium
3388 675 3458 727 de
3478 676 3589 728 Bu—

1986 749 2124 803 luito
2160 751 2228 803 de
2255 752 2487 821 Neapoli
2517 753 2667 807 inter
2693 755 2755 808 V.
2778 757 2839 809 P.
2865 758 2927 811 D.
2956 758 3332 814 Octavianum
3350 761 3421 815 de
3444 763 3595 816 Man-

1982 842 2101 903 tua,
2124 839 2383 894 Priorem
2417 844 2549 895 tunc
2582 842 2787 897 domus
2824 845 2880 899 S.
2930 846 3207 918 Stephani
3244 866 3307 903 ac
3341 849 3592 905 visitata-

1984 942 2109 981 rcm
2142 929 2548 999 provinciae,et
2580 932 2885 1001 prmfatum
2918 937 3350 1009 comitem,qui,
3371 939 3589 994 utineo

1984 1016 2489 1083 scribitur,bonam
2515 1019 2687 1073 fidem
2721 1036 3073 1092 cognoscens
3098 1028 3154 1078 et
3170 1027 3474 1080 attendens
3491 1027 3591 1081 de-

1981 1102 2272 1157 votionem
2298 1104 2632 1172 maximam,
2653 1124 2826 1178 quam
2843 1127 2899 1163 se
2920 1127 3122 1181 gerere
3141 1112 3281 1167 dixit
3297 1130 3436 1185 erga
3462 1129 3588 1168 m0-

1981 1192 2299 1246 nasterium
2315 1192 2349 1247 S
2388 1192 2663 1266 Stephani
2683 1200 2739 1249 et
2751 1201 2989 1267 propter
3002 1202 3590 1274 reverentiam,quam

1978 1279 2154 1333 habet
2178 1280 2234 1334 S.
2266 1281 2540 1349 Brunoni,
2577 1284 2737 1354 cujus
2768 1288 2980 1339 sanctae
3011 1289 3266 1359 reliquim
3297 1290 3357 1343 in
3385 1304 3590 1344 mona-

1978 1367 2150 1421 sterio
2183 1368 2457 1439 praedicto
2491 1372 2896 1427 venerabiliter
2931 1378 3063 1428 sunt
3094 1377 3379 1446 repositas,
3428 1381 3589 1451 cujus

1979 1456 2186 1511 merito
2215 1460 2269 1510 et
2286 1457 2790 1514 intercessionibus
2807 1462 3080 1518 continuo
3105 1464 3318 1519 exstitit
3337 1466 3586 1537 adjutus,

1978 1545 2035 1596 et
2062 1544 2379 1615 praesertim
2409 1546 2466 1599 in
2499 1547 2817 1602 obtinenda
2847 1567 2879 1603 a
2908 1551 3155 1606 Domino
3183 1555 3366 1624 prole,
3410 1559 3583 1627 atque

1975 1646 2080 1702 pro
2113 1633 2322 1687 animas
2358 1651 2470 1688 suae
2498 1639 2553 1687 et
2584 1637 3071 1705 praedecessorum
3109 1656 3345 1695 suorum
3377 1644 3581 1712 salute,

262 1717 559 1789 C(eli,quas
592 1718 849 1773 Valentia
892 1719 1175 1791 Hispaniae.
1198 1720 1409 1775 scilicet
1437 1720 1878 1775 Tarraconensis
1902 1731 1952 1789 Β
1976 1719 2310 1774 certioratus
2334 1722 2489 1791 prius
2511 1725 2568 1775 et
2583 1724 2752 1792 plene
2768 1724 3113 1779 informatus
3135 1728 3206 1781 de
3223 1728 3582 1797 jurisdictio-

260 1806 516 1866 civitate,
529 1806 589 1859 in
604 1822 718 1878 qua
729 1808 1223 1878 commorabatur)
1243 1808 1675 1880 quatuorleucis
1692 1809 1872 1875 abest,

258 1894 599 1966 religiosum
667 1895 931 1951 habitum
990 1897 1289 1967 petiturus,
1336 1901 1506 1969 atque
1558 1898 1615 1951 in
1666 1896 1873 1951 itinere

258 1984 443 2039 iidem
466 1984 562 2039 SS.
586 1985 913 2040 Vincentius
935 1991 992 2040 et
1023 1988 1213 2040 Bruno
1241 2003 1299 2040 se
1317 1986 1591 2041 videndos
1613 1986 1872 2057 praebue-

255 2076 419 2140 runt,
452 2074 725 2141 dicentes,
752 2076 1105 2129 voluntatem
1129 2076 1226 2129 Dei
1250 2092 1367 2129 non
1389 2092 1531 2142 esse,
1563 2078 1625 2128 ut
1648 2074 1873 2145 religio-

255 2178 353 2215 sus
371 2161 663 2229 ﬁeret,sed
692 2167 751 2216 ut
776 2162 850 2216 ad
881 2163 1402 2217 saeculumrediret.
1425 2163 1531 2227 Qui
1570 2181 1636 2217 ex
1667 2179 1867 2217 secun-

255 2249 330 2304 da
354 2254 553 2321 postea
585 2250 755 2318 ducta
790 2266 966 2305 uxore
1007 2251 1231 2305 Joanna
1271 2254 1493 2322 Angela
1534 2268 1688 2306 anno
1735 2253 1868 2305 1526

252 2337 483 2392 sustulit
513 2339 572 2392 Β.
600 2338 947 2392 Ludovicum
977 2339 1317 2393 Bertranum
1347 2338 1562 2394 ordinis
1594 2339 1871 2393 Praedica-

250 2429 472 2493 torum,
507 2427 623 2498 qui,
657 2426 962 2481 sanctitate
985 2431 1043 2481 et
1077 2427 1365 2481 miraculis
1405 2430 1610 2494 clarus,
1646 2428 1715 2481 ad
1762 2444 1869 2482 coe-

250 2510 376 2568 lum
420 2514 560 2569 abiit
599 2531 751 2569 anno
798 2516 954 2569 1581.
980 2536 1007 2563 »
1042 2516 1126 2568 Ita
1170 2516 1293 2569 loco
1342 2515 1514 2569 citato
1571 2514 1863 2582 Surianus,

251 2601 471 2656 ibidem
494 2603 668 2656 etiam
700 2601 940 2669 addens,
973 2602 1317 2657 relationem
1345 2603 1514 2657 istam
1546 2619 1579 2656 a
1607 2604 1667 2656 P.
1700 2604 1868 2657 Joan-

251 2707 326 2745 ne
347 2690 674 2762 Madarisga
704 2693 852 2762 part.
890 2707 905 2744 ι
932 2691 1073 2744 Vitas
1107 2691 1163 2745 S.
1199 2691 1481 2745 Brunonis
1513 2707 1635 2762 cap.
1659 2693 1746 2757 22,
1779 2694 1806 2759 §
1834 2693 1863 2744 3

251 2794 283 2833 e
307 2777 365 2832 8.
404 2778 666 2833 Ludovici
690 2779 991 2835 Bertrandi
1019 2779 1165 2843 Vita,
1198 2794 1302 2848 per
1339 2779 1578 2832 fratrem
1603 2779 1867 2832 Justinia-

250 2883 394 2921 num
416 2867 622 2921 Antist.
640 2870 893 2931 exarata,
917 2866 1088 2921 fuisse
1113 2866 1461 2936 descriptam
1484 2882 1495 2919 :
1519 2866 1672 2936 quod
1703 2883 1860 2932 sane,

249 2970 383 3008 cum
412 2954 468 3008 in
504 2956 608 3009 hac
631 2954 833 3009 relatio
859 2955 1066 3008 eadem
1093 2955 1433 3026 reperiatur,
1469 2954 1689 3007 veritati
1724 2958 1860 3024 puto

249 3061 371 3098 esse
399 3060 742 3099 consonum.
762 3044 848 3098 Ad
880 3043 1157 3098 miracula
1183 3043 1377 3109 modo,
1405 3060 1531 3114 quae
1559 3060 1623 3096 ex
1648 3042 1860 3097 Nicolai

250 3130 421 3186 Biccii
442 3133 662 3187 schedis
678 3149 814 3186 mss.
842 3132 1200 3203 deprompsit
1230 3131 1681 3201 accuratiusque,
1715 3134 1859 3184 teste

247 3234 315 3273 ex
348 3220 509 3273 dictis
539 3219 805 3287 Suriano,
841 3218 1075 3290 digessit
1113 3219 1351 3290 aliisque
1385 3214 1679 3272 nonnullis
1706 3219 1860 3271 auxit

245 3307 492 3362 Severus
525 3325 557 3361 a
588 3307 846 3378 Neapoli,
865 3306 1226 3379 progredior.

315 3396 370 3449 ’7.
393 3396 654 3450 Primum
689 3412 718 3449 e
748 3394 973 3449 Suriani
998 3394 1333 3448 recensione
1360 3394 1437 3447 sic
1457 3394 1664 3447 habet:
1692 3412 1721 3445 <‹
1741 3395 1856 3446 An-

244 3498 321 3537 no
348 3483 580 3539 Domini
610 3485 767 3548 1524,
785 3499 915 3536 cum
935 3487 1085 3536 esset
1108 3482 1273 3536 Prior
1302 3482 1469 3551 hujus
1510 3480 1588 3550 (S.
1615 3480 1854 3552 Stepha-

244 3572 323 3643 ni)
369 3572 577 3626 domus
613 3572 678 3625 V.
724 3572 786 3624 P.
825 3570 1000 3624 David
1053 3571 1122 3625 de
1165 3569 1549 3624 Charcascolis
1593 3569 1856 3623 Mediola-

243 3660 460 3727 nensis,
516 3660 804 3731 professus
860 3658 1171 3711 Chartusize
1220 3657 1533 3728 Papiensis,
1575 3658 1855 3710 excellens

242 3747 518 3803 dominus
534 3747 785 3801 Joannes
807 3746 1058 3817 Baptista
1093 3745 1327 3799 Carrafa
1368 3746 1437 3799 de
1469 3744 1724 3815 Neapoli,
1759 3760 1852 3798 co-

244 3853 369 3890 mes
390 3839 526 3890 tunc
547 3835 893 3906 Agrottarias
917 3850 980 3887 ac
995 3834 1265 3887 dominus
1283 3832 1856 3887 Castri-Vetcrisnec-

241 3941 360 3978 non
388 3927 445 3977 et
479 3922 1101 3994 Rocellas,’inﬁrmatus
1138 3926 1222 3974 est
1258 3938 1435 3991 usque
1478 3921 1549 3975 ad
1579 3924 1850 3987 mortem,

242 4010 520 4082 omnique
553 3996 912 4064 medicorum
936 4010 1142 4064 auxilio
1177 4009 1479 4062 destitutus
1501 4025 1631 4062 cum
1655 4011 1856 4078 ageret

240 4098 300 4152 in
338 4097 635 4165 extremis,
662 4102 829 4152 nocte
863 4097 1114 4168 quadam
1143 4113 1246 4168 per
1275 4097 1457 4150 visum
1490 4097 1746 4166 objectus
1771 4098 1855 4149 est

240 4187 345 4259 ipsi
380 4186 438 4240 S.
464 4188 653 4240 Bruno
688 4186 883 4240 dicens
913 4202 925 4238 :
957 4187 1206 4240 Joannes
1260 4185 1534 4257 Baptista,
1594 4185 1638 4237 si
1696 4185 1856 4239 resti-

1975 1823 2049 1860 ne
2068 1809 2421 1871 monasterii,
2456 1814 2825 1880 ete.,sponte,
2847 1815 2904 1866 et
2928 1813 3100 1879 bona,
3124 1830 3269 1885 pura
3299 1819 3357 1870 et
3379 1817 3582 1873 Libera

1975 1896 2264 1949 voluntate
2286 1898 2907 1968 relaxavitprasdictum
2927 1900 3283 1955 territorium
3305 1903 3375 1957 de
3388 1904 3580 1972 Ninfo,

1975 1998 2040 2035 ac
2054 1999 2157 2053 per
2176 1984 2385 2038 fustem
2411 1985 2723 2055 resignavit
2743 1986 2804 2039 V.
2844 1987 2991 2057 patri
3014 1988 3220 2056 Priori,
3257 1994 3363 2046 etc.
3410 1991 3580 2061 Cujus

1971 2074 2138 2141 capta
2190 2072 2297 2125 fuit
2335 2071 2648 2141 corporalis
2699 2073 2977 2143 possessio
3028 2076 3097 2128 29
3135 2076 3390 2131 Januarii
3423 2093 3578 2135 anno

1975 2161 2109 2212 1530
2140 2175 2173 2212 a
2220 2160 2460 2230 prmiato
2500 2159 2808 2215 Octaviano
2855 2162 3074 2228 Priore,
3125 2167 3408 2234 praesente
3449 2180 3581 2221 cum

1969 2246 2093 2299 aliis
2119 2248 2414 2302 monachis
2458 2249 2523 2302 D.
2572 2247 2867 2320 Stephano
2910 2249 2981 2303 de
3028 2250 3275 2306 Suriano
3324 2253 3582 2324 professo

1968 2334 2227 2404 ejusdem
2259 2336 2466 2389 domus
2514 2358 2539 2384 ››

2039 2426 2091 2477 8.
2114 2424 2246 2477 Tale
2289 2428 2373 2478 est
2406 2425 2683 2494 primum,
2707 2424 2863 2496 quod
2898 2442 2927 2479 e
2961 2444 3097 2481 mss.
3141 2428 3357 2483 Nicolai
3407 2429 3581 2486 Riccii

1969 2511 2038 2565 de
2051 2511 2312 2566 Taberna
2343 2513 2583 2579 schedis,
2608 2513 2863 2570 aSevero
2895 2515 2966 2569 de
2992 2517 3227 2587 Neapoli
3262 2518 3582 2574 accuratius

1968 2599 2171 2669 digesti
2233 2604 2404 2672 atque
2437 2601 2668 2655 aliunde
2699 2604 2900 2669 auctis,
2936 2603 3210 2659 Surianus
3239 2607 3364 2660 loco
3406 2620 3580 2677 supra

1966 2686 2137 2740 citato
2171 2688 2348 2741 refert
2376 2706 2388 2753 ;
2420 2688 2550 2741 huic
2572 2693 2763 2742 autem
2789 2706 3033 2761 sequens
3060 2692 3323 2762 proxime
3339 2693 3577 2763 subjun-

1965 2774 2049 2844 git
2080 2791 2091 2827 :
2131 2796 2159 2823 ‹‹
2193 2775 2353 2829 Circa
2385 2791 2601 2829 annum
2634 2779 2790 2843 1540,
2828 2794 2959 2831 cum
2994 2779 3052 2831 Β.
3089 2779 3401 2834 Catharina
3432 2781 3578 2835 Tho-

1966 2862 2555 2932 masiaMajoricensis,
2592 2868 2790 2934 postea
2833 2866 3110 2920 canonica
3139 2867 3437 2938 Regularis
3468 2868 3572 2923 Or-

1964 2951 2113 3005 dinis
2142 2950 2197 3004 S.
2222 2952 2521 3021 Augustini
2550 2952 2607 3005 in
2641 2954 2996 3008 monasterio
3027 2954 3083 3008 8.
3118 2955 3304 3010 Marias
3335 2957 3567 3029 Magda-

1958 3041 2105 3093 lenae
2137 3039 2291 3094 urbis
2316 3040 2736 3110 Majoricarum,
2771 3042 2956 3096 aetatis
2977 3045 3123 3097 esset
3149 3059 3435 3098 annorum
3459 3044 3570 3100 cir-

1960 3127 2099 3181 citer
2124 3128 2397 3198 quinque,
2435 3132 2491 3181 et
2521 3146 2651 3182 cum
2678 3146 2781 3183 avo
2806 3147 2907 3184 suo
2942 3131 3048 3184 iter
3077 3132 3316 3185 haberet
3351 3133 3410 3186 in
3445 3134 3571 3189 loco

1960 3216 2160 3271 declivi
2183 3217 2346 3286 juxta
2361 3216 2719 3271 Carthusiam
2752 3218 3172 3288 Majoricarum,
3214 3221 3482 3292 apparuit
3517 3221 3571 3276 ei

1958 3306 2277 3359 monachus
2301 3306 2535 3376 quidam
2564 3305 2619 3360 in
2655 3310 2806 3360 veste
2843 3309 2993 3374 alba,
3031 3325 3158 3379 qua:
3200 3308 3565 3365 Carthusien-

1957 3393 2103 3446 sium
2156 3397 2239 3446 est
2282 3394 2536 3463 propria,
2575 3394 2670 3464 qui
2715 3394 2772 3447 S.
2829 3396 3021 3451 Bruno
3080 3398 3253 3451 fuisse
3293 3398 3568 3465 creditur,

1957 3480 2167 3550 quique
2200 3484 2257 3533 et
2287 3497 2404 3550 prae
2419 3481 2570 3547 lixit,
2605 3498 2734 3535 eam
2759 3482 2964 3537 Christi
2991 3502 3262 3556 sponsam
3284 3486 3565 3555 futuram,

1956 3570 2013 3620 et
2044 3584 2183 3635 non,
2215 3572 2277 3621 ut
2308 3586 2443 3622 avus
2470 3570 2727 3639 optabat,
2753 3572 3126 3627 matrimonio
3156 3575 3561 3645 capulandam.

1952 3655 2078 3708 Alia
2105 3656 2370 3709 similiter
2400 3656 2541 3722 vice,
2572 3661 2884 3728 antequam
2917 3659 3204 3713 decimum
3246 3662 3428 3715 aetatis
3462 3679 3565 3715 an-

1957 3760 2096 3796 num
2130 3743 2598 3814 attingeret,cum
2631 3748 2864 3798 antrum
2898 3746 3189 3815 quoddam
3214 3747 3567 3819 introgressa

1956 3832 2013 3884 in
2046 3831 2270 3884 foveam
2300 3832 2458 3900 lapsa
2490 3835 2655 3897 esset,
2690 3832 2842 3885 unde
2886 3832 3007 3886 sine
3050 3833 3306 3887 humano
3354 3835 3563 3889 auxilio

1955 3918 2106 3972 exire
2130 3936 2245 3972 non
2277 3921 2534 3988 poterat;
2570 3936 2636 3972 eo
2671 3919 2993 3985 deﬁciente,
3020 3920 3277 3975 divinum
3294 3921 3568 3992 implora-

1955 4007 2053 4073 vit,
2086 4008 2241 4077 quod
2272 4007 2548 4060 continuo
2577 4006 2757 4060 adfuit
2792 4024 2804 4060 :
2836 4025 2971 4061 nam
3005 4009 3181 4062 astitit
3210 4009 3260 4063 ei
3308 4010 3567 4065 humana

1954 4095 2140 4164 specie
2173 4096 2256 4147 vir
2288 4096 2582 4165 augustior
2622 4096 2681 4149 in
2705 4100 2856 4151 veste
2887 4097 3151 4161 candida,
3181 4098 3278 4169 qui
3302 4098 3424 4168 ejus
3440 4114 3566 4152 sen-

1958 4184 2139 4238 tentia
2169 4183 2585 4237 Carthusiensis
2616 4184 2936 4239 videbatur.
2980 4185 3091 4239 Sed
3134 4185 3187 4240 8.
3239 4188 3300 4240 Ρ.
3349 4188 3562 4256 Bruno,

239 4278 405 4329 tuere
440 4275 727 4357 distuleris
752 4274 1133 4339 territorium,
1173 4289 1277 4343 per
1302 4277 1427 4327 tuos
1457 4272 1663 4342 injuste
1694 4288 1855 4326 occu-
1878 4287 1929 4345 1)
1956 4272 2051 4343 qui
2072 4272 2210 4325 alias
2225 4273 2275 4326 ei
2295 4273 2499 4326 codem
2515 4274 2807 4326 schemate
2827 4275 3383 4345 apparuerat,fuerit
3396 4292 3564 4347 opor-

238 4365 463 4434 patum,
497 4362 695 4415 domui
728 4378 874 4415 mea}
902 4360 957 4414 S.
984 4360 1259 4431 Stephani
1279 4360 1349 4413 de
1374 4360 1639 4425 Nemore,
1666 4363 1853 4414 morte

238 4449 508 4505 morieris
541 4459 596 4502 el
632 4466 750 4503 non
781 4449 951 4503 vives.
985 4452 1057 4502 At
1086 4449 1201 4513 ille,
1234 4448 1405 4502 simili
1436 4465 1571 4502 voce
1615 4463 1851 4518 respon-

239 4538 403 4603 dens,
439 4537 555 4590 ait:
585 4535 750 4599 Quod
793 4536 1172 4597 territorium,
1202 4536 1408 4590 Pater?
1449 4535 1849 4601 Territorium,

236 4624 450 4691 intulit,
485 4625 639 4694 quod
670 4641 766 4678 vos
793 4625 862 4678 de
905 4622 1073 4677 Ninfo
1107 4622 1312 4688 dicitis,
1346 4638 1676 4677 concessum
1708 4622 1852 4675 mihi

236 4715 293 4766 et
306 4712 722 4767 successoribus
737 4713 879 4766 meis
893 4728 925 4765 a
940 4711 1151 4766 comite
1167 4710 1411 4782 Rogerio
1427 4710 1847 4776 Northmanno,

235 4805 313 4868 et,
341 4802 429 4856 his
451 4801 636 4867 dictis,
664 4802 914 4855 evanuit.
938 4800 1148 4855 Statuit
1178 4801 1450 4870 przefatus
1471 4815 1667 4852 comes
1696 4799 1849 4853 intra

233 4905 292 4944 se
325 4890 397 4944 de
428 4890 537 4943 hoc
554 4890 759 4943 certius
775 4889 989 4960 aliquid
1022 4904 1392 4958 cognoscere,
1414 4904 1475 4941 ac
1506 4888 1703 4941 omnia
1723 4889 1850 4941 red-

234 4978 390 5032 dere.
425 4978 629 5032 Mirum
663 4977 843 5033 dictu!
895 4978 981 5031 vix
1032 4978 1139 5032 hoc
1181 4977 1332 5049 apud
1371 4976 1632 5030 animum
1678 4993 1845 5029 suum

231 5066 629 5132 constituerat,
680 5083 810 5121 cum
872 5066 1077 5120 melius
1126 5067 1338 5119 habere
1385 5064 1555 5135 coepit
1592 5068 1649 5118 et
1696 5064 1844 5119 febri

232 5170 467 5226 prorsus
491 5154 766 5225 omnique
782 5154 910 5207 vitae
928 5153 1260 5208 discrimine
1274 5156 1572 5222 exemptus
1589 5152 1842 5207 est.Dein

231 5242 519 5297 accersitis
566 5242 794 5297 notario
832 5246 890 5295 et
931 5241 1170 5295 testibus
1215 5241 1493 5294 visionem
1530 5241 1743 5305 retulit,
1778 5257 1843 5295 ac

233 5330 612 5397 territorium,
637 5331 833 5385 multis
841 5331 968 5401 jam
990 5329 1156 5383 annis
1188 5332 1549 5400 occupatum,
1572 5329 1837 5394 restituit,

230 5434 292 5472 ac
321 5436 500 5490 quam
534 5418 784 5491 plurima
819 5419 930 5472 alia
972 5417 1257 5471 beneﬁcia
1293 5435 1325 5471 a
1369 5416 1425 5471 S.
1464 5418 1527 5471 P.
1573 5418 1841 5471 Brunone

229 5507 497 5575 obtinuit,
532 5525 658 5581 qua:
698 5508 865 5563 latius
918 5507 977 5562 in
1032 5506 1423 5561 instrumento
1467 5505 1842 5562 restitutionis

1955 4364 2038 4414 tet
2061 4378 2072 4424 ;
2099 4360 2194 4431 qui
2222 4365 2279 4414 et
2301 4378 2429 4415 eam
2468 4363 2812 4428 consolatus,
2839 4379 2911 4415 ne
2953 4362 3203 4429 timeret,
3238 4364 3561 4433 admonuit,

1955 4453 2125 4519 atque
2154 4452 2214 4501 ut
2239 4448 2527 4515 baculum,
2556 4466 2727 4519 quem
2764 4466 2940 4504 manu
2970 4452 3565 4524 tenebat,apprehen-

1955 4537 2117 4591 derct
2151 4553 2213 4589 ac
2244 4536 2490 4613 ﬁrmiter
2513 4540 2765 4604 teneret;
2812 4555 2924 4608 quo
2975 4540 3357 4611 apprehenso,
3385 4541 3566 4596 facilis

1954 4624 2004 4677 ei
2029 4622 2136 4676 fuit
2164 4640 2429 4677 ascensus
2457 4640 2487 4677 e
2511 4624 2960 4696 fovea,moxque
2987 4628 3057 4681 ab
3090 4628 3211 4699 ejus
3234 4630 3412 4683 oculis
3428 4630 3561 4684 sub-

1952 4714 2165 4765 tractus
2195 4714 2296 4764 est.
2337 4733 2363 4759 ››
2396 4712 2511 4765 Hoc
2536 4712 2773 4783 duplicis
2801 4715 3175 4785 apparitionis
3205 4717 3559 4787 prodigium,

1951 4800 2106 4871 quod
2140 4816 2208 4852 an
2247 4800 2501 4853 Brunoni
2532 4817 2663 4854 vere
2706 4802 3138 4857 attribuendum
3174 4805 3265 4869 sit,
3310 4804 3559 4859 dubitari

1951 4902 2114 4956 posse
2151 4888 2395 4953 videtur,
2431 4905 2547 4941 non
2592 4905 2665 4945 ex
2696 4889 2909 4944 Nicolai
2951 4890 3119 4944 Riccii
3165 4890 3411 4956 schedis,
3459 4892 3561 4946 sed

1948 4975 2179 5029 aliunde
2228 4976 2481 5029 hausisse
2540 4976 2765 5031 videtur
2803 4978 3042 5031 Severus
3089 4994 3122 5030 a
3176 4978 3431 5049 Neapoli.
3476 4981 3560 5034 Ita

1947 5062 2172 5134 opinari
2226 5080 2319 5116 me
2358 5063 2493 5117 facit
2528 5063 2822 5130 Surianus,
2854 5081 2984 5118 cum
3036 5064 3107 5118 ad
3146 5065 3296 5118 illius
3339 5068 3556 5121 calcem

1947 5154 2128 5217 notet,
2163 5167 2283 5204 esse
2310 5151 2367 5204 id
2392 5151 2805 5221 depromptum
2822 5168 2852 5205 e
2877 5151 3552 5224 CatharimeThomasiaa,

1944 5256 2070 5310 qua:
2104 5239 2254 5293 inter
2286 5239 2703 5293 Praetermissos
2734 5239 2807 5293 ad
2845 5242 2873 5292 5
2922 5239 3126 5310 Aprilis
3169 5240 3323 5296 diem
3371 5244 3555 5299 relata

1943 5327 2096 5397 apud
2126 5343 2230 5381 nos
2247 5330 2349 5394 est,
2379 5327 2524 5393 Vita,
2551 5327 3147 5397 Hispanicoidiomate
3178 5347 3211 5383 a
3234 5330 3298 5384 V.
3327 5333 3385 5385 P.
3417 5332 3551 5386 Bar-

1941 5416 2253 5469 tholomzeo
2268 5414 2570 5485 Valpcrga,
2589 5414 2900 5468 Carthusias
2922 5415 3305 5484 Majoricensis
3344 5434 3548 5474 mona-

1941 5504 2070 5569 cho,
2107 5502 2449 5573 conscripta,
2493 5518 2763 5575 annoque
2800 5505 2932 5559 1617
2964 5502 3242 5575 Majoricae
3276 5506 3423 5580 typis
3452 5524 3547 5564 ex-
