4014 6030
429 246 525 306 Ml

1285 242 1345 299 S.
1373 238 1720 299 BRUNONIS
1751 230 2385 294 CARTHUSIANORUH
2423 232 2890 289 INSTITUTORIS

3641 225 3768 286 612

504 373 656 430 9.En
671 369 848 429 modo
865 368 1100 426 alterius
1128 367 1356 440 generis
1369 360 2045 430 miraculum,nimirum,
2068 362 2121 419 Α
2146 357 2388 412 crimine
2417 361 2782 413 versarentur
2805 373 2870 412 ac
2899 354 3378 430 periclitarentur,
3411 368 3614 410 omnes
3630 367 3768 408 una.

431 479 553 518 non
579 479 693 534 quo
711 460 976 532 cuiquam
1005 458 1246 513 Sanctus
1263 455 1609 510 beneﬁcium
1645 452 1907 515 contulit,
1939 448 2038 503 sed

435 568 572 624 quo,
595 551 692 622 qui
725 550 783 604 in
808 565 942 604 eum
975 548 1162 602 fuerat
1191 545 1455 616 injurius,
1492 541 1762 596 divinitus
1798 539 1906 593 fuit
1933 555 2038 608 pu-

435 639 686 694 nitust
703 637 980 692 Surianus
983 637 1108 706 jam
1125 650 1276 688 nunc
1301 634 1534 686 narrato
1559 629 1818 702 proxime
1841 627 2046 680 subne-

436 728 538 781 ctit
566 727 760 798 itaque
783 725 1054 797 exponit:
1086 746 1114 772 ιι
1138 724 1304 776 Anno
1361 719 1591 775 Domini
1621 719 1778 782 1544,
1810 721 1840 770 5
1875 715 2042 770 Octo-

433 814 554 870 bris
581 815 768 886 pridie
798 814 950 868 illius
978 812 1111 876 diei,
1142 810 1238 883 qui
1267 809 1322 863 S.
1353 810 1414 862 P.
1452 805 1704 862 Brunoni
1747 819 1906 858 sacer
1937 806 2042 867 est,

435 901 524 958 vir
553 903 790 974 quidam
811 900 1022 956 nobilis
1033 903 1091 953 et
1110 900 1294 953 clarus
1317 913 1552 967 genere,
1577 895 1678 948 sed
1696 911 1730 947 a
1752 891 2044 947 callidissi-

437 1007 537 1046 mo
569 990 840 1045 hmretico
881 989 1124 1042 Martino
1169 988 1382 1040 Bucero
1427 984 1636 1038 misere
1666 982 1952 1044 seductus,
1987 979 2042 1032 in

439 1078 739 1134 Carthusia
761 1075 1090 1132 Coloniensi
1123 1075 1227 1129 sub
1259 1078 1507 1143 tempus,
1540 1088 1655 1143 quo
1697 1068 2048 1140 Vespertinai

437 1166 894 1239 precesborariae
913 1168 1184 1236 aguntur,
1204 1161 1514 1217 sedebatin
1543 1161 1916 1231 hypocausto,
1951 1156 2046 1210 ubi

438 1255 692 1326 hospites
713 1253 895 1324 excipi
920 1255 1348 1322 solent,parum
1382 1248 1522 1320 quid
1557 1247 1734 1302 edens
1759 1250 1816 1299 et
1844 1245 2047 1298 bibens

441 1359 572 1400 cum
595 1343 864 1414 religioso
883 1343 944 1394 P.
970 1342 1140 1406 Petro
1171 1339 1474 1402 Boechem,
1509 1341 1646 1390 tunc
1677 1338 2048 1406 procuratore

443 1430 703 1502 ejusdem
732 1429 1066 1494 Cartbusiaa,
1102 1430 1300 1498 postea
1331 1425 1528 1480 Priore
1557 1423 1983 1486 Contluentino,
2015 1437 2050 1474 a

443 1535 558 1590 quo
590 1534 720 1572 cum
747 1505 1016 1583 audisset,
1048 1516 1138 1570 die
1170 1515 1430 1586 sequenti
1472 1513 1530 1567 S.
1581 1511 1862 1566 Brunonis
1902 1511 2049 1564 cele-

442 1605 732 1660 brandum
762 1607 971 1659 festum
1009 1605 1293 1668 solemne,
1327 1618 1444 1655 non
1477 1601 1598 1654 sine
1631 1599 1928 1654 stomacho
1959 1615 2049 1651 re-

2143 462 2278 500 voce
2305 448 2556 500 clamare
2594 447 2872 518 coeperint
2897 463 2910 500 :
2937 445 3144 500 Sancte
3191 447 3399 511 Bruno,
3435 443 3524 498 fer
3573 458 3760 514 opem.

2144 535 2329 590 nobis.
2351 535 2474 598 Quo
2499 536 2673 600 dicto,
2695 536 2888 590 vident
2909 535 3223 607 quemdam
3244 532 3510 587 monachi
3535 530 3755 604 specie,

2141 626 2302 678 vultu
2316 625 2830 696 venerabilem,qui
2845 641 3046 679 eorum
3061 639 3268 677 manus
3284 621 3753 693 apprehendens,

2145 729 2244 766 eos
2273 713 2331 766 in
2365 713 2540 768 aliam
2570 717 2798 785 partem
2821 717 2981 767 extra
3023 710 3392 766 refectorium
3431 708 3760 776 transtulit,

2144 804 2202 856 et
2223 802 2497 856 continuo
2527 802 2754 856 testudo
2785 802 3051 855 fatiscens
3075 801 3324 871 collapsa
3351 803 3452 852 est.
3480 798 3641 852 Unde
3675 799 3742 852 Β.

2145 891 2430 944 Brunonis
2443 891 2665 944 meritis
2676 892 2994 946 incolumes
3013 889 3320 944 evadentes
3331 890 3446 943 Deo
3461 887 3758 958 beatoque

2147 979 2300 1032 Patri
2322 979 2534 1050 gratias
2561 979 2828 1050 ingentes
2856 980 3197 1034 retulerunt.
3231 1000 3258 1024 »
3291 976 3528 1048 Egregie
3560 975 3756 1028 enim-

2145 1083 2305 1132 vero,
2339 1084 2514 1138 quam
2542 1072 2748 1139 potens
2776 1069 2848 1122 sit
2877 1068 2936 1121 in
2973 1067 3128 1122 caelis
3159 1065 3218 1120 S.
3248 1065 3530 1120 Brunonis
3555 1067 3754 1135 patro-

2148 1155 2388 1216 ciuium,
2417 1172 2448 1209 e
2481 1161 2773 1227 postremo
2796 1156 2904 1210 hoc
2925 1155 3205 1210 miraculo
3231 1154 3436 1221 eluxit;
3461 1169 3532 1208 ne
3554 1156 3756 1207 autem

2149 1243 2219 1298 de
2239 1244 2362 1314 ejus
2391 1243 2630 1298 veritate
2652 1244 2777 1315 quis
2798 1243 3076 1314 ambigat,
3096 1243 3249 1314 apud
3278 1241 3584 1298 Surianum
3617 1256 3758 1295 mox

2149 1332 2518 1402 subjungitur
2546 1349 2558 1384 :
2582 1355 2608 1380 ‹‹
2647 1333 2761 1386 Hoc
2792 1331 3135 1386 miraculum
3161 1347 3230 1386 eo
3270 1349 3424 1386 anno
3460 1333 3594 1386 1553
3613 1347 3757 1384 con—

2149 1420 2361 1491 tigisse,
2385 1425 2595 1492 praeter
2607 1422 2890 1475 Joannem
2902 1420 3286 1492 Madariagam
3297 1462 3311 1486 ,
3331 1420 3388 1474 id
3399 1422 3760 1475 asserentem

2151 1525 2216 1562 ex
2235 1509 2638 1563 testificatione
2657 1509 2854 1580 jurata
2874 1509 2935 1562 V.
2953 1511 3017 1564 Ρ.
3033 1507 3206 1580 Sylvii
3239 1508 3610 1572 Priorislib.i,
3625 1524 3757 1580 cap.

2152 1601 2241 1663 22,
2275 1598 2582 1651 confirmat
2603 1597 2777 1650 etiam
2801 1597 3025 1668 pictura
3046 1597 3306 1668 ejusdem
3321 1596 3606 1651 refectorii
3627 1612 3762 1666 quas

443 1693 677 1766 spondit
709 1711 722 1747 :
753 1693 970 1747 Putatis
999 1709 1118 1754 vos,
1149 1691 1314 1745 illum
1341 1691 1398 1743 in
1436 1689 1700 1744 divorum
1739 1702 2052 1741 numerum
2081 1673 2132 1732 Β
2153 1701 2296 1755 opus
2317 1685 2494 1756 (quod
2529 1685 2742 1740 scilicet
2763 1688 2890 1757 post
2920 1686 3231 1756 collapsam
3263 1701 3417 1739 anno
3447 1686 3581 1738 1553
3609 1683 3766 1754 prio-

441 1782 734 1839 relatum?
769 1781 954 1846 Certe,
983 1781 1027 1834 si
1055 1780 1150 1833 ille
1179 1783 1405 1833 sanctus
1435 1781 1540 1841 est,
1581 1791 1880 1847 nunquam
1927 1777 2056 1846 post

442 1871 712 1926 haustum
744 1870 854 1924 hoc
885 1870 1154 1940 poculum
1197 1867 1496 1937 contingat
1537 1880 1811 1936 prospera
1847 1880 1942 1917 me
1973 1861 2055 1916 uti

444 1959 793 2014 valetudine.
845 1957 1014 2023 Dixit,
1061 1956 1222 2022 bibit,
1267 1971 1514 2026 moxque
1571 1958 1848 2024 tanquam
1902 1949 2057 2006 aliud

447 2061 624 2118 agens
655 2045 826 2116 cmpit
856 2045 1055 2099 sedere
1077 2043 1520 2114 cogitabundus,
1538 2045 1599 2096 ut
1622 2040 2060 2110 solentphanta-

446 2134 592 2190 stici.
627 2135 803 2188 Paulo
831 2138 961 2205 post
1005 2149 1219 2203 equum
1263 2131 1658 2186 conscendens
1693 2129 1766 2182 ad
1805 2131 2057 2180 castrum

446 2239 614 2277 suum
637 2223 798 2276 abiit.
835 2222 946 2275 Nec
975 2237 1174 2275 mora:
1201 2221 1258 2274 in
1291 2221 1504 2274 lectum
1537 2218 1828 2282 decidens,
1862 2213 2058 2286 paucis

446 2314 576 2384 post
625 2309 826 2364 diebus
866 2309 966 2375 ita,
1005 2313 1068 2363 ut
1109 2308 1214 2363 sibi
1259 2308 1378 2380 ipse
1417 2311 1543 2361 erat
1581 2307 1950 2378 imprecatus,
1991 2325 2058 2363 ex

447 2398 652 2453 morbo
701 2397 888 2469 periit,
928 2398 1015 2451 vel
1055 2397 1264 2450 invitus
1303 2395 1632 2466 approbans
1673 2395 1730 2448 S.
1775 2396 2058 2449 Brunonis

449 2486 835 2542 sanctitatem.
859 2507 886 2533 »
904 2485 1241 2554 Prodigium
1264 2483 1435 2546 istud,
1469 2500 1568 2536 seu
1590 2483 1844 2536 divinam
1885 2484 1955 2537 de
1980 2484 2056 2537 ir-

448 2577 654 2645 rogata
674 2573 848 2628 Servo
873 2590 975 2628 suo
995 2573 1208 2642 injuria
1233 2571 1542 2625 vindictam
1577 2571 1752 2624 etiam
1791 2571 1970 2625 refert
2000 2572 2058 2626 in

449 2661 708 2717 Sacrario
744 2661 1062 2732 Agrippino
1097 2677 1229 2732 pag.
1256 2663 1359 2714 214
1384 2659 1628 2713 Erardus
1653 2659 2057 2726 Winheimius;

448 2766 650 2806 verum
681 2753 802 2803 tam
831 2749 941 2814 hic,
962 2765 1136 2819 quam
1159 2747 1456 2810 Surianus,
1477 2748 1632 2817 quod
1653 2764 1867 2802 nomen
1886 2748 2061 2802 fuerit

450 2836 573 2891 viro
618 2835 818 2900 nobili,
849 2835 943 2906 qui
979 2835 1052 2888 ob
1083 2837 1310 2906 prolata
1341 2835 1399 2888 in
1433 2835 1488 2888 S.
1525 2836 1854 2890 Brunonem
1888 2839 2062 2892 verba

2153 1773 2232 1826 ris
2253 1778 2552 1828 structurae
2577 1774 2924 1828 testudinem
2939 1774 3126 1828 fuerat
3139 1774 3517 1846 resumptum‘;
3542 1771 3767 1826 indicat

2154 1864 2626 1915 consummatum
2649 1879 2805 1916 anno
2843 1863 2977 1916 1554
3007 1865 3064 1916 et
3094 1862 3414 1916 etiamnum
3442 1861 3628 1915 adhuc
3653 1859 3770 1914 ibi-

2157 1949 2293 2002 dem
2323 1950 2612 2004 memoria
2637 1951 2788 2020 viget
2819 1967 2853 2004 a
2883 1951 3200 2021 majoribus
3224 1952 3476 2021 accepta.
3508 1967 3533 1999 ι

2235 2037 2448 2092 11.Nec
2481 2037 2690 2103 minus,
2725 2039 2924 2109 quanti
2959 2037 3112 2109 apud
3155 2039 3336 2092 Deum
3380 2036 3572 2091 meriti
3602 2035 3678 2090 sit
3707 2034 3768 2091 S.

2157 2125 2372 2190 Bruno,
2407 2125 2583 2191 aliud,
2600 2125 2753 2197 quod
2773 2142 2925 2179 nunc
2951 2125 3130 2180 etiam
3151 2125 3576 2196 subdo,probat
3587 2123 3772 2178 mira-

2158 2213 2374 2269 culum.
2426 2213 2587 2266 Hisce
2641 2213 2794 2284 apud
2842 2212 3154 2267 Surianum
3194 2229 3325 2285 pag.
3377 2215 3478 2267 335
3512 2216 3569 2266 et
3607 2229 3777 2284 seqq.

2160 2303 2482 2374 concipitur
2506 2303 2693 2357 verbis
2728 2319 2741 2356 :
2779 2325 2804 2350 ει
2835 2302 3054 2356 Eodem
3093 2302 3214 2356 fere
3251 2299 3513 2372 tempere
3556 2301 3783 2356 scilicet

2159 2395 2294 2446 ante
2327 2408 2545 2445 annum
2591 2393 2724 2446 1558
2757 2391 2992 2462 quidam
3024 2391 3272 2445 domnus
3303 2391 3628 2462 Stephanus
3657 2389 3782 2444 Ca-

2161 2498 2324 2536 rozza
2371 2498 2438 2534 ex
2484 2481 2699 2552 oppido
2741 2479 2984 2535 Suriano
3037 2479 3294 2534 diuacesis
3321 2479 3626 2534 Melitensis
3673 2497 3779 2534 sex

2159 2571 2280 2624 fere
2313 2587 2582 2640 passuum
2613 2569 2864 2623 millibus
2893 2586 2927 2623 a
2963 2569 3315 2624 monasterio
3370 2568 3445 2640 {8.
3487 2567 3774 2640 Stephani

2160 2659 2439 2721 videlicet)
2475 2676 2541 2712 ex
2574 2657 2776 2730 primis
2792 2657 3062 2728 professis
3077 2657 3465 2728 domushujus
3487 2674 3582 2712 an.
3612 2659 3779 2723 1535,

2162 2751 2402 2817 propter
2415 2747 2570 2800 varia
2587 2747 2830 2800 crimina
2848 2747 3040 2816 (verba
3056 2748 3189 2800 sunt
3201 2746 3413 2800 charta:
3425 2745 3658 2818 capituli
3670 2761 3782 2817 ge-

2165 2835 2376 2890 neralis
2407 2835 2543 2888 anni
2573 2835 2777 2888 1535in
2793 2833 3491 2905 dispositioneprovincite
3522 2837 3580 2888 et
3603 2833 3786 2905 hujus

451 2924 664 2995 injuria
693 2923 900 2977 misere
927 2923 1162 2990 interiit,
1182 2940 1297 2978 non
1318 2923 1510 2989 edicit,
1532 2924 1611 2977 ita
1635 2925 2062 2980 verosimillime
2087 2949 2133 3008 ρ
2167 2923 2391 2994 domus)
2427 2924 2484 2978 in
2517 2939 2796 2992 magnum
2830 2923 3165 2976 scandalum
3192 2921 3409 2976 ordinis
3439 2923 3512 2976 ab
3544 2937 3613 2976 eo
3641 2938 3782 2994 per-

451 3014 646 3079 ambo,
671 3015 732 3066 ut
751 3011 1118 3066 nobilissimas
1153 3027 1216 3065 ac
1243 3012 1555 3066 notissimas
1583 3013 1868 3084 hodieque
1897 3015 2064 3067 fami-

449 3101 562 3168 lias,
593 3104 652 3155 et
679 3117 793 3172 qua
817 3100 863 3154 is
893 3104 1052 3154 ortus
1088 3099 1216 3166 fuit,
1250 3100 1458 3154 honori
1496 3107 1821 3170 parcerent,
1846 3102 2059 3155 facien-

450 3190 589 3246 dum
606 3189 738 3242 rati.
761 3189 975 3242 Etsane
995 3187 1284 3241 laudando
1310 3187 1550 3241 omnium
1600 3189 1837 3243 consilio
1876 3190 1954 3242 ita
1980 3190 2062 3243 fe-

451 3293 609 3338 cere;
648 3293 826 3346 quare
871 3278 928 3328 et
973 3291 1081 3344 ego
1122 3292 1324 3328 eorum
1373 3278 1635 3346 exemplo
1676 3295 1710 3330 a
1764 3277 2062 3346 prodendo

454 3363 558 3416 viri
583 3361 732 3416 illius
751 3362 956 3416 nobilis
982 3361 1218 3415 nomine
1239 3362 1326 3415 hic
1357 3362 1642 3426 abstineo,
1665 3363 1798 3417 licet
1831 3363 2063 3417 interim

454 3449 515 3504 id
541 3466 571 3503 e
603 3449 912 3503 Carthusize
951 3449 1171 3503 Liranze
1208 3449 1467 3519 antiquo,
1515 3452 1885 3522 probataaque
1933 3451 2064 3504 ﬁdei

454 3541 836 3593 monumento
875 3537 1140 3608 apprime
1173 3541 1535 3607 compertum
1561 3539 1829 3594 habeam.

531 3629 614 3681 10.
645 3627 683 3680 E
721 3627 1028 3692 miraculis,
1069 3643 1288 3680 annum
1332 3630 1466 3680 1600
1499 3629 1846 3697 praegressis,
1877 3645 2002 3699 quas
2033 3647 2064 3683 e

456 3732 591 3770 mss.
618 3715 831 3770 Nicolai
865 3715 1001 3768 Ricii
1037 3715 1107 3769 de
1156 3716 1419 3769 Taberna
1453 3717 1694 3783 schedis,
1737 3735 1770 3770 a
1796 3717 2004 3772 Severo
2033 3735 2066 3772 a

454 3805 686 3875 Neapoli
709 3803 940 3858 aliunde
966 3804 1166 3870 auctis,
1187 3804 1340 3874 apud
1365 3804 1676 3859 Surianum
1709 3807 2062 3874 referuntur,

454 3892 660 3964 hicque
691 3892 749 3946 in
785 3893 1041 3947 medium
1070 3893 1410 3946 adducenda
1437 3897 1589 3958 sunt,
1624 3895 1865 3948 alterum
1890 3896 2064 3950 modo

455 3998 872 4037 recenseamus.
913 4004 940 4030 «
963 3982 1174 4035 Cum...
1201 3983 1618 4035 monasterium
1636 3983 1694 4036 S.
1731 3983 2007 4054 Stephani
2035 4005 2062 4033 »

460 4068 574 4139 (adi
623 4067 933 4122 Surianum
973 4069 1034 4120 in
1076 4068 1190 4122 suis
1227 4069 1299 4122 ad
1338 4068 1395 4122 S.
1441 4069 1725 4123 Brunonis
1780 4071 1988 4138 Vitam,
2036 4090 2069 4126 a

2165 3017 2390 3084 petrata
2453 3015 2510 3066 ct
2575 3015 2814 3084 propter
2873 3011 3206 3083 frequentes
3265 3011 3386 3082 ejus
3437 3010 3783 3082 apostasias,

2162 3104 2444 3171 tanquam
2500 3099 2928 3170 incorrigibilis,
2995 3099 3067 3153 ab
3123 3098 3327 3152 ordine
3396 3099 3662 3170 expulsus
3723 3101 3787 3152 et

2166 3187 2386 3242 alienus
2442 3188 2813 3242 denuntiatus
2853 3189 2956 3241 est.
3009 3187 3116 3250 Qui
3159 3186 3367 3240 deinde
3406 3185 3540 3239 vixit
3567 3186 3626 3240 in
3683 3203 3788 3242 eo-

2166 3277 2296 3329 dem
2355 3275 2567 3346 oppido
2625 3291 2788 3328 more
2847 3275 3206 3328 saecularium
3259 3273 3598 3329 clericorum
3649 3275 3785 3346 plu-

2165 3365 2323 3418 ribus
2378 3365 2564 3428 annis,
2615 3379 2680 3417 ac
2739 3363 2974 3418 tandem
3035 3363 3094 3418 in
3155 3363 3473 3418 maximum
3527 3365 3786 3418 laterum

2167 3454 2427 3508 dolorem
2463 3456 2518 3506 et
2541 3452 2750 3506 febrim
2773 3451 2975 3505 incidit
3005 3469 3019 3506 :
3053 3453 3203 3506 unde
3229 3456 3286 3506 et
3310 3452 3384 3506 ad
3401 3456 3658 3506 extrema
3676 3451 3783 3506 dc-

2167 3542 2445 3595 deductus
2477 3542 2754 3612 omnique
2790 3557 3025 3612 prorsus
3051 3541 3352 3608 destitutus
3388 3539 3592 3594 auxilio
3625 3541 3788 3594 elata

2168 3646 2302 3683 voce
2334 3631 2585 3683 clamare
2629 3629 2800 3701 coipit
2833 3646 2845 3682 :
2882 3630 3089 3683 Sancte
3129 3630 3297 3682 Pater
3323 3631 3534 3692 Bruno,
3569 3628 3787 3699 adjuva

2168 3735 2281 3771 me.
2317 3717 2785 3786 Conspiciebatur
2807 3717 2980 3771 torvis
2997 3717 3173 3770 oculis
3191 3733 3254 3770 ac
3286 3717 3432 3770 tristi
3460 3717 3602 3770 facie
3625 3717 3785 3770 mul-

2165 3808 2254 3859 tos
2285 3809 2474 3859 motus
2492 3822 2596 3874 per
2617 3805 2799 3858 cubile
2821 3805 3032 3864 facere,
3062 3809 3118 3857 et
3147 3805 3518 3858 nihilominus
3547 3821 3790 3876 semper

2169 3893 2396 3964 magnis
2419 3893 2646 3947 vocibus
2675 3894 2920 3948 iterabat
2953 3910 2965 3946 :
2993 3893 3198 3946 Sancte
3231 3894 3400 3946 Pater
3431 3894 3642 3958 Bruno,
3673 3893 3788 3946 ad-

2160 3981 2299 4052 juva
2333 3999 2447 4048 me,
2473 3998 2575 4035 nec
2597 3982 2709 4035 alia
2731 3983 2905 4034 verba
2925 3980 2980 4034 in
3004 3997 3104 4036 ore
3135 3981 3356 4035 habens
3371 3981 3556 4052 magis
3572 3980 3794 4050 magis-

2169 4090 2278 4143 que
2300 4072 2678 4125 cruciabatur.
2711 4072 2838 4125 Haec
2867 4071 3336 4124 animadvertens
3358 4071 3535 4124 frater
3551 4071 3675 4140 ejus
3692 4071 3793 4125 Ja-

460 4154 627 4210 Surio
673 4155 1081 4224 conscriptam,
1135 4155 1621 4210 Annotationibus
1677 4175 1810 4229 pag.
1859 4158 1952 4213 331
2013 4164 2137 4229 et_
2168 4161 2342 4214 cobus
2373 4159 2614 4213 Carozza
2642 4175 2776 4214 cum
2824 4159 3044 4212 caneris
3088 4159 3436 4224 domesticis,
3481 4157 3794 4212 commise-

459 4243 643 4315 seqq.)
662 4266 688 4292 (ι
703 4242 761 4296 in
779 4242 1121 4314 ampliorem
1139 4243 1390 4298 formam
1408 4243 1768 4316 redigeretur
1785 4264 1938 4302 anno
1958 4249 2067 4303 Do-
2095 4220 2147 4278 D
2170 4248 2397 4302 ratione
2431 4247 2595 4313 moti,
2611 4247 2866 4318 priorem
2895 4246 3230 4301 monasterii
3255 4245 3669 4316 adierunt,qui,
3691 4245 3794 4299 his

459 4328 627 4395 mini,
660 4330 817 4393 1553,
856 4327 1052 4382 Priore
1083 4329 1357 4384 existente
1387 4333 1452 4386 D.
1488 4333 1656 4387 Petro
1693 4334 1867 4387 Paulo
1905 4334 2070 4388 Lum-

460 4417 598 4472 bulo
623 4416 694 4470 de
725 4415 941 4486 Cajeta,
965 4416 1220 4486 professo
1253 4417 1458 4472 domus
1484 4419 1933 4490 Neapolis,cujus
1956 4421 2070 4475 vita

462 4504 926 4570 mansuetudine,
943 4503 1154 4574 pietate
1175 4521 1240 4560 ac
1267 4507 1547 4577 religione
1570 4508 1741 4579 plena
1768 4508 1893 4574 fuit,
1927 4509 2072 4562 refe-

461 4591 627 4648 ctorii
675 4608 808 4664 pars
855 4609 1105 4664 superna
1150 4609 1324 4664 opere
1367 4595 1693 4649 testudineo
1733 4596 2068 4662 fabrefacta,

464 4696 640 4752 quam
665 4679 842 4734 Italici
863 4680 1065 4735 incolae
1090 4681 1348 4736 Lamiam
1380 4686 1604 4748 vocant,
1638 4683 1800 4737 valde
1814 4685 2070 4754 profecto

462 4767 971 4840 nitida,multoque
991 4771 1228 4839 snmptu
1254 4773 1601 4836 constructa,
1616 4771 1741 4841 jam
1759 4772 1862 4827 sibi
1889 4773 2075 4827 cohae-

463 4873 598 4911 rens
623 4873 688 4910 ac
727 4859 1000 4912 constans
1029 4856 1351 4924 videbatur,
1385 4861 1466 4924 ut,
1496 4860 1740 4914 humore
1767 4859 2070 4928 desiccato,

463 4946 648 5001 fulcra
684 4945 901 5017 lignea,
941 4962 1067 5017 quae
1103 4946 1343 5016 lapides,
1387 4951 1673 5003 caemento
1714 4952 2070 5020 compactos,

463 5034 844 5100 sustinebant,
870 5033 1106 5088 subduci
1147 5037 1317 5106 atque
1359 5036 1608 5090 amoveri
1641 5041 1891 5108 possent,
1932 5055 2074 5111 opus

465 5122 607 5177 illud
629 5122 922 5194 aliquanto
963 5121 1147 5189 citius,
1195 5139 1368 5193 quam
1412 5126 1687 5195 oportuit,
1730 5127 1945 5198 agressi
1974 5127 2072 5182 de-

468 5209 660 5264 moliri
687 5210 1044 5265 caamentarii
1075 5210 1264 5266 subito
1284 5211 1618 5267 horribilem
1647 5215 1940 5286 fragorem
1973 5231 2072 5267 au-

468 5297 636 5352 diunt
663 5313 730 5352 ex
755 5297 1054 5353 fatiscente
1085 5299 1392 5356 testudine.
1425 5301 1644 5356 Accidit
1674 5319 1829 5369 vero,
1867 5305 1926 5354 ut
1956 5301 2074 5372 qui-

469 5385 628 5450 dam,
647 5384 886 5440 nomine
909 5386 1192 5456 Bonellus,
1216 5388 1408 5458 aperis
1446 5390 1685 5459 mgister
1709 5407 1773 5443 ac
1803 5389 1898 5443 alii
1931 5390 2077 5459 ejus-

472 5469 604 5524 dem
635 5471 771 5527 artis
786 5471 865 5526 illi
891 5473 1383 5541 assistentes,cum
1409 5477 1466 5532 in
1491 5480 1608 5531 tam
1649 5477 1916 5549 praesenti
1957 5479 2068 5534 dis-

2171 4335 2400 4399 auditis,
2431 4352 2562 4389 mox
2591 4336 2652 4389 P.
2687 4334 3050 4388 Franciscum
3073 4333 3420 4388 Micelottum
3457 4333 3528 4388 de
3565 4333 3790 4386 Binun-

2171 4423 2288 4493 gio,
2309 4424 2632 4495 professum
2663 4426 2719 4476 et
2737 4425 3175 4492 procuratorem
3192 4423 3362 4492 hujus
3379 4421 3795 4486 domus,desti-

2173 4511 2331 4565 navit
2344 4527 2475 4564 cum
2488 4513 2661 4581 plena
2671 4528 2771 4564 sua
2785 4513 3067 4580 potestate
3085 4513 3141 4565 et
3155 4511 3424 4563 facultate
3440 4525 3570 4562 eum
3591 4507 3792 4563 ordini

2172 4598 2578 4653 reconciliandi
2603 4603 2659 4652 et
2680 4599 2827 4652 illius
2848 4597 3047 4652 habitu
3064 4597 3362 4658 induendi,
3389 4596 3642 4650 Perrexit
3666 4595 3794 4664 ille,

2172 4690 2345 4758 atque
2377 4687 2602 4741 intrans
2623 4687 2865 4741 domum
2889 4703 3051 4740 more
3067 4689 3298 4756 recepto
3323 4685 3464 4740 dixit
3488 4702 3500 4738 :
3522 4686 3633 4738 Pax
3653 4684 3795 4738 huic

2175 4774 2393 4842 dom'ui,
2413 4779 2520 4829 etc.
2545 4774 2869 4845 Statimque
2909 4774 3191 4839 inﬁrmus,
3209 4773 3304 4844 qui
3327 4774 3480 4827 velut
3506 4771 3798 4826 exanimis

2168 4863 2760 4932 jacebat,exclamavit
2777 4879 2788 4915 :
2808 4862 2984 4916 Indue
3005 4878 3118 4927 me,
3138 4863 3326 4926 Pater,
3353 4877 3489 4914 nam
3511 4859 3660 4914 mori
3684 4877 3797 4914 ne-

2177 4967 2346 5022 queo,
2376 4950 2482 5004 nisi
2515 4950 2675 5020 prius
2695 4950 2751 5003 in
2785 4949 3031 5020 gratiam
3055 4947 3619 5019 receptus,habi-tum
3641 4964 3795 5018 quo-

2177 5055 2308 5109 que,
2331 5055 2504 5110 quem
2523 5038 2736 5103 dimisi,
2759 5054 3053 5110 recepero.
3078 5039 3193 5091 Hoc
3217 5037 3359 5090 mihi
3379 5036 3598 5090 donum
3617 5053 3651 5089 a
3671 5037 3796 5091 Deo

2175 5125 2422 5180 obtinuit
2447 5129 2610 5196 pater
2651 5125 3040 5179 sanctissimus
3088 5127 3297 5179 Bruno.
3325 5123 3430 5188 Qui
3461 5123 3633 5178 simul
3681 5123 3798 5178 hac

2177 5214 2378 5267 habitu
2409 5215 2515 5268 fuit
2546 5214 2800 5279 indutus,
2835 5213 3041 5267 melius
3070 5213 3284 5267 habere
3314 5212 3504 5282 Cthit,
3524 5216 3582 5266 et
3598 5211 3797 5266 eidem

2177 5303 2324 5372 patri
2339 5306 2573 5372 peccata
2589 5303 2880 5356 confessus
2894 5301 3341 5354 sacratissimum
3359 5303 3792 5355 sacramentum

2179 5390 2548 5444 Eucharistiae
2568 5391 2862 5444 humiliter
2884 5390 3117 5460 petiitet
3146 5389 3381 5458 accepit.
3412 5389 3630 5443 Deinde
3653 5405 3792 5444 cum

2181 5495 2396 5552 magna
2430 5479 2620 5536 cordis
2649 5478 2996 5535 contritione
3019 5493 3178 5534 sacro
3201 5478 3326 5534 oleo
3353 5481 3439 5532 est
3457 5481 3790 5551 perunctus,
