4014 6030
232 255 345 316 613

1796 245 1978 304 ACTA

3466 245 3572 306 614

235 389 301 443 et
325 385 401 442 sic
449 379 707 438 munitus
757 377 912 436 diem
947 375 1151 434 clausit
1189 376 1535 440 extremum,
1579 375 1754 446 atque
1785 372 1858 427 ad
1886 369 2208 444 Alaudatis
2261 369 2484 425 schedis
2529 369 2752 438 hausta,
2800 371 2972 443 atque
3013 369 3070 426 in
3125 386 3339 440 annua,
3381 389 3496 446 qua
3541 386 3574 426 θ

235 471 660 530 monasterium
679 487 886 542 corpus
914 469 1036 539 ejus
1062 467 1320 522 delatum
1343 465 1399 518 in
1423 459 1722 518 communi
1745 475 1856 512 cm-

239 561 488 617 meterio
519 559 871 613 tumulatum
905 555 1032 611 fuit.
1064 555 1178 609 Hoc
1202 557 1398 608 autem
1447 551 1596 605 circa
1639 564 1860 604 annum

244 653 384 706 1558
413 647 721 718 contigisse
757 645 1047 718 oportuit;
1091 659 1229 696 nam
1285 656 1438 695 anno
1474 641 1608 692 1559
1639 638 1729 690 Fr.
1763 635 1860 690 Mi-

245 739 435 792 celota
464 735 756 790 institutus
807 738 892 788 est
929 749 1034 804 per
1079 730 1396 802 capitulum
1445 727 1606 798 prior
1657 726 1862 780 domus

243 824 476 880 Trisulti
505 827 563 878 et
597 823 742 878 obiit
775 824 930 876 1560.
960 841 988 870 ››

329 917 415 970 12.
439 912 771 968 Miraculum
791 910 962 976 istud,
979 926 1076 962 seu
1091 905 1458 969 beneﬁcium,
1475 920 1508 956 a
1522 902 1578 956 8.
1593 903 1863 956 Brunone

245 999 559 1067 sacerdoti,
594 998 811 1054 ordinis
842 997 924 1051 sui
959 996 1099 1050 olim
1127 996 1385 1060 alumno,
1415 993 1764 1063 impensum,
1798 1006 1866 1042 ex

249 1090 478 1147 ordinis
509 1085 924 1142 Carthusiensis
951 1083 1182 1156 capituli
1215 1083 1434 1148 charta,
1465 1080 1546 1134 uti
1571 1077 1867 1134 relationis

243 1180 378 1250 jam
419 1178 566 1232 datae
593 1175 756 1230 initio
789 1173 1095 1238 indicatur,
1129 1171 1397 1243 primitus
1425 1171 1692 1223 haustum
1723 1183 1865 1232 esse,

253 1266 538 1322 Surianus
563 1263 762 1330 etiam,
797 1261 892 1334 qui
940 1261 996 1315 id
1027 1277 1092 1314 ex
1134 1259 1312 1313 auctis
1360 1275 1464 1329 per
1511 1256 1787 1312 Severum
1837 1272 1871 1309 a

254 1353 500 1426 Neapoli
524 1349 736 1406 Nicolai
779 1349 947 1404 Riceii
992 1348 1216 1402 schedis
1255 1345 1494 1417 accepit,
1537 1345 1608 1398 ad
1654 1346 1869 1398 calcem

257 1441 582 1514 subjungit,
600 1457 663 1494 ac
691 1437 922 1504 deinde,
943 1437 1068 1490 aliis
1090 1434 1401 1500 nonnullis,
1421 1451 1547 1505 quae
1579 1431 1872 1486 brevitatis

255 1549 434 1587 causa
465 1528 694 1594 omitto,
721 1524 1094 1596 interpositis,
1127 1539 1260 1594 pag.
1296 1524 1398 1576 354
1425 1519 1870 1592 sequens,quod,

259 1622 323 1676 in
361 1618 617 1674 Fabricio
650 1615 905 1680 Carrafa,
939 1629 1072 1666 cum
1105 1615 1317 1665 terram
1344 1609 1414 1663 de
1441 1609 1632 1675 Ninfo,
1667 1609 1738 1661 ab
1769 1623 1872 1661 avo

1959 461 2264 515 Turritana
2295 460 2354 514 S.
2389 459 2666 530 Stephani
2697 459 2934 514 ecclesia
2965 461 3058 537 ad.
3087 461 3449 516 Turritanam
3480 460 3572 516 iti-

1963 549 2096 604 dem
2128 549 2186 604 S.
2220 550 2406 605 Mariae
2455 548 2756 603 ecclesiam
2804 565 3029 602 sacrum
3081 549 3361 603 Brunonis
3403 553 3576 622 caput

1963 637 2180 692 deferri
2205 655 2271 691 ex
2302 653 2475 708 supra
2505 637 2670 691 dictis
2703 637 2878 691 modo
2911 637 3074 702 solet,
3107 637 3472 692 solemnitate
3502 637 3578 692 ad

1965 726 2088 797 ejus
2117 725 2544 780 invocationem
2575 729 2823 796 patrata.
2854 723 3130 778 Surianus
3169 741 3302 796 pag.
3353 727 3456 780 356
3499 725 3578 780 sic

1964 814 2197 869 scribit:
2231 837 2259 864 «
2288 816 2456 868 Anno
2489 815 2624 867 1589
2653 812 3128 868 convenientibus
3146 813 3310 884 juxta
3348 829 3578 868 morem

1966 920 2034 957 ex
2066 902 2282 967 castris,
2315 901 2653 974 oppidisque
2679 900 3101 973 circumpositis
3138 901 3580 974 quamplurimis

1965 991 2359 1046 sacerdotibus
2391 993 2448 1044 et
2478 989 2790 1060 promiscui
2805 1006 2967 1043 sexus
2987 989 3168 1044 turbis
3185 1007 3316 1044 cum
3335 988 3582 1044 solemni

1967 1079 2406 1151 supplicatione,
2444 1095 2556 1149 qua
2589 1095 2618 1132 e
2643 1077 2996 1131 monasterio
3029 1077 3086 1130 S.
3112 1077 3389 1150 Stephani
3417 1077 3581 1132 Feria

1969 1168 2218 1223 secunda
2244 1171 2374 1238 post
2404 1169 2780 1221 Pentecosten
2813 1167 3267 1220 conventualiter
3293 1183 3327 1220 a
3373 1183 3579 1222 mona-

1969 1256 2088 1309 chis
2119 1255 2376 1308 defertur
2405 1255 2777 1308 simulacrum
2820 1256 3162 1324 argenteum
3191 1253 3461 1309 umbilico
3491 1257 3578 1308 te-

1972 1362 2098 1410 nus,
2131 1344 2188 1398 in
2221 1360 2334 1416 quo
2367 1345 2687 1397 asservatur
2717 1345 2886 1413 caput
2918 1343 2974 1396 8.
3009 1345 3070 1396 Ρ.
3097 1342 3161 1396 Ν.
3188 1341 3492 1408 Brunonis,
3524 1344 3584 1397 et

1973 1434 2186 1504 digitus
2217 1434 2444 1504 integer
2466 1432 2522 1487 S.
2561 1431 2836 1502 Stephani
2881 1431 3343 1503 protomartyris,
3377 1429 3433 1484 in
3465 1446 3585 1484 ma-

1975 1540 2052 1577 nu
2077 1522 2276 1576 itidem
2309 1524 2587 1593 argentea
2609 1519 2961 1585 reconditus,
2992 1519 3090 1591 qui
3138 1519 3210 1573 ab
3253 1519 3486 1573 Urbano
3515 1520 3582 1586 II,

1973 1611 2223 1665 instante
2259 1609 2468 1664 comite
2503 1608 2768 1680 Rogerio,
2803 1608 2932 1662 huic
2964 1607 3163 1662 domui
3193 1628 3220 1655 »
3245 1606 3585 1679 (Calabriam

259 1727 368 1765 suo
398 1709 621 1763 Joanne
653 1703 906 1776 Baptista
934 1700 1169 1757 Carrafa
1200 1699 1313 1770 (adi
1349 1715 1510 1753 num.
1553 1701 1606 1766 7)
1641 1697 1877 1751 Carthu-
1900 1693 1950 1752 B
1980 1698 2259 1753 nimirum
2294 1697 2351 1752 S.
2389 1697 2683 1768 Stephani)
2711 1697 3004 1750 «donatus
3035 1695 3206 1749 fuisse
3226 1695 3584 1766 perhibetur,

259 1799 364 1853 size
393 1796 451 1852 8.
485 1793 760 1866 Stephani
790 1791 1137 1856 restitutam,
1158 1788 1366 1842 iterum
1399 1789 1750 1855 occupasset,
1776 1801 1874 1855 pa-

259 1889 504 1950 tratum,
532 1884 592 1938 in
623 1881 856 1936 easdem
877 1878 1114 1934 schedas
1133 1876 1491 1931 eTurritanee
1513 1875 1569 1929 S.
1601 1872 1876 1944 Stephani

261 1973 581 2030 Carthusiaz
611 1969 894 2025 tabulario
916 1967 1261 2022 fuitillatum
1285 1963 1567 2018 subnectit
1597 1980 1609 2016 :
1639 1984 1666 2012 «
1687 1965 1874 2027 Anno,

207 2115 219 2124 .
259 2063 476 2136 inquit,
525 2063 658 2116 1586
703 2075 838 2113 men
871 2075 902 2112 e
951 2055 1210 2110 Octobris
1271 2052 1540 2107 dominus
1591 2049 1879 2105 Fabricius

261 2152 524 2216 Carrafa,
555 2147 810 2204 marcliio
843 2143 1292 2207 Castri-Veteris,
1341 2139 1674 2212 Hieronymi
1710 2141 1771 2195 F.
1813 2156 1876 2192 ac

257 2243 352 2298 Jo.
387 2239 654 2312 Baptistae
685 2236 934 2292 Carrafae
962 2248 1308 2304 nepos,cum
1335 2231 1624 2300 majorum
1641 2244 1875 2282 suorum

261 2327 638 2387 contumacia
666 2325 722 2380 in
755 2342 823 2380 eo
843 2325 1260 2395 propagaretur
1277 2319 1334 2372 in
1355 2317 1688 2388 occupando
1708 2322 1878 2387 atque

261 2418 527 2475 indebite
558 2414 866 2472 retinendo
897 2411 1187 2466 territorio
1218 2425 1370 2480 saepe
1403 2407 1555 2462 dicto
1587 2407 1656 2460 de
1688 2404 1877 2470 Ninfo,

263 2513 328 2563 et
356 2525 391 2562 a
423 2507 612 2580 priore
662 2504 812 2558 illius
850 2499 1132 2570 temporis
1172 2498 1233 2551 V.
1283 2499 1343 2550 P.
1380 2496 1546 2550 Petro
1603 2495 1760 2547 Bono
1811 2492 1882 2546 de

259 2593 601 2667 Agrottaria
618 2592 673 2646 in
692 2592 786 2663 jus
807 2591 1036 2644 vocatus
1057 2603 1159 2658 pro
1181 2583 1539 2640 restitutione
1553 2585 1886 2636 contemne-

262 2690 384 2750 ret,
419 2683 476 2737 in
509 2681 719 2736 febrim
739 2677 939 2734 incidit
962 2675 1370 2738 acutissimam,
1391 2672 1536 2725 adeo
1571 2673 1628 2723 ut
1654 2687 1687 2723 a
1710 2667 1888 2722 medi-

265 2775 354 2828 eis
371 2773 442 2826 de
475 2771 624 2825 illius
653 2768 768 2822 vita
797 2765 1274 2826 conclamaretur,
1307 2758 1621 2814 familiares
1651 2755 1886 2826 religio-

266 2861 563 2916 sissimam
599 2860 847 2910 matrem
877 2853 1063 2908 adhuc
1096 2849 1480 2921 superstitem,
1527 2845 1585 2900 in
1623 2843 1888 2917 proximo

270 2948 494 3020 oppido
527 2945 1011 3006 commorantem,
1044 2937 1426 2993 accersierunt
1455 2935 1526 2989 ad
1565 2935 1886 2987 luctuosum

271 3039 367 3094 sui
394 3037 514 3092 nati
543 3035 712 3089 funus
731 3031 1083 3088 deilendum.
1109 3027 1365 3082 Atillaex
1387 3022 1740 3087 infortuniis,
1763 3037 1890 3091 qua“:

272 3121 796 3199 prredecessoribus
823 3119 936 3174 suis
958 3119 1030 3173 ob
1059 3115 1314 3188 praedicti
1350 3110 1623 3168 territorii
1653 3125 1890 3180 usurpa-

272 3215 508 3269 tionem
540 3213 876 3273 evenerunt,
910 3206 1114 3261 edocta
1145 3202 1362 3258 nuntiis
1393 3199 1692 3270 respondit
1724 3214 1736 3251 :
1773 3199 1890 3268 Ego

272 3302 514 3358 veniam
547 3304 604 3354 et
633 3297 843 3354 curabo
877 3311 1032 3360 eum,
1066 3295 1182 3347 Deo
1215 3292 1408 3356 dante,
1438 3293 1496 3343 et
1527 3287 1584 3342 S.
1627 3289 1893 3341 Brunone

279 3390 660 3460 suffragante.
696 3385 847 3438 Illico
881 3382 954 3436 ad
1002 3380 1183 3434 ﬁlium
1233 3393 1500 3450 pergens,
1536 3377 1663 3445 jam
1719 3373 1894 3428 morti

279 3477 615 3551 proximum
667 3473 744 3526 sic
791 3472 1037 3526 allocuta
1081 3470 1166 3522 est
1201 3483 1212 3520 :
1253 3467 1450 3520 Merito
1492 3465 1612 3518 haec
1661 3461 1894 3532 pateris,

283 3550 426 3638 quia
456 3560 810 3618 territorium
840 3558 911 3612 de
942 3556 1110 3610 Ninfo
1143 3555 1200 3610 S.
1239 3551 1522 3608 Brunonis
1563 3550 1768 3620 injuste
1803 3566 1896 3602 oc-

283 3670 486 3725 cupas,
533 3655 590 3706 et
629 3665 782 3704 nunc
837 3645 969 3700 audi
1025 3657 1358 3698 sermonem
1418 3655 1636 3703 meum,
1690 3637 1901 3691 accersi

284 3743 545 3817 priorem
579 3739 634 3793 8.
671 3734 947 3806 Stephani
981 3733 1314 3801 dictumque
1347 3730 1534 3782 locum
1566 3725 1614 3780 ei
1642 3726 1898 3791 restitue,

286 3835 350 3886 et
379 3827 573 3884 statim
605 3823 964 3888 liberaberis,
984 3821 1262 3890 sciesque,
1291 3817 1425 3888 quia
1439 3831 1644 3868 manus
1672 3811 1902 3868 Domini

287 3934 464 3989 super
493 3921 545 3970 te
578 3920 680 3981 est,
713 3912 981 3982 afﬂigens
1011 3912 1068 3963 et
1099 3924 1306 3962 eruens
1339 3909 1413 3958 te.

372 4011 456 4062 13.
492 4026 521 4058 ‹‹
557 4004 764 4060 Statim
796 4002 889 4056 ille
932 3999 1132 4054 matris
1175 3995 1410 4050 monitis
1459 3989 1900 4062 obtemperavit,

291 4115 359 4152 ac
391 4111 587 4150 coram
617 4091 813 4147 multis
844 4089 1159 4144 astantibus
1185 4102 1244 4140 se
1277 4085 1355 4138 ita
1400 4083 1684 4136 facturum
1717 4082 1904 4152 prote-

292 4187 475 4241 status
515 4185 618 4236 est.
672 4179 986 4235 Misericors
1029 4179 1225 4230 autem
1269 4175 1437 4238 Deus,
1481 4170 1577 4242 qui
1624 4187 1742 4224 non
1787 4169 1906 4222 vult

1979 1787 2052 1841 ad
2081 1785 2379 1840 ecclesiam
2415 1786 2474 1838 Β.
2506 1784 2713 1851 Mariae,
2757 1783 3032 1837 milliario
3076 1782 3208 1836 hinc
3254 1782 3586 1850 distantem,

1969 1873 2136 1944 juxta
2165 1889 2338 1945 quam
2367 1873 2504 1927 olim
2537 1871 2644 1925 fuit
2673 1888 2926 1936 eremus,
2973 1888 3007 1924 a
3052 1870 3108 1923 S.
3147 1871 3417 1924 Brunone
3449 1887 3586 1926 con-

1977 1965 2212 2026 structa,
2247 1961 2409 2015 multi
2438 1978 2505 2015 ex
2531 1959 2764 2013 diversis
2795 1958 3172 2030 languoribus
3219 1959 3315 2013 Dei
3351 1957 3592 2013 Genitri-

1977 2050 2056 2105 eis
2083 2050 2292 2104 auxilio
2322 2054 2379 2104 et
2411 2049 2468 2104 S.
2500 2047 2781 2102 Brunonis
2809 2047 3031 2101 meritis
3061 2046 3244 2101 curati
3275 2051 3428 2113 sunt,
3447 2063 3590 2118 quos

1978 2139 2226 2211 prepriis
2284 2137 2460 2192 oculis
2509 2135 2672 2190 multi
2719 2152 2786 2188 ex
2829 2135 3040 2190 nostris
3091 2135 3396 2202 viderunt;
3425 2135 3593 2189 erant

1979 2227 2138 2280 enim
2171 2225 2247 2279 ibi
2280 2225 2548 2279 monachi
2579 2227 2636 2277 et
2664 2223 2922 2279 conversi
2951 2240 3114 2276 num.
3142 2226 3232 2277 25.

2057 2317 2139 2368 14.
2171 2336 2197 2362 ‹‹
2228 2313 2447 2367 Ibidem
2477 2311 2704 2366 vidiSSes
2731 2311 2870 2366 alios
2905 2309 3392 2382 supplicabundos
3423 2324 3592 2381 opem

1981 2405 2042 2458 Β.
2074 2402 2343 2474 Virginis,
2377 2399 2518 2455 alios
2547 2399 2604 2454 S.
2641 2401 2702 2454 P.
2733 2400 2798 2454 Ν.
2849 2398 3135 2454 Brunonis
3166 2415 3382 2453 nomen
3417 2397 3593 2452 incla-

1983 2497 2210 2547 mantes
2235 2509 2249 2560 ;
2282 2508 2386 2545 nec
2405 2491 2616 2544 frustra
2645 2507 2656 2544 :
2693 2489 3050 2544 sanabantur
3073 2487 3231 2542 enim
3257 2504 3291 2541 a
3319 2503 3596 2559 quacum-

1987 2585 2102 2652 que‘
2125 2579 2535 2634 detinebantur
2572 2577 2932 2632 infirmitate.
2967 2575 3164 2630 Adfuit
3185 2579 3310 2630 tum
3334 2575 3484 2630 inter
3501 2591 3599 2630 eos

1988 2668 2196 2723 mulier
2227 2667 2494 2739 quaedam
2529 2683 2596 2720 ex
2645 2664 2830 2718 vicino
2869 2663 3104 2734 oppido,
3140 2663 3377 2718 Pizzone
3423 2661 3596 2729 dicto,

1987 2760 2170 2819 muta,
2201 2772 2326 2826 quae
2359 2755 2558 2808 decem
2589 2756 2646 2807 et
2678 2756 2806 2807 octo
2857 2768 3040 2806 annos
3084 2751 3311 2805 elocuta
3360 2751 3598 2804 verbum

1991 2861 2105 2898 non
2135 2843 2341 2908 fuerat,
2369 2845 2426 2896 et
2461 2857 2588 2896 mox
2621 2841 2678 2894 in
2707 2841 2803 2894 illa
2820 2840 3061 2911 praefata
3081 2837 3320 2892 ecclesia
3347 2839 3600 2892 clamare

1990 2933 2160 3002 coepit
2208 2947 2220 2984 :
2283 2927 2695 2984 Misericordia!
2746 2931 2997 2998 tuncque
3036 2925 3310 2997 loquendi
3352 2925 3598 2980 liberum

1993 3036 2154 3076 usum
2179 3018 2414 3090 recepit.
2449 3018 2510 3070 ln
2537 3017 2696 3086 cujus
2725 3015 2939 3085 accepti
2962 3013 3227 3068 beneficii
3255 3013 3600 3068 memoriam

1990 3107 2250 3163 habitum
2277 3104 2494 3159 ordinis
2507 3105 2700 3158 album
2735 3119 2896 3157 more
2914 3100 3442 3156 sanctimonialium
3470 3117 3600 3156 nos-

1993 3201 2214 3250 trarum
2233 3209 2461 3264 semper
2477 3191 2803 3263 gestavit,et
2821 3189 3132 3262 quotannis
3145 3189 3218 3243 ad
3234 3188 3602 3243 festivitatem

1995 3300 2250 3339 annuam
2274 3281 2527 3352 ejusdem
2547 3280 2799 3334 ecclesiae
2823 3279 2975 3332 inter
2995 3277 3212 3350 primas
3223 3276 3605 3331 advenit.Alia

1997 3372 2262 3444 quasdam
2295 3369 2500 3423 mulier
2527 3384 2592 3421 ex
2640 3367 2854 3438 oppido
2885 3365 3130 3420 Suriano
3181 3365 3252 3419 ad
3300 3365 3605 3437 praefatam

1999 3459 2296 3516 ecclesiam
2329 3457 2582 3520 accessit,
2624 3473 2772 3527 quae,
2817 3453 3121 3509 duodecim
3171 3470 3354 3508 annos
3388 3453 3608 3508 habens

1999 3549 2058 3604 in
2089 3547 2424 3603 infirmitate
2457 3563 2577 3610 sua,
2601 3560 2841 3598 omnem
2860 3543 2980 3597 fere
3005 3543 3380 3597 substantiam
3400 3542 3612 3596 frustra

2000 3638 2058 3692 in
2093 3635 2346 3690 medicos
2387 3635 2676 3704 erogarat.
2721 3633 2850 3686 Haec
2894 3646 3091 3684 coram
3144 3629 3413 3683 omnibus
3452 3627 3612 3682 ﬂexis

2003 3725 2246 3798 genibus
2269 3739 2440 3776 orans
2470 3722 2721 3774 clamare
2755 3717 2960 3789 coepit;
2985 3717 3157 3772 Serve
3177 3715 3274 3771 Dei
3304 3716 3366 3769 S.
3394 3717 3609 3784 Bruno,

1996 3814 2121 3885 jam
2155 3811 2415 3866 confessa
2443 3825 2590 3873 sum,
2617 3807 2742 3877 jam
2787 3804 3211 3859 sanctissimum
3244 3802 3613 3857 Eucharistiae

2004 3903 2431 3956 sacramentum
2506 3893 2746 3966 suscepi,
2803 3893 2848 3946 si
2904 3891 3135 3964 expedit
3187 3889 3354 3944 saluti
3405 3890 3614 3944 anima:

2006 4005 2172 4053 mere,
2207 3988 2454 4056 impetra
2483 3981 2626 4035 mihi
2659 3979 2998 4044 sanitatem;
3033 3978 3117 4030 sin
3137 3979 3352 4044 autem,
3385 3975 3615 4032 felicem
3687 3981 3704 3999 ⁸

2007 4077 2266 4141 obitum;
2297 4075 2428 4127 laeta
2469 4069 2626 4124 enim
2677 4066 2914 4132 moriar,
2947 4065 2993 4119 si
3038 4065 3147 4119 hoc
3180 4063 3320 4117 mihi
3358 4064 3620 4136 contige-

2007 4167 2083 4220 rit
2113 4165 2172 4218 in
2203 4164 2310 4218 hac
2341 4158 2598 4215 ecclesia.
2643 4155 2896 4212 Mirabile
2939 4154 3094 4208 dictu
3123 4151 3136 4206 l
3186 4152 3472 4208 Continuo
3518 4153 3617 4208 de-

294 4276 550 4330 mortem
577 4268 912 4344 peccatoris,
946 4265 1046 4321 sed
1078 4268 1140 4319 ut
1161 4265 1530 4319 convertatur
1551 4263 1609 4315 et
1629 4259 1774 4312 vivat
1791 4261 1902 4312 sta-
1929 4254 1982 4312 D
2007 4255 2205 4309 functa
2238 4253 2344 4316 est,
2372 4251 2429 4303 et
2459 4246 2618 4318 quasi
2649 4245 2844 4298 ridens
2875 4243 2946 4297 ab
2983 4240 3254 4296 omnibus
3303 4241 3617 4312 conspicie-

295 4363 407 4416 tim
439 4359 587 4414 febri
617 4355 923 4431 imperavit
970 4370 1035 4408 ac
1079 4352 1330 4418 recessit,
1383 4353 1553 4421 atque
1602 4347 1908 4401 incolumis

296 4451 554 4515 effectus,
589 4446 744 4518 quod
775 4443 1188 4516 spoponderat,
1219 4455 1392 4511 opere
1420 4435 1774 4508 adimplevit,
1808 4451 1910 4505 pu-

294 4539 448 4596 blico
481 4536 741 4591 confecto
773 4533 1157 4588 instrumento
1195 4532 1256 4584 18
1285 4526 1483 4582 Octob.
1517 4527 1672 4590 1586,
1703 4523 1906 4578 lndict.

296 4644 370 4683 xv
397 4642 500 4699 per
529 4640 734 4679 manus
762 4615 1354 4688 ConsalviErmogida
1369 4615 1439 4669 de
1461 4617 1613 4668 terra
1633 4611 1908 4683 Spatulae,

296 4716 360 4770 in
393 4731 506 4786 quo
539 4712 844 4768 sanitatem
876 4708 1216 4763 miraeulose
1229 4723 1286 4760 se
1307 4702 1584 4775 recepisse
1605 4700 1914 4754 conﬁtetur

299 4804 391 4860 his
421 4803 608 4857 verbis
641 4819 652 4855 :
683 4803 792 4855 Pro
821 4814 1051 4853 summa
1081 4794 1384 4850 devotione
1418 4789 1672 4862 praedicti
1696 4787 1756 4843 S.
1780 4789 1915 4842 Bru-

301 4893 474 4948 nonis
507 4893 564 4946 et
595 4907 698 4961 per
728 4890 937 4944 merita
957 4890 1016 4940 et
1037 4883 1316 4940 beneficia
1336 4883 1568 4951 recepta
1595 4883 1651 4933 et
1685 4876 1915 4933 diversi-

299 4981 477 5038 mode
509 4979 724 5046 habita,
753 4981 810 5033 et
831 4993 957 5050 qua}
981 4992 1014 5029 a
1035 4972 1308 5048 praedicto
1330 4971 1386 5026 S.
1415 4971 1680 5024 Brunone
1701 4967 1914 5050 habere

299 5073 520 5145 sperat,
551 5073 608 5126 et
637 5043 1066 5131 indies-habet,
1097 5067 1154 5118 et
1175 5060 1496 5134 praisertim
1540 5058 1599 5112 in
1642 5043 1914 5129 praesenti

301 5179 408 5217 sua
439 5175 654 5230 magna
683 5155 1042 5220 infirmitate,
1077 5156 1208 5218 etc.,
1235 5155 1291 5206 et
1307 5147 1690 5213 confirmavit,
1715 5143 1916 5199 cessio-

304 5265 444 5305 nem
465 5249 550 5302 .lo.
586 5246 852 5317 Baptistae
883 5243 966 5297 sui
999 5241 1084 5296 avi
1121 5245 1182 5296 18
1215 5239 1518 5295 Novembr.
1571 5235 1709 5290 anni
1756 5236 1912 5300 1529,

305 5341 372 5391 ut
399 5335 546 5406 (vide
577 5352 736 5389 num.
771 5339 822 5405 7)
855 5347 1044 5402 supra.
1081 5329 1297 5386 Eodem
1345 5327 1437 5382 die
1479 5325 1655 5379 etiam
1696 5321 1916 5376 litteras

305 5423 468 5479 dedit
499 5423 572 5478 ad
603 5426 972 5488 conventum,
1003 5417 1420 5476 commendans
1462 5432 1518 5468 se
1569 5413 1692 5483 ejus
1733 5409 1914 5482 preci-

2007 4343 2196 4406 batur,
2226 4341 2396 4409 atque
2431 4335 2489 4388 in
2525 4333 2731 4388 eadem
2781 4329 3018 4386 ecclesia
3059 4329 3365 4400 sepulturae
3410 4327 3623 4383 tradita

2011 4432 2112 4483 est.
2146 4449 2172 4475 »
2207 4426 2361 4480 Talia
2386 4427 2520 4477 sunt
2549 4423 2683 4486 duo,
2724 4436 2851 4492 qua!
2896 4417 3165 4490 praesenti
3199 4419 3228 4485 §
3268 4415 3624 4470 recensenda

2013 4517 2197 4571 adhuc
2224 4515 2411 4579 erant,
2439 4528 2539 4564 seu
2578 4507 2858 4562 miracula
2911 4523 3011 4560 seu
3059 4503 3359 4560 beneﬁcia.
3409 4504 3622 4559 Verum

2013 4605 2122 4660 erit
2148 4601 2402 4656 fortassis
2434 4614 2550 4652 non
2581 4611 2778 4661 nemo,
2807 4593 2926 4666 qui,
2959 4611 3033 4648 an
3061 4593 3316 4664 primum
3347 4609 3414 4646 ex
3443 4591 3530 4645 his
3560 4590 3619 4648 S.

2014 4690 2298 4748 Brunonis
2325 4684 2655 4760 patrocinio
2675 4684 2968 4754 patratum
2984 4680 3178 4745 fuerit,
3193 4682 3423 4734 revocet
3443 4677 3500 4733 in
3518 4679 3623 4734 du-

2013 4781 2198 4847 bium,
2231 4777 2388 4850 quod
2423 4773 2632 4845 mulier
2663 4775 2845 4838 muta,
2883 4770 2942 4824 in
2989 4769 3147 4840 cuius
3186 4768 3444 4822 favorem
3485 4765 3629 4822 obti-

2016 4871 2118 4942 git,
2152 4868 2444 4922 invocasse
2477 4863 2639 4917 illum
2700 4877 2819 4916 non
2862 4859 3106 4928 legatur.
3151 4857 3448 4920 Attamen,
3494 4870 3626 4909 cum

2015 4961 2140 5012 haec
2158 4955 2354 5010 album
2376 4949 2904 5006 sanctimonialium
2923 4943 3432 5001 Carthusiauarum
3463 4957 3627 4996 more

2019 5047 2281 5102 habitum
2323 5043 2382 5096 in
2417 5039 2635 5112 accepti
2675 5035 2938 5092 beneficii
2979 5031 3304 5086 memorian
3355 5029 3630 5104 deinceps

2019 5133 2274 5208 gestarit,
2303 5132 2602 5201 acceptum
2623 5121 2968 5182 idBrunoni
3000 5119 3280 5186 retulisse,
3301 5118 3494 5190 itaque
3508 5135 3632 5174 sese

2018 5205 2171 5280 hunc
2201 5223 2491 5276 invocasse
2524 5215 2785 5272 confessa
2813 5211 3038 5266 videtur
3061 5227 3074 5276 ;
3109 5208 3264 5280 quod
3279 5223 3408 5262 eum
3436 5205 3517 5260 ita
3539 5206 3634 5277 sit,

2019 5316 2244 5386 partem
2265 5306 2533 5380 equidem
2553 5304 2610 5358 in
2644 5301 2740 5355 illo
2763 5317 2864 5355 seu
2893 5296 3171 5354 miraculo
3203 5312 3300 5350 seu
3329 5293 3636 5361 beneﬁcio,

2020 5381 2124 5456 nisi
2153 5400 2320 5462 forte,
2355 5394 2512 5466 quod
2541 5395 2737 5446 tamen
2793 5405 2912 5444 non
2945 5388 3107 5456 puto,
3139 5381 3510 5438 sanctissimae
3536 5382 3641 5436 Dei

307 5467 468 5479 ...υμη
499 5467 572 5478 ην.
604 5467 972 5488 νυ...,..-...--,
1499 5467 1508 5468 ,
1597 5467 1618 5483 υ
1733 5467 1750 5482 ,

307 5515 436 5570 bus,
474 5534 501 5561 »
529 5511 708 5569 Venio
739 5527 893 5566 nunc
918 5506 1244 5565 tandcmad
1273 5503 1570 5569 miracula,
1595 5517 1624 5554 e
1635 5500 1762 5571 jam
1784 5514 1936 5572 saepe
2023 5485 2287 5564 genitrici
2315 5479 2718 5539 ascribendum
2759 5477 2956 5547 potius
2986 5475 3172 5528 totum
3197 5471 3256 5528 id
3271 5471 3359 5537 sit,
3378 5467 3642 5524 habuisse
