4010 6032
385 270 487 327 615

1205 268 1262 329 S.
1291 272 1637 331 BRUNONIS
1677 270 2310 334 CARTHUSIANO‘RUM
2348 278 2814 338 INSTITUTORIS

3599 280 3702 338 616

385 394 688 468 Sanctum,
741 398 1168 455 admittendum
1222 404 1483 472 apparet.
1545 400 1631 454 Ad
1693 418 1761 455 ea
1816 399 2071 467 modo,A
2094 420 2157 457 ac
2189 405 2382 458 statim
2416 406 2689 462 liberatus
2720 408 2793 462 ad
2819 407 3039 464 obitum
3066 394 3702 482 usqueincolumisper—

385 505 513 562 quae
547 492 575 557 §
604 489 862 560 sequenti
896 489 1162 558 expedire
1196 490 1386 554 statui,
1421 489 1880 559 progrediamur.

386 579 519 646 §II.
565 578 791 646 Aliquot
848 578 1127 642 miracula,
1178 579 1367 629 rrec-qu
1425 595 1557 637 xvn,
1613 585 1736 629 ante
1790 596 1993 630 (mnum

457 656 634 702 tanien
660 650 820 718 hujus
852 665 997 714 xxw,
1018 656 1263 719 patrata,
1298 655 1646 711 recensentur;
1684 656 1733 700 ct
1757 651 1849 719 qui
1871 657 1991 701 tan-

398 764 399 767 η
455 721 575 773 dem
601 719 796 774 Sancti
841 720 1011 772 cultus
1054 721 1124 773 ad
1156 723 1451 773 universam
1495 719 1787 771 Ecclesium
1822 728 1995 773 arten-

457 807 568 857 επις,
593 792 892 861 festumque
921 792 1033 861 ejus
1083 799 1208 844 tunc
1250 790 1483 844 Colonia)
1518 790 1835 860 Agrippinae
1866 792 1996 845 σείρ-

463 862 673 915 brutum
700 862 888 930 fuerit,
923 864 1221 931 exponitur.

459 953 542 1003 15.
575 949 697 1003 Non
726 966 926 1020 pauca,
947 952 1175 1021 pulvere
1209 950 1408 1002 abraso
1433 967 1463 1003 e
1483 949 1672 1020 lapide
1686 966 1994 1019 specusseu

385 1038 557 1104 antri,
595 1037 651 1091 in
684 1055 818 1109 quo,
847 1042 909 1091 ut
933 1039 1271 1093 nonnulliex
1307 1038 1467 1092 dictis
1490 1039 1545 1091 in
1571 1038 1992 1091 commentario

377 1127 589 1197 przevio
623 1130 650 1195 §
684 1131 748 1183 45
782 1128 999 1192 volunt,
1030 1128 1302 1181 continuo
1328 1127 1382 1181 8.
1418 1129 1608 1181 Bruno
1642 1130 1768 1199 post
1826 1143 1993 1179 suum

382 1215 442 1268 in
473 1214 835 1269 Turritanam
870 1232 1131 1270 eremum
1163 1232 1445 1269 secessum
1486 1217 1784 1281 habitavit,
1820 1231 1994 1286 reque

384 1302 558 1356 etiam
590 1319 725 1356 vera
754 1304 995 1357 subinde
1036 1303 1147 1369 (adi
1190 1304 1461 1357 eumdem
1507 1302 1994 1357 commentarium

384 1390 661 1462 praevium
696 1407 855 1444 num.
892 1392 1015 1460 748)
1051 1395 1442 1445 commoratus
1473 1392 1640 1445 fuisse
1664 1391 1903 1455 videtur,
1934 1389 1992 1442 in

383 1479 795 1550 aagrotantium
824 1479 1346 1550 languidorumque
1370 1480 1625 1533 favorem
1656 1478 1870 1549 patrari
1885 1477 1989 1530 mi-

383 1569 597 1634 racula,
633 1567 908 1621 Surianus
932 1568 990 1621 in
1015 1568 1227 1629 suis_ad
1247 1567 1526 1620 Brunonis
1550 1568 1751 1620 Vitam.
1778 1565 1991 1620 aSurio

387 1659 738 1721 contextam,
759 1656 1226 1709 adnotationibus
1264 1674 1293 1707 e
1317 1655 1547 1708 Nicolao
1576 1656 1761 1709 Riccio
1796 1655 1865 1708 de
1894 1654 1995 1707 Ta-

383 1740 563 1797 berna
594 1760 767 1813 supra
798 1744 1026 1797 laudato
1058 1743 1346 1814 prmfatus,
1367 1760 1610 1813 sequens
1628 1761 1722 1796 seu
1748 1743 1993 1796 miracu-

382 1826 501 1884 lum
530 1849 626 1885 seu
654 1831 1022 1895 beneﬁcium,
1067 1832 1242 1901 quod,
1290 1832 1519 1902 pulvere
1568 1831 1662 1885 illo
1712 1831 1991 1897 adhibito,

385 1921 676 1993 patratum
698 1920 859 1986 fuit,e
892 1920 1224 1973 recensione
1259 1920 1448 1973 Severi
1475 1938 1507 1973 a
1540 1918 1991 1989 Neapoli,quiid,

384 2011 447 2061 ut
475 2008 796 2078 praemittit,
836 2025 866 2059 e
894 2008 1116 2073 Basilio,
1147 2008 1788 2061 Carthusia‘Turritanze
1817 2008 1994 2060 fratre

382 2111 679 2159 converso,
716 2095 911 2167 reique
935 2098 1109 2165 gestae
1155 2097 1379 2148 orulato
1415 2098 1555 2148 teste
1593 2095 1824 2160 audivit,
1859 2110 1991 2164 pag.

383 2185 475 2238 36t
512 2184 571 2236 in
601 2182 855 2237 medium
888 2183 1121 2236 adducit
1169 2184 1319 2236 hisce
1358 2184 1490 2253 ipsis
1530 2183 1720 2237 Severi
1761 2183 1948 2236 verbis
1978 2199 1990 2236 :

382 2288 413 2322 ‹‹
446 2271 642 2325 Frater
663 2270 875 2324 Blasius
906 2271 975 2324 de
1006 2273 1147 2324 Pace
1176 2288 1241 2324 ex
1261 2271 1463 2324 eadem
1480 2271 1654 2325 Serra
1679 2270 1895 2342 oppido
1914 2269 1993 2321 vi-

381 2355 510 2411 cino
540 2359 612 2412 ad
644 2358 907 2423 milliare,
934 2358 1265 2412 monasterii
1302 2380 1327 2405 ››
1364 2357 1443 2427 (8.
1482 2357 1757 2429 Stephani
1792 2358 1862 2412 de
1885 2359 1992 2410 Ne-

385 2446 567 2515 more)
603 2468 629 2493 ‹‹
659 2462 981 2512 conversus,
1004 2447 1291 2517 professus
1312 2446 1594 2514 ejusdem,
1622 2448 1737 2500 Deo
1757 2446 1994 2516 permit-

382 2535 564 2600 tente,
593 2551 626 2587 a
656 2533 912 2602 maligno
934 2533 1135 2604 spiritu
1158 2534 1417 2587 obsessus
1437 2534 1643 2587 misere
1664 2535 1990 2587 vexabatur.

385 2620 559 2687 CuiV,
580 2621 739 2692 prior
756 2621 1100 2691 praedictus»
1130 2621 1464 2691 (Ludovicus
1486 2621 1809 2691 Sucspeckh
1825 2622 1994 2675 nimi-

381 2711 534 2776 rum)
560 2732 585 2757 ‹‹
617 2726 864 2775 summa,
883 2727 996 2780 qua
1012 2709 1287 2780 praeditus
1301 2713 1443 2775 erat,
1464 2710 1741 2763 cbaritate
1767 2726 1998 2780 compa-

381 2798 551 2864 tiens,
579 2798 812 2868 cupiens
837 2815 1003 2852 ovem
1040 2815 1203 2852 suam
1238 2798 1308 2851 ab
1352 2798 1647 2851 invasione
1696 2798 1997 2852 infernalis

384 2889 500 2962 lupi
530 2888 773 2959 eripere,
806 2888 989 2942 s;iens
1015 2888 1213 2955 etiam,
1251 2905 1430 2957 genus
1459 2888 1752 2959 quoddam
1779 2888 1997 2943 dieme—

385 2978 615 3032 niorum
649 2994 765 3031 non
801 2976 903 3029 nisi
957 2976 1217 3031 oratione
1267 2981 1323 3029 et
1361 2976 1582 3046 jejunio
1637 2977 1784 3045 ejici,
1822 2977 1999 3031 tribus

383 3066 583 3120 diebus
634 3083 780 3137 pane
826 3068 882 3118 et
938 3082 1087 3136 aqua
1141 3064 1419 3117 duntaxat
1464 3065 1756 3131 victitavit,
1803 3070 1996 3136 atque,

386 3154 510 3208 aliis
540 3153 790 3224 negotiis
804 3152 1162 3216 intermissis,
1184 3154 1367 3205 solum
1384 3153 1631 3206 orationi
1650 3170 1851 3206 vacans
1868 3170 1995 3223 per-

385 3242 617 3296 mansit.
663 3244 796 3296 Post
845 3241 1078 3294 tertium
1125 3241 1301 3305 diem,
1354 3240 1692 3293 acmnratiori
1740 3241 1997 3311 generali

383 3332 755 3400 peccatorum
785 3329 1142 3381 confessmne
1166 3328 1481 3398 przemissa,
1515 3328 1574 3380 in
1606 3328 1995 3381 sacrariialta-

382 3417 452 3482 ri,
496 3418 555 3470 in
601 3433 713 3487 quo
760 3416 819 3469 in
868 3416 1182 3468 fabrefacto
1226 3416 1634 3479 loculamento,
1689 3417 1873 3469 ebeno
1906 3433 1996 3468 ar-

385 3506 678 3574 gentoque
712 3502 988 3574 permisto
1012 3502 1162 3555 varie
1192 3503 1411 3567 czelato,
1440 3507 1801 3556 asservantur
1829 3507 1999 3574 caput

385 3589 442 3644 S.
474 3592 534 3644 P.
596 3590 884 3644 Brunonis
944 3590 1003 3643 in
1052 3594 1329 3660 argenteo
1388 3591 1715 3658 simulacro,
1768 3596 1824 3645 et
1872 3593 1997 3646 alite

381 3683 714 3733 sanctorum
764 3678 1044 3749 reliquias,
1090 3679 1323 3731 missam
1369 3679 1560 3748 quoad
1612 3679 1868 3734 devotius
1904 3697 2000 3752 po-

380 3767 509 3833 tuit,
544 3766 868 3833 celebravit,
906 3771 1191 3836 praesente
1227 3767 1401 3819 fratre
1441 3767 1646 3834 Blasio,
1694 3768 1996 3838 arreptitio

383 3859 442 3911 et
468 3855 744 3927 praedicto
778 3855 957 3909 fratre
990 3855 1215 3909 Basilio.

461 3948 545 3998 16.
581 3964 611 3995 ‹‹
642 3945 774 3997 Post
802 3944 1035 3997 missam
1060 3947 1291 3995 ventum
1324 3947 1407 3995 est
1437 3942 1511 3995 ad
1550 3944 1917 4010 exorcismos,
1946 3947 2003 3997 et

383 4048 514 4086 cum
552 4031 783 4084 daemon
812 4030 1010 4099 egredi
1039 4032 1425 4094 cunctaretur,
1451 4030 1785 4083 recordatus
1820 4035 1904 4083 est
1937 4033 1996 4085 P.

386 4118 550 4173 Prior
574 4116 778 4188 lapidis
809 4133 1009 4186 specus
1040 4115 1094 4169 S.
1125 4116 1423 4181 Brunonis,
1458 4133 1521 4169 ac
1545 4118 1737 4171 statim
1762 4119 1999 4173 manda-

385 4206 464 4261 vit
494 4206 552 4259 F.
582 4205 810 4269 Basilio,
840 4208 922 4270 ut,
955 4220 1264 4257 conscenso
1288 4220 1456 4273 equo,
1494 4206 1831 4275 quantocius
1852 4208 1996 4278 lapi-

2096 494 2325 547 mansit.
2364 494 2514 548 Obiit
2546 512 2679 550 vero
2712 501 2910 567 postea
2941 516 2954 550 ι
2986 499 3131 568 Aug.
3168 500 3322 553 162.5.
3361 516 3391 547 »
3419 498 3559 552 Cum
3590 498 3697 552 Lu-

2096 584 2326 637 dovicus
2370 583 2719 655 Suespeckh,
2759 587 2876 657 qui,
2930 586 3069 639 dum
3122 587 3443 641 Turritame
3473 586 3530 641 S.
3574 586 3699 641 Ste-

2094 674 2267 747 phani
2301 678 2357 729 et
2395 675 2451 729 S.
2490 677 2769 730 Brunonis
2800 677 3115 732 Carthasim
3159 677 3317 748 prior
3364 680 3531 743 esset,
3581 678 3698 732 dee-

2095 762 2380 828 monium,
2413 765 2642 834 pulvere
2658 781 2722 817 ex
2756 765 2942 834 lapide
2972 764 3191 819 antriS.
3229 765 3514 819 Brunonis
3538 765 3701 819 adhi-

2095 852 2234 915 bito,
2269 868 2297 905 e
2331 852 2506 906 fratre
2541 853 2720 907 Blasio
2762 871 3181 925 energumeno,
3206 855 3285 907 uti
3304 853 3393 907 hic
3413 857 3700 920 narratur,

2094 940 2326 1010 expulit,
2360 941 2519 1011 prior
2552 941 2829 1011 primum,
2876 943 3375 1014 quemadmodum
3413 942 3566 1012 apud
3595 941 3700 995 Su-

2093 1029 2319 1081 rianum
2353 1030 2477 1083 loco
2511 1029 2604 1082 cit.
2653 1030 2893 1084 Severus
2946 1048 2978 1084 a
3016 1031 3254 1102 Neapoli
3304 1030 3491 1085 docet.
3545 1046 3700 1085 anno

2097 1120 2231 1171 1608
2258 1118 2430 1171 fuerit
2460 1123 2702 1184 creatus,
2736 1137 3004 1192 annoque
3034 1123 3159 1174 1611
3192 1120 3419 1187 obierit,
3449 1123 3700 1190 oportet,

2095 1211 2155 1260 ut
2186 1210 2469 1276 tempore,
2505 1208 2656 1262 inter
2683 1212 2991 1280 utrumque
3019 1210 3171 1263 hunc
3213 1227 3433 1263 annum
3482 1208 3701 1276 medio,

2094 1294 2421 1365 prodigium
2456 1295 2602 1350 istud
2633 1297 2937 1364 acciderit;
2973 1314 3152 1368 quare
3182 1315 3315 1351 cum
3342 1298 3490 1351 forte
3522 1296 3700 1352 etiam

2094 1400 2312 1437 annum
2350 1386 2484 1437 1609
2512 1386 2884 1454 praecesserit,
2919 1387 3099 1440 visum
3132 1388 3216 1440 est
3242 1386 3299 1440 id
3323 1386 3413 1439 hic
3444 1385 3702 1456 praamit-

2094 1475 2213 1526 tere
2239 1472 2361 1526 aliis
2391 1473 2577 1527 adhuc
2602 1474 2965 1528 recensendis
2998 1475 3306 1541 miraculis,
3340 1491 3466 1545 qua:
3482 1474 3568 1528 vel
3596 1474 3705 1529 hoc

2093 1560 2213 1631 ipso
2246 1577 2398 1615 anno
2429 1564 2515 1616 vel
2549 1563 2724 1615 serius
2750 1579 3012 1617 evenere.

2170 1654 2251 1704 17.
2279 1651 2358 1704 En
2385 1651 2527 1705 adeo
2550 1668 2699 1704 nunc
2726 1669 2927 1719 unum,
2958 1652 3109 1723 quod
3129 1668 3282 1707 anno
3322 1654 3456 1706 1609
3478 1651 3705 1718 accidit,

2095 1738 2384 1808 quodque,
2411 1739 2543 1792 licet
2575 1756 2691 1793 non
2719 1741 2973 1809 pulvere,
3007 1757 3037 1791 e
3069 1740 3418 1794 Brunoniani
3444 1740 3594 1793 antri
3626 1741 3706 1793 la-

2096 1828 2226 1897 pide
2242 1826 2696 1897 accepto,Sancti
2718 1831 2912 1881 tamen
2926 1827 3246 1898 patrocinio
3268 1827 3702 1898 fuitpatratum.

2094 1915 2253 1968 Hisce
2286 1918 2468 1969 exstat
2492 1917 2644 1984 apud
2678 1916 2988 1970 Surianum
3019 1933 3151 1988 pag.
3182 1918 3283 1970 363
3317 1919 3375 1969 et
3405 1932 3527 1987 seq.
3572 1933 3699 1970 ver-

2096 2003 2181 2056 bis
2213 2020 2540 2073 expressum
2573 2020 2583 2056 :
2623 2027 2647 2051 ‹‹
2675 2003 2789 2058 Sub
2815 2004 3021 2058 eodem
3046 2005 3106 2057 P.
3134 2004 3371 2058 Priore»
3392 2004 3704 2075 (monaste-

2095 2092 2162 2145 rii
2186 2091 2241 2145 S.
2271 2091 2544 2161 Stephani
2577 2092 2857 2146 Ludovico
2882 2091 3231 2164 Suespeckh)
3278 2114 3304 2141 ‹‹
3345 2109 3500 2147 anno
3544 2094 3702 2160 1609,

2095 2196 2224 2232 cum
2258 2180 2330 2233 ad
2361 2180 2778 2233 monasterium
2828 2184 3149 2235 vectaretur
3189 2198 3436 2251 magnus
3478 2181 3641 2252 lapis,
3677 2199 3707 2235 e

2098 2268 2279 2321 vicina
2306 2268 2613 2339 lapidicina
2644 2269 2879 2335 excisus,
2914 2270 3245 2341 quadratos,
3285 2273 3412 2323 octo
3456 2271 3543 2323 vel
3581 2286 3707 2323 am-

2095 2355 2241 2426 plius
2271 2358 2493 2426 palmes
2542 2357 2760 2410 habens
2801 2356 3053 2428 undique
3112 2357 3169 2411 in
3218 2357 3602 2428 longitudine,
3654 2361 3713 2412 et

2095 2462 2276 2499 unum
2308 2446 2428 2498 fere
2460 2462 2591 2499 cum
2632 2445 2872 2500 dimidio
2906 2445 3714 2511 diametralem,usuifuturus

2096 2551 2200 2606 pro
2229 2534 2423 2586 tabula
2450 2535 2660 2587 summi
2691 2533 2884 2587 altaris
2911 2534 3185 2599 ecclesiae,
3219 2533 3365 2587 tanti
3412 2533 3709 2605 ponderis,

2096 2626 2203 2676 uta
2222 2622 2666 2693 pluribusboum
2681 2622 2833 2693 jugis
2854 2640 3025 2694 supra
3047 2622 3239 2694 lignea
3261 2622 3528 2676 machina
3545 2639 3703 2693 aegre

2097 2711 2299 2765 advehi
2327 2710 2599 2781 potuerit,
2642 2714 2699 2764 et
2745 2712 2958 2763 multus
2997 2710 3069 2764 ad
3117 2711 3417 2765 visendum
3467 2711 3713 2781 populus

2099 2799 2413 2863 accederet,
2448 2799 2684 2869 quidam
2718 2799 2894 2853 David
2923 2800 3121 2853 Muller
3159 2799 3711 2870 Brandeburgensis,

2102 2888 2155 2940 in
2186 2887 2373 2958 lapide
2407 2890 2464 2939 et
2496 2887 2651 2955 ligno
2684 2887 2949 2958 egregius
2975 2888 3247 2957 sculptor,
3280 2887 3375 2958 qui
3407 2904 3521 2940 suae
3571 2887 3715 2941 artis

2099 2974 2485 3028 admiratione
2516 2975 2694 3043 digna
2721 2976 2902 3028 multa
2928 2976 3281 3029 emblemata
3315 2992 3379 3028 ex
3412 2974 3713 3045 lignorum

2100 3062 2412 3133 segmentis
2470 3062 2889 3132 coagmentatis
2938 3062 3371 3116 versicoloribus
3421 3061 3609 3117 effecit
3652 3062 3712 3117 in

2100 3152 2206 3204 hoc
2241 3150 2612 3215 monasterio,
2638 3151 2849 3221 quique
2881 3151 3135 3221 praefatae
3166 3151 3445 3204 machinae
3467 3153 3716 3204 structor

2100 3243 2156 3291 et
2184 3240 2484 3311 praefectus
2516 3240 2703 3309 Operis
2719 3240 3084 3305 aderat,cum
3102 3239 3292 3293 medio
3324 3238 3529 3292 itinere
3563 3238 3712 3291 ﬂexo

2096 3327 2313 3396 poplite
2343 3344 2574 3380 currum
2608 3318 2883 3397 adaptare
2914 3329 3101 3393 vellet,
3129 3343 3193 3381 ac
3221 3327 3415 3381 subtus
3436 3325 3717 3396 aspiceret

2100 3418 2280 3469 altera
2313 3433 2375 3468 ex
2398 3417 2537 3470 rotis
2568 3416 2769 3469 tibiam
2809 3416 2956 3470 illius
2987 3417 3130 3471 adeo
3170 3416 3354 3469 valide
3388 3415 3613 3487 pressit,
3656 3418 3720 3468 ut

2100 3503 2154 3557 in
2191 3508 2363 3569 terra,
2395 3504 2622 3575 penitus
2647 3505 2825 3557 humo
2845 3505 3086 3558 cedente
3110 3503 3375 3576 ponderi,
3400 3501 3715 3556 absconde-

2102 3596 2278 3657 retur,
2317 3593 2435 3662 ipso
2482 3594 2656 3647 David
2696 3594 3007 3658 clamante,
3051 3592 3107 3646 S.
3158 3594 3370 3658 Bruno,
3406 3607 3578 3662 opem
3625 3590 3715 3644 fer

2102 3682 2273 3748 mihi;
2308 3699 2552 3752 cumque
2592 3681 2824 3753 plurimi
2878 3680 3398 3735 eommiserationis
3429 3696 3568 3751 ergo
3618 3695 3715 3733 ac-

2101 3770 2428 3835 cnrrissent,
2462 3770 2662 3822 tibiam
2696 3770 2816 3839 ejus
2847 3770 3267 3823 comminutam
3295 3768 3712 3834 existimantes,

2104 3857 2335 3911 inventa
2367 3860 2448 3909 est
2471 3857 2891 3927 aliquantulum
2923 3857 2981 3911 in
3010 3858 3198 3911 nervis
3216 3859 3367 3923 laesa,
3384 3873 3511 3928 quae
3533 3856 3711 3910 etiam

2103 3949 2271 4016 paulo
2294 3950 2421 4016 post
2456 3946 2704 4016 perfecte
2731 3949 2930 4000 curata
2950 3951 3053 4000 est.
3085 3949 3145 4000 In
3181 3946 3386 4000 eodem
3420 3946 3545 3999 loco
3568 3960 3712 4015 pras-

2101 4036 2249 4089 fatus
2277 4035 2527 4104 sculptor
2546 4034 2847 4087 aediculam
2876 4052 2974 4089 seu
2997 4035 3294 4106 parvulam
3327 4033 3628 4104 capellam,
3652 4032 3712 4086 in

2099 4125 2240 4177 colle
2275 4123 2465 4189 sitam,
2495 4124 2605 4178 suis
2633 4124 2953 4195 sumptibus
2983 4123 3320 4195 erigendam
3356 4123 3429 4177 ad
3456 4122 3541 4176 rei
3562 4121 3712 4175 futu-

2098 4229 2223 4265 ram
2246 4212 2588 4266 memoriam
2612 4212 2845 4277 curavit,
2869 4229 2996 4283 quae
3010 4212 3197 4265 adhuc
3211 4214 3411 4265 exstat.
3437 4231 3463 4257 ››
3482 4210 3711 4264 Duobus

386 4295 475 4349 dis
494 4296 813 4366 pulverem,
840 4310 869 4347 e
900 4309 1071 4361 specu
1124 4296 1442 4362 sumptum,
1477 4294 1549 4347 ad
1590 4312 1646 4348 se
1692 4296 1993 4365 perferret.
2024 4273 2073 4332 D
2098 4301 2249 4355 hisce
2274 4302 2398 4371 jam
2433 4301 2625 4355 relatis
2655 4304 2827 4372 atque
2859 4301 3011 4372 apud
3027 4299 3337 4354 Surianum
3360 4298 3711 4353 exstantibus

386 4383 675 4453 Quijussa
714 4382 1033 4453 complens,
1079 4398 1231 4448 cum,
1277 4387 1511 4453 accepto
1564 4384 1697 4437 inde
1742 4386 1993 4456 pulvere,

386 4472 627 4526 domum
658 4471 891 4538 rediret,
916 4471 973 4525 in
998 4470 1408 4525 medioitinere
1433 4472 1746 4543 derepente
1761 4477 1997 4528 ventum

385 4559 639 4615 validum
666 4563 868 4614 contra
897 4576 954 4614 se
981 4559 1301 4614 irruentem
1336 4563 1526 4616 sensit.
1560 4562 1682 4624 Quo
1717 4563 1997 4617 violenter

387 4666 454 4704 ex
480 4665 626 4720 equo
660 4665 918 4703 excussus
960 4648 1017 4702 in
1041 4653 1259 4703 terram
1292 4652 1442 4704 male
1470 4654 1733 4721 acceptus
1761 4652 1991 4706 decidit.

386 4736 604 4792 Eodem
637 4741 935 4791 momento
954 4738 1206 4803 daemon,
1224 4738 1281 4791 in
1298 4739 1639 4793 cachinnum
1665 4742 1879 4793 solutus
1896 4758 1997 4811 per

385 4842 448 4881 os
477 4826 757 4896 arreptitii
791 4825 848 4879 in
876 4826 996 4879 haec
1015 4826 1459 4898 verbaprorupit
1488 4829 1861 4881 Calabrorum
1881 4830 1996 4883 dia-

385 4914 531 4968 lecto
563 4930 575 4968 :
599 4903 671 4967 At
696 4930 859 4968 come
878 4915 1069 4968 buono
1092 4917 1326 4969 conzato
1352 4931 1408 4967 se
1429 4932 1499 4969 ne
1520 4914 1703 4969 terra!
1731 4934 1855 4986 quae
1896 4917 1995 4971 La-

385 5001 504 5056 tine
525 5001 601 5056 sic
627 5006 836 5056 sonant
866 5019 878 5056 :
912 5005 985 5055 At
1010 5019 1184 5073 quam
1219 5002 1368 5055 bene
1400 5008 1664 5074 acceptus
1704 5005 1873 5058 redit.
1910 5007 1992 5059 lta

386 5090 529 5144 mihi
556 5091 789 5161 praecise
814 5091 1100 5145 referente
1133 5090 1338 5145 eodem
1374 5091 1550 5145 fratre
1584 5092 1805 5157 Basilio,
1842 5110 1989 5163 equo

384 5178 506 5233 sine
537 5196 753 5234 sessore
779 5184 936 5234 recta
950 5180 1022 5235 ad
1054 5180 1469 5234 monasterium
1491 5182 1792 5247 redeunte,
1812 5182 1995 5235 homi-

385 5284 486 5321 nes
513 5267 587 5322 ad
633 5271 1009 5338 prostratum,
1042 5272 1104 5322 ut
1157 5269 1577 5337 existimarunt,
1621 5287 1724 5323 nec
1769 5288 1798 5323 e
1844 5272 1995 5321 terra

384 5353 571 5409 adhuc
594 5373 829 5427 surgere
859 5357 1168 5423 valentem,
1205 5361 1598 5424 excurrerant,
1637 5358 1994 5427 domumque

384 5443 757 5498 reduxerunt.
794 5447 840 5497 Α
869 5461 981 5515 quo
1020 5450 1255 5516 accepto
1299 5448 1529 5517 pulvere
1571 5450 1741 5517 atque
1796 5451 1999 5500 contra

388 5529 743 5587 daemonium
778 5533 1055 5601 adhibito,
1082 5533 1221 5589 illud
1252 5534 1403 5590 exire
1429 5535 1498 5588 ab
1522 5534 1756 5588 homine
1789 5534 1995 5607 coegit,

2102 4389 2387 4443 miraculis
2429 4389 2582 4442 aliud
2634 4389 2807 4443 modo
2852 4390 3162 4459 subjuugo,
3214 4387 3364 4458 typis
3407 4387 3708 4452 hactenus,

2100 4478 2253 4547 quod
2285 4478 2482 4539 sciam,
2518 4494 2633 4531 non
2667 4476 3016 4545 subjectum,
3050 4476 3207 4547 quod
3237 4476 3295 4527 in
3332 4474 3390 4528 S.
3427 4474 3711 4528 Brunonis

2099 4565 2351 4635 imagine
2385 4566 2735 4631 Caballione,
2766 4582 2883 4631 seu,
2915 4568 2976 4619 ut
3021 4566 3090 4619 ab
3123 4564 3247 4618 aliis
3286 4562 3570 4627 scribitur,
3606 4563 3709 4615 Ca-

2098 4654 2362 4720 vallione,
2393 4654 2698 4725 episcopali
2741 4654 3069 4707 Vindascini
3107 4653 3165 4706 in
3198 4651 3491 4723 provincia
3532 4650 3603 4703 ad
3637 4668 3719 4704 se-

2099 4742 2229 4795 dem
2294 4743 2665 4812 apostolicam
2732 4742 3041 4813 spectantis
3097 4739 3405 4795 comitatus
3464 4738 3715 4805 civitate,

2098 4848 2248 4884 anno
2291 4834 2421 4883 1610
2455 4834 2743 4899 patratum
2780 4835 2883 4895 est,
2914 4830 3185 4901 quodque
3236 4843 3367 4880 cum
3408 4825 3718 4895 Majoribus

2096 4919 2306 4972 nostris
2338 4936 2367 4971 e
2400 4920 2603 4989 Magna
2636 4918 2933 4972 Cartbusia
2972 4934 3126 4972 anno
3179 4918 3338 4979 1668,
3387 4913 3488 4979 uti,
3538 4930 3716 4984 quam

2093 5005 2145 5059 ei
2182 5006 2589 5076 ascripserunt,
2626 5007 2834 5060 notitia
2877 5023 2972 5060 me
3019 5006 3206 5065 docet,
3251 5003 3358 5056 fuit
3395 5000 3725 5055 communi-

2091 5096 2304 5147 catum.

2170 5185 2252 5235 18.
2292 5180 2678 5252 Sequentibus
2708 5182 2862 5236 hisce
2896 5181 3084 5236 verbis
3120 5179 3463 5235 describitur
3496 5194 3509 5231 :
3550 5198 3575 5227 υ
3607 5178 3724 5230 An-

2097 5287 2170 5323 no
2240 5270 2469 5324 Domini
2550 5273 2706 5333 1610,
2787 5287 2986 5325 mense
3054 5272 3334 5340 Augusto,
3401 5265 3728 5320 Alexander

2096 5359 2431 5424 Maurissius,
2486 5359 2619 5412 civis
2679 5359 3098 5425 Cavallicensis,
3162 5359 3278 5411 visa
3335 5356 3547 5409 tabella
3600 5370 3716 5425 qua

2102 5446 2235 5500 dam
2270 5448 2325 5501 in
2355 5448 2530 5501 choro
2586 5448 2692 5501 PP.
2754 5447 3184 5519 Capucinorum
3237 5441 3710 5498 Cavallicensiuin

2103 5535 2158 5590 in
2194 5554 2305 5609 qua
2336 5540 2598 5591 recentcr
2627 5555 2657 5591 a
2692 5540 2853 5607 patre
2882 5535 3236 5591 Bernardino
3266 5532 3486 5603 efﬁgies
3525 5528 3707 5583 sancti
