4014 6030
273 298 380 359 61⁸7

1852 296 2031 359 ACTA

3494 299 3599 361 618

272 424 570 493 Ludovici,
603 422 853 497 episcopi
880 423 1185 483 Tholosani
1236 424 1496 496 ejusdem
1547 423 1765 481 ordinis
1803 423 1883 497 (S.
1911 427 1967 487 Α
1990 420 2300 491 Maurissio,
2323 421 2572 495 Josepbo
2590 421 2970 497 L’Empereur
2994 425 3052 481 et
3075 423 3300 481 Joanne
3337 424 3595 500 Baptista

274 513 559 568 Francisci
580 513 1182 579 Assisiatisnimirum;
1205 531 1391 587 neque
1434 514 1593 569 enim
1627 531 1738 568 sec.
1765 531 1882 581 x111,

270 618 388 672 quo
421 602 478 655 8.
525 601 838 657 Ludovicus
865 603 1217 657 Tholosanus
1240 604 1452 670 ﬂoruit,
1476 602 1767 676 capuccini
1791 602 1888 656 ad-

266 690 813 761 hucinveniebatur)
843 690 1105 762 professi,
1140 692 1465 746 deformata
1495 692 1701 757 fuerat,
1738 691 1886 746 illius

270 778 564 848 elegantia
591 795 764 850 supra
794 780 1033 834 modum
1094 781 1407 835 delectatus
1444 784 1501 835 et
1532 784 1751 850 captus,
1792 796 1884 834 ac-

269 866 439 920 cessit
466 866 537 921 ad
557 868 1106 939 patremFabianum
1121 869 1190 923 de
1212 868 1370 924 Sault
1391 868 1494 923 sibi
1513 868 1883 936 familiarem,

268 953 805 1029 instantissimeque
836 957 999 1027 petiit
1029 961 1087 1012 et
1117 959 1189 1012 ab
1210 974 1278 1011 eo
1311 957 1578 1022 obtinuit,
1634 959 1697 1009 ut
1736 956 1886 1010 ima-

270 1045 585 1114 gunculam
617 1045 798 1100 sancti
813 1046 1094 1101 Brunonis
1115 1046 1205 1100 hic
1237 1062 1754 1118 appensam,quam
1778 1062 1884 1117 pro

276 1150 383 1187 sua
412 1135 470 1187 in
503 1151 637 1188 eum
660 1135 897 1206 antiqua
918 1135 1221 1191 devotione
1243 1136 1588 1201 asservabat,
1605 1135 1882 1207 superdu-

274 1222 385 1276 ctis
413 1223 701 1277 coloribus
729 1240 905 1294 opera
936 1224 1067 1277 dicti
1097 1225 1274 1294 patris
1298 1224 1574 1278 Bernardi
1617 1224 1679 1278 in
1724 1222 1884 1277 simi-

270 1312 393 1366 lem
425 1311 605 1366 sancti
641 1311 904 1367 Ludovici
932 1312 1508 1382 reprazsentationem
1537 1311 1883 1379 delinearet;

272 1400 409 1455 huic
426 1399 600 1470 igitur
630 1399 786 1470 operi
812 1403 881 1455 2O
913 1400 1171 1470 ejusdem
1190 1400 1399 1455 mensis
1421 1401 1671 1471 primam
1689 1400 1888 1455 admo-

274 1492 371 1542 vet
388 1504 628 1542 manum
648 1488 708 1542 P.
736 1488 1123 1543 Bernardinus
1140 1493 1198 1543 et
1235 1489 1502 1560 imaginis
1521 1487 1764 1543 fundum
1794 1488 1882 1542 in-

275 1575 404 1628 dico
434 1591 536 1645 pro
552 1592 714 1629 more
727 1576 985 1631 oblinere
1010 1578 1579 1648 aggreditur.Verum
1596 1594 1727 1631 cum
1743 1593 1883 1647 opus

276 1666 351 1719 ob
374 1663 747 1734 exiguitatem
773 1666 1117 1737 displiceret,
1176 1666 1600 1739 supervenienti
1653 1668 1883 1722 cuidam

1991 512 2305 566 Gemifrem
2338 513 2564 567 notario
2594 516 2649 566 et
2669 513 2853 568 scriba
2871 512 3050 568 Curite
3078 514 3383 586 spiritualis
3396 516 3591 571 Caval-

1988 600 2213 655 licensis
2243 601 2625 673 subscriptum
2646 606 2702 655 et
2727 602 2911 673 sigillo
2943 603 3249 674 episcopali
3281 605 3591 674 munitum,

1989 691 2144 762 quod
2171 708 2285 744 una
2313 708 2442 744 cum
2495 690 2769 762 prmdicta
2798 691 3071 763 imagine,
3119 708 3291 763 supra
3322 693 3591 761 exhibita,

1991 778 2351 833 Carthusiam
2384 779 2455 833 ab
2486 779 2691 834 eodem
2713 782 2775 833 D.
2807 780 3073 852 Dionysio
3105 781 3508 836 transmissum
3530 782 3592 838 in

1988 867 2282 922 tabulariis
2335 867 2539 922 domus
2586 867 2877 939 integrum
2921 874 3257 924 asservatur.
3289 891 3315 917 »
3355 870 3594 941 Majores

1988 956 2313 1028 nostri,qui,
2338 958 2831 1029 quemadmodum
2860 959 3169 1030 suprajam
3185 959 3450 1027 indicavi,
3471 977 3593 1015 sese

1989 1063 2020 1099 e
2044 1046 2341 1100 Carthusia
2369 1046 2570 1116 majori
2604 1051 2940 1119 conceptam
2959 1048 3112 1102 hisce
3126 1049 3310 1103 verbis
3342 1048 3591 1104 miracu-

1986 1137 2047 1202 li,
2066 1136 2121 1189 in
2154 1136 2211 1189 S.
2246 1135 2526 1189 Brunonis
2553 1136 2804 1207 imagine
2831 1138 3417 1208 patrati,relationem
3431 1155 3591 1194 acce-

1988 1224 2156 1297 pisse,
2214 1224 2272 1277 in
2331 1222 2593 1295 margine
2642 1224 3043 1296 ascripserunt,
3096 1228 3293 1281 notula
3329 1227 3591 1299 apposita

1989 1314 2164 1367 etiam
2193 1316 2454 1380 monent,
2483 1330 2602 1367 sese
2654 1316 2711 1367 et
2741 1313 2897 1368 illam
2938 1314 3129 1369 Sancti
3160 1316 3498 1386 imaginem,
3532 1318 3592 1371 et

1987 1402 2173 1474 ipsum
2194 1402 2645 1456 instrumentum
2673 1403 3088 1472 authenticum,
3123 1405 3392 1476 cujussub
3410 1406 3590 1460 ﬁnem

1980 1490 2108 1561 jam
2141 1491 2287 1544 data:
2319 1490 2614 1544 relationis
2643 1491 2862 1545 mentio
2888 1491 2973 1558 fit,
3002 1492 3060 1546 in
3091 1494 3320 1560 sacello,
3359 1493 3416 1549 8.
3455 1494 3593 1548 Bru-

1986 1577 2200 1633 noniin
2226 1579 2524 1634 Carthusia
2554 1580 2763 1649 majori
2802 1597 2983 1646 sacro,
3039 1581 3265 1650 vidisse,
3324 1598 3455 1636 cum
3512 1581 3593 1636 ibi

1986 1685 2141 1722 anno
2178 1669 3202 1741 l662,versarentur.Porroimaginis
3218 1670 3364 1725 illius
3395 1688 3591 1726 exem-

274 1752 502 1824 pictori,
537 1752 774 1806 nomine
804 1753 1199 1825 L’Empereur,
1232 1756 1408 1810 tradit
1428 1754 1882 1827 penicillum,ro-
1911 1740 1963 1799 Β
1988 1758 2111 1828 plar
2142 1757 2214 1811 ad
2242 1757 2492 1827 majores
2511 1761 2734 1812 nostros
2778 1775 2893 1813 una
2911 1775 3039 1814 cum
3062 1740 3325 1815 miraculi
3358 1761 3590 1817 relatio-

273 1853 487 1925 gatqqe
524 1846 584 1897 ut
610 1842 748 1896 illud
769 1842 896 1913 jam
926 1844 1437 1926 benqinchoatum
1460 1843 1881 1900 adinstarima-

272 1937 429 2009 ginis
454 1937 633 1991 sancti
667 1934 930 1990 Ludovici
968 1934 1244 2000 absolvat,
1282 1933 1589 2005 acquiescit
1614 1934 1798 2005 pictor
1828 1936 1886 1988 et

272 2025 809 2097 imaginisfundum
843 2022 1219 2094 atqueipsum
1244 2022 1303 2075 in
1336 2038 1502 2076 cruce
1527 2023 1882 2094 pendentem

270 2114 632 2169 Salvatorem
664 2112 1094 2182 subjectamque
1131 2110 1436 2164 calvariam
1485 2115 1612 2165 atra
1641 2110 1883 2182 fuligine

270 2204 402 2257 oleo
418 2202 653 2257 subacta
669 2200 868 2265 inﬁcit,
900 2199 1208 2253 candidam
1235 2198 1417 2252 sancti
1461 2199 1746 2253 Brunonis
1796 2216 1884 2253 ve-

263 2293 416 2345 stem
436 2290 495 2344 in
517 2289 912 2359 leucophasam
970 2288 1251 2351 demutat,
1285 2285 1557 2358 capitium
1595 2286 1879 2356 producit,

274 2379 536 2434 manicas
562 2376 917 2448 substringit,
944 2392 1048 2446 pro
1075 2377 1294 2429 cuculla
1324 2374 1714 2429 cannabinam
1767 2376 1885 2448 pla-

270 2468 471 2539 gulam
503 2466 696 2529 assuit,
726 2469 908 2520 totam
939 2463 1187 2535 denique
1236 2463 1577 2535 imaginem,
1634 2463 1884 2535 demptis

274 2554 591 2613 Pontificiis
638 2553 977 2625 insignibus,
1008 2552 1158 2624 pedo
1190 2551 1405 2606 scilicet
1428 2567 1493 2606 ac
1523 2551 1717 2619 mitra,
1750 2568 1882 2606 san-

276 2646 469 2717 ctique
497 2642 780 2698 Brunonis
805 2641 1013 2713 capite,
1045 2642 1101 2696 in
1133 2640 1305 2694 aliam
1345 2640 1881 2711 transfigurat.Por-

271 2751 365 2800 ro,
392 2733 897 2804 advesperascente
926 2730 1175 2784 multum
1196 2729 1323 2799 jam
1370 2728 1481 2795 die,
1510 2728 1587 2782 sic
1618 2727 1884 2783 affectam

274 2823 549 2877 tabellam
580 2820 856 2874 recedens
880 2820 942 2873 P.
964 2816 1319 2872 Bernardino
1346 2815 1620 2887 relinquit
1650 2833 1664 2871 :
1689 2815 1786 2887 qui
1804 2832 1887 2870 se-

274 2909 607 2983 quentidie,
642 2924 815 2962 mane
846 2907 1020 2972 facto,
1048 2904 1217 2960 alieni
1268 2903 1457 2975 operis
1510 2903 1765 2958 curiosus
1793 2921 1886 2958 ex-

1987 1863 2061 1900 ne
2095 1846 2332 1900 missum
2353 1846 2543 1914 fuisse,
2573 1864 2603 1900 e
2630 1846 3047 1920 verbis,quibus
3062 1849 3185 1904 hmo
3214 1849 3377 1905 initio
3397 1855 3454 1904 et
3478 1851 3596 1907 ﬁne

1985 1934 2324 2005 concipitur,
2360 1936 2631 2005 apparet;
2665 1951 2866 1989 verum
2898 1953 3005 2007 ego
3029 1936 3107 2001 id,
3154 1938 3309 2009 quod
3338 1938 3595 2010 alioquin

1985 2023 2085 2079 teri
2117 2024 2359 2078 incisum
2393 2023 2591 2078 lectori
2623 2023 2714 2078 hic
2739 2024 3092 2092 exhiberem,
3131 2025 3283 2082 inter
3316 2028 3593 2100 sepositas

1986 2113 2055 2167 de
2076 2112 2132 2166 S.
2178 2113 2446 2166 Brunone
2476 2111 2710 2166 notitias
2739 2112 2995 2166 invenire
3016 2114 3171 2168 haud
3195 2114 3367 2187 quivi.
3401 2117 3592 2172 Unum

1984 2200 2161 2255 modo
2195 2200 2563 2272 adhuc,quod
2578 2200 2887 2266 miraculis,
2918 2218 2952 2255 a
2975 2200 3184 2257 Sancto
3217 2203 3399 2271 factis,
3439 2205 3594 2275 apud

1986 2289 2294 2344 Surianum
2318 2290 2944 2361 accensetur,quodque
2958 2307 3176 2346 annum
3205 2294 3337 2348 1624
3351 2310 3593 2365 praeces-

1983 2377 2075 2445 sit,
2101 2378 2353 2433 studioso
2376 2378 2600 2441 lectori,
2632 2382 2945 2449 antequam
2978 2379 3051 2433 ad
3081 2380 3211 2447 alia,
3245 2382 3320 2435 ad
3346 2382 3594 2453 gloriam

1985 2465 2177 2521 Sancti
2208 2467 2576 2539 posthumam
2618 2467 2957 2538 spectantia,
2985 2484 3319 2525 sermonem
3357 2487 3597 2527 conver-

1984 2560 2128 2621 tam,
2148 2555 2235 2609 hic
2258 2555 2527 2610 exhibeo.

2022 2667 2026 2671 έ
2069 2647 2157 2699 20.
2205 2644 2299 2697 His
2330 2643 2514 2698 verbis
2564 2645 2912 2716 exponitur:
2950 2666 2977 2695 «
3026 2645 3195 2701 Anno
3258 2649 3414 2714 1623,
3459 2663 3594 2703 cum

1986 2735 2133 2787 esset
2158 2731 2316 2802 prior
2338 2733 2401 2785 D.
2416 2733 2664 2787 Joannes
2675 2732 2933 2788 Manduci
2949 2733 3018 2787 de
3040 2734 3365 2790 Seminaria
3382 2736 3594 2808 oppido

1986 2819 2243 2875 dieeccsis
2268 2818 2575 2885 Militensis,
2594 2820 2692 2892 qui
2714 2822 2920 2875 sacella
2952 2821 3049 2876 SS.
3073 2822 3348 2894 Stephani
3378 2828 3435 2878 et
3462 2826 3598 2879 Bru-

1987 2908 2174 2975 nonis,
2204 2907 2312 2961 sita
2340 2907 2398 2961 in
2430 2910 2751 2963 transversa
2782 2911 2943 2979 parte
2975 2910 3227 2964 ecclesias
3273 2912 3377 2966 sub
3433 2913 3592 2968 tholo

273 3002 556 3073 plorator,
591 2998 728 3053 dum
760 2996 1080 3067 imaginem
1108 2994 1346 3067 prepius
1372 2993 1650 3058 intuetur,
1703 2992 1886 3046 haeret
1916 3023 1964 3083 ρ
1987 2996 2378 3051 marmoribus
2408 2995 2843 3051 versicoloribus
2874 2998 3057 3051 Roma
3102 3015 3318 3069 magno
3359 3003 3595 3072 sumptu

272 3088 574 3151 attonitus,
602 3090 660 3141 et
681 3086 949 3141 inusitato
979 3100 1237 3138 successu
1268 3081 1678 3155 perculsus,vix
1707 3080 1885 3136 oculis

271 3176 388 3231 suis
419 3175 619 3239 credit,
649 3175 835 3229 nullus
863 3172 1113 3245 penicilli
1140 3172 1363 3237 ductus,
1397 3171 1619 3224 nullum
1655 3169 1878 3223 coloris.

272 3267 500 3320 nullum
520 3263 695 3319 indici
717 3263 1195 3333 vestigium,pura
1210 3259 1409 3314 omnia
1434 3262 1491 3314 et
1513 3258 1682 3313 veluti
1705 3274 1875 3329 spon-

268 3354 369 3425 gia
399 3354 625 3408 detersa
652 3351 920 3416 existunt,
949 3350 1070 3404 sola
1094 3348 1472 3415 sandaracha,
1491 3347 1645 3401 velut
1674 3345 1731 3399 in
1750 3362 1880 3418 per-

268 3445 513 3513 petuum
544 3441 627 3494 rei
665 3442 841 3510 gestae
872 3436 1324 3502 monimentum,
1353 3435 1452 3489 sed
1469 3433 1709 3506 integris
1726 3433 1879 3505 prio-

267 3531 430 3585 ribus
450 3528 835 3593 lineamentis,
865 3530 1244 3592 remanserat,
1278 3525 1470 3596 sicque
1498 3526 1725 3578 sanctus
1742 3524 1878 3577 Bru-

273 3636 373 3685 no,
412 3619 626 3688 rejecto
660 3616 902 3671 ascititio
941 3616 1205 3669 chemate
1246 3617 1305 3668 et
1341 3614 1553 3677 colore,
1612 3612 1666 3665 in
1728 3614 1880 3665 veste

267 3708 467 3763 nativa
496 3706 773 3761 candidus
798 3704 1133 3777 apparebat.
1155 3704 1303 3773 Ergo
1344 3702 1495 3756 inter
1516 3716 1791 3773 pavorem
1824 3704 1883 3755 et

267 3796 548 3868 gaudium
577 3794 782 3849 dubius
807 3797 971 3866 pater
1000 3790 1387 3846 Bernardinus
1418 3790 1492 3844 ad
1512 3792 1739 3862 patrem
1769 3790 1882 3843 An-

267 3886 493 3939 draeam
524 3883 739 3938 d'Arles
770 3881 1014 3937 ccenobii
1045 3878 1436 3934 Guardianum
1459 3878 1724 3946 accurrit,
1750 3894 1879 3932 rem

266 3989 513 4027 omnem
544 3970 955 4037 communicat,
976 3968 1267 4042 sigillatim
1286 3968 1542 4039 exponit,
1559 3968 1878 4041 imaginem

266 4062 522 4117 exhibet.
598 4097 606 4104 ο

354 4153 438 4205 19.
457 4172 484 4198 ‹‹
505 4148 781 4204 Certatim
814 4165 1017 4203 omnes
1047 4166 1078 4203 e
1109 4148 1284 4203 domo
1314 4149 1533 4218 Patres,
1566 4147 1761 4203 audita
1790 4147 1873 4202 rei

264 4237 543 4305 novitate,
576 4238 805 4302 adsunt,
834 4236 1209 4303 sciscitantur,
1256 4236 1517 4302 audiunt,
1552 4235 1869 4307 imaginem

1986 3085 2235 3140 advectis
2265 3085 2598 3140 exornanda
2620 3073 3314 3157 curavit,coaptandorum
3335 3104 3593 3143 marmo-

1984 3191 2115 3229 rnm
2139 3192 2309 3228 causa
2338 3172 2493 3228 venit
2521 3172 2698 3227 etiam
2748 3174 2859 3227 huc
2916 3173 3049 3226 inde
3097 3174 3331 3245 quidam
3381 3176 3596 3248 Gaspar

1986 3262 2421 3327 marmorarius,
2447 3260 2563 3333 qui,
2588 3261 2825 3315 humani
2853 3260 3081 3331 generis
3104 3262 3266 3317 hoste
3279 3281 3594 3334 suggeren-

1984 3354 2063 3417 te,
2094 3354 2150 3406 et
2188 3349 2374 3405 carnis
2432 3348 2667 3404 formite
2726 3349 3277 3421 titillante,quadam
3320 3351 3411 3406 die
3462 3371 3595 3409 cum

1984 3440 2097 3493 alio
2124 3438 2382 3509 ejusdem
2405 3438 2542 3492 artis
2570 3437 2744 3505 socio,
2764 3438 2915 3493 dicto
2933 3436 3203 3494 Michaele
3225 3438 3595 3507 Siculo,intra

1983 3527 2283 3581 ecclesiam
2302 3526 2359 3581 S.
2391 3527 2579 3581 Marias
2614 3528 2713 3591 (De
2743 3526 2907 3581 Turri
2940 3527 3174 3599 nempe)
3196 3530 3347 3583 solus
3375 3547 3505 3584 cum
3524 3549 3591 3587 eo

1985 3613 2056 3667 de
2086 3617 2242 3668 certa
2267 3613 2507 3668 muliere
2550 3613 2623 3667 ad
2661 3613 2965 3667 inhonesta
3007 3614 3369 3670 sollicitanda
3417 3618 3593 3672 verba

1983 3700 2260 3756 miscebat
2290 3718 2469 3773 prope
2494 3716 2728 3772 parvam
2745 3701 2988 3772 januam
3014 3702 3087 3755 ad
3134 3703 3398 3757 dextrum
3442 3705 3593 3760 latus

1983 3790 2147 3844 dictae
2178 3789 2449 3855 ecclesiae,
2480 3792 2730 3859 tuncque
2764 3791 3003 3859 repente
3044 3790 3307 3857 audiunt,
3341 3794 3591 3861 quatuor

1981 3878 2182 3933 validis
2213 3872 2643 3949 ictibuspulsari
2662 3877 3036 3948 gradus,tunc
3056 3877 3440 3949 ligneos,dein
3459 3897 3590 3937 vero

1980 3967 2237 4039 lapideos
2255 3967 2455 4032 factos,
2491 3965 2696 4036 quibus
2722 3965 2793 4019 ab
2824 3966 3092 4019 exteriori
3140 3969 3304 4038 parte
3337 3969 3589 4025 ecclesia:

1981 4055 2306 4111 ascenditur
2332 4055 2406 4109 ad
2437 4055 2679 4109 chorum
2705 4070 2877 4124 super
2916 4054 3129 4109 atrium
3161 4056 3412 4111 ecclesim
3446 4074 3583 4113 con-

1981 4148 2282 4200 structum.
2320 4145 2407 4199 Ad
2439 4161 2612 4215 quem
2669 4143 2975 4214 strepitum
3027 4145 3331 4200 exterritus
3372 4146 3587 4220 Gaspar

1981 4250 2240 4305 egressus
2272 4236 2355 4287 est
2383 4232 2537 4287 foras
2562 4249 2666 4304 per
2692 4248 2822 4286 eam
2856 4233 3154 4287 lateralem
3196 4233 3466 4303 januam,
3522 4252 3588 4291 ac

264 4328 591 4398 explorant,
614 4329 672 4379 et
700 4342 813 4380 una
842 4341 995 4392 voce,
1038 4324 1243 4396 ingens
1273 4324 1332 4378 id
1354 4341 1473 4379 esse
1506 4324 1875 4393 miraculum,
1899 4305 1953 4363 D
1980 4324 2132 4377 clare
2177 4321 2472 4393 conspexit
2500 4324 2664 4392 terga
2682 4320 3161 4376 monachinostro
3180 4322 3381 4378 habitu
3398 4323 3586 4380 induti

263 4416 614 4471 exclamant.
630 4414 805 4467 Adest
824 4429 1052 4485 quoque
1078 4413 1356 4485 Josephus
1380 4412 1759 4483 L’Empereur
1788 4412 1876 4483 pi-

263 4507 413 4568 ctor,
446 4500 711 4574 promissi
744 4517 991 4567 memor,
1018 4516 1259 4571 pensum
1290 4499 1671 4566 absoluturus,
1716 4500 1817 4555 sed
1846 4516 1881 4554 a

260 4594 432 4663 patre
457 4588 1003 4659 Bernardino,quod
1024 4588 1328 4653 acciderat,
1363 4587 1706 4642 miraculum
1738 4587 1875 4643 edo-

261 4682 412 4745 ctus,
469 4678 807 4749 prohibetur
856 4678 1004 4730 ultra
1044 4692 1285 4730 manum
1326 4675 1484 4747 operi
1541 4675 1792 4746 (quando
1819 4675 1878 4730 id

261 4767 621 4837 inauspicato
642 4766 910 4836 cesserat)
947 4764 1349 4830 adhibere,aut
1396 4764 1572 4818 ullam
1606 4763 1877 4834 deinceps

264 4856 506 4927 alicujus
539 4854 730 4909 Sancti
759 4853 1016 4923 efﬁgiem
1041 4852 1098 4905 in
1130 4852 1366 4906 alterius
1388 4854 1751 4906 commutare
1780 4868 1877 4922 ag-

262 4943 452 5015 gredi.
492 4942 772 5014 Hisigitur
804 4940 1073 4995 omnibus
1108 4940 1237 4994 visis
1260 4944 1317 4994 et
1345 4939 1571 5006 auditis,
1602 4955 1717 4993 non
1752 4939 1875 4993 sine

263 5032 477 5086 rubore
508 5033 566 5085 et
596 5033 755 5085 metu
768 5029 1035 5084 dominus
1060 5028 1377 5083 Maurissius
1408 5028 1745 5099 imaginem,
1768 5025 1876 5081 sibi

264 5120 609 5184 restitutam,
641 5134 869 5173 summa
898 5133 1031 5171 cum
1062 5116 1429 5171 veneratione
1455 5116 1691 5188 recepit,
1715 5131 1874 5170 eam-

267 5208 519 5279 demque
542 5207 798 5271 tandem,
834 5223 868 5260 a
892 5205 1085 5260 multis
1116 5205 1292 5259 visam
1346 5208 1403 5260 et
1454 5204 1719 5276 religiose
1746 5222 1873 5276 spe-

267 5299 506 5362 ctatam,
542 5297 604 5350 D.
630 5295 902 5366 Dionysio
927 5294 1119 5365 Sailly,
1154 5293 1332 5365 priori
1362 5293 1672 5348 Carthusise
1706 5293 1878 5347 Boni-

269 5400 487 5457 passus,
516 5383 668 5438 dono
701 5383 878 5437 dedit.
916 5383 1105 5436 Exstat
1131 5382 1200 5435 de
1220 5398 1287 5435 ea
1301 5398 1361 5435 re
1376 5381 1876 5438 autlienticumin-

269 5475 721 5537 strumontum,a
740 5471 1057 5526 reverenda
1072 5470 1298 5525 ofﬁciali
1319 5473 1375 5523 et
1390 5470 1598 5524 vicario
1622 5471 1881 5539 generali

1979 4411 2233 4466 vicinum
2278 4427 2481 4464 nemus
2504 4408 2748 4481 petentis
2774 4425 2839 4463 ac
2886 4409 3264 4481 penetrantis.
3304 4412 3379 4465 Ex
3427 4413 3587 4484 cujus

1982 4502 2213 4571 aspectu
2251 4498 2471 4568 majore
2502 4497 2710 4552 timore
2741 4500 2827 4550 est
2856 4498 3167 4568 perculsus,
3217 4516 3349 4554 cum
3403 4502 3584 4573 probe

1979 4588 2147 4641 sciret
2168 4586 2485 4641 monachos
2532 4587 2758 4639 nostros
2797 4601 2900 4638 nec
2932 4585 3030 4640 illa
3056 4586 3145 4640 die
3177 4591 3235 4642 et
3272 4588 3417 4644 hora
3473 4590 3585 4647 illic

1980 4676 2307 4741 adesse,nec
2328 4690 2585 4745 unquam
2606 4673 2757 4727 solos
2773 4689 2841 4727 eo
2860 4673 3130 4729 advenire
3160 4676 3343 4731 solere
3365 4696 3378 4746 ;
3429 4679 3583 4734 unde

1978 4780 2083 4818 nec
2114 4779 2255 4818 vane
2272 4761 2653 4834 opinatusest,
2678 4760 2734 4815 S.
2766 4763 3096 4817 Brunonem
3116 4763 3583 4833 fuisse,cuicordi

1976 4868 2206 4923 semper
2237 4851 2427 4917 fuit,et
2448 4851 2816 4905 esthonestas
2856 4866 2922 4905 ac
2966 4852 3290 4907 sanctitudo
3334 4854 3432 4908 Dei
3477 4855 3579 4910 do-

1976 4957 2138 4995 mum
2170 4939 2397 4993 decens.
2430 4937 2573 4993 Dein
2606 4938 2815 4994 timore
2840 4943 3218 5009 compunctus
3245 4957 3368 4996 rem
3398 4944 3580 4998 totam

1977 5027 2201 5100 aperuit
2232 5029 2294 5081 D.
2328 5026 2550 5081 Mathize
2576 5027 2838 5081 Nucifero
2884 5026 3161 5099 professo,
3211 5030 3270 5082 et
3294 5032 3429 5082 tunc
3461 5046 3583 5085 mo-

1978 5116 2210 5171 nasterii
2230 5115 2475 5170 sacristze
2509 5133 2522 5170 :
2558 5132 2670 5187 quo
2695 5114 3003 5181 referente,
3028 5114 3221 5169 lurcin
3242 5117 3384 5171 Acta
3399 5118 3583 5174 relata

1976 5209 2128 5259 sunt.
2166 5205 2377 5258 Eodem
2429 5220 2581 5258 anno
2612 5203 2709 5257 illa
2738 5202 2948 5256 mulier
2979 5201 3282 5257 interfecta
3312 5208 3397 5258 est
3426 5221 3457 5259 a
3484 5222 3582 5261 co-

1977 5292 2184 5365 gnatis,
2218 5295 2274 5345 et
2300 5291 2512 5363 Gaspar
2544 5290 2613 5345 de
2648 5292 2839 5357 nocte,
2874 5292 3136 5360 tempore
3180 5291 3365 5345 carnis
3398 5292 3581 5363 privii,

1980 5381 2054 5435 ad
2083 5379 2406 5450 proximam
2432 5379 2623 5432 villam
2643 5377 2930 5432 divertens
2946 5378 3195 5447 graviter
3212 5383 3295 5433 est
3317 5380 3373 5433 in
3398 5382 3583 5452 capite

1980 5469 2329 5533 vulneratus,
2359 5467 2457 5520 sed
2495 5463 2649 5519 brevi
2689 5464 3002 5531 convaluit,
3037 5467 3095 5521 8.
3134 5467 3198 5521 Ρ.
3336 5467 3590 5525 llrunoni

274 5559 741 5618 reverendissimi
794 5559 1044 5633 episcopi
1102 5557 1514 5627 Cavallicensis,
1560 5557 1882 5619 Alexandro
1970 5574 2031 5614 se
2058 5554 2474 5611 commendans
2507 5569 2518 5607 :
2549 5550 2646 5626 qui
2690 5553 2757 5606 et
2792 5571 2889 5612 me
2936 5552 3062 5609 haec
3110 5554 3477 5621 scribentem,
3532 5562 3596 5615 ut

703 5658 938 5714 Panon.
973 5656 1126 5713 CLII.

3184 5653 3253 5709 20
