4014 6030
408 198 413 204 .
483 252 588 316 619

1337 257 1395 318 8.
1430 254 1774 317 BRUNONIS
1819 250 2449 315 CARTHUSIANORUM
2476 253 2945 315 INSTITUTORIS

3695 256 3811 314 620

489 382 729 439 missam
764 380 837 439 ad
866 380 1017 437 illius
1048 382 1227 439 altare
1263 387 1321 439 et
1361 385 1649 440 honorem
1684 382 1975 449 offerrem,
2009 399 2099 437 ex-
2118 393 2172 451 Α
2198 382 2545 453 subscriptis,
2580 385 2636 436 et
2664 382 2846 451 sigillo
2880 382 3118 455 alicujus
3148 398 3409 455 personas
3429 380 3487 438 in
3520 380 3811 454 dignitate

486 489 543 529 οι
558 473 673 528 avit
695 491 709 541 ;
742 472 897 544 quod
919 473 1186 540 libenter,
1219 473 1629 541 nesciens,rem
1646 473 1929 527 occultam
1951 488 2090 539 esse,

484 561 745 634 praestiti.
774 582 801 610 »

563 654 650 705 21.
675 651 817 705 Cum
839 651 1117 721 haec,quze
1135 651 1286 723 apud
1308 650 1616 705 Surianum
1643 667 1774 722 pag.
1798 652 1898 704 365
1932 652 1989 703 et
2013 648 2096 703 bi-

487 738 577 794 nis
602 756 761 811 seqq.
821 738 1060 793 Severus
1091 756 1125 793 a
1153 741 1385 811 Neapoli
1414 739 1505 793 hic
1537 741 1753 805 narrat,
1778 754 1931 792 anno
1959 740 2093 795 1623

488 827 780 893 accidisse,
804 828 925 898 ipsa
941 827 1147 897 prodat
1165 827 1297 881 data
1326 827 1494 897 hujus
1514 826 1737 893 relatio,
1771 827 2093 898 eodemque

489 915 663 971 etiam
685 932 837 970 anno
854 915 1043 969 Sancti
1068 915 1247 969 nostri
1271 917 1486 969 cultum
1502 915 1807 986 propagari
1837 914 2094 986 contige-

486 1003 1048 1074 rit,chronologicus,
1071 1020 1241 1075 quem
1266 1004 1423 1074 sequi
1442 1003 1634 1071 statui,
1659 1004 1799 1057 ordo
1821 1002 2016 1074 exigit,
2034 1004 2098 1057 ut

487 1092 558 1148 de
587 1108 648 1146 re
677 1092 785 1145 hac
815 1092 989 1146 modo
1023 1091 1114 1145 hic
1146 1095 1409 1146 tractem.
1456 1092 1689 1146 Publica
1721 1091 1773 1145 S.
1818 1090 2097 1146 Brunonis

484 1180 780 1235 veneratio
812 1181 884 1234 ab
915 1196 1070 1235 anno
1106 1181 1263 1247 1514,
1293 1197 1405 1251 quo
1434 1180 1619 1234 fuerat
1660 1180 1703 1233 is
1734 1179 2012 1253 explicato
2035 1178 2094 1232 in

488 1268 923 1324 Commentario
953 1268 1163 1339 praevio
1187 1272 1292 1337 §47
1324 1269 1435 1323 ritu
1461 1269 1520 1323 in
1553 1270 1857 1323 beatorum
1890 1285 2092 1324 nume-

485 1373 619 1413 rum
645 1359 1039 1428 relatus,apud
1062 1358 1210 1412 solos
1222 1358 1342 1412 fere
1366 1357 1769 1412 Carthusianos
1794 1360 1979 1411 locum
1998 1358 2095 1411 ha-

485 1448 709 1515 buerat,
742 1465 873 1503 cum
905 1449 1165 1515 tandem,
1188 1448 1276 1502 his
1306 1448 1633 1519 agentibus,
1671 1447 1975 1519 Gregorius
2008 1448 2094 1501 XV

484 1553 637 1608 papa
666 1537 963 1603 concessit,
999 1540 1061 1591 ut
1098 1537 1154 1591 S.
1198 1538 1476 1605 Brunenis
1526 1537 1736 1591 festum
1796 1537 2006 1592 missali
2038 1539 2096 1590 et

484 1624 768 1681 breviario
798 1626 1061 1680 Romano
1096 1625 1328 1680 inscribi
1360 1624 1730 1697 officiumque
1784 1625 1855 1679 de
1908 1642 1976 1679 eo
2007 1642 2094 1680 se-

2197 471 2577 526 ecclesiastica
2608 472 2932 526 constituta:
2973 471 3211 526 munitis
3242 472 3446 526 eadem
3473 488 3709 544 prorsus
3742 470 3812 524 ﬁ-

2195 560 2296 614 des
2342 560 2701 627 adhibeatur,
2756 577 2881 631 quaa
2914 560 3294 631 pra-sentibus
3336 561 3732 626 adhiberetur,
3766 559 3818 614 si

2194 648 2389 702 forent
2415 647 2681 702 exhibitas
2704 650 2789 702 vel
2823 652 3085 705 ostensa}.
3138 650 3349 703 Datum
3402 650 3604 703 Romae
3652 649 3813 719 apud

2200 736 2475 791 Sanctum
2508 739 2743 792 Petrum
2761 737 2863 792 sub
2880 739 3093 792 annulo
3126 738 3451 803 Piscatoris,
3478 737 3569 791 die
3603 740 3665 793 l7
3712 738 3816 791 Fe-

2194 825 2411 881 bruarii
2443 826 3160 898 l6?3,pontiﬁcatusnostri
3192 842 3346 880 anno
3364 826 3554 880 tertio.
3585 824 3644 880 S.
3673 825 3813 881 Car-

2199 914 2404 968 dinalis
2435 917 2644 969 sanctae
2673 913 2969 968 Susannaa.
3003 917 3085 968 Ita
3124 918 3228 969 est.
3274 913 3541 968 Silvester
3591 914 3810 986 Spada,

2196 1002 2565 1057 illustrissimi
2591 1005 2648 1057 et
2705 1003 3179 1061 reverendissimi,
3215 1002 3437 1057 domini
3489 1001 3816 1058 Cardinalis

2199 1091 2393 1145 vicarii
2422 1090 2700 1146 notarius.
2734 1112 2761 1139 ››
2789 1091 2963 1146 Locus
2989 1090 3061 1163 ᾧ
3081 1090 3281 1161 Sigillz'.

2270 1181 2359 1235 23.
2393 1179 2723 1250 Apostolico
2754 1179 2885 1234 huic
2943 1180 3097 1233 brevi
3124 1181 3250 1250 jam
3282 1180 3585 1251 praeiverat
3633 1195 3815 1233 sacrm

2201 1266 2682 1339 Congregationis
2711 1268 2926 1322 rituum
2957 1268 3268 1333 indultum,
3303 1285 3417 1340 quo
3439 1268 3620 1335 idem,
3654 1268 3815 1339 quod

2194 1372 2298 1428 per
2320 1356 2471 1410 istud
2497 1356 2589 1410 hic
2615 1356 3130 1422 conceditur,anno
3155 1360 3309 1423 1622,
3317 1356 3445 1426 jam
3468 1357 3658 1411 fuerat
3671 1373 3819 1411 con-

2194 1460 2435 1497 cessum.
2480 1445 2670 1498 Exstat
2688 1445 2743 1498 id
2764 1445 2981 1516 pariter
2994 1445 3145 1516 apud
3163 1446 3534 1499 Benedictum
3550 1445 3663 1499 XIV
3684 1446 3816 1500 loco

2195 1532 2457 1602 proxime
2492 1534 2687 1601 citato,
2734 1533 2925 1604 sicque
2973 1533 3151 1587 habet
3198 1550 3212 1587 :
3242 1556 3269 1584 «
3303 1533 3744 1605 Supplicationi,
3779 1552 3815 1588 a

2197 1619 2436 1675 domino
2454 1622 2953 1687 BernardoGazio,
2986 1621 3206 1676 ordinis
3235 1622 3651 1676 Carthusiensis
3678 1638 3816 1692 pro-

484 1714 778 1785 mi'duplex
806 1713 897 1768 die
920 1716 1076 1768 sexta
1109 1713 1370 1768 Octobris
1408 1713 1469 1769 in
1501 1730 1677 1786 quam
1702 1714 1841 1768 illud
1873 1714 2092 1781 incidit,
2119 1711 2171 1769 B
2197 1711 2460 1762 curatore
2509 1709 2790 1780 generali,
2844 1726 3018 1763 sacra:
3066 1710 3282 1763 rituum
3351 1709 3807 1780 Congregationi

484 1802 557 1858 ab
579 1801 847 1857 omnibus
876 1801 1088 1873 ubique
1118 1801 1400 1869 ﬁdelibus,
1435 1802 1531 1873 qui
1552 1802 1626 1856 ad
1656 1803 1836 1857 Horas
1858 1802 2093 1857 canoni-

483 1906 577 1945 cas
606 1892 900 1957 tenentur,
926 1890 1102 1944 libere
1136 1907 1198 1944 ac
1225 1889 1378 1944 licite
1412 1890 1641 1945 recitari
1673 1890 1869 1961 possit.
1917 1892 2093 1945 Breve

485 1978 885 2049 apostolicum,
919 1994 1031 2049 quo
1056 1978 1115 2031 id
1138 1977 1291 2045 fecit,
1329 1978 1667 2032 Benodictus
1706 1979 1817 2032 XIV
1862 1994 2010 2049 papa
2062 1995 2093 2033 e

486 2066 785 2123 Carthusia
816 2066 1045 2136 maiori,
1070 2066 1149 2120 uti
1183 2066 1429 2137 ipsemet
1442 2066 1627 2134 docet,
1652 2068 1891 2138 accepit,
1922 2072 2094 2141 atque

481 2155 544 2211 in
575 2153 824 2209 contexti
854 2171 889 2208 a
917 2171 977 2208 se
1004 2154 1074 2208 de
1097 2153 1402 2208 Servorum
1443 2154 1542 2208 Dei
1573 2155 2017 2224 beatiﬁcatione,
2036 2160 2095 2212 et

398 2303 406 2309 ,
483 2243 791 2300 beatorum
825 2241 1259 2296 canonizatione
1282 2242 1473 2312 operis
1500 2242 1707 2297 librum
1738 2244 2097 2314 primumin-

483 2331 621 2385 tutit
649 2347 661 2385 :
694 2330 848 2385 hisce
879 2332 1075 2385 autem
1105 2329 1320 2384 ibidem
1357 2346 1483 2400 cap.
1525 2333 1613 2398 41,
1649 2349 1810 2386 num.
1845 2338 1875 2387 7
1909 2334 2094 2389 verbis

485 2418 805 2490 concipitur
837 2435 851 2473 :
887 2440 914 2467 «
946 2417 1250 2489 Gregorius
1280 2434 1430 2489 papa
1485 2419 1570 2472 XV
1619 2419 1693 2473 ad
1750 2424 2092 2492 perpetuam

482 2506 568 2564 rei
628 2505 999 2562 memoriam.
1066 2505 1297 2560 Domini
1347 2506 1527 2559 nostri
1557 2507 1686 2561 Jesu
1734 2508 1961 2575 Christi,
1995 2509 2092 2580 qui

482 2610 676 2651 servos
706 2610 836 2648 suos
868 2596 1099 2648 acterna;
1133 2592 1329 2665 gloriae
1354 2594 1592 2663 praemio
1628 2594 1807 2649 donat
1829 2596 1886 2649 in
1917 2597 2088 2664 caelis,

482 2684 653 2750 vices,
687 2699 1020 2755 quanquam
1052 2681 1349 2749 immeriti,
1375 2684 1641 2752 gerentes
1680 2683 1736 2737 in
1786 2684 1976 2750 terris,
2026 2702 2091 2739 ex

486 2772 759 2842 adjuncto
787 2769 951 2825 nobis
983 2770 1284 2841 pastoralis
1310 2769 1485 2823 ofﬁcii
1537 2770 1729 2825 debito
1782 2788 2091 2843 procurare

481 2863 771 2925 tenemur,
806 2858 1220 2913 uteorumdem
1238 2873 1529 2912 servorem
1548 2858 1754 2912 Christi
1785 2860 1977 2913 debita
1998 2877 2091 2914 vo-

478 2947 704 3004 neratio
733 2946 921 3002 indies
944 2945 1131 3017 magis
1153 2948 1578 3017 promoventur,
1615 2950 1672 3000 et
1689 2948 1955 3002 laudetur
1981 2950 2091 3002 Do-

478 3036 671 3091 minus
695 3036 751 3089 in
792 3033 1014 3091 Sanctis
1044 3033 1371 3098 suis.Quam
1403 3034 1476 3088 ob
1506 3051 1632 3090 rem
1663 3035 1919 3089 ﬁdelium
1950 3053 2092 3107 quo-

483 3124 777 3189 rumlibet,
804 3121 1127 3194 prazsertim
1150 3138 1283 3175 vero
1316 3122 1418 3175 sub
1450 3121 1604 3176 suavi
1633 3122 1927 3191 religionis
1950 3124 2091 3194 jugo

484 3211 761 3267 altissimo
786 3208 1386 3275 famulantium,votis,
1415 3227 1542 3280 qum
1564 3212 1912 3280 peculiarem
1948 3210 2089 3265 San-

483 3302 710 3353 ctorum
737 3296 1069 3366 hujusmodi
1097 3298 1315 3350 cultum
1358 3301 1415 3350 et
1438 3297 1873 3352 venerationem
1912 3298 2089 3369 respi-

485 3385 663 3451 ciunt,
714 3385 963 3439 libenter
1013 3385 1342 3447 annuimus,
1380 3388 1552 3455 prout
1596 3386 1975 3456 conspicimus
2032 3386 2089 3440 in

485 3473 735 3530 Domino
759 3471 1064 3527 salubriter
1091 3472 1379 3544 expedire.
1417 3493 1445 3523 »

556 3559 1242 3648 2254<Supplicationibus
1274 3560 1467 3633 itaque
1499 3561 1689 3616 dilecti
1720 3549 1819 3617 filii
1868 3565 1933 3617 D.
1965 3564 2094 3617 Ber-

483 3641 656 3707 nardi
678 3648 1069 3716 Gazii,ordinis
1088 3648 1504 3705 Carthusiensis
1522 3652 1905 3723 procuratoris
1924 3667 2095 3722 gene-

480 3741 637 3808 ralis,
663 3740 825 3795 nobis
839 3738 1137 3794 humiliter
1163 3740 1440 3810 porrectis
1466 3740 1725 3794 inclinati
1755 3740 1824 3794 de
1857 3756 2093 3794 venera-

480 3829 687 3886 bilium
733 3830 996 3883 Fratrum
1046 3831 1379 3883 nostrorum
1403 3828 1460 3883 S.
1499 3830 1564 3882 Β.
1600 3830 1660 3883 Ε.
1700 3828 2093 3883 Cardinalium

483 3917 656 3973 sacris
686 3916 888 3970 ritibus
906 3915 1352 3987 praepositorum
1365 3916 1786 3987 consilio,quod
1800 3916 1869 3970 de
1886 3920 2092 3972 caetero

485 4005 778 4079 perpetuis
806 4003 1013 4057 futuris
1038 4003 1399 4073 temporibus
1434 4004 1645 4058 festum
1705 4004 1759 4059 S.
1789 4005 2091 4073 Brunonis,

489 4093 749 4165 ejusdem
779 4091 996 4146 ordinis
1022 4090 1365 4157 fundatoris,
1401 4091 1492 4145 die
1523 4094 1553 4145 6
1587 4091 1865 4159 Octobris,
1897 4111 2011 4165 qua
2035 4094 2095 4149 in

489 4182 697 4237 ccelum
757 4179 1017 4245 evolavit,
1051 4177 1110 4232 in
1140 4178 1353 4233 missali
1387 4182 1445 4233 et
1494 4179 1777 4235 breviario
1830 4182 2095 4237 Romano

2194 1798 2705 1866 porrectae,eadem
2732 1797 3116 1870 Congregatio
3145 1797 3442 1853 communi
3493 1797 3807 1852 illustrissi-

2195 1900 2427 1938 morum
2460 1885 2524 1942 R.
2555 1887 2617 1939 Ρ.
2650 1901 2881 1940 assensu
2896 1887 3192 1952 inclinata,
3224 1886 3422 1941 habita
3450 1887 3626 1942 etiam
3658 1886 3808 1941 San-

2196 1971 2431 2026 ctissimi
2456 1974 2687 2028 Domini
2706 1975 2887 2030 nostri
2903 1976 3368 2042 confirmatione,
3389 1977 3600 2031 festum
3623 1976 3810 2031 sancti

2194 2060 2497 2123 Brunonis,
2531 2062 2790 2132 ejusdem
2806 2064 3026 2118 ordinis
3070 2063 3413 2129 fundatoris,
3449 2064 3540 2118 die
3571 2067 3603 2118 6
3636 2064 3811 2120 Octo-

2193 2147 2331 2215 bris,
2365 2149 2546 2219 quain
2570 2152 2774 2205 coelum
2807 2152 3066 2220 evolavit,
3097 2152 3156 2206 in
3190 2152 3405 2207 missali
3435 2169 3500 2206 ac
3522 2152 3811 2208 breviario

2200 2235 2462 2291 Romano
2484 2239 2710 2309 reponi,
2744 2243 2801 2294 et
2828 2240 3082 2295 ofﬁcium
3115 2241 3186 2296 de
3219 2259 3287 2295 eo
3330 2241 3690 2313 semidnplex
3737 2242 3811 2296 ab

2195 2324 2465 2379 omnibus
2520 2327 2733 2399 ubique
2773 2328 3036 2383 ﬁdelibus
3087 2329 3317 2383 recitari
3368 2330 3669 2384 concessit.
3724 2331 3811 2384 llli

2197 2412 2524 2468 eniminter
2539 2414 2776 2471 Sanctos
2814 2418 3099 2488 prmcipue
3124 2418 3507 2472 universalem
3548 2418 3813 2473 Ecclesia:

2194 2502 2629 2557 venerationem
2658 2506 3016 2576 expostulare
3045 2505 3327 2572 videntur,
3360 2506 3457 2577 qni
3513 2522 3813 2561 sacrarum

2195 2587 2551 2644 familiarum
2586 2590 2942 2647 institutores
2974 2594 3243 2647 militanti
3298 2594 3488 2648 eidem
3544 2594 3811 2649 Ecclesia;

2199 2692 2499 2748 nunquam
2556 2679 2863 2759 interitura
2911 2682 3182 2753 suffragia
3231 2682 3610 2753 reliquerunt.
3685 2682 3810 2753 Sig.

2200 2763 2527 2821 Franciscus
2552 2768 2744 2835 Maria,
2799 2770 3115 2824 Cardinalis
3165 2788 3198 2824 a
3255 2771 3461 2826 Monte.
3519 2770 3691 2824 Locus
3740 2774 3815 2842 sp

2194 2852 2374 2920 sigilli.
2403 2855 2653 2910 Joannes
2699 2858 2952 2929 Baptista
3004 2858 3347 2912 Rinuccinus
3382 2859 3745 2913 secretarius.
3781 2882 3808 2909 ››

2199 2939 2315 2995 Hoc
2345 2930 2823 3014 instrumentum,
2847 2947 3022 3018 quod,
3049 2948 3144 3019 qui
3172 2948 3314 3003 illud
3370 2964 3501 3001 cum
3560 2948 3811 3003 Benedi-

2196 3032 2288 3084 cto
2321 3031 2433 3085 XIV
2460 3050 2611 3105 papa
2639 3036 2708 3088 de
2742 3037 3016 3090 mandato
3050 3036 3346 3090 reverendi
3370 3036 3566 3106 patris,
3589 3036 3815 3090 ordinis

2196 3116 2614 3175 Carthusiensis
2636 3125 2941 3194 generalis,
2977 3125 3444 3189 communicavit,
3472 3125 3815 3179 Ambrosius

2198 3204 2607 3280 Crollet,bujus
2621 3212 2902 3278 scriba,l9
2922 3213 3259 3267 Novembris
3283 3213 3419 3266 anni
3445 3216 3577 3267 1622
3603 3212 3813 3266 datum

2197 3297 2383 3362 notat,
2415 3296 2803 3354 Carthusianis
2818 3301 3143 3370 petentibus
3174 3318 3207 3355 a
3227 3318 3387 3355 sacra
3412 3299 3630 3355 rituum
3662 3300 3816 3355 Con-

2194 3384 2534 3453 gregatione
2574 3387 2683 3441 fuit
2708 3389 3016 3455 indultum,
3044 3389 3295 3460 ipsomet
3350 3392 3666 3455 annuente,
3729 3388 3814 3443 uti

2191 3471 2456 3541 recitata,
2490 3476 2697 3546 quibus
2722 3478 2779 3531 id
2816 3481 3058 3544 constat,
3106 3479 3279 3532 verba
3336 3478 3513 3532 fidem
3564 3478 3811 3544 faciunt,

2194 3575 2423 3616 summo
2454 3565 2726 3633 pontiﬁce
2758 3566 3129 3636 GregorioXV
3156 3583 3169 3633 ;
3207 3566 3521 3636 utproinde
3546 3566 3635 3620 hic
3666 3565 3815 3620 illud

2194 3644 2566 3722 ipsum,quod
2583 3671 2736 3708 anno
2766 3656 2899 3709 1623
2930 3656 3410 3725 perBreve,num.
3455 3656 3514 3708 21
3555 3658 3614 3708 et
3644 3670 3811 3726 seqq.

2193 3742 2527 3809 recitatum,
2562 3741 2950 3796 Carthusianis
2976 3741 3396 3814 postulantibus
3420 3740 3813 3809 concessit,vi-

2195 3847 2279 3884 vae
2305 3830 2455 3884 vocis
2483 3830 2712 3884 oraculo
2754 3834 2926 3884 antea
2974 3829 3318 3900 impertiisse
3362 3828 3642 3884 videatur.
3692 3831 3813 3885 Nec

2193 3920 2423 3974 tantum
2446 3918 2536 3972 hic
2565 3918 2839 3989 pontifex,
2883 3923 2945 3972 ut
2976 3918 3033 3973 S.
3078 3919 3266 3973 Bruno
3316 3934 3420 3989 per
3476 3918 3813 3973 universam

2198 4006 2507 4061 Ecclesiam
2526 4008 2679 4061 cultu
2692 4007 2919 4077 publico
2941 4006 3089 4060 afﬁci
3109 4005 3584 4077 posset,indnlsit;
3604 4022 3814 4061 verum

2198 4095 2515 4167 etiam,quo
2534 4097 2740 4166 reipsa,
2761 4096 2937 4149 etiam
2968 4096 3038 4149 ab
3072 4095 3157 4159 iis,
3205 4093 3301 4166 qui
3361 4095 3435 4149 ad
3487 4095 3664 4149 Horas
3716 4112 3813 4150 ca-

2199 4184 2434 4238 nonicas
2460 4200 2577 4238 non
2605 4183 3271 4251 tenentur,veneratione
3294 4199 3549 4254 congrua
3562 4184 3817 4238 honora-

488 4267 719 4341 reponi,
750 4266 1119 4338 officiumque
1150 4266 1220 4321 de
1251 4282 1319 4321 eo
1346 4267 1699 4339 semiduplex
1726 4269 1798 4323 ab
1830 4271 2098 4326 omnibus
2120 4270 2173 4329 D
2198 4276 2358 4327 retur
2389 4272 2815 4344 indulgentiam
2859 4272 3181 4343 plenariam
3231 4271 3521 4338 omnibus,
3555 4270 3653 4343 qui
3683 4272 3813 4325 luce

488 4357 701 4428 ubique
728 4355 990 4409 fidelibus
1013 4354 1239 4409 recitari
1267 4354 1444 4409 libere
1471 4359 1527 4410 et
1555 4355 1707 4410 licite
1736 4357 1915 4428 possit
1937 4363 2099 4414 etva-

489 4446 627 4511 leat,
652 4444 965 4516 apostolica
994 4444 1333 4499 auctoritate
1360 4446 1563 4500 tenore
1579 4446 1950 4515 praesentium
1967 4464 2100 4502 con-

493 4532 751 4589 cedimus
798 4536 857 4587 et
906 4532 1295 4604 indulgemus.
1352 4532 1628 4597 Quocirca
1677 4535 2098 4591 venerabilibus

490 4621 763 4678 fratribus
794 4620 1148 4693 patriarchis,
1184 4622 1957 4695 archiepiscopis,episcopis,
1988 4641 2096 4679 caa-

488 4710 741 4782 terisque
772 4708 1142 4764 ecclesiarum
1174 4710 1445 4781 praelatis,
1497 4710 1556 4764 in
1613 4711 1876 4766 universo
1920 4716 2097 4768 terra-

488 4816 622 4855 rum
654 4799 792 4854 orbe
819 4798 1159 4866 constitutis,
1192 4798 1556 4871 preecipimus
1587 4802 1643 4854 et
1664 4800 2098 4869 mandamus,ut

486 4886 549 4942 in
580 4887 693 4942 suis
722 4888 1040 4960 quibusque
1064 4886 1332 4953 ecclesiis,
1365 4876 1671 4959 provinciis
1687 4890 1744 4942 et
1763 4888 2098 4945 dioecesibus

490 4982 804 5050 praesentes
836 4980 1060 5032 nostras
1089 4976 1308 5031 litteras
1339 4978 1677 5033 solemniter
1707 4979 2004 5048 publicari,
2039 4985 2097 5036 et

486 5066 559 5121 ab
592 5068 861 5136 omnibus
892 5064 1287 5120 ecclesiasticis
1321 5066 1581 5136 personis
1622 5067 2007 5135 saecularibus,
2040 5073 2098 5124 et

488 5155 824 5226 quorumvis
844 5154 1116 5210 ordinum
1143 5153 1503 5225 regularibus
1531 5154 1769 5208 omnino
1805 5156 2094 5211 observari

483 5242 723 5307 faciant,
764 5259 883 5297 non
915 5242 1275 5297 obstantibus
1316 5242 1818 5296 constitutionibus
1852 5248 1909 5297 et
1937 5245 2091 5298 ordi-

487 5330 818 5385 nationibus
836 5330 1521 5402 apostolicis,ca=.terisque
1547 5330 1847 5385 contrariis
1861 5332 2089 5402 quibus-

487 5434 735 5487 cunque.
770 5419 1042 5473 Volumus
1072 5422 1290 5484 autem,
1320 5422 1380 5473 ut
1413 5421 2089 5491 przesentiumtransum-

487 5505 624 5580 ptis,
648 5506 822 5561 etiam
842 5507 1153 5581 impressis,
1189 5522 1369 5566 manu
1399 5508 1635 5582 alicujus
1650 5508 1854 5564 notarii
1876 5510 2086 5582 publici

2196 4361 2304 4432 ipsi
2333 4377 2492 4415 sacra
2519 4360 3028 4415 Carthusianorum
3059 4359 3322 4414 ecclesias
3346 4359 3662 4427 visitarent,
3691 4360 3813 4415 exi-

2199 4449 2371 4520 gique
2404 4465 2507 4519 pro
2540 4448 2827 4503 lucrandis
2878 4448 3149 4520 plenariis
3178 4447 3556 4519 indulgentiis
3611 4447 3814 4502 solitas

2197 4553 2396 4609 preces
2420 4537 2638 4592 ibidem
2670 4536 3508 4608 etfunderent,propensissime
3532 4536 3816 4590 concessit

2200 4625 2494 4681 Exstantes
2517 4628 2671 4698 apud
2699 4625 3008 4680 Surianum
3029 4626 3251 4679 litteras
3282 4624 3644 4695 apostolicae,
3680 4624 3813 4695 qui-

2196 4713 2304 4768 bns
2335 4714 2392 4768 id
2424 4715 2578 4782 fecit,
2608 4716 2765 4769 lubet
2797 4714 2970 4768 etiam
2993 4715 3101 4768 huc
3134 4712 3534 4767 transcribere.

2268 4805 2356 4859 24.
2387 4804 2771 4877 Sequentibus
2800 4804 2993 4875 itaque
3009 4803 3163 4874 apud
3181 4803 3333 4856 hunc
3358 4801 3487 4857 vita:
3503 4800 3561 4855 S.
3594 4801 3816 4855 Bruno-

2198 4890 2304 4957 nis,
2312 4908 2414 4963 per
2432 4891 2662 4946 Surium
2674 4892 3055 4958 concinnatae,
3075 4893 3599 4945 commentatorem
3624 4889 3816 4944 verbis

2196 4979 2626 5051 concipiuntur:
2654 5002 2681 5029 «
2717 4979 3021 5050 Gregorius
3050 4994 3200 5049 papa
3228 4978 3313 5032 XV
3355 4977 3429 5031 ad
3468 4980 3813 5049 perpetuam

2197 5067 2278 5121 rei
2310 5067 2679 5122 memoriam.
2704 5067 2990 5136 Splendor
3016 5070 3273 5137 paternas
3306 5064 3528 5136 gloriae,
3558 5064 3656 5135 qui
3710 5080 3813 5117 sua

2197 5158 2483 5212 mundum
2514 5157 2801 5211 illuminat
2832 5155 3108 5210 ineffabili
3139 5155 3421 5220 claritate,
3454 5154 3550 5225 pia
3578 5156 3710 5207 vota
3741 5153 3809 5206 ﬁ-

2197 5245 2436 5311 delium,
2493 5246 2563 5300 de
2595 5244 3041 5300 clementissima
3082 5245 3203 5315 ejus
3236 5243 3538 5312 majestate
3569 5257 3808 5312 speran-

2193 5333 2362 5400 tium,
2402 5336 2536 5387 tunc
2564 5333 2851 5405 praecipue
2882 5332 3134 5401 benigno
3181 5332 3374 5386 favore
3421 5330 3806 5401 prosequitur,

2190 5440 2320 5476 cum
2353 5423 2558 5475 devota
2590 5423 2843 5494 ipsorum
2872 5422 3163 5475 humilitas
3185 5421 3531 5476 Sanctorum
3547 5418 3809 5492 precibus

2190 5514 2247 5571 et
2279 5510 2501 5569 meritis
2519 5507 3120 5584 adjuvatur.Volentes
3151 5509 3344 5582 igitur,
3371 5524 3575 5564 omnes
3607 5510 3664 5565 et
3691 5506 3807 5562 sin-
