4010 6032
264 341 364 401 621

1837 332 2019 392 ACTA

3483 334 3589 401 622
3607 298 3620 310 ’

262 465 428 536 gulas
452 459 724 519 eccleaias
751 458 1241 516 monasteriorum
1274 459 1697 518 monachorum
1740 459 1875 545 Car-
1902 460 1959 522 Α
1985 474 2099 531 qua
2120 458 2214 515 hic
2244 457 2410 516 nobis
2431 458 2902 527 sermo,Colonia
2920 459 3407 534 Agrippina,non
3429 478 3584 521 anno

261 552 665 607 thusianorum
680 549 1003 620 ubicunque
1016 549 1380 604 existentium
1392 550 1583 622 aliquo
1596 548 1875 623 spirituali

263 656 509 694 munere
522 637 903 704 illustrare,de
917 637 1335 708 omnipotentis
1350 639 1451 693 Dei
1478 636 1875 693 misericordia

263 743 332 782 ac
363 727 668 782 beatorum
684 724 835 779 Petri
854 728 911 779 et
926 725 1085 780 Pauli
1103 727 1498 797 apostolorum
1529 726 1869 782 auctoritate

262 814 485 881 conﬁsi,
516 813 787 868 omnibus
819 812 1113 886 utriusque
1148 831 1312 870 sexus
1343 814 1546 870 Christi
1584 815 1870 884 fidelibus,

260 921 395 959 vere
410 902 822 976 pauitantibus
836 899 894 956 et
911 903 1183 958 confessis
1202 920 1267 958 ac
1280 921 1439 959 sacra
1458 904 1876 960 communione

258 991 511 1059 refectis,
542 990 640 1062 qui
669 991 923 1063 aliquam
967 1009 1036 1046 ex
1084 992 1248 1046 dictis
1299 993 1550 1048 ecclesiis
1593 993 1684 1047 die
1727 993 1874 1047 festo

260 1081 446 1137 sancti
487 1080 792 1147 Brunonis,
841 1082 997 1134 sexto
1047 1082 1260 1136 mensis
1295 1080 1558 1137 Octobris
1593 1081 1876 1137 celebrari

258 1170 451 1236 solito,
488 1185 521 1223 a
559 1168 761 1239 primis
788 1168 1048 1239 Vesperis
1086 1186 1265 1240 usque
1311 1170 1384 1225 ad
1426 1187 1693 1225 occasum
1741 1170 1877 1225 solis

254 1257 390 1313 festi
407 1256 738 1328 hujusmodi
760 1255 996 1326 singulis
1019 1256 1184 1311 annis
1204 1258 1407 1313 devote
1434 1258 1800 1327 visitaverint,
1821 1261 1879 1313 et

258 1345 338 1401 ibi
356 1362 463 1417 pro
481 1345 942 1400 Christianorum
969 1345 1298 1417 principum
1328 1347 1657 1414 concordia,
1690 1348 1874 1402 hare-

260 1452 390 1490 sum
411 1434 821 1507 exstirpatione
842 1450 908 1490 ac
930 1439 1142 1490 sancta
1160 1436 1359 1491 matris
1385 1436 1644 1491 Ecclesia
1666 1437 1876 1492 exalta-

259 1523 421 1579 tione
455 1523 575 1596 pias
602 1523 675 1577 ad
711 1525 895 1577 Deum
936 1540 1136 1595 preces
1188 1524 1514 1593 effuderint;
1556 1525 1879 1596 plenariam

266 1612 536 1667 omnium
566 1614 942 1684 peccatorum
969 1628 1205 1667 suorum
1244 1612 1667 1685 indulgentiam
1695 1617 1752 1668 et
1787 1630 1878 1667 re-

261 1699 604 1755 missionem
636 1700 1091 1755 misericorditer
1123 1700 1181 1754 in
1214 1702 1464 1756 Domino
1486 1700 1879 1767 concedimus,

1990 551 2146 616 1623,
2188 549 2287 604 sed
2317 566 2471 605 anno
2506 552 2660 617 1624,
2697 550 3047 605 celebratam
3077 550 3267 619 fuisse,
3298 551 3588 625 intelliga-

1984 641 2098 705 tur,
2132 638 2626 710 quemadmodum
2660 655 2815 708 mox,
2848 655 2979 695 cum
3010 639 3072 697 id
3098 639 3362 710 recitaro,
3393 645 3586 698 osten-

1986 725 2142 781 dam.

2052 818 2139 872 26.
2170 816 2262 870 His
2306 816 2494 871 verbis
2534 816 2852 888 concipitur
2906 835 2919 872 :
2973 840 3002 869 ‹‹
3050 818 3442 875 Feriinandus
3488 818 3591 875 Dei

1979 906 2166 977 gratia
2195 909 2406 961 sancta
2440 907 2793 962 Coloniensis
2826 909 3077 963 ecclesia
3131 911 3342 964 electus
3367 911 3425 964 et
3458 926 3592 965 con-

1979 995 2241 1050 firmatus
2265 996 2724 1069 archiepiscopus
2750 996 2806 1051 S.
2839 997 3007 1052 Rom.
3043 1000 3187 1071 Imp.
3241 1015 3346 1070 per
3367 999 3592 1054 Italiam

1980 1084 2528 1151 archicancellarius,
2583 1088 2639 1139 et
2689 1085 2957 1157 princeps
3013 1087 3246 1155 elector,
3292 1087 3593 1160 episcopus

1981 1172 2490 1239 Paderbornensis,
2530 1173 2857 1227 Leodiensis
2904 1177 2963 1228 et
2989 1174 3470 1242 Monasteriensis,
3499 1175 3597 1229 ad-

1982 1260 2340 1315 ministrator
2368 1261 2895 1328 Hildesheimensis,
2925 1262 3287 1317 Corbeiensis
3314 1264 3594 1319 etBerch-

1979 1349 2355 1420 tesgadensis,
2387 1349 2656 1420 princeps
2685 1349 3061 1416 Stabulensis,
3080 1367 3273 1406 comes
3300 1351 3591 1407 Palatinus

1980 1437 2185 1503 Rheni,
2230 1437 2526 1508 utriusque
2562 1437 2832 1504 Bavaria,
2872 1439 3250 1511 Westphalia,
3302 1439 3589 1512 Angaria,

1981 1524 2253 1579 Bullionis
2301 1526 2432 1593 dux,
2490 1524 2746 1580 marchio
2804 1526 3348 1596 Francimontensis,
3400 1543 3596 1583 comes

1983 1613 2290 1680 Lossensis,
2328 1613 2683 1685 Longieusis,
2720 1614 3050 1682 Hornensis,
3084 1614 3141 1668 S.
3176 1614 3338 1671 Sedis
3362 1618 3593 1688 aposto-

1983 1700 2104 1755 lica
2136 1702 2358 1771 legatus
2384 1704 2570 1768 natus,
2600 1704 2707 1756 etc.
2740 1702 3063 1758 Venerabili
3099 1704 3251 1758 clero
3281 1708 3339 1758 et
3364 1704 3592 1759 univer-

267 1789 652 1861 prasentibus
676 1788 968 1860 perpetuis
988 1788 1196 1842 futuris
1220 1790 1578 1860 temporibus
1606 1789 1881 1844 valituris.
1914 1775 1964 1834 Β
1983 1789 2079 1856 sis,
2108 1805 2172 1843 ac
2199 1788 2440 1860 singulis
2490 1789 2695 1844 Christi
2732 1790 2995 1845 fidelibus
3033 1790 3273 1845 civitatis
3312 1795 3369 1846 et
3414 1792 3596 1847 archi-

268 1874 547 1931 Volumus
603 1880 818 1944 autem,
868 1876 1023 1948 quod
1071 1877 1443 1947 prasentium
1506 1876 1883 1948 transumptis

264 1964 446 2019 etiam
469 1965 974 2037 impressis,manu
1010 1964 1245 2036 alicujus
1277 1964 1485 2019 notarii
1514 1964 1725 2035 publici
1750 1966 1881 2020 sub-

260 2053 490 2124 scriptis
514 2055 571 2107 et
594 2053 780 2124 sigillo
804 2053 1042 2123 alicujus
1071 2070 1333 2126 persona
1365 2052 1423 2106 in
1465 2052 1747 2123 dignitate
1787 2069 1880 2108 ec-

260 2141 578 2196 clesiastica
608 2141 933 2196 constituta
976 2142 1234 2208 munitis,
1260 2142 1467 2196 eadem
1488 2157 1722 2212 prorsus
1738 2141 1880 2197 fides

250 2229 620 2297 adhibeatur,
638 2246 767 2301 qua
790 2229 1169 2303 prasentibus
1196 2229 1592 2295 adhiberetur,
1611 2228 1656 2282 si
1679 2230 1879 2286 forent

252 2316 525 2372 exhibita
553 2318 639 2372 vel
654 2322 916 2372 ostensa.
937 2318 1149 2371 Datum
1170 2317 1368 2370 Roma
1391 2317 1545 2388 apud
1562 2317 1620 2372 S.
1641 2318 1877 2373 Mariam

258 2405 365 2475 Maj
375 2421 540 2460 orem
556 2406 659 2459 sub
674 2407 886 2460 annulo
902 2405 1203 2478 piscatoris
1216 2405 1309 2460 die
1324 2407 1394 2461 31
1398 2406 1518 2473 ulii,
1542 2423 1697 2463 anno
1718 2410 1875 2477 1623,

253 2493 631 2566 pontiﬁcatus
662 2494 843 2549 nostri
873 2510 1028 2549 anno
1058 2494 1251 2549 tertio.
1288 2516 1315 2543 »

336 2585 427 2637 25.
459 2580 754 2647 Surianus,
779 2582 1079 2653 pontificia
1116 2584 1243 2649 hac,
1266 2599 1380 2654 qua
1410 2584 1728 2654 quamlibet
1743 2585 1876 2641 Car-

254 2670 666 2725 thusianorum
696 2669 997 2723 ecclesiam
1021 2669 1113 2723 die
1138 2673 1295 2724 sexta
1324 2670 1584 2726 Octobris
1618 2690 1715 2727 seu
1750 2675 1874 2729 luce

256 2757 315 2812 S.
344 2757 599 2811 Brunoni
630 2774 790 2811 sacra
818 2757 1322 2830 frequentantibus
1364 2760 1725 2832 indulgentia
1752 2763 1872 2833 ple-

251 2845 420 2899 naria
451 2863 484 2900 a
513 2845 789 2916 Gregorio
810 2846 897 2899 XV
919 2846 1028 2900 fuit
1059 2863 1350 2915 concessa,
1367 2864 1500 2919 pag.
1519 2850 1621 2903 266
1655 2853 1713 2904 et
1750 2867 1869 2922 seq.

250 2933 495 2989 recitata
522 2934 702 3001 bulla,
732 2949 867 2989 mox
894 2935 1192 3007 subjungit
1221 2952 1234 2989 :
1271 2959 1297 2985 ‹‹
1328 2936 1441 2990 Hac
1467 2940 1663 2991 autem
1695 2937 1869 3005 bulla,

1986 1876 2243 1933 diacesis
2291 1881 2499 1932 nostra
2557 1878 2912 1933 Coloniensis
2951 1880 3195 1934 salutem
3236 1879 3295 1933 in
3344 1880 3592 1935 Domino

1985 1966 2420 2037 sempiternam.
2452 1965 2595 2021 Cum
2639 1967 2786 2020 Deus
2816 1966 2944 2037 Opt.
2979 1968 3117 2021 Max.
3154 1969 3325 2022 Pater
3355 1968 3450 2022 ille
3483 1968 3593 2023 mi-

1984 2052 2425 2107 sericordiarum
2457 2070 2560 2124 pro
2588 2056 2830 2125 paterna
2852 2072 2953 2109 sua
2988 2056 3351 2126 providentia
3376 2059 3433 2110 et
3462 2056 3591 2111 infi-

1985 2140 2109 2195 nita
2135 2157 2273 2211 erga
2294 2157 2399 2196 nos
2423 2141 2698 2196 charitate
2721 2160 2851 2197 suos
2868 2143 3185 2215 quibusque
3202 2144 3342 2199 locis
3364 2149 3422 2199 et
3442 2148 3592 2200 tem-

1985 2228 2221 2301 poribus
2237 2228 2476 2283 Sanctos
2503 2230 2656 2284 varie
2689 2231 3041 2302 dispertitur,
3072 2236 3132 2286 ut
3166 2232 3331 2286 nobis
3362 2231 3423 2287 in
3456 2234 3592 2288 cali-

1985 2317 2187 2389 ginoso
2219 2317 2328 2372 isto
2360 2318 2579 2372 mundo
2607 2318 2759 2373 inter
2783 2323 2870 2374 tot
2899 2319 3238 2391 dogmatum
3270 2337 3334 2375 ac
3361 2338 3592 2377 morum

1985 2421 2210 2460 errores
2230 2405 2417 2459 facem
2442 2406 2776 2476 praeferant,
2797 2424 2860 2462 ac
2889 2407 2949 2461 in
2980 2407 3129 2462 viam
3151 2409 3347 2463 salutis
3359 2413 3593 2466 aterna

1984 2493 2144 2565 quasi
2172 2507 2351 2547 manu
2379 2494 2612 2561 ducant,
2628 2498 2749 2549 tum
2768 2512 2900 2549 vero
2923 2488 3144 2567 jugiter
3161 2497 3308 2551 hanc
3334 2501 3594 2552 nostram

1985 2582 2391 2637 Coloniensem
2448 2583 2745 2637 ecclesiam
2789 2583 2965 2638 oculis
3000 2602 3114 2639 sua
3156 2585 3590 2657 benignissima

1979 2669 2388 2725 misericordia
2420 2672 2668 2741 respexit
2695 2675 2753 2725 et
2782 2672 3002 2726 cateris
3025 2674 3179 2728 orbis
3194 2676 3481 2729 terrarum
3504 2691 3593 2731 re-

1980 2753 2248 2829 gionibus
2271 2774 2335 2811 ac
2361 2757 2670 2830 provinciis
2685 2760 3133 2815 eminentiorem
3154 2762 3428 2830 reddidit,
3445 2752 3584 2819 dum

1978 2845 2423 2901 clementissime
2452 2846 2630 2901 voluit
2677 2850 2735 2901 et
2763 2848 3062 2915 concessit,
3097 2852 3157 2902 ut
3199 2850 3585 2921 plurimorum

1976 2934 2481 3005 maximorumque
2500 2932 2843 2989 Sanctorum
2866 2952 3095 3007 parens,
3111 2937 3316 3005 alitrix,
3341 2939 3580 2993 domici-

248 3023 407 3076 velut
434 3021 666 3085 classico
689 3025 1059 3092 personante,
1092 3023 1233 3078 varii
1260 3023 1549 3079 variarum
1565 3025 1870 3097 regionum
1894 3057 1943 3118 Ο
1972 3022 2115 3077 lium
2148 3026 2205 3076 et
2232 3025 2418 3076 custos
2438 3026 2620 3090 esset;
2652 3039 2901 3095 quorum
2946 3025 3222 3079 nimirum
3274 3026 3493 3081 meritis
3524 3032 3583 3083 et

249 3108 710 3180 excitatipopuli,
730 3110 997 3164 certatim
1018 3110 1258 3182 quisque
1281 3127 1386 3182 pro
1408 3128 1509 3166 sua
1524 3112 1583 3166 in
1606 3117 1869 3168 sanctum

249 3197 589 3251 Brunonem
635 3197 995 3269 religiosiore
1035 3200 1419 3267 observantia,
1453 3204 1867 3271 exaggeratum

246 3285 471 3339 cultum
496 3284 707 3355 (eidem
726 3302 938 3358 nempe
958 3286 1015 3341 8.
1033 3287 1302 3357 Brunoni)
1329 3288 1868 3358 impenderunt,»ac

245 3370 459 3426 deinde
487 3375 705 3438 narrat,
732 3377 947 3444 quanta
965 3374 1332 3428 solemnitate
1357 3392 1421 3429 ac
1440 3392 1656 3448 pompa
1672 3376 1864 3432 Sancti

246 3457 462 3513 festum
508 3458 760 3515 Colonia
804 3461 1135 3533 Agrippinae
1180 3462 1552 3530 nominatim,
1582 3464 1775 3519 Leodii
1806 3468 1865 3520 et

241 3547 387 3602 Lira
430 3548 490 3601 in
518 3549 828 3603 Brabantia
857 3550 1213 3604 celebratum
1246 3553 1370 3604 tum
1402 3551 1593 3605 fuerit.
1630 3553 1701 3605 Ut
1730 3552 1859 3608 bre-

242 3634 401 3690 vitati
437 3637 723 3704 studeam,
758 3636 855 3709 qui
886 3637 946 3692 id
971 3637 1029 3692 in
1069 3638 1247 3708 priori
1275 3656 1306 3693 e
1344 3639 1524 3693 tribus
1548 3638 1701 3694 hisce
1727 3640 1863 3695 civi-

240 3724 475 3791 tatibus,
509 3742 636 3796 qua
663 3725 873 3780 Sancto
894 3726 1100 3780 natalis
1131 3727 1360 3799 obtigit,
1380 3727 1595 3782 factum
1608 3728 1799 3796 fuerit,
1828 3746 1859 3783 e

240 3813 475 3867 laudato
508 3812 701 3867 Sancti
732 3814 895 3881 Vita,
916 3832 1020 3885 per
1040 3814 1270 3869 Surium
1297 3816 1548 3888 scripta,
1566 3832 1861 3872 commen-

237 3901 427 3954 tatore
457 3902 735 3955 lectorem
770 3902 1012 3957 edocere
1044 3903 1321 3958 duntaxat
1350 3904 1528 3959 lubet.
1555 3907 1634 3959 Ac
1668 3905 1856 3976 primo

235 3989 496 4060 quidem,
530 3993 845 4060 antequam
879 3991 1072 4057 verba,
1108 3992 1313 4062 quibus
1360 3992 1406 4046 is
1454 3993 1697 4065 scriptor
1727 4011 1854 4049 rem

231 4077 493 4149 exponit,
526 4078 637 4131 huc
671 4079 1075 4147 transcribam,
1099 4080 1169 4134 de
1189 4096 1359 4137 anno.
1375 4098 1488 4153 quo
1517 4083 1853 4139 solemnitas

236 4163 345 4219 ista
363 4165 617 4219 Colonia
640 4166 974 4238 Agrippina
997 4168 1286 4235 acciderit,
1304 4171 1585 4225 nonnulla
1608 4171 1854 4228 dicenda

228 4253 382 4317 sunt,
418 4269 493 4306 ne
524 4253 655 4324 quis
685 4253 834 4308 forte
873 4254 1053 4321 illam,
1081 4256 1238 4327 quod
1268 4257 1472 4312 litteris
1497 4259 1848 4329 apostolicis,

1972 3110 2276 3182 suffragiis,
2314 3112 2621 3182 postquam
2656 3110 2831 3165 ﬁdem
2865 3112 3128 3183 suscepit,
3162 3113 3411 3169 recidiva
3461 3131 3579 3170 non

1970 3199 2098 3267 fuit,
2134 3198 2234 3253 sed
2265 3199 2324 3253 in
2366 3198 2481 3252 fide
2512 3198 2747 3265 stabilis,
2782 3202 2979 3270 estque
3012 3204 3069 3253 et
3111 3201 3271 3255 audit
3301 3202 3579 3257 Romana

1971 3286 2223 3342 ecclesia
2243 3286 2428 3342 ﬁdelis
2450 3286 2565 3341 ﬁlia
2581 3286 2806 3359 aliaque
2826 3304 2954 3358 qua
2975 3287 3108 3342 inde
3129 3290 3578 3361 veluteperenni

1971 3376 2236 3430 omnium
2260 3376 2548 3431 bonorum
2578 3376 2740 3430 fonte
2783 3376 3102 3430 scaturiunt
3139 3381 3197 3431 et
3226 3378 3578 3448 derivantur,

1969 3463 2356 3535 consequitur.
2382 3466 2536 3518 Inter
2560 3479 2702 3534 quos
2726 3480 2863 3518 sane
2892 3464 3047 3519 velut
3090 3467 3253 3521 stella
3293 3469 3581 3524 matutina

1968 3551 2217 3622 refulget
2236 3555 2463 3605 sanctus
2490 3552 2699 3606 Bruno.
2717 3552 2986 3623 Magnum
3010 3554 3272 3609 Ecclesia
3290 3555 3389 3610 Dei
3405 3555 3575 3611 decus

1967 3641 2026 3693 et
2057 3642 2491 3705 ornamentum,
2518 3639 2650 3693 civis
2680 3639 3057 3707 Coloniensis,
3099 3641 3349 3697 Colonia
3393 3644 3575 3700 nobili

1965 3727 2333 3781 Hartenfaust
2362 3727 2584 3781 familia
2613 3730 2780 3782 natus
2806 3731 2863 3782 et
2892 3730 3184 3796 educatus,
3211 3747 3365 3786 anno
3392 3737 3572 3803 parta

1963 3815 2159 3870 salutis
2174 3818 2303 3887 post
2315 3814 2682 3869 millesimum
2695 3816 3073 3871 centesimum
3086 3818 3276 3889 primo
3290 3824 3571 3888 mortuus;

1960 3906 2091 3975 post
2116 3903 2487 3957 millesimum
2518 3903 2984 3975 quingentesimo
3023 3905 3245 3959 decimo
3298 3911 3504 3978 quarto
3535 3927 3571 3964 a

1963 3992 2151 4046 Leone
2175 3992 2215 4045 X
2236 3991 2388 4045 inter
2420 3990 2659 4046 Sanctos
2675 3993 2907 4058 relatus,
2939 3993 3300 4048 celeberrimi
3317 3995 3482 4065 juxta
3512 4000 3571 4051 et

1960 4079 2301 4135 sanctissimi
2345 4079 2562 4134 ordinis
2588 4078 3003 4135 Carthusiensis
3028 4081 3203 4151 (cujus
3232 4083 3353 4136 laus
3392 4088 3478 4138 est
3506 4084 3565 4139 in

1957 4168 2228 4237 Ecclesia)
2245 4168 2520 4222 fundator
2548 4171 2605 4222 et
2635 4168 2978 4238 patriarcha.
3001 4169 3179 4223 Porro
3200 4186 3386 4240 nuper
3400 4172 3569 4227 nobis

1955 4256 2221 4312 exhibita
2271 4259 2329 4308 et
2364 4254 2643 4310 intimata
2692 4255 2925 4311 fuerunt
2967 4256 3173 4311 littera
3211 4256 3567 4315 Sanctissimi

225 4355 360 4394 mox
393 4339 651 4394 recitatis
684 4358 953 4413 annoque
1000 4346 1134 4399 1523
1169 4343 1337 4410 datis,
1373 4327 1632 4416 proxime
1678 4364 1711 4401 a
1751 4327 1851 4403 Su-
1875 4327 1929 4387 D
1953 4343 2175 4400 domini
2227 4344 2410 4398 nostri
2457 4343 2717 4413 Gregorii
2761 4343 2939 4398 felicis
2991 4344 3409 4401 recordationis
3456 4349 3562 4402 Pa-

225 4426 390 4482 riano
414 4428 721 4496 subdatur,
752 4429 862 4483 hoc
888 4429 1065 4483 etiam
1095 4447 1272 4498 anno,
1307 4432 1462 4503 quod
1495 4451 1560 4488 ex
1589 4434 1846 4491 dicendis

227 4532 390 4571 secus
410 4516 873 4582 habet,evenisse
891 4519 1220 4573 arbitretur.
1247 4518 1611 4576 Solemnitati
1629 4523 1844 4594 itaque,

228 4620 505 4677 qua,cum
526 4605 843 4675 pontiﬁcia,
868 4624 1042 4678 quam
1066 4608 1327 4678 proxime
1344 4611 1847 4677 memoravi,bulla

229 4691 365 4747 data
380 4691 600 4760 fuisset,
617 4692 870 4748 Colonia
883 4694 1216 4765 Agrippina
1235 4695 1292 4749 S.
1324 4696 1608 4751 Brunonis
1634 4698 1844 4754 festum

227 4780 586 4835 celebratum
605 4780 732 4849 fuit,
751 4782 974 4852 praivit
995 4782 1271 4850 edictum,
1304 4801 1417 4856 quo
1448 4783 1845 4842 Eerdinandus

228 4867 495 4940 princeps
506 4868 721 4923 elector
737 4872 795 4923 et
809 4870 1627 4943 arcbiepiscopusColoniensis
1642 4891 1844 4929 omnes

225 4954 647 5010 archidiacesis
690 4974 804 5011 sua
834 4958 1090 5025 clericos,
1111 4962 1174 5012 ut
1213 4958 1431 5014 instans
1471 4961 1529 5017 S.
1562 4962 1842 5017 Brunonis

224 5043 438 5098 festum
469 5059 734 5116 congrua
774 5044 1080 5118 debitaque
1122 5046 1426 5103 devotione
1461 5050 1838 5118 celebrarent,

224 5132 601 5186 vehementer
612 5132 873 5187 hortatus
894 5137 998 5201 est,
1022 5135 1416 5207 nonnullaque
1436 5153 1503 5191 eo
1524 5138 1842 5207 spectantia

223 5218 591 5290 prascripsit.
601 5219 784 5275 Lubet
799 5223 855 5275 et
876 5225 1324 5276 monumentum
1344 5223 1668 5296 illud,quod
1691 5225 1842 5299 inter

227 5306 508 5379 sepositas
522 5308 884 5379 amajoribus
903 5309 1111 5364 nostris
1136 5309 1206 5364 de
1235 5310 1292 5366 8.
1325 5312 1591 5367 Brunone
1608 5313 1841 5368 notitias

230 5393 444 5462 inveni,
478 5395 773 5467 integrum
816 5398 926 5452 huc
970 5397 1373 5466 transcribere,
1406 5402 1529 5454 tum
1567 5418 1639 5455 ne
1680 5401 1841 5472 quid,

236 5485 441 5538 notatu
470 5482 734 5555 dignum,
754 5484 909 5556 quod
921 5484 995 5539 ad
1012 5485 1257 5556 gloriam
1273 5485 1462 5542 Sancti
1474 5488 1845 5558 posthumam

234 5569 394 5640 facit,
410 5573 781 5643 prateream,
798 5575 922 5628 tum
946 5573 1103 5645 quod
1123 5590 1191 5628 ex
1213 5589 1304 5642 eo,
1321 5575 1847 5646 solemnitatem,de

1950 4449 2039 4504 pa
2090 4433 2177 4486 XV
2225 4448 2397 4503 super
2439 4431 2826 4486 celebratione
2860 4431 2989 4486 festi
3025 4433 3452 4491 altememorati
3503 4435 3560 4490 8.

1950 4520 2232 4575 Brunonis
2261 4519 2594 4590 hujusmodi
2621 4520 2724 4573 sub
2756 4523 2978 4574 tenore.
3004 4541 3032 4569 »

2020 4612 2108 4664 27.
2142 4607 2241 4660 Hic
2266 4607 2442 4661 modo
2484 4606 2742 4678 Gregorii
2772 4607 2858 4660 XV
2886 4622 3073 4679 papa,
3104 4608 3201 4680 qui
3232 4626 3385 4666 anno
3422 4615 3558 4669 1623

1948 4697 2041 4752 die
2068 4699 2099 4752 8
2145 4696 2299 4757 Julii,
2336 4712 2399 4749 ac
2448 4694 2637 4765 proin,
2691 4698 3003 4768 antequam
3046 4697 3155 4750 hoc
3200 4697 3558 4756 Coloniensis

1948 4783 2359 4855 archiepiscopi
2381 4782 2630 4837 edictum
2644 4782 3028 4851 emitteretur,
3048 4785 3164 4838 vita
3186 4785 3414 4840 functus
3445 4793 3550 4856 est,

1945 4873 2218 4928 recitatur
2245 4872 2436 4937 breve,
2477 4886 2636 4924 num.
2687 4874 2747 4926 21
2787 4875 2844 4925 et
2873 4875 2942 4926 22
2973 4873 3195 4939 datum,
3234 4890 3299 4927 ac
3340 4874 3550 4929 deinde

1944 4962 2204 5034 pergitur
2226 4960 2333 5014 hoc
2355 4959 2529 5014 modo
2562 4974 2573 5012 :
2611 4980 2638 5009 «
2666 4959 2777 5013 Nos
2804 4958 2996 5031 itaque
3028 4963 3148 5013 tum
3179 4978 3283 5031 pro
3311 4977 3380 5015 ea
3409 4962 3546 5017 obe-

1944 5049 2364 5119 dientia,quam
2382 5046 2727 5102 debemusS.
2757 5046 2886 5101 Sedi
2916 5047 3262 5117 apostolica,
3286 5051 3412 5101 tum
3438 5065 3543 5118 pro

1940 5136 2209 5208 religioso
2228 5137 2424 5189 nostro
2446 5134 2653 5189 affectu
2678 5137 2736 5189 et
2750 5134 3118 5189 veneratione
3141 5151 3279 5206 erga
3306 5135 3545 5192 Sanctos

1942 5224 2064 5290 Dei,
2097 5239 2194 5278 eos
2222 5223 2564 5295 prasertim,
2596 5222 2694 5294 qui
2725 5238 2831 5276 nos
2856 5224 2915 5275 et
2951 5222 3250 5276 ecclesiam
3283 5227 3544 5280 nostram

1942 5311 2179 5386 propius
2207 5310 2571 5381 contingunt,
2589 5314 2791 5364 tenore
2806 5308 3183 5381 prasentium
3205 5311 3549 5366 auctoritate

1945 5398 2258 5472 apostolica
2281 5397 2445 5453 nobis
2468 5396 2795 5463 commissa,
2829 5412 2936 5451 nec
2965 5412 3084 5451 non
3118 5397 3189 5451 de
3221 5397 3459 5453 consilio
3491 5402 3548 5453 et

1946 5503 2229 5544 consensu
2260 5485 2599 5541 venerabilis
2642 5484 2823 5539 nostri
2866 5485 3098 5556 capituli
3145 5485 3307 5541 vobis
3355 5503 3550 5558 supra-

1948 5575 2113 5633 dictis
2129 5575 2348 5631 litteras
2359 5573 2698 5650 apostolicas
2718 5573 3102 5646 notiﬂcamus,
3121 5577 3180 5631 et
3197 5590 3302 5649 pro
3325 5574 3557 5635 illarum
