4010 6032
452 348 554 412 623

1306 347 1363 405 S.
1392 346 1737 404 BRUNONIS
1778 342 2410 404 CARTHUSIANORUM
2447 349 2915 409 INSTITUTOBIS

3666 353 3770 412 624

450 476 813 536 exsecutione
836 473 1071 530 clericos
1096 476 1215 529 tam
1242 475 1541 529 sazculares
1567 489 1741 544 quam
1765 472 2060 543 regulares
2085 475 2142 534 Α
2165 471 2532 543 describitur,
2557 478 2666 532 huc
2683 477 3119 532 transferamus.
3140 474 3453 549 Sequentia
3471 476 3593 533 haec
3611 483 3773 535 sunt:

451 569 613 624 enixe
647 567 704 621 in
730 564 975 621 Domino
1007 563 1357 635 requirimus
1389 564 1446 616 et
1474 578 1802 625 monemus,
1825 565 1885 614 ut
1902 560 2058 614 diem

450 658 625 713 istum
642 653 979 710 solemniter
997 652 1192 707 debita
1207 655 1263 705 et
1276 650 1589 721 exemplari
1608 666 1735 703 cum
1755 648 2061 703 devotione

448 748 608 819 juxta
634 747 897 798 tenorem
931 758 1103 812 supra
1161 740 1333 811 positi
1370 739 1557 793 brevis
1587 737 1885 810 apostolici
1915 737 2062 790 cele-

451 835 643 899 brent,
705 830 940 901 aliisque
1021 827 1227 883 Christi
1307 826 1570 880 ﬁdelibus
1639 843 1739 879 suo
1801 826 2063 894 exemplo

456 923 732 995 praeeunt,
768 918 1135 973 ecclesiarum
1177 932 1310 970 vero
1363 914 1700 979 rectoribus,
1745 912 2066 983 pastoribus

457 1014 509 1065 et
543 1008 719 1064 divini
742 1008 912 1061 Verbi
945 1004 1447 1060 concionatoribus
1503 1002 1756 1057 districte
1804 1002 2067 1072 scrioque

456 1097 821 1171 praecipimus
848 1099 905 1149 et
936 1093 1304 1157 mandamus,
1331 1095 1392 1145 ut
1413 1091 1468 1144 in
1496 1092 1640 1145 festo
1674 1090 1730 1144 S.
1759 1088 2065 1153 Michaelis,

456 1186 612 1259 quod
634 1184 835 1239 incidit
864 1183 923 1236 in
957 1180 1320 1237 Dominicam
1366 1184 1429 1235 17
1459 1183 1587 1251 post
1609 1179 1837 1245 Trinit.,
1867 1181 1933 1233 29
1966 1177 2066 1231 Se-

453 1273 891 1349 ptemb.Christi
914 1271 1067 1326 ﬁdeli
1085 1271 1299 1342 populo
1331 1270 1444 1321 alta
1471 1271 1531 1320 et
1551 1266 1898 1337 intelligibili
1932 1283 2068 1322 voce

454 1365 747 1441 publicent
761 1367 817 1417 et
838 1357 1398 1428 eumdem,exposita
1412 1356 1605 1410 Sancti
1622 1355 2070 1427 vita,diligenter

457 1455 857 1518 adhortentur,
887 1452 1170 1521 quatenus
1196 1447 1407 1501 festum
1443 1445 1565 1514 ejus
1586 1445 1676 1515 pie
1711 1460 1776 1498 ac
1802 1444 2067 1515 religiose

458 1544 690 1607 obeant,
714 1540 867 1594 haud
894 1537 1067 1592 dubia
1096 1554 1215 1607 spe,
1249 1534 1404 1606 quod
1437 1534 1677 1588 Sanctus
1709 1533 1813 1587 iste
1843 1532 2067 1603 origine

458 1634 516 1686 et
542 1628 881 1685 educatione
909 1628 1107 1681 noster
1123 1624 1216 1695 pio
1242 1622 1301 1677 in
1321 1622 1568 1693 patriam
1587 1620 1791 1676 affectu
1810 1637 1914 1675 nos
1935 1637 2065 1691 gre-

460 1735 709 1792 gemque
738 1716 903 1771 nobis
934 1714 1305 1770 commissum
1338 1710 1450 1765 suis
1470 1711 1624 1781 apud
1655 1709 1907 1763 divinam
1940 1726 2065 1763 ma-

2170 563 2443 616 «Festum
2467 564 2543 635 (S.
2577 566 2858 621 Brunonis
2890 565 3187 636 nimirum)
3217 568 3338 619 tota
3378 566 3572 621 civitas
3599 568 3777 639 (Colo-

2168 650 2382 705 niensis
2422 655 2653 725 nempe)
2705 655 3062 721 solemniter,
3105 655 3670 727 jucundantiumque
3715 657 3774 712 in

2166 755 2394 794 morem
2427 742 2737 797 celebravit
2766 747 2822 796 et
2856 743 3212 797 enceeniavit.
3240 744 3413 798 Totus
3455 748 3683 799 senatus
3714 745 3773 800 in

2167 828 2465 884 Carthusia
2477 832 2793 885 secundum
2815 831 3020 885 faciem
3043 831 3385 887 Sanctorum
3403 835 3598 888 laetum
3618 834 3776 889 diem

2168 918 2285 987 egit
2311 921 2431 972 tam
2479 918 2537 973 in
2581 920 2777 987 choro,
2826 938 3003 992 quam
3048 921 3107 975 in
3148 909 3423 976 trichoro.
3469 923 3775 977 Universus

2169 1008 2351 1060 clerus
2377 1010 2434 1061 et
2461 1025 2665 1063 omnes
2687 1009 2927 1064 omnino
2956 1009 3201 1065 aliorum
3224 1010 3496 1065 ordinum
3522 1011 3776 1081 religiosi

2171 1099 2651 1151 contesserarunt.
2711 1099 2777 1151 Et
2834 1116 2905 1152 ne
2960 1099 3189 1170 sequior
3235 1115 3398 1153 sexus
3446 1116 3505 1153 se
3552 1100 3776 1155 doleret

2173 1187 2229 1238 et
2265 1187 2604 1255 quereretur
2653 1187 2964 1253 exclusum,
3015 1190 3148 1241 ante
3194 1173 3423 1259 portam
3470 1205 3676 1259 pegma
3716 1191 3776 1242 et

2170 1274 2496 1343 spectanda:
2560 1274 2978 1345 magnitudinis
3033 1292 3133 1329 ara
3192 1275 3301 1329 fuit
3365 1278 3573 1331 erecta.
3647 1276 3773 1341 Quo

2171 1360 2231 1414 in
2280 1363 2405 1417 loco
2448 1362 2885 1417 confertissima}
2927 1364 3197 1418 mulieres
3239 1364 3474 1419 missam
3517 1368 3575 1419 et
3613 1381 3773 1420 com-

2172 1450 2535 1518 munionem,
2582 1450 3039 1524 concionemque
3077 1452 3255 1507 avidis
3292 1452 3502 1508 animis
3535 1469 3773 1524 excepe-

2168 1542 2322 1592 runt.

2240 1630 2327 1682 29.
2349 1649 2376 1676 ‹‹
2407 1628 2834 1683 Phonascorum
2853 1646 3082 1702 quoque
3105 1647 3221 1684 non
3236 1629 3418 1685 defuit
3440 1630 3497 1685 in
3513 1630 3775 1702 Vesperis

2166 1712 2459 1786 utriusque
2473 1722 2529 1771 et
2543 1718 2710 1772 missa
2726 1718 3081 1790 gratissimus
3100 1723 3429 1773 concentus.
3440 1720 3774 1774 Processum

452 1786 727 1880 jvestat—em
757 1804 1023 1876 precibus
1058 1805 1116 1856 et
1141 1799 1443 1870 suffragiis,
1477 1799 1631 1852 hisce
1660 1796 2065 1869 periculosissi-
2093 1786 2143 1844 B
2171 1807 2256 1858 est
2274 1806 2517 1863 subinde
2540 1823 2645 1877 per
2664 1786 3021 1878 pcﬁstylium
3045 1824 3232 1878 maJus
3247 1824 3376 1863 cum
3407 1824 3475 1861 ea
3494 1808 3776 1880 gravitate

460 1896 571 1952 mis
603 1890 1210 1961 exulceratissimisque
1240 1888 1376 1943 locis
1411 1905 1475 1942 ac
1507 1887 1888 1959 temporibus,
1920 1885 2069 1940 tueri

464 2000 642 2058 porro
679 1985 736 2037 et
764 1994 1103 2036 conservare
1120 1979 1349 2049 perget;
1378 1976 1436 2029 id
1456 1976 1610 2046 quod
1633 1990 1769 2028 sane
1785 1990 1853 2027 eo
1887 1974 2069 2044 magis

459 2071 628 2128 nobis
667 2068 1072 2133 necessarium,
1108 2082 1219 2138 quo
1277 2064 1541 2135 graviora
1582 2063 1653 2116 ab
1692 2062 1895 2116 hmresi
1936 2063 1993 2115 et
2038 2079 2073 2115 a

458 2162 610 2217 bello
638 2159 1010 2213 circumstant
1032 2154 1303 2225 pericula.
1331 2152 1455 2216 Quo
1477 2168 1609 2205 vero
1645 2149 1847 2204 Christi
1876 2150 2074 2203 fideles

460 2248 535 2303 ad
548 2246 805 2301 debitam
828 2243 1261 2298 venerationem
1284 2258 1347 2295 ac
1363 2238 1729 2294 devotionem
1752 2237 2074 2309 promptius

463 2334 794 2391 obeunc‘am
814 2332 998 2403 magis
1015 2330 1353 2395 excitentur,
1373 2328 1764 2398 significamus
1794 2329 2076 2395 praeterea

462 2428 521 2479 et
541 2426 882 2478 attestamur
904 2436 1077 2490 supra
1094 2419 1485 2472 memoratum
1528 2416 1627 2469 SS.
1658 2416 1723 2468 D.
1760 2415 1825 2466 N.
1860 2414 2073 2484 Grego-

458 2513 613 2568 rium
644 2528 855 2584 papam
877 2510 961 2564 XV
993 2507 1119 2563 aliis
1162 2505 1499 2577 specialibus
1528 2503 1732 2557 litteris
1763 2502 2075 2573 (perpetuis

461 2602 667 2657 futuris
722 2596 1078 2671 temporibus
1126 2593 1406 2663 valituris)
1448 2591 1718 2647 omnibus
1779 2590 2073 2661 utriusque

461 2708 624 2746 sexus
654 2688 861 2744 Christi
893 2684 1157 2739 ﬁdelibus
1181 2698 1311 2736 vere
1345 2680 1753 2751 pcenitentibus
1782 2682 1839 2732 et
1857 2679 2077 2732 confes-

461 2780 533 2835 sis
572 2795 637 2832 ac
678 2792 839 2831 sacra
869 2754 1283 2829 communione
1328 2769 1575 2836 refectis,
1627 2767 1724 2839 qui
1774 2765 2075 2821 ecclesiam

464 2865 976 2923 Carthusianorum
1010 2860 1100 2915 die
1141 2860 1286 2913 festo
1331 2857 1386 2912 S.
1432 2856 1735 2922 Brunonis,
1788 2858 1819 2908 6
1862 2853 2077 2908 mensis

463 2953 722 3011 Octobris
753 2948 1032 3006 celebrari
1063 2947 1253 3014 solito,
1284 2963 1317 3000 a
1361 2945 1562 3016 primis
1592 2943 1854 3015 Vesperis
1898 2958 2077 3013 usque

464 3044 537 3099 ad
593 3057 859 3097 occasum
900 3038 1034 3093 solis
1076 3035 1203 3089 festi
1251 3031 1583 3104 hujusmodi
1634 3030 1872 3102 singulis
1914 3029 2078 3084 annis

465 3132 668 3187 devote
697 3126 1069 3191 visitaverint,
1104 3127 1161 3177 et
1192 3121 1270 3177 ibi
1305 3137 1408 3194 pro
1438 3119 1895 3175 Christianorum
1916 3118 2076 3188 prin-

466 3220 658 3292 cipum
679 3216 1010 3282 concordia,
1026 3214 1314 3267 haeresum
1328 3209 1760 3280 exstirpatione,
1777 3223 1841 3260 ac
1855 3205 2077 3260 Sanctae

467 3308 670 3363 matris
696 3303 956 3359 Ecclesia:
987 3300 1332 3357 exaltatione
1387 3297 1508 3368 pias
1547 3296 1620 3349 ad
1663 3298 1845 3350 Deum
1881 3310 2079 3364 preces

467 3394 796 3460 eﬁ'uderint,
822 3393 1144 3465 plenariam
1172 3385 1434 3442 omnium
1452 3387 1823 3456 peccatorum
1843 3399 2079 3436 suorum

467 3481 896 3554 indulgentiam
953 3480 1012 3533 et
1066 3474 1470 3532 remissionem
1523 3470 1972 3525 misericorditer
2021 3469 2082 3524 in

471 3571 722 3628 Domino
754 3566 1119 3623 concessisse.
1994 3558 1997 3559 '

544 3661 634 3716 28.
654 3656 863 3722 «Quod
890 3654 1127 3728 quidem
1159 3668 1264 3707 nos
1295 3651 1377 3706 ita
1407 3649 1861 3715 declaramus,ut
1890 3647 2087 3702 ﬁdeles

471 3746 710 3804 feminei
734 3761 897 3801 sexus
927 3743 1153 3816 (quibus
1178 3741 1365 3796 aditus
1405 3739 1559 3794 intra
1602 3741 1765 3808 septa
1800 3739 2089 3791 monaste-

474 3836 544 3891 rii
591 3839 650 3891 et
682 3833 888 3890 limina
931 3831 1182 3887 ecclesiae
1215 3830 1526 3901 praeclusus
1570 3828 1679 3897 est)
1715 3828 1847 3879 ante
1899 3825 2088 3895 ipsum

476 3923 897 3981 monasterium
929 3921 1044 3976 sive
1073 3918 1370 3974 ecclesiam
1417 3915 1557 3970 foris
1592 3914 1811 3969 orando
1856 3913 2090 3967 easdem

478 4011 869 4084 indulgentias
884 4008 1092 4064 lucrari
1113 4006 1429 4078 possint,et
1453 4003 1748 4056 valeant.»
1777 4001 1921 4054 Cum
1933 4017 2088 4056 anno

478 4103 600 4168 illo,
617 4099 772 4171 quod
800 4094 1215 4160 Ferdinandus,
1234 4090 1589 4147 Coloniensis
1612 4088 2091 4160 archiepiscopus,

482 4188 665 4243 isthoc
687 4184 937 4240 edictum
965 4181 1176 4246 emisit,
1193 4177 1493 4234 Dominica
1514 4180 1643 4247 post
1666 4175 1741 4229 SS
1757 4216 1769 4228 .
1801 4174 2091 4229 Trinitatis

483 4277 697 4332 festum
723 4271 974 4342 septima
994 4268 1220 4323 decima
1262 4266 1321 4320 in
1348 4264 1686 4334 vigesimam
1734 4279 1975 4331 nonam,
2007 4263 2091 4317 uti

2170 1910 2524 1966 pompaque,
2572 1912 2698 1966 quas
2734 1895 2975 1951 Sanctos
3016 1897 3283 1963 deceret;
3315 1912 3468 1967 pone
3497 1900 3777 1968 sequente

2172 1985 2375 2036 senatu
2412 1985 2473 2037 P.
2506 1983 2572 2046 Ο.
2609 1984 2728 2037 Col.
2762 1986 2822 2038 In
2865 1984 2987 2056 ipso
3020 1984 3303 2056 ﬂagrante
3339 1984 3429 2039 die
3463 1985 3605 2039 festo
3638 1984 3779 2039 mis-

2176 2088 2301 2125 sam
2330 2072 2578 2127 cantavit
2593 2073 2734 2128 baro
2772 2078 2829 2128 et
2849 2074 3159 2128 canonicus
3184 2074 3444 2128 Ecclesia:
3487 2077 3783 2147 metropo-

2176 2159 2393 2221 litanae,
2421 2162 2729 2215 diaconum
2752 2163 2870 2234 egit
2893 2180 3089 2217 comes
3118 2165 3175 2217 et
3199 2162 3526 2230 canonicus,
3553 2162 3785 2217 subdia-

2177 2266 2389 2303 conum
2436 2251 2745 2304 canonicus
2784 2252 3101 2323 presbyter.
3140 2253 3199 2304 In
3243 2250 3452 2305 octavis
3484 2251 3640 2322 (nam
3674 2268 3783 2322 per

2178 2341 2327 2393 totas
2355 2343 2580 2393 octavas
2607 2342 2902 2394 conﬂuxus
2934 2341 3128 2411 populi
3156 2357 3273 2395 non
3306 2340 3506 2411 defuit)
3538 2339 3783 2393 vicarius

2176 2428 2523 2482 serenissimi
2580 2427 2853 2499 principis
2892 2429 3126 2483 missam
3164 2446 3391 2501 quoque
3429 2429 3656 2496 cecinit,
3688 2429 3783 2483 cui

2177 2515 2438 2569 canonici
2462 2516 2574 2569 duo
2596 2516 3021 2570 subservierunt
3042 2521 3098 2571 et
3117 2517 3388 2589 phonasci
3415 2520 3536 2571 tam
3566 2516 3623 2570 in
3649 2517 3785 2572 mis-

2177 2620 2259 2671 sa,
2284 2621 2457 2676 quam
2486 2606 2545 2659 in
2575 2606 3139 2679 utriusqueVesperis
3166 2624 3331 2661 suum
3344 2607 3597 2661 officium
3620 2623 3783 2677 egre-

2178 2692 2270 2763 gie
2302 2710 2438 2746 sane
2465 2693 2867 2764 impleverunt.
2902 2695 2973 2748 Ut
3007 2696 3180 2750 verbo
3214 2696 3524 2761 absolvam,
3565 2713 3633 2749 ex
3662 2712 3779 2766 quo

2179 2779 2336 2833 stetit
2362 2780 2458 2834 illa
2481 2782 2797 2848 Carthusia,
2825 2781 2964 2837 nihil
2997 2782 3075 2836 illi
3106 2782 3455 2837 solemnitati
3485 2799 3785 2854 compara-

2183 2868 2316 2935 bile,
2337 2869 2479 2923 nihil
2503 2872 2721 2940 aequale
2744 2870 2902 2925 vidit.
2925 2871 3119 2925 Totius
3144 2872 3377 2925 tandem
3400 2872 3784 2927 solemnitatis

2180 2959 2515 3013 coronidem
2540 2959 2749 3029 adjecit
2776 2962 2893 3031 ipse
2925 2961 3321 3015 serenissimus
3364 2959 3627 3033 princeps
3663 2962 3780 3015 ele-

2178 3052 2303 3102 ctor
2334 3052 2391 3102 et
2415 3049 2803 3120 archiprzesul,
2825 3050 2921 3121 qui
2944 3053 3071 3121 post
3107 3051 3342 3105 Octavas
3377 3050 3639 3122 proxima
3668 3053 3780 3106 Do-

2181 3136 2393 3191 minica
2420 3137 2776 3192 Carthusiam
2804 3138 3065 3206 visitavit,
3100 3138 3155 3193 S.
3204 3139 3613 3193 Eucharistiam
3657 3156 3785 3212 per-

2180 3226 2350 3297 cepit,
2378 3228 2809 3299 hospitatusque
2831 3245 2899 3282 ea
2924 3232 3090 3282 nocte
3118 3231 3202 3282 est
3232 3229 3290 3282 in
3323 3229 3716 3300 pastophorio.
3753 3250 3782 3278 »ι

2187 3315 2543 3369 Coloniensis
2563 3317 3028 3387 archiepiscopus
3044 3316 3435 3372 Ferdinandus
3448 3318 3538 3371 hic
3562 3334 3788 3373 memo-

2185 3403 2633 3459 ratusGuillelmi
2660 3405 2704 3457 V
2735 3405 2982 3459 Bavariae
3015 3407 3170 3460 ducis
3215 3410 3272 3460 et
3316 3407 3535 3461 Renata
3576 3407 3787 3461 Lotha-

2186 3493 2355 3564 ringa
2375 3493 2586 3547 exstitit
2600 3493 2930 3559 filius,anno
2956 3498 3087 3549 1577
3112 3496 3559 3566 natus,qui,cum
3578 3498 3791 3564 patruo

2188 3599 2289 3637 suo
2322 3583 2580 3649 Ernesto,
2615 3582 2939 3637 Coloniensi
2968 3582 3419 3655 archiepiscopo,
3457 3600 3610 3638 anno
3654 3586 3791 3638 1595

2191 3672 2356 3725 datus
2387 3671 2584 3725 fuisset
2604 3671 2925 3741 coadjutor,
2964 3672 3014 3725 ei
3056 3671 3253 3737 etiam,
3297 3688 3451 3727 anno
3494 3674 3631 3726 1612
3676 3672 3796 3726 vita

2189 3758 2408 3825 functo,
2425 3759 2485 3812 in
2504 3758 2904 3813 Coloniensem
2928 3758 3192 3813 successit
3215 3759 3793 3832 archiepisc0patum,

2192 3864 2367 3919 quem
2392 3845 2465 3901 ad
2495 3864 2713 3901 annum
2746 3864 2924 3917 usque
2955 3864 3068 3919 quo
3100 3847 3243 3901 obiit
3286 3850 3419 3901 1650
3451 3846 3669 3918 optime
3699 3847 3799 3902 ad-

2195 3934 2559 3990 ministravit.
2597 3936 2773 3990 Porro
2805 3936 2991 3989 verbis
3021 3935 3282 4005 proxime
3323 3936 3573 3990 recitatis
3605 3936 3801 3990 subdit

2196 4040 2327 4077 mox
2345 4023 2751 4095 Surianus,qui
2781 4024 2972 4078 Leodii
3001 4040 3063 4077 ac
3091 4024 3300 4077 deinde
3323 4025 3420 4095 qui
3449 4024 3609 4091 Lirae,
3642 4027 3801 4095 post-

2194 4128 2367 4183 quam
2396 4114 2458 4164 ut
2483 4112 2723 4166 Sanctus
2754 4115 2911 4166 sexto
2945 4111 3202 4165 Octobris
3224 4112 3314 4165 die
3336 4129 3441 4184 per
3468 4112 3799 4166 universam

2194 4199 2505 4254 Ecclesiam
2546 4200 2660 4254 ritu
2698 4199 3055 4269 semiduplici
3113 4200 3221 4254 coli
3261 4204 3472 4271 posset,
3517 4218 3551 4255 a
3588 4201 3801 4272 Grego-

2193 4287 2277 4341 rio
2302 4289 2389 4342 XV
2411 4305 2561 4361 papa
2608 4306 2760 4342 anno
2797 4291 2951 4351 1623,
2980 4287 3178 4341 fuisset
3213 4304 3566 4355 concessum,
3597 4288 3801 4343 festiva

482 4364 672 4436 ipsum
703 4360 842 4415 mUd
872 4357 1326 4412 instrumentum
1348 4352 1701 4449 ωδηίῖθηδξῗῧ
1733 4351 2091 4449 δθΡίῗδῙΠῙπίδ
2115 4349 2167 4406 D
2192 4376 2314 4447 ejus
2345 4379 2439 4431 lux
2470 4378 2808 4433 soleniniter
2838 4395 2871 4432 a
2898 4377 3189 4449 primariae
3234 4378 3407 4433 etiam
3447 4380 3598 4431 notae
3638 4376 3797 4443 viris,

482 4452 640 4507 diem
670 4446 954 4512 inciderit,
980 4446 1203 4515 hocque
1228 4458 1346 4497 non
1370 4457 1524 4495 anno
1557 4438 1909 4507 1623,5ed,ut
1937 4457 2092 4494 com-

481 4537 709 4612 putanti
739 4534 979 4607 patebit,
1014 4548 1168 4588 anno
1207 4532 1497 4601 1624,quo
1514 4531 1730 4585 Pascha
1751 4529 1842 4583 die
1869 4534 1900 4583 7
1931 4529 2092 4601 Apri-

483 4628 553 4683 lis
583 4642 647 4681 ac
680 4623 847 4697 proin
887 4621 1263 4678 sanctissimae
1294 4619 1588 4674 Trinitatis
1623 4618 1833 4672 festum
1874 4615 1965 4672 die
2009 4635 2091 4672 se-

482 4712 834 4771 cundaJunii
863 4710 1212 4765 celebratum
1232 4708 1361 4775 fuit,
1378 4706 1655 4774 evenerit,
1683 4706 2090 4761 edictumillud

484 4800 789 4877 posteriori
810 4801 921 4855 hoc
949 4814 1103 4852 anno
1127 4814 1240 4869 quo
1269 4795 1443 4850 etiam
1475 4795 1626 4865 apud
1651 4796 1885 4849 Petrum
1905 4794 2091 4850 Choli-

482 4909 625 4949 num
654 4888 906 4947 Colonia:
930 4885 1262 4957 Agrippinae
1297 4900 1560 4938 excusam
1590 4884 1665 4937 ad
1687 4885 1902 4938 calcem
1921 4886 2087 4938 nota-

482 4985 595 5049 tur,
610 4979 831 5035 editum
851 4976 1279 5041 fuisse,necesse
1300 4972 1534 5026 estJam
1554 4987 1687 5024 vero
1702 4987 1833 5024 cum
1851 4970 1907 5024 id
1928 4971 2089 5025 Colo-

480 5067 688 5135 niensi,
721 5067 793 5121 de
816 5081 930 5137 qua
952 5062 1044 5116 hic
1076 5060 1428 5126 disserimus,
1470 5058 1843 5124 solemnitati,
1875 5061 1938 5112 ut
1958 5058 2086 5127 jam

481 5156 699 5211 dictum
718 5149 1025 5225 praeiverit,
1046 5164 1406 5220 consequens
1426 5148 1530 5213 est,
1556 5148 1618 5199 ut
1657 5161 1762 5199 nec
1805 5146 1925 5199 hmc
1951 5149 2085 5200 ante

481 5259 702 5299 annum
726 5241 862 5295 1624
882 5236 1226 5308 contigerit;
1250 5234 1390 5306 quin
1419 5236 1611 5287 autem
1638 5233 1748 5287 hoc
1778 5231 1897 5303 ipso
1929 5248 2083 5288 anno

480 5329 760 5391 evenerit,
781 5325 1162 5381 dubitandum
1197 5339 1316 5378 non
1344 5324 1603 5394 apparet,
1633 5336 1765 5373 cum
1814 5320 2083 5391 equidem

477 5419 634 5475 haud
654 5416 872 5473 dudum
885 5430 918 5469 a
930 5413 1169 5486 praafato
1185 5410 1369 5466 edicto
1389 5411 1579 5463 locum
1592 5408 1704 5461 hab
1712 5407 2085 5478 uerit,quem-

478 5506 795 5563 admodum
829 5518 897 5557 ex
925 5501 1082 5572 ipsis,
1111 5500 1317 5573 quibus
1360 5499 1467 5552 hoc
1514 5494 1853 5566 concipitur,
1898 5496 2084 5551 verbis

478 5596 566 5655 fas
586 5596 673 5650 est
692 5591 998 5663 conjicere.
1014 5589 1201 5645 Verba
1217 5586 1417 5656 modo,
1440 5584 1643 5658 quibus
1670 5601 1739 5641 ea
1772 5601 1807 5640 a
1836 5583 2081 5643 Suriano

2192 4465 2288 4537 qui
2304 4466 2660 4520 Carthusiani
2693 4466 2911 4521 ordinis
2933 4484 3049 4522 non
3074 4466 3471 4535 essent,fuerit
3485 4466 3793 4520 celebrata.

2189 4553 2400 4607 Verum
2433 4571 2564 4608 cum
2594 4572 2626 4609 a
2656 4555 2863 4622 verbis,
2882 4556 3086 4625 quibus
3104 4560 3225 4610 tum
3254 4558 3549 4628 peractam
3570 4555 3627 4608 in
3646 4554 3800 4609 binis

2189 4643 2344 4697 hisce
2376 4642 2697 4698 civitatibus
2716 4644 3142 4699 solemnitatem
3174 4645 3417 4715 scriptor
3431 4644 3525 4699 ille
3540 4641 3797 4714 exponit,

2190 4732 2561 4786 recensendis
2617 4731 2925 4800 abstinere,
2977 4732 3271 4788 brevitatis
3311 4733 3521 4799 studio,
3569 4736 3630 4786 ut
3663 4733 3800 4802 jam

2191 4820 2424 4888 monui,
2482 4820 2553 4873 sit
2618 4820 2829 4887 ﬁxum,
2888 4821 2960 4875 ad
3033 4821 3177 4888 alia,
3240 4838 3367 4892 qua:
3422 4821 3495 4876 ad
3549 4820 3799 4892 gloriam

2190 4907 2383 4963 Sancti
2414 4908 2787 4980 posthumam
2822 4909 3007 4964 adhuc
3032 4914 3311 4981 spectant,
3345 4910 3590 4982 gradum
3620 4907 3799 4963 modo

2186 4997 2355 5052 facio.

2192 5108 2219 5173 §
2252 5106 2339 5158 III.
2370 5102 2636 5178 Fueritne
2661 5102 2893 5159 Sanctus
2931 5123 3072 5178 αηζιο
3112 5108 3247 5162 1623
3286 5105 3616 5178 α-ζῖνεθονίο
3655 5106 3798 5177 XV,

2258 5191 2331 5228 an
2370 5175 2541 5229 serius
2600 5174 2865 5230 duntaxat
2913 5195 2945 5229 (ι
2998 5175 3264 5231 Clemente
3313 5176 3373 5231 X
3426 5174 3799 5246 cdnom’zatus,

2246 5247 2656 5320 -e.ranjcz'natur,_
2685 5247 3016 5318 reliquaque,
3074 5266 3192 5320 quae
3267 5248 3337 5320 (id
3395 5250 3627 5319 gloriam
3681 5250 3800 5319 ejus

2253 5318 2595 5390 posthumam
2619 5316 2853 5388 facimit,
2888 5316 3162 5390 magisque
3191 5316 3443 5373 videntur
3484 5326 3670 5374 natatu
3700 5316 3802 5374 ἰίἰ-

2255 5405 2365 5457 gna
2389 5388 2451 5441 in
2477 5389 2715 5442 medium
2736 5388 3115 5459 proferuntur.

2259 5494 2694 5566 30.Apostolicis
2710 5494 2934 5561 litteris,
2961 5496 3350 5568 §pra3cedenti
3374 5497 3643 5567 recitatis,
3663 5497 3792 5570 qui-

2201 5586 2307 5644 bus
2328 5586 2389 5639 ut
2409 5583 2466 5639 S.
2492 5584 2772 5643 Brunonis
2792 5585 3001 5641 festum
3022 5585 3113 5641 die
3131 5588 3162 5642 6
3186 5587 3464 5654 Octobris,
3481 5604 3592 5660 qua
3604 5588 3676 5644 ad
3687 5603 3799 5645 coe-
