4014 6030
303 250 410 305 625

1874 255 2056 319 ACTA

3520 265 3623 321 626

300 372 978 445 losismigravit,missali
997 376 1053 429 et
1082 373 1364 429 breviario
1383 376 1911 445 Romanoinseribi,
1935 378 1992 439 Α
2017 380 2386 435 manifestum
2412 380 2494 447 fit,
2523 380 2817 435 laudatum
2836 380 3207 437 Ambrosium
3239 381 3451 439 Crollet
3468 384 3528 441 in
3554 403 3626 443 ea

300 460 675 533 ofﬁciumque
701 462 771 515 de
812 478 879 516 eo
918 461 1270 533 semiduplex
1298 464 1369 517 ab
1404 466 1674 519 omnibus
1702 466 1913 538 ubique

295 549 759 605 ﬁdelibuslibere
777 568 840 604 ac
861 552 1010 605 licite
1034 552 1261 606 recitari
1280 553 1477 624 possit,
1507 555 1812 625 Gregorius
1828 556 1915 609 XV

293 654 454 709 papa
484 656 635 694 anno
672 642 805 694 l623
833 640 1127 707 concessit,
1148 641 1592 712 aequipollenter
1613 644 1914 698 canoniza-

292 729 426 781 tum
454 728 729 795 Sanctum
772 744 889 782 non
916 727 1108 793 fuisse,
1163 730 1501 784 Benedictus
1529 732 1640 784 XIV
1672 749 1821 803 papa
1850 732 1910 786 in

288 832 421 883 suo,
442 816 596 888 quod
615 816 1017 871 commentarii
1032 817 1229 887 praavii
1245 818 1370 873 loco
1392 835 1511 873 non
1534 820 1908 889 unolaudavi,

288 904 365 959 de
400 904 710 960 Servorum
729 905 828 959 Dei
852 904 1283 961 beatiﬁcatione
1320 910 1376 961 et
1408 908 1717 963 beatorum
1743 926 1913 963 cano-

288 992 583 1049 nizatione
616 1009 789 1064 opere
820 992 1141 1048 existimat:
1178 994 1259 1048 ita
1300 994 1458 1049 enim
1490 996 1548 1049 in
1576 996 1705 1065 hoc,
1734 997 1832 1052 lib.
1868 1015 1906 1066 I,

292 1096 426 1154 cap.
460 1083 549 1149 41,
585 1098 746 1136 ωιτη.
800 1084 831 1135 6
869 1082 1092 1136 scribit:
1126 1106 1151 1131 «
1187 1083 1349 1137 Nullo
1396 1088 1551 1139 certe
1582 1089 1748 1155 pacto
1799 1085 1910 1141 dici

290 1188 464 1242 posse
498 1170 723 1225 videtur
754 1170 869 1236 (adi
901 1187 1027 1243 quin
1052 1171 1164 1225 huc
1196 1171 1468 1226 facientia
1490 1172 1908 1229 Commentarii

290 1259 493 1330 przevii
524 1262 551 1328 §
581 1261 647 1315 47
699 1258 988 1331 disputata
1019 1260 1171 1331 sunt)
1206 1265 1437 1315 sanctus
1484 1262 1674 1318 Bruno
1703 1279 1737 1316 a
1768 1263 1906 1317 Leo-

290 1365 371 1402 ne
388 1348 808 1403 Xcanonizatus
834 1367 848 1415 ;
868 1348 967 1403 sed
992 1349 1112 1418 ejus
1131 1349 1507 1420 zequipollens
1526 1351 1905 1419 canonizatio,

291 1436 524 1491 eximiis
550 1437 696 1491 tanti
717 1437 823 1491 viri
848 1437 1090 1505 meritis,
1112 1439 1535 1508 praeclarissimi
1553 1439 1767 1493 ordinis
1784 1440 1909 1494 fun-

290 1524 539 1592 dationi,
572 1525 922 1580 continuatte
950 1525 1264 1596 insignium
1288 1527 1702 1582 miraculorum
1733 1528 1905 1584 fama:

285 1615 588 1685 cultusque
629 1613 1009 1680 concessioni,
1062 1613 1317 1686 primum
1355 1615 1591 1686 quidem
1638 1616 1902 1672 universo

286 1701 806 1757 Carthusianorum
834 1702 1025 1757 ordini
1055 1720 1088 1757 a
1110 1703 1553 1769 LeoneXfactas,
1578 1708 1779 1775 postea
1798 1705 1903 1760 toti
1922 1689 1973 1748 Β

282 1790 548 1845 Ecclesiae
573 1792 646 1845 ad
688 1790 915 1845 libitum
962 1807 997 1845 a
1034 1792 1313 1863 Gregorio
1355 1793 1460 1859 XV,
1510 1792 1726 1861 innixa,
1761 1794 1899 1848 assi-

288 1878 531 1949 gnanda
556 1878 782 1932 videtur
806 1895 1035 1933 summo
1066 1879 1323 1951 pontifici
1347 1879 1631 1935 Clementi
1652 1882 1713 1948 Χ,
1749 1884 1810 1935 ut
1835 1898 1902 1936 ex

293 1966 568 2038 sequenti
621 1967 854 2021 decreto
907 1966 1237 2038 colligitur:
1301 1968 1538 2022 «Enixis
1617 1969 1897 2042 precibus,

292 2074 323 2104 »
360 2053 736 2110 Sanctissimo
765 2055 1004 2110 domino
1031 2060 1226 2111 nostro
1255 2056 1537 2111 Clementi
1567 2059 1607 2111 X
1624 2058 1901 2128 porrectis

292 2165 320 2192 η
356 2161 465 2215 per
489 2144 1027 2199 Eminentissimum
1064 2144 1368 2200 dominum
1414 2146 1777 2201 Cardinalem
1805 2147 1898 2200 Ni-

284 2254 316 2283 »
352 2232 593 2287 carduzu
609 2232 845 2288 nomine
863 2233 1645 2305 serenissimazllispaniarum
1658 2233 1897 2307 reginae,

280 2339 317 2373 »
351 2320 560 2393 quibus
592 2321 891 2382 Sanctitati
916 2338 1031 2375 suae
1061 2321 1506 2392 supplicabatur,
1538 2324 1601 2376 ut
1628 2322 1897 2394 dignare-

281 2431 312 2460 »
343 2413 442 2464 tur
472 2409 810 2475 concedere,
867 2409 1022 2480 quod
1070 2408 1326 2464 officium
1372 2410 1553 2464 sancti
1613 2410 1896 2466 Brunonis

278 2520 308 2548 »
342 2497 711 2565 confessoris,
773 2497 1098 2553 fundatoris
1166 2497 1384 2552 ordinis
1450 2498 1892 2567 Carthusiensis,

276 2608 306 2636 »
341 2587 624 2641 hactenus
644 2586 716 2641 ab
743 2585 991 2640 Ecclesia
1028 2585 1334 2640 universali
1365 2588 1470 2641 sub
1503 2587 1618 2641 ritu
1639 2586 1893 2641 semidu-

279 2696 310 2723 »
340 2674 479 2747 plici
510 2674 817 2729 recitatum
862 2674 1085 2747 (supple
1128 2673 1199 2727 ad
1236 2673 1480 2745 libitum)
1511 2674 1893 2745 imposterum

284 2786 317 2814 »
348 2764 455 2818 sub
500 2763 710 2835 duplici
763 2766 1103 2836 recitaretur
1146 2763 1218 2817 ab
1275 2764 1543 2818 omnibus
1599 2764 1892 2836 utriusque

284 2872 315 2900 ››
348 2868 514 2906 sexus
543 2854 666 2905 tam
698 2850 1086 2915 saecularibus,
1149 2867 1324 2922 quam
1385 2851 1762 2922 regularibus,
1795 2851 1893 2923 qui

276 2961 307 2990 »
336 2941 413 2995 ad
442 2941 620 2995 Horas
662 2939 965 2994 canonicas
1006 2941 1300 3005 tenentur,
1337 2942 1394 2992 et
1414 2939 1665 2993 remissis
1692 2957 1725 2993 a
1755 2939 1894 2994 San-
1924 2966 1972 3027 ρ

276 3050 306 3078 ››
350 3029 546 3083 ctitate
574 3045 674 3082 sua
693 3029 766 3083 ad
785 3045 1080 3082 sacrorum
1102 3026 1318 3081 rituum
1342 3027 1890 3099 Congregatiouem,

278 3140 309 3167 ››
352 3118 558 3172 eadem
590 3117 663 3171 ad
690 3116 1033 3171 relationem
1053 3115 1492 3170 eminentissimi
1523 3114 1741 3170 domini
1769 3131 1892 3169 car-

278 3227 310 3254 ››
341 3204 777 3260 dinalisSfortize
795 3205 1033 3271 censuit,
1054 3203 1392 3274 praedictam
1409 3203 1660 3275 gratiam
1684 3220 1890 3258 conce-

280 3314 312 3343 ››
352 3294 410 3347 di
442 3310 631 3365 posse,
679 3292 724 3347 si
767 3293 959 3348 eidem
995 3292 1367 3347 Sanctissimo
1412 3292 1661 3347 Domino
1696 3294 1890 3347 nostro

276 3402 308 3432 »
344 3381 529 3435 visum
569 3380 908 3447 fuerit,die3
948 3379 1130 3435 Martii
1159 3380 1314 3435 1674.
1352 3380 1419 3433 Et
1468 3380 1619 3434 facta
1657 3379 1728 3433 de
1750 3395 1895 3449 prae-

278 3492 310 3520 »
346 3468 511 3525 dictis
543 3467 915 3523 Sanctissimo
946 3468 1228 3523 relatione
1249 3484 1352 3538 per
1369 3484 1462 3521 me
1495 3466 1889 3533 secretarium,

278 3581 309 3608 »
330 3558 615 3612 Sanctitas
634 3575 735 3611 sua
754 3557 1005 3627 benigne
1029 3556 1234 3611 annuit
1256 3556 1347 3610 die
1368 3555 1711 3626 l-iejusdem
1729 3572 1891 3609 men-

276 3669 308 3697 »
345 3645 419 3699 sis
435 3645 639 3712 Martii,
657 3647 715 3698 et
737 3644 873 3698 anni
909 3646 1065 3699 1674.
1088 3667 1115 3692 ››
1724 3652 1733 3661 ‘

350 3732 443 3789 31.
476 3736 559 3787 Ita
590 3732 928 3787 Benedictus
944 3732 1054 3786 XIV
1081 3748 1232 3803 papa
1252 3731 1535 3785 laudatus.
1572 3730 1630 3799 S,
1665 3732 1891 3785 Bruno-

275 3838 419 3877 nem
452 3838 486 3874 a
508 3820 803 3876 Clemente
832 3821 894 3887 X,
919 3837 983 3874 ac
1008 3820 1175 3892 proin
1206 3836 1323 3873 non
1345 3818 1597 3890 przefatis
1629 3818 1894 3889 apostoli-

274 3909 360 3964 cis
390 3907 670 3980 Gregoriii
729 3908 814 3962 XV
860 3907 1082 3973 litteris,
1117 3906 1517 3961 canonizatum
1546 3905 1739 3973 fuisse,
1773 3923 1891 3961 non

281 3998 527 4053 obscure
553 3997 786 4063 docens;
806 3996 885 4050 ita
900 3998 1095 4050 autem
1120 3995 1386 4068 opinatus
1403 3998 1487 4049 est
1503 3994 1891 4066 quod,quem-

277 4085 606 4140 admodum
639 4084 857 4139 inserta
900 4100 1195 4138 sacrorum
1218 4083 1446 4139 rituum
1480 4082 1897 4155 Congregatio-

276 4174 372 4228 nis
404 4173 827 4246 decreto.quod
870 4172 963 4227 hic
1008 4170 1235 4240 recitat,
1287 4169 1615 4241 parenthesi
1650 4170 1782 4225 satis
1804 4170 1891 4224 in-

282 4260 460 4329 dicat,
520 4239 721 4315 litteris
774 4260 882 4316 illis
924 4261 1107 4314 cultus
1156 4239 1512 4328 praeceptum
1559 4274 1677 4313 non
1709 4239 1968 4313 inclu-D

283 4350 477 4405 datur.
540 4350 752 4403 Verum
817 4347 1155 4403 Ambrosius
1231 4348 1462 4414 Crollet,
1532 4347 1891 4402 reverendis-

281 4436 417 4494 simi
448 4436 625 4509 patris
674 4436 958 4508 generalis
1010 4436 1357 4507 capitulique
1400 4434 1621 4490 ordinis
1651 4436 1893 4490 Carthu-

280 4531 483 4587 siensis
535 4531 740 4599 scriba,
811 4530 908 4602 qui
978 4530 1211 4585 easdem
1270 4531 1513 4597 litteras,
1576 4531 1895 4585 mandante

279 4619 493 4675 eodem
525 4617 1004 4674 reverendissimo
1038 4619 1229 4685 Patre,
1273 4634 1404 4672 cum
1440 4618 1751 4673 Benedicto
1782 4619 1895 4672 XIV

282 4707 751 4773 communicavit,
777 4706 941 4761 aliter
969 4721 1199 4776 prorsus
1230 4706 1699 4772 censuit,Iisdem
1735 4706 1894 4760 enim

283 4796 444 4867 apud
487 4795 758 4849 eumdem
808 4794 1184 4867 Benedictum
1238 4794 1427 4866 Operis
1471 4794 1686 4849 laudati
1721 4794 1820 4848 lib.
1854 4811 1893 4861 ι,

282 4901 412 4956 cap.
493 4885 582 4951 41,
644 4900 806 4937 num.
867 4888 897 4937 7
954 4881 1256 4953 sequentia
1314 4881 1492 4935 verba
1542 4881 1893 4953 praemittit:

289 4994 318 5023 ‹‹
353 4975 521 5026 Anno
576 4973 707 5026 1623
752 4988 923 5042 supra
978 4973 1333 5024 memoratus
1391 4957 1698 5039 Gregorius
1746 4971 1899 5041 Papa

285 5058 660 5133 praecepit,ut
683 5058 821 5112 die6
852 5057 1112 5112 Octobris
1143 5074 1347 5111 omnes
1385 5059 1681 5111 saeculares
1710 5060 1768 5110 et
1808 5074 1897 5110 re-

288 5149 519 5219 gulares
548 5145 757 5216 ubique
782 5149 1071 5199 terrarum
1104 5146 1207 5199 sub
1224 5144 1581 5214 semiduplici
1614 5144 1726 5197 ritu
1756 5144 1898 5197 reci-

292 5238 422 5290 tent
434 5234 686 5290 ofﬁcium
701 5234 881 5289 sancti
899 5233 1183 5289 Brunonis
1208 5233 1567 5299 confessoris,
1584 5232 1904 5286 fundatoris

290 5323 496 5394 nostri,
530 5341 635 5378 nec
663 5340 781 5378 non
814 5324 871 5378 in
906 5322 1419 5387 breviari0,Missali
1461 5325 1517 5375 et
1547 5321 1903 5376 Kalendariis

291 5414 678 5485 imposterum
727 5411 1133 5483 imprimendis
1175 5410 1384 5463 festum
1435 5410 1695 5480 ejusdem
1727 5411 1907 5465 sancti

297 5501 591 5560 Brunonis
644 5500 1087 5557 describendum
1139 5498 1371 5567 statuit;
1405 5519 1433 5548 »
1468 5515 1499 5553 e
1544 5497 1749 5570 quibus
1777 5516 1913 5557 sane

2015 467 2285 538 opinione
2316 468 2506 534 fuisse,
2560 486 2672 539 qua
2716 484 2887 538 supra
2937 468 3203 524 recitatas
3250 471 3507 544 Gregorii
3537 475 3626 528 XV

2010 571 2173 626 papae
2199 556 2419 611 litteras
2448 558 2630 611 cultus
2663 557 3028 611 ecclesiastici
3059 564 3413 630 praeceptum
3445 561 3625 617 inclu-

2012 644 2168 711 dere,
2204 646 2564 699 existimavit.
2596 646 2807 699 Verum
2845 646 2956 699 utri
3004 646 3436 704 assentiendum
3488 651 3623 706 est?

2012 732 2226 787 Huicne
2278 734 2494 788 ordinis
2530 734 2949 788 Carthusiensis
2976 736 3235 803 alumno,
3272 754 3345 790 an
3386 738 3624 793 Benedi-

2012 822 2101 874 cto
2143 823 2254 875 XIV
2279 822 2306 876 ?
2366 823 2479 876 Etsi
2538 823 2845 894 Gregorius
2891 823 2978 876 XV
3030 840 3205 895 papa,
3260 842 3403 894 sese,
3456 829 3518 880 ut
3558 825 3618 883 8.

2011 908 2200 965 Bruno
2225 911 2296 964 ab
2318 911 2588 965 omnibus
2605 911 2815 982 ubique
2843 910 3125 977 fidelibus,
3151 910 3225 965 ad
3249 912 3423 968 horas
3443 931 3618 968 cano-

2009 996 2167 1051 nicas
2202 998 2490 1069 obligatis,
2522 999 2662 1053 ritus
2699 998 3091 1070 semiduplicis
3122 999 3310 1055 officio
3338 1000 3431 1055 die
3462 1005 3620 1057 sexta

2011 1083 2268 1139 Octobris
2294 1086 2401 1140 coli
2428 1086 2580 1140 licite
2616 1086 2809 1157 possit,
2850 1085 3158 1156 impertiri,
3191 1087 3250 1141 in
3278 1088 3619 1143 memoratis

2006 1170 2210 1227 litteris
2224 1174 2414 1244 primo
2446 1174 2721 1229 duntaxat
2752 1174 2923 1241 dicat,
2950 1191 3084 1229 mox
3118 1178 3316 1230 tamen
3339 1176 3620 1233 adhibens

2006 1262 2198 1328 verba,
2224 1267 2578 1334 praeceptum
2597 1264 2882 1329 sonantia,
2907 1263 3223 1335 subjungit,
3237 1282 3357 1319 sese
3372 1265 3615 1338 patriar-

2006 1351 2145 1418 ebis,
2169 1353 2631 1425 archiepiscopis,
2680 1353 2960 1425 episcopis
2992 1354 3325 1425 cmterisque
3351 1355 3614 1411 ecclesia-

2002 1457 2133 1494 rum
2165 1442 2436 1512 praelatis,
2474 1443 2531 1495 in
2551 1442 2814 1496 universo
2848 1445 3135 1496 terrarum
3169 1444 3307 1497 orbe
3339 1444 3614 1498 constitu-

2003 1528 2094 1595 tis,
2116 1530 2429 1599 przecipere
2459 1534 2516 1584 et
2540 1530 2844 1597 mandare,
2905 1552 2930 1578 ‹‹
2949 1532 3012 1583 ut
3042 1529 3113 1584 ab
3141 1531 3408 1586 omnibus
3434 1533 3613 1586 eccle-

2003 1616 2239 1671 siasticis
2258 1619 2518 1688 personis
2531 1618 2896 1673 saecularibus
2915 1621 2972 1671 et
2984 1619 3318 1689 quarumvis
3333 1618 3613 1675 Ordinum

2002 1706 2359 1777 regularibus
2387 1707 2679 1761 observari
2734 1706 2993 1760 faciant»
3027 1706 3248 1761 litteras
3269 1707 3608 1778 praedictas;

2001 1791 2134 1846 hinc
2158 1796 2351 1847 autem
2376 1794 2591 1849 factum
2614 1793 2762 1848 forte
2782 1795 2885 1859 est,
2907 1796 2969 1847 ut
2988 1792 3143 1847 hisce
3167 1810 3370 1849 omnes
3392 1795 3610 1861 ﬁdeles,

2001 1879 2097 1951 qui
2129 1880 2203 1934 ad
2243 1881 2414 1935 horas
2462 1879 2767 1935 canonicas
2821 1882 3115 1947 tenentur,
3145 1879 3219 1934 ad
3252 1880 3507 1936 ofﬁcium
3540 1881 3611 1935 de

2002 1965 2058 2021 8.
2091 1969 2357 2024 Brunone
2382 1969 2473 2023 die
2497 1972 2657 2024 sexta
2689 1968 2970 2035 Octobris,
3001 1985 3116 2040 qua
3150 1967 3195 2022 is
3209 1967 3499 2035 obiit,ritu
3529 1985 3611 2023 se-

2000 2056 2296 2128 miduplici
2318 2058 2681 2112 recitandum
2729 2057 3090 2128 obstringere
3123 2056 3365 2112 voluisse
3394 2056 3607 2128 Grego-

1999 2143 2171 2212 rium,
2197 2146 2475 2199 Crolletus
2506 2144 2861 2199 existimarit.

2071 2236 2159 2290 52.
2195 2234 2405 2288 Forsan
2441 2233 2637 2300 etiam,
2681 2233 2761 2300 ni,
2795 2237 2856 2287 ut
2892 2232 2952 2288 id
2976 2232 3056 2288 illi
3082 2233 3359 2302 facerent,
3391 2234 3605 2305 Grego-

1998 2319 2118 2375 rius
2142 2322 2481 2394 praecepisse
2506 2324 2810 2389 statuatur,
2842 2320 2999 2375 haud
3056 2322 3191 2376 satis
3238 2320 3605 2389 intellexerit,

1998 2425 2112 2480 qua
2137 2410 2360 2464 ratione
2405 2410 2617 2463 factum
2665 2426 2785 2464 esse
2844 2412 3036 2481 queat,
3091 2412 3154 2463 ut
3201 2410 3464 2464 Urbanus
3489 2409 3606 2462 VIII

1997 2514 2168 2570 papa,
2203 2498 2498 2568 proximus
2526 2497 2784 2570 Gregorii
2810 2498 2897 2551 XV
2927 2497 2988 2551 in
3020 2497 3249 2552 S.Petri
3264 2497 3603 2552 cathedram

1995 2600 2301 2654 successor,
2325 2587 2581 2641 ofﬁcium
2605 2586 2977 2651 de'Brunone,
2998 2602 3167 2653 novo,
3192 2603 3305 2658 quo
3322 2586 3474 2640 hunc
3496 2582 3604 2640 coli

1993 2676 2353 2745 praeceperit,
2377 2676 2608 2729 decreto
2639 2692 2755 2729 non
2772 2674 3001 2741 emisso,
3028 2674 3315 2728 Breviario
3338 2674 3601 2728 Romano

1996 2762 2110 2833 (adi
2125 2763 2622 2818 Commentarium
2637 2762 2915 2833 praevium
2939 2779 3099 2816 num.
3114 2764 3212 2817 188
3229 2765 3287 2816 et
3307 2761 3604 2832 193)jusse-

1993 2849 2340 2917 ritinscribi,
2368 2851 2474 2904 Res
2505 2866 2662 2917 sane,
2696 2854 2757 2903 ut
2778 2866 2971 2903 meam
2995 2849 3168 2903 modo
3193 2864 3460 2920 promam
3478 2864 3602 2902 sen-

1992 2938 2257 3004 tentiam,
2290 2939 2608 2993 admodum
2653 2937 2875 2992 videtur
2914 2938 3183 3008 implexa.
3210 2938 3276 2990 Et
3304 2953 3438 2992 vero
3469 2952 3602 2990 cum

1994 3044 2169 3081 sacras
2199 3027 2416 3081 rituum
2449 3026 2915 3098 congregationis
2973 3026 3271 3080 decretum
3311 3023 3602 3079 Benedicti

1990 3115 2103 3170 XIV
2128 3133 2292 3187 papae
2324 3115 2528 3182 verbis,
2562 3132 2723 3168 num.
2760 3116 2827 3168 30
2850 3114 2959 3167 huc
2985 3113 3363 3184 transcriptis,
3412 3112 3596 3166 inclu-

1993 3220 2142 3271 sum,
2158 3220 2269 3275 quo
2288 3204 2429 3270 haec,
2455 3208 2516 3258 ut
2534 3202 2786 3258 officium
2805 3202 2875 3257 de
2895 3200 2952 3257 8.
2978 3203 3267 3267 Brunone,
3297 3201 3451 3272 quod
3467 3200 3599 3255 hac-

1992 3296 2159 3347 tenus
2199 3293 2270 3345 ab
2310 3291 2558 3346 Ecclesia
2604 3290 2906 3345 universali
2944 3291 3046 3345 sub
3082 3289 3197 3344 ritu
3241 3287 3598 3360 semiduplici

1994 3380 2301 3435 recitatum
2342 3380 2620 3435 duntaxat
2660 3380 2869 3446 fuerat,
2915 3379 3019 3433 sub
3070 3378 3284 3449 duplici
3326 3376 3599 3448 deinceps
3656 3428 3666 3437 ,

1993 3468 2511 3535 recitaretur,anno
2539 3470 2934 3535 l67rt,summo
2958 3466 3231 3540 pontiﬁce
3250 3465 3598 3521 ClementeX

1993 3557 2619 3625 annuente,concessit,
2644 3557 2868 3611 nullum
2910 3572 3163 3626 prorsus,
3210 3554 3366 3626 quod
3390 3554 3595 3621 cultus,

1993 3644 2050 3699 S.
2086 3646 2337 3700 Brunoni
2386 3645 2705 3712 deferendi,
2758 3648 3113 3714 prmceptum
3161 3646 3360 3714 aperte
3408 3643 3594 3709 sonet,

1992 3734 2230 3787 verbum
2248 3731 2781 3799 includat,fueritne
2797 3732 2985 3802 magis
3005 3748 3039 3785 a
3056 3732 3351 3785 Clemente
3363 3730 3404 3783 X
3418 3745 3595 3799 quam

1993 3837 2027 3875 a
2055 3821 2328 3893 Gregorio
2357 3822 2443 3876 XV
2472 3820 2650 3875 sancti
2674 3821 2857 3874 cultus
2884 3822 3223 3890 praeceptus,
3264 3818 3325 3871 in
3357 3816 3596 3871 dubium

1992 3909 2249 3965 revocari
2270 3927 2385 3964 non
2401 3908 2693 3964 immerito
2714 3924 2877 3978 posse
2894 3907 3138 3961 videtur.
3174 3904 3339 3969 Quod
3369 3920 3501 3958 cum
3516 3903 3597 3958 ita

1993 3996 2084 4063 sit,
2124 3999 2420 4070 cultusque
2459 3998 2813 4069 praeceptum
2849 3994 2922 4049 ad
2966 3993 3469 4049 canonizationem
3493 4008 3595 4046 ne-

1993 4086 2235 4140 cessario
2283 4084 2636 4156 requiratur,
2683 4082 2742 4137 S.
2788 4083 3120 4137 Brunonem
3166 4078 3594 4147 canonizatum,

1993 4172 2428 4228 canonizatione
2446 4170 2765 4239 scilicet,uti
2783 4187 2912 4231 eam
2926 4172 3151 4237 vocant,
3182 4166 3595 4241 aequipollenti,

1993 4279 2028 4317 a
2058 4262 2351 4317 Clemente
2376 4263 2418 4315 X
2454 4261 2663 4333 potius,
2697 4276 2874 4332 quam
2904 4257 3256 4327 a'Gregorio
3281 4256 3369 4311 XV
3397 4254 3592 4321 fuisse,

1993 4367 2098 4423 pro
2129 4354 2284 4405 certe
2312 4365 2635 4404 asseverare
2675 4365 2794 4402 non
2847 4345 3052 4401 ausim.
3086 4346 3282 4417 Neque
3312 4360 3446 4398 vero
3477 4342 3535 4397 id
3565 4359 3600 4397 a

1995 4440 2291 4495 Clemente
2320 4439 2535 4492 factum
2558 4437 2750 4502 fuisse,
2782 4452 2886 4507 pro
2904 4451 3137 4506 prorsus
3160 4432 3485 4487 indubitate
3503 4431 3603 4485 ha-

1993 4527 2120 4583 buit
2169 4527 2415 4599 ipsemet
2482 4524 2825 4580 Benedictus
2864 4523 3012 4591 XIV;
3056 4521 3272 4576 etenim
3314 4521 3428 4587 (adi
3478 4519 3600 4591 ejus

1994 4615 2167 4670 verba
2196 4630 2357 4668 num.
2394 4616 2460 4668 30
2474 4613 2733 4678 recitata)
2764 4610 3260 4666 canonizationem
3286 4608 3343 4663 S.
3374 4610 3601 4663 Bruno-

1996 4702 2083 4757 nis
2108 4701 2390 4757 Clementi
2438 4702 2478 4755 X
2519 4717 2635 4755 non
2676 4699 2965 4754 afﬁrmate
2982 4698 3253 4770 assignat,
3280 4695 3401 4763 sed,
3436 4693 3599 4749 adhi-

1996 4791 2136 4856 bita,
2151 4807 2278 4861 quae
2300 4788 2687 4844 dubitantium
2713 4805 2834 4843 esse
2854 4784 3298 4857 solet,loquendi
3325 4782 3598 4849 formula,

1998 4878 2254 4950 pontiﬁci
2280 4878 2410 4931 huic
2451 4877 2607 4931 illam
2629 4876 3037 4947 assignandam
3082 4871 3281 4937 videri,
3326 4870 3606 4924 duntaxat

1999 4968 2097 5022 ait.
2126 4967 2336 5020 Verum
2367 4965 2471 5020 esti
2526 4983 2615 5019 res
2664 4966 2742 5019 ita
2793 4965 2885 5030 sit,
2919 4961 3275 5030 dubiumque
3305 4957 3477 5012 simul
3527 4972 3603 5011 an

2000 5055 2239 5110 Sanctus
2271 5071 2369 5108 seu
2404 5072 2437 5108 a
2478 5056 2775 5108 Clemente
2822 5068 2919 5105 seu
2951 5067 2984 5103 a
3015 5047 3312 5117 Gregorio,
3341 5061 3404 5098 ac
3435 5043 3606 5116 proin

2001 5162 2075 5198 an
2105 5160 2359 5213 unquam
2394 5141 2776 5213 (nequeenim
2802 5137 3075 5210 pontifex,
3102 5136 3397 5189 Clemente
3415 5135 3608 5203 poste-

2001 5232 2141 5297 rior,
2165 5233 2273 5285 coli
2301 5233 2627 5285 Brunonem
2660 5228 2996 5299 prmeepissc
3028 5223 3339 5291 invenitur)
3372 5220 3611 5275 canoni-

2006 5324 2161 5373 zatus
2192 5336 2319 5374 vere
2352 5319 2546 5385 fuerit,
2578 5335 2643 5371 ex
2691 5317 2964 5370 omnibus
2990 5314 3113 5382 jam
3146 5311 3311 5367 dictis
3341 5312 3515 5379 queat
3541 5307 3618 5360 vi-

2013 5408 2268 5475 deri,fuit
2283 5406 2643 5478 cquidem,ut
2663 5402 2929 5459 ofﬁcium
2972 5400 3042 5456 de
3056 5418 3145 5467 eo,
3162 5398 3320 5471 quod
3348 5396 3627 5449 duntaxat

2021 5497 2124 5552 sub
2155 5496 2268 5552 ritu
2288 5491 2646 5566 semiduplici
2674 5492 2917 5552 recitari
2947 5483 3424 5556 consueverat,ab
3452 5479 3640 5537 omni-
