4014 6030
418 317 521 373 627
1269 311 1326 369 8.
1357 307 1702 370 BRUNONIS
1742 309 2056 370 CARTHUS

2161 303 2376 368 lORUM
2411 307 2881 367 INSTITUTORIS
3637 307 3743 364 628
3771 303 3774 305 ’

425 442 531 496 bus
558 438 850 510 deinceps,
884 437 980 510 qui
1006 437 1078 493 ad
1103 437 1276 493 horas
1294 441 1598 495 canonicas
1616 442 1909 508 tenentur,
1935 440 2038 495 sub
2046 446 2099 505 Α
2131 443 2242 509 tus,
2277 441 2334 494 et
2363 437 2522 494 brevi
2545 439 2628 492 est
2661 453 2899 509 prorsus
2927 434 3158 490 sanitati
3187 433 3441 507 pristinae
3463 433 3724 488 redditus

424 529 540 584 ritu
572 527 781 600 duplici
807 527 1036 580 recitari
1061 532 1269 599 posset,
1306 546 1338 582 a
1357 530 1728 598 ClemenleX,
1763 535 1825 585 ut
1856 547 2028 602 supra
2128 531 2295 583 Anno
2322 531 2447 583 1631
2470 526 2707 598 quidam
2732 525 3232 596 monachus,cujus
3249 541 3464 579 nomen
3485 524 3746 577 consulto

428 634 463 672 a
494 617 798 671 Benedicto
824 616 933 669 XIV
959 617 1270 686 allegatum
1306 619 1775 689 congregationis
1811 618 2028 672 rituum
2132 622 2437 689 praetereo,
2469 615 2602 686 quia
2623 614 2807 668 adhuc
2822 618 3106 684 superstes
3125 618 3228 678 est,
3260 612 3548 683 professus
3579 610 3750 664 unius

432 707 730 761 decretum
762 704 940 758 fidem
982 705 1138 774 facit,
1175 723 1327 760 anno
1363 710 1518 774 1674,
1548 707 1903 779 supplicante
1935 707 2026 760 Hi-
2134 723 2200 760 ex
2229 705 2496 759 domibus
2529 702 2837 773 provinciae
2866 701 2921 755 S.
2955 701 3136 755 Patris
3167 701 3471 766 Brunonis,
3491 717 3621 754 cum
3643 700 3748 753 ho-

427 793 762 864 spaniarum
793 792 1016 863 regina,
1046 810 1397 847 concessum.
1433 796 1618 866 Atque
1651 795 1708 848 id
1729 795 1839 861 hic,
1874 795 2029 865 quod
2135 794 2442 865 spitaretur
2472 791 2530 844 in
2564 791 2739 845 domo
2774 790 2830 844 S.
2864 789 3228 860 Stcphanide
3260 791 3530 853 Nemore,
3565 788 3750 842 multo

429 877 499 936 de
529 898 598 935 ea
619 880 928 935 Clementis
964 881 1328 936 concessione
1379 900 1667 954 sacraeque
1714 899 2031 953 congrega-
2135 885 2400 952 tempore
2430 895 2632 950 graves
2664 878 2878 932 mentis
2923 879 3216 949 angustias
3262 895 3478 948 passus,
3508 876 3751 930 tandem

430 969 602 1024 tionis
619 969 858 1037 rituum,
880 985 992 1039 quo
1010 969 1296 1024 declarata
1309 971 1573 1038 haecfuit,
1595 971 1826 1025 decreto
1859 970 2033 1023 fuerit
2137 971 2210 1026 ad
2239 971 2299 1025 id
2327 969 2577 1036 devenit,
2612 971 2673 1021 ut
2705 969 2896 1038 palam
2931 967 2999 1021 de
3054 967 3256 1021 ordine
3285 965 3605 1020 deserendo
3633 967 3752 1017 tra-

428 1057 739 1127 agendum,
760 1058 1340 1112 commemorandum
1357 1059 1618 1125 duxi,etsi
1642 1057 1873 1112 interim
1897 1074 2038 1129 pon-
2140 1062 2340 1126 ctaret,
2374 1061 2547 1128 atque
2582 1057 2639 1109 in
2687 1058 2948 1110 Romana
2979 1055 3139 1109 curia
3192 1057 3300 1109 hoc
3332 1071 3434 1126 per
3464 1053 3751 1108 idoneum

427 1145 603 1199 tiﬁcio
626 1144 717 1198 isti
748 1145 969 1200 indulto
1002 1146 1330 1217 praeiverint
1357 1147 1465 1200 tria
1486 1164 1515 1200 e
1547 1146 1856 1213 miraculis,
1887 1162 2033 1218 pras-
2138 1147 2438 1202 hominem
2459 1144 2993 1217 procuraret.Cujus
3012 1144 3093 1198 rei
3110 1147 3448 1215 procurator
3469 1141 3754 1214 generalis

429 1233 621 1300 senti§
653 1233 1041 1300 recensendis,
1075 1237 1302 1304 qum,ut
1330 1235 1388 1288 id
1415 1235 1901 1307 daretur,partim
1917 1235 2034 1288 for-
2141 1235 2358 1290 ordinis
2380 1235 2593 1288 certior
2613 1234 2684 1288 ab
2717 1233 2840 1304 ipso
2863 1232 3049 1286 factus
3101 1249 3217 1286 non
3250 1232 3427 1286 modo
3463 1249 3582 1284 non
3616 1246 3754 1283 con-

426 1321 592 1375 tassis
625 1320 944 1374 effecerint.
2141 1324 2477 1389 tradicebat,
2502 1338 2703 1376 verum
2739 1321 2918 1375 etiam
2945 1322 3239 1375 annuebat
3268 1321 3419 1374 illius
3446 1320 3517 1373 ab
3550 1318 3756 1373 ordine

504 1410 592 1463 33.
613 1409 696 1462 En
719 1408 885 1476 adeo,
914 1425 1046 1463 cum
1064 1410 1133 1464 de
1151 1411 1391 1482 praefata
1415 1410 1708 1483 pontiﬁcia
1729 1411 2040 1466 concessio-

431 1511 506 1550 ne
534 1499 726 1550 actum
743 1497 868 1567 jam
894 1497 1028 1551 satis
1050 1498 1140 1565 sit,
1169 1499 1419 1554 studiose
1441 1501 1639 1566 lector,
1675 1516 1829 1553 nunc
1858 1500 2036 1553 etiam

434 1583 554 1652 illa,
577 1585 854 1639 continua
867 1585 1032 1652 serie,
1062 1591 1234 1657 prout
1251 1588 1401 1658 apud
1423 1587 1732 1642 Surianum
1750 1587 2035 1653 eschedis,

435 1689 608 1743 supra
629 1674 754 1744 jam
778 1674 980 1743 saepius
1006 1675 1270 1741 laudatis,
1311 1675 1656 1747 deprompta
1683 1693 1814 1749 pag.
1852 1679 1952 1730 369
1985 1678 2042 1728 et

2144 1410 2417 1484 egressui,
2451 1414 2515 1464 ut
2545 1411 2616 1464 ab
2671 1409 2822 1464 illius
2853 1408 3294 1480 importunitate
3348 1425 3406 1462 se
3460 1407 3755 1461 liberaret.

2142 1500 2380 1570 Insuper
2409 1499 2710 1553 oculorum
2734 1497 3141 1569 aegritudinem
3176 1499 3639 1562 contraxerat,ut
3672 1495 3761 1548 vix

2145 1588 2215 1643 de
2247 1591 2412 1642 nocte
2442 1588 2638 1641 lumen
2671 1586 2742 1640 ad
2777 1603 2965 1640 sacras
2989 1603 3186 1657 preces
3215 1585 3540 1640 recitandas
3592 1583 3758 1637 susti-

2146 1693 2284 1731 nere
2311 1678 2522 1748 posset.
2582 1677 2827 1729 Demum
2876 1674 2932 1729 S.
2965 1676 3025 1729 P.
3060 1674 3316 1728 Brunoni
3373 1691 3432 1727 se
3465 1690 3763 1726 commen-

434 1776 596 1832 seqq.
632 1764 876 1828 exstant,
906 1762 1160 1816 recitata.
1186 1763 1277 1817 Sic
1302 1764 1549 1818 habent:
1580 1787 1606 1812 «
1628 1765 1688 1817 V.
1711 1766 1772 1818 P.
1794 1765 2037 1817 Bernar-
2067 1773 2117 1830 Β
2146 1765 2288 1818 dans
2321 1763 2502 1818 abluit
2540 1765 2738 1817 oculos
2774 1780 2905 1818 suos
2951 1781 3100 1835 aqua
3125 1780 3192 1816 ex
3223 1763 3348 1816 lacu
3382 1761 3441 1816 S.
3473 1760 3760 1814 Brunonis

437 1847 541 1902 dus
562 1850 700 1904 Gort
729 1849 1184 1918 Barcinonensis,
1199 1853 1487 1921 professus
1505 1852 1819 1907 Carthusiae
1838 1852 2044 1906 Scalae-

437 1936 538 1991 Dei
569 1937 628 1991 in
662 1938 980 2006 Catalonia,
1023 1939 1161 1993 olim
1193 1939 1622 2010 Olisiponensis,
1653 1945 1710 1995 et
1735 1945 1862 2010 post
1893 1941 2040 1995 Ebo-

438 2027 622 2079 rensis
671 2026 726 2080 in
786 2027 1074 2081 Lusitania
1147 2028 1325 2098 prior,
1403 2046 1647 2100 sequens
1698 2029 2044 2083 miraculum

445 2113 644 2168 refert.
688 2115 1102 2170 Illustrissimus
1131 2120 1188 2168 et
1225 2119 1733 2172 reverendissimus
1777 2119 2046 2173 D.Theo-

441 2203 636 2256 tonius
667 2219 700 2256 a
730 2204 1059 2275 Bragantia,
1093 2205 1554 2276 archiepiscopus
1575 2207 1895 2273 Eborensis,
1931 2195 2051 2260 am-

443 2291 734 2364 plissimus
759 2292 1032 2347 fundator
1065 2292 1377 2347 Carthusiee
1419 2293 1723 2350 Scalae-Dei
1749 2296 1894 2357 (aliis
1917 2296 2049 2350 Sca-

444 2379 517 2434 lae
548 2381 691 2449 coeli)
722 2396 902 2451 prope
935 2381 1183 2435 Eboram
1238 2381 1298 2434 in
1330 2383 1637 2450 Lusitania,
1712 2384 1961 2438 obtinuit
2017 2399 2052 2437 a

445 2468 764 2523 reverendo
796 2471 957 2540 patre
988 2469 1181 2539 priore
1213 2469 1524 2524 Carthusize
1543 2472 1761 2525 ordinis
1793 2472 2051 2543 generali

447 2557 763 2628 quamdam
796 2556 1123 2626 portionem
1148 2574 1245 2610 seu
1267 2559 1548 2629 reliquam
1571 2561 1770 2629 capitis
1793 2560 1848 2615 S.
1885 2563 1946 2614 P.
1981 2561 2052 2614 N.

449 2645 758 2710 Brunonis,
800 2661 974 2715 quam
1016 2645 1076 2698 in
1117 2651 1394 2717 argenteo
1433 2648 1761 2715 simulacro,
1798 2649 2055 2721 efﬁgiem

450 2734 711 2805 ejusdem
726 2734 996 2788 umbilico
1021 2738 1186 2788 tenus
1212 2735 1522 2803 referente,
1540 2738 1884 2804 recondidit,
1903 2739 2057 2810 quod

460 2823 628 2878 simul
643 2839 772 2877 cum
788 2822 981 2876 multis
995 2823 1434 2890 emblematum,
1451 2825 2055 2898 hyeroglyphicorum,

453 2914 909 2986 poematumque
955 2912 1469 2983 compositionibus
1517 2914 1705 2969 eidem
1749 2916 2058 2972 Carthusiaa

2146 1855 2398 1922 sumpta,
2426 1868 2553 1922 quae
2570 1851 2780 1905 scilicet
2797 1869 2863 1905 ex
2878 1852 3047 1906 ﬂuvio
3067 1851 3409 1905 decurrente
3433 1865 3617 1920 prope
3651 1866 3751 1902 ne-

2148 1957 2276 1995 mus
2307 1939 2556 1994 ecclesiae
2580 1939 2636 1993 S.
2670 1940 2856 1994 Marize
2898 1940 3184 2011 colligitur
3212 1939 3271 1992 in
3319 1940 3568 2005 alveum,
3593 1952 3761 1990 muro

2149 2031 2374 2098 septum
2407 2045 2440 2082 a
2467 2031 2630 2098 parte
2663 2028 2788 2095 vim,
2821 2028 2879 2081 in
2920 2027 3110 2082 forma
3144 2027 3448 2082 orbiculari
3483 2026 3761 2096 oblonga,

2150 2117 2209 2172 in
2241 2118 2400 2188 cujus
2427 2117 2617 2171 medio
2655 2134 2788 2171 crux
2822 2117 3016 2187 lignea
3069 2118 3257 2188 posita
3307 2120 3410 2182 est,
3465 2132 3533 2168 ex
3555 2131 3672 2186 qua
3703 2112 3758 2167 S.

2153 2208 2343 2261 Bruno
2373 2206 2569 2260 bibere
2595 2209 2652 2260 et
2683 2206 2855 2260 lavari
2885 2206 3084 2260 solitus
3121 2205 3347 2259 dicitur.
3388 2204 3570 2259 Simul
3602 2219 3668 2257 ac
3698 2219 3763 2257 ex

2153 2294 2262 2350 hac
2287 2311 2438 2366 aqua
2469 2295 2661 2349 oculos
2685 2294 2886 2360 abluit,
2921 2293 3114 2347 statim
3141 2293 3388 2347 exterius
3407 2293 3760 2363 interiusque

2154 2383 2501 2438 illustratum
2529 2400 2587 2437 se
2608 2382 2805 2447 sensit,
2827 2398 2916 2448 ac,
2945 2381 3203 2453 deposito
3220 2381 3438 2436 ordinis
3459 2380 3764 2435 deserendi

2157 2471 2414 2538 consilio,
2449 2471 2507 2524 in
2539 2473 2735 2524 sancto
2770 2468 3063 2540 proposito
3100 2487 3158 2523 se
3191 2469 3766 2539 confirmavit,atque

2159 2561 2228 2614 de
2261 2577 2361 2614 sua
2391 2561 2496 2614 hac
2554 2557 2977 2612 illuminatione
3019 2557 3084 2610 V.
3119 2559 3180 2611 Ρ.
3215 2558 3524 2628 Josephum
3559 2556 3765 2611 Laudi-

2162 2665 2302 2702 num
2350 2648 2604 2720 priorem
2655 2645 2964 2700 Carthusia:
3012 2645 3289 2699 Romanae
3331 2663 3394 2699 ac
3456 2646 3679 2700 ordinis
3710 2645 3766 2698 in

2161 2738 2426 2791 Romana
2451 2734 2607 2789 curia
2628 2738 3060 2805 procuratorem
3086 2734 3768 2805 generalem,certiorem

2163 2825 2316 2892 fecit,
2340 2840 2444 2894 per
2463 2840 2590 2877 suas
2608 2823 2825 2876 litteras
2841 2839 2907 2876 ex
2947 2823 3054 2876 hac
3084 2822 3282 2888 domo,
3301 2839 3500 2876 mense
3524 2825 3769 2877 Decem-

2163 2913 2251 2968 bri
2288 2915 2412 2966 1631
2452 2911 2632 2978 datas,
2664 2927 2805 2981 quas
2827 2914 2884 2964 et
2913 2910 3036 2964 aliis
3068 2910 3446 2965 familiaribus
3461 2910 3574 2965 suis
3607 2910 3766 2981 legit.

457 3001 734 3055 Eborensi
753 2999 1008 3066 donavit,
1026 2998 1196 3054 ubiet
1226 3004 1557 3054 reverenter
1572 3002 1856 3074 hedieque
1878 3021 2059 3060 asser-
2091 2995 2138 3055 C
2162 3001 2308 3055 Vivit
2333 3001 2516 3054 adhuc
2548 3002 2604 3052 et
2631 3015 2822 3070 sospes
2852 3002 2954 3052 est.
2988 2999 3064 3051 Ex
3089 3015 3237 3069 aqua
3269 3001 3463 3052 autem
3493 2999 3666 3069 hujus
3686 2999 3768 3052 la-

453 3093 639 3147 vatur.
677 3090 845 3143 Anno
881 3090 1036 3155 1628,
1071 3087 1221 3142 circa
1245 3089 1422 3143 ﬁnem
1453 3090 1725 3158 Januarii,
1755 3109 1885 3146 cum
1913 3111 2058 3164 prae-

475 3178 731 3235 cessisset
768 3193 1016 3247 magnus
1062 3177 1212 3230 lunae
1250 3177 1522 3244 defectus,
1565 3179 1676 3232 dux
1721 3181 2065 3252 Bragantiae-

465 3264 816 3322 Theodosius
838 3267 882 3316 ll
910 3264 968 3317 in
986 3263 1302 3318 maximam
1333 3281 1396 3319 ac
1425 3265 1804 3335 periculosam
1829 3270 2063 3341 aegritu-

465 3357 663 3412 dinem
691 3351 926 3419 incidit;
960 3351 1030 3405 de
1060 3352 1217 3422 cujus
1253 3353 1577 3407 valetudine
1603 3355 1747 3410 adeo
1781 3357 2068 3413 timebant

467 3444 590 3515 ejus
615 3440 947 3506 familiares,
968 3442 1032 3492 ut
1062 3439 1193 3494 solis
1221 3440 1457 3494 medicis
1475 3441 1796 3512 ingressum
1827 3446 1900 3500 ad
1932 3464 2065 3501 eum

465 3531 891 3606 permitterent.
922 3527 1087 3592 Quod
1116 3529 1298 3582 sciens
1342 3529 1405 3583 V.
1440 3531 1503 3583 P.
1538 3532 1818 3587 Antonius
1850 3535 2063 3604 Coello,

462 3623 602 3677 tunc
617 3617 985 3673 Eboracensis
998 3616 1306 3672 Carthusiae
1327 3618 1505 3688 prior,
1519 3636 1650 3673 cum
1664 3621 1730 3674 D.
1761 3623 1965 3678 Alvaro
1998 3625 2069 3678 de

468 3711 723 3765 Fonseca
767 3709 1137 3778 procuratore
1179 3705 1437 3776 ejusdem
1470 3707 1542 3761 ad
1573 3708 1851 3780 oppidum
1884 3711 2067 3766 Villa:-

460 3797 696 3865 vitiosaz,
716 3795 813 3850 ubi
831 3795 941 3849 dux
967 3811 1121 3865 teger
1145 3794 1846 3866 dccumbebat,concessit,
1875 3816 2069 3869 secum

466 3888 731 3942 deferens
751 3883 1086 3955 praedictam
1142 3883 1446 3953 rcliquiam
1485 3883 1542 3938 S.
1601 3885 1904 3953 Brunonis,
1940 3888 2069 3941 duci

465 3973 825 4037 adorandam
838 3970 1208 4035 exhibiturus,
1237 3970 1294 4023 in
1317 3972 1665 4026 memoriam
1690 3973 1881 4028 eidem
1909 3992 2068 4030 revo-

466 4079 624 4129 cans,
656 4077 786 4114 eam
839 4058 1126 4129 reliquam
1173 4075 1293 4111 esse
1342 4059 1478 4114 olim
1530 4078 1563 4114 a
1607 4062 1670 4114 R.
1721 4063 1784 4114 Ρ.
1811 4065 2068 4133 generali

465 4147 867 4204 transmissam
886 4146 1473 4201 dominoTheotonico
1493 4165 1706 4218 magno
1721 4167 1823 4205 suo
1839 4155 2064 4221 patruo.

467 4238 575 4303 Qui
624 4235 818 4292 statim
855 4251 913 4288 se
953 4234 1353 4289 decentissime
1388 4238 1732 4306 composuit,
1785 4242 1843 4293 et
1886 4240 2067 4296 dictus

463 4327 626 4400 prior
639 4341 772 4379 cum
797 4322 1051 4377 maxima
1066 4323 1388 4377 reverentia
1405 4325 1654 4378 ostendit
1684 4326 1813 4380 duci
1844 4345 2065 4384 sacram

462 4413 789 4486 reliquiam,
837 4411 1201 4482 recitatisque
1232 4428 1363 4465 cum
1389 4412 1539 4467 socio
1566 4414 1910 4484 quibusdam
1941 4433 2067 4487 pre-

461 4502 620 4557 cibus
651 4517 783 4555 cum
815 4499 1076 4555 oratione
1130 4499 1390 4571 praedicti
1436 4501 1650 4569 Sancti,
1684 4504 1954 4557 eamdem
1986 4505 2066 4559 illi

462 4589 821 4646 adorandam
853 4588 1077 4655 obtulit,
1126 4588 1508 4660 praesentibus
1550 4590 1692 4644 duce
1722 4592 2065 4647 Barcellensi

463 4677 586 4751 ejus
611 4676 1024 4749 primogenito,
1077 4693 1229 4730 nunc
1279 4676 1420 4731 duce
1458 4677 1801 4749 Bragantiae,
1826 4679 2063 4752 aliisque

461 4766 683 4822 duobus
709 4765 836 4820 filiis
868 4767 932 4819 Ι).
959 4765 1220 4819 Edoardo
1249 4768 1306 4819 et
1329 4767 1678 4834 Alexandro,
1694 4769 1933 4839 genibus
1960 4771 2060 4823 ﬂe-

458 4855 542 4911 xis
558 4872 754 4911 cereos
774 4870 1043 4911 accensos
1065 4854 1412 4910 tenentibus.
1427 4855 1684 4928 Cumque
1705 4857 1816 4912 dux
1838 4875 2062 4914 sacram

451 4945 758 5017 reliquiam
775 4943 1088 5010 adorasset,
1117 4945 1495 5013 praesentibus
1513 4944 1643 5000 ﬁliis
1663 4946 1885 5013 dixit,se
1900 4949 2060 5002 valde

462 5034 582 5088 Deo
609 5034 808 5100 ﬁdere,
857 5031 1162 5086 sanitatem
1214 5036 1605 5102 recepturum,
1663 5035 1819 5104 quod
1869 5036 1926 5088 in
1960 5052 2060 5090 sua

447 5121 795 5192 aegritudine
824 5121 896 5175 ab
926 5136 993 5174 eo
1029 5118 1238 5174 Sancto
1264 5121 1542 5177 meruerit
1563 5120 1794 5176 visitari.

521 5210 609 5263 34.
649 5207 947 5263 «Recessit
1000 5207 1162 5278 prior
1205 5224 1338 5261 cum
1399 5208 1552 5262 socio
1591 5225 1620 5262 e
1651 5210 1934 5278 cubiculo,
1968 5231 2056 5268 se-

445 5312 585 5351 cum
614 5295 870 5350 referens
898 5311 1122 5350 sacram
1144 5295 1469 5366 reliquiam,
1488 5297 1717 5364 veritus,
1738 5317 1811 5353 ne
1828 5301 1935 5354 dux
1955 5318 2057 5372 pe-

442 5397 553 5437 nes
573 5398 631 5434 se
649 5399 778 5436 eam
800 5383 1049 5437 retinere
1074 5385 1272 5450 vellet;
1295 5383 1372 5436 uti
1401 5401 1535 5438 eum
1561 5402 1767 5456 cupere
1789 5393 2047 5448 noverat.

436 5469 652 5523 Postea
679 5470 790 5523 dux
818 5471 987 5542 coepit
1003 5473 1208 5528 morbo
1227 5471 1424 5541 levari,
1449 5476 1620 5544 atque
1643 5474 1846 5529 eadem
1878 5480 2046 5532 nocte

423 5547 588 5630 gdeo
615 5557 912 5636 convaluit.
941 5561 1003 5613 ut
1032 5575 1066 5613 a
1091 5556 1322 5618 medico
1343 5559 1503 5648 febre
1534 5577 1734 5618 carens
1759 5561 1830 5618 sit
1848 5581 2046 5637 reper-

2167 3106 2262 3144 cus
2289 3087 2455 3142 multi
2470 3086 2788 3141 devotionis
2806 3102 2974 3140 causa
2988 3086 3214 3153 bibunt,
3241 3089 3299 3140 et
3324 3087 3399 3140 ad
3421 3086 3627 3140 domos
3641 3103 3770 3141 suas

2167 3179 2483 3248 asportant,
2514 3192 2688 3246 quam
2721 3174 2895 3229 etiam
2929 3174 3100 3229 variis
3148 3174 3365 3229 morbis
3393 3175 3774 3246 proﬂigandis

2169 3263 2624 3319 efficacissimam
2656 3263 3048 3334 experiuntur,
3085 3262 3181 3333 qui
3211 3278 3344 3316 cum
3377 3262 3570 3334 aliquo
3605 3279 3775 3317 sensu

2169 3353 2397 3424 pietatis
2428 3369 2559 3406 eam
2590 3354 2844 3405 sumunt.

2242 3444 2328 3496 35.
2371 3462 2398 3490 «
2426 3440 2677 3494 Labente
2719 3456 2872 3494 anno
2920 3441 3076 3506 1633,
3122 3439 3546 3494 illustrissimus
3585 3439 3777 3494 domi-

2171 3549 2276 3586 nus
2310 3528 2583 3583 Henricus
2612 3527 2905 3582 Loffredus
2937 3527 3344 3598 Neapolitanus
3374 3527 3634 3582 marchio
3653 3528 3776 3582 Tri-

2170 3619 2275 3674 vici
2310 3623 2365 3673 ct
2397 3635 2590 3672 comes
2621 3616 2898 3670 Potentia:
2955 3615 3013 3669 in
3069 3617 3319 3670 Lucania
3366 3617 3543 3683 urbis,
3577 3601 3677 3670 ubi
3711 3634 3776 3670 ex

2172 3705 2505 3779 gravissimo
2540 3705 2744 3758 morbo
2805 3704 2875 3757 de
2925 3703 3040 3756 vita
3069 3703 3519 3774 periclitabatur.
3563 3703 3775 3770 Quare,

2173 3795 2531 3850 medicorum
2559 3809 2667 3863 ope
2699 3795 2755 3846 et
2793 3809 2969 3863 opera
3016 3793 3260 3862 abjecta,
3312 3793 3386 3846 ad
3428 3792 3777 3847 Sanctorum

2172 3883 2438 3956 praesidia
2467 3881 2745 3953 confugit,
2780 3881 3039 3952 adeoque
3093 3882 3326 3936 hortatu
3351 3881 3543 3935 fratris
3572 3881 3777 3953 Angeli

2168 3972 2364 4027 Massei
2402 3969 2764 4040 Neapolitani
2823 3969 3102 4036 conversi,
3156 3968 3396 4039 professi
3459 3969 3775 4025 Carthusia:

2171 4058 2228 4115 S.
2263 4059 2548 4114 Laurentii
2576 4074 2754 4129 prope
2786 4057 3084 4124 Padulam,
3119 4060 3253 4111 tunc
3283 4059 3774 4113 commorantisin

2171 4149 2412 4221 grangia
2437 4147 2696 4219 ejusdem
2748 4145 3081 4214 Carthusize,
3143 4146 3250 4201 sita
3281 4146 3433 4201 intra
3483 4147 3775 4202 civitatem

2170 4237 2515 4304 Potentiam,
2540 4254 2597 4291 se
2615 4235 3044 4291 commendavit
3076 4235 3132 4289 S.
3157 4237 3219 4289 P.
3248 4235 3500 4290 Brunoni
3529 4235 3624 4307 pio
3657 4253 3779 4291 cor-

2094 4313 2144 4370 D
2169 4329 2253 4382 dis
2270 4327 2496 4393 affectu,
2522 4327 2724 4380 hausto
2753 4324 2930 4378 etiam
2955 4325 3186 4394 pulvere
3219 4324 3288 4378 de
3310 4341 3484 4394 specu
3514 4324 3775 4395 ejusdem

2168 4416 2360 4471 Sancti
2387 4417 2511 4470 loco
2530 4414 2848 4486 pharmaci,
2873 4413 2942 4468 ab
2998 4413 3204 4467 eodem
3231 4429 3505 4468 converso
3538 4413 3645 4468 sibi
3681 4431 3774 4468 ex-

2165 4505 2367 4572 hibito,
2401 4504 2498 4576 qui
2522 4503 2620 4557 Dei
2652 4500 2933 4556 beneficio
2965 4517 3068 4571 per
3119 4501 3328 4556 merita
3386 4501 3442 4556 S.
3493 4501 3777 4557 Brunonis

2165 4593 2321 4648 brevi
2351 4591 2658 4658 convaluit,
2688 4607 2793 4644 nec
2825 4606 2942 4644 non
2994 4606 3101 4662 ope
3134 4591 3195 4644 B.
3229 4590 3437 4662 zEgidii
3469 4590 3771 4657 Minoritaa,

2165 4681 2322 4752 cujus
2347 4696 2552 4752 corpus
2605 4679 2757 4750 apud
2818 4678 3268 4733 Laurentianum
3311 4678 3590 4750 oppidum
3625 4678 3772 4733 inte-

2164 4786 2334 4840 grum
2366 4771 2705 4834 asservatur,
2738 4766 2824 4820 cui
2854 4767 2926 4820 ab
2954 4767 3075 4836 ejus
3105 4770 3292 4820 matre
3329 4766 3776 4820 commendatus

2162 4857 2368 4914 fuerat.
2406 4857 2488 4911 0b
2519 4855 2577 4909 id
2609 4871 2761 4909 anno
2801 4855 2955 4919 1634,
2985 4856 3048 4908 ut
3070 4853 3292 4908 Sanctis
3325 4853 3546 4908 debitas
3577 4857 3774 4924 grates

2163 4945 2616 5017 obsequiumque
2665 4943 3035 5012 persolveret,
3080 4941 3230 4996 circa
3267 4941 3500 4995 initium
3532 4941 3664 4995 Julii
3701 4942 3774 4996 ad

2162 5034 2495 5105 praedictam
2527 5031 2886 5086 Carthusiam
2918 5030 3149 5084 Padulaa
3177 5029 3410 5084 accessit
3440 5029 3498 5083 S.
3532 5030 3593 5082 P.
3629 5030 3770 5083 Bru-

2161 5121 2300 5176 noni
2321 5120 2534 5191 gratias
2556 5119 2900 5173 redditurus.
2963 5118 3128 5181 Quod
3170 5118 3376 5172 clarius
3403 5136 3469 5172 ex
3501 5117 3623 5187 ejus
3650 5119 3771 5188 epi-

2159 5211 2324 5277 stola,
2385 5208 2448 5266 V.
2479 5209 2539 5261 P.
2585 5206 2792 5261 Joanni
2845 5206 3112 5276 Baptistae
3156 5205 3454 5260 Manducio
3487 5205 3665 5276 priori
3701 5222 3767 5261 ac

2159 5295 2464 5370 provinciae
2486 5294 2762 5349 visitatori
2778 5295 3016 5360 directa,
3041 5294 3280 5364 patebit.
3303 5293 3671 5348 «Admodum
3694 5312 3757 5349 re

2155 5407 2182 5436 ››
2199 5385 2447 5441 verende
2465 5385 2633 5437 Pater
2649 5382 3064 5437 observandissi
3076 5381 3595 5453 me.Superioribus
3608 5400 3771 5439 men-

2151 5495 2178 5524 »
2206 5473 2358 5528 sibus
2382 5472 2454 5527 ob
2469 5470 2871 5543 gravissimum
2889 5470 3160 5525 morbum
3176 5470 3300 5524 vitae
3316 5472 3428 5525 tale
3450 5471 3763 5527 discrimen

2146 5582 2175 5643 ῃ
2206 5558 2443 5630 incurri,
2469 5562 2532 5614 ut
2551 5559 2942 5632 considerans,
2977 5559 3105 5633 jam
3134 5575 3345 5616 vanam
3386 5559 3766 5618 medicorum
