4014 6030
300 262 407 319 629

1869 264 2050 329 ACTA

3507 282 3612 342 630

288 401 326 435 »
367 400 608 457 operam
639 403 779 455 esse,
811 386 884 443 ad
913 391 1091 445 Deum
1120 390 1223 463 0p.
1251 392 1390 447 Max.
1410 395 1582 465 atque
1604 395 1677 449 ad
1694 393 1906 450 coclites
1927 401 1982 459 Α
2004 396 2259 466 pluribus
2291 398 2583 455 mensibus
2603 418 2637 457 a
2684 401 2949 458 daemone
2999 402 3214 458 insessa
3244 421 3366 460 sese
3408 422 3474 461 ex
3521 407 3610 461 in-

295 494 327 520 »
365 478 592 530 sanctos
633 478 1013 549 confugerim,
1046 482 1145 535 sed
1185 482 1454 551 peculiari
1494 483 1699 538 affectu
1738 486 1810 539 ad
1843 485 1899 540 8.

289 582 321 610 ›)
362 563 903 638 Brunonem,atquc
925 568 997 623 ad
1022 570 1083 623 Β.
1104 570 1416 642 ιΕεζίἀίιιῐη.
1438 573 1596 627 Nunc
1624 575 1900 641 utmulto,

287 671 321 699 »
365 652 519 722 quod
540 654 626 708 his
639 652 858 710 Sanctis
890 657 1433 725 debeo,satisfacere
1452 680 1661 735 queam
1687 663 1899 728 debito,

293 758 325 786 ι)
363 741 534 794 statui
565 744 946 813 personaliter
980 747 1054 801 ad
1089 764 1187 803 eos
1220 752 1577 806 venerandos
1607 752 1900 817 accedere,

288 845 320 879 θ
361 831 588 899 patrem
621 829 678 884 8.
714 833 1042 889 Brunonem
1070 835 1212 891 istuc
1242 838 1314 892 ad
1347 838 1404 893 S.
1431 839 1803 894 Laurentium
1831 839 1901 894 de

291 936 322 963 η
362 916 581 972 Padula
624 919 857 988 scilicet,
892 925 950 975 et
990 924 1052 976 B.
1085 925 1377 995 A‘Igidium
1430 928 1898 983 Laurentianum.

284 1020 320 1053 »
362 1002 549 1067 Quare
570 1006 987 1063 Paternitatem
1008 1011 1070 1064 V.
1095 1018 1326 1083 rogo,ut
1342 1016 1745 1086 mihigratiam
1764 1033 1899 1071 con-

286 1109 323 1142 »
363 1093 531 1147 cedas
562 1098 618 1147 et
641 1094 970 1152 facultatem
992 1100 1049 1152 F.
1078 1101 1318 1172 Angelo,
1344 1106 1404 1156 ut
1432 1120 1659 1159 mecum
1679 1104 1897 1158 veniat:

289 1201 321 1228 ι)
363 1196 502 1234 nam
525 1198 591 1234 ex
618 1187 778 1253 parte
801 1201 1153 1255 cognoscens
1177 1191 1247 1243 ab
1270 1207 1337 1244 eo
1361 1208 1548 1246 meam
1569 1194 1901 1263 sospitatem

290 1287 326 1320 ››
365 1271 490 1322 tum
524 1269 672 1323 illius
703 1274 984 1343 precibus,
1032 1278 1154 1330 tum
1208 1279 1460 1345 hortatu,
1495 1283 1556 1334 ut
1601 1298 1695 1335 me
1734 1281 1790 1335 8.
1838 1283 1899 1336 Ρ.

289 1377 322 1403 ››
362 1357 617 1412 Brunoni
639 1376 767 1414 com
777 1364 1175 1432 mendarem,a
1189 1368 1539 1422 Paternitate
1560 1370 1903 1424 vestrahanc

287 1465 321 1492 ››
362 1447 823 1503 consolationem
850 1456 1079 1521 exopto,
1114 1458 1174 1508 ut
1195 1456 1498 1526 praedictus
1530 1458 1726 1525 frater,
1761 1458 1906 1513 sicut

287 1554 320 1582 »
363 1534 573 1589 auxilio
590 1537 728 1591 mihi
744 1539 933 1593 fuitad
946 1542 1280 1611 sospitatem
1298 1545 1433 1598 mihi
1452 1546 1901 1617 impetrandam,

288 1642 320 1672 »
364 1622 447 1676 ita
463 1624 638 1678 etiam
664 1625 735 1679 sit
766 1628 838 1681 ad
868 1630 1082 1699 gratias
1111 1632 1455 1687 reddendas.
1483 1635 1738 1689 Tandem
1764 1636 1903 1690 offe-

2006 500 2199 554 gressu
2226 487 2284 539 in
2306 487 2517 542 dictum
2547 490 2731 544 lacum
2750 490 2990 546 liberam
3016 491 3210 559 sensit,
3226 492 3492 565 idemque
3515 511 3613 549 eo-

2005 571 2137 626 dem
2156 573 2245 627 dic
2264 574 2457 628 multis
2470 576 2591 631 aliis
2609 579 3016 650 energumenis
3037 580 3457 637 obvenit.Anno
3481 585 3608 636 1721

2004 660 2142 715 baro
2179 661 2468 729 Leffelbol,
2502 666 2799 737 capiarum
2842 684 3224 723 caesarearum
3256 669 3315 724 in
3348 670 3612 725 Calabria

2003 750 2350 819 capitaneus,
2385 756 2536 807 secta
2561 751 2935 823 Lutlieranus,
2964 772 3207 827 parvum
3235 757 3292 812 S.
3327 757 3612 811 Brunonis

2000 838 2213 903 lacum,
2248 856 2360 909 quo
2413 840 2725 896 curiositati
2776 860 2890 898 suae
2933 844 3309 909 satisfaceret,
3353 845 3617 912 visitavit,

2002 924 2312 996 vidensque
2345 945 2457 982 uno
2486 928 2575 983 die
2610 929 2809 999 viginti
2856 935 3103 1003 quatuor
3135 933 3434 1000 miracula,
3471 949 3504 987 a
3529 950 3618 987 va-

2002 1012 2099 1066 riis
2121 1017 2525 1085 energumenis
2542 1034 2645 1089 per
2661 1018 2850 1073 Sancti
2868 1020 3335 1075 intercessionem
3354 1021 3615 1089 obtenta,

2002 1100 2229 1155 interne
2260 1103 2331 1156 ad
2366 1103 2537 1158 fidem
2570 1107 2909 1161 catholicam
2934 1109 3401 1179 amplectendam
3427 1113 3620 1163 motus

2003 1192 2109 1253 est,
2138 1193 2194 1243 ct
2224 1189 2352 1245 ideo
2385 1192 2665 1247 vocationi
2703 1194 2908 1248 divinae
2939 1196 3371 1267 obtemperans,
3408 1196 3618 1267 dieque

2004 1277 2073 1329 24·
2099 1277 2247 1330 Junii
2281 1278 2782 1335 Luthcranismum
2829 1282 3120 1352 abjurans,
3159 1282 3290 1337 ﬁdei
3323 1284 3618 1339 catholicae

2003 1365 2609 1438 professionem,patre
2632 1370 2990 1425 Columbano
3006 1372 3268 1442 Theysen
3290 1371 3618 1426 Coloniensi

2003 1452 2268 1508 Minorita
2308 1456 2707 1524 Conventuali,
2744 1459 2962 1512 militiae
2997 1475 3258 1513 cessares:
3307 1460 3616 1529 sacellano,

2006 1543 2063 1594 et
2111 1543 2427 1613 Augustino
2478 1546 2651 1600 Maria
2685 1546 3019 1613 Lucanensi,
3055 1548 3461 1602 concionatore
3513 1547 3617 1602 Ca-

2005 1631 2266 1698 puccino,
2292 1633 2912 1704 przesentibus,Rl1egii
2946 1635 3003 1688 in
3028 1635 3289 1689 Calabria
3309 1636 3366 1689 in
3400 1635 3617 1706 Capue-

290 1732 321 1759 »
363 1727 500 1765 rens
521 1729 613 1766 me
632 1730 862 1785 semper
884 1717 955 1770 ad
972 1718 1075 1783 tui,
1101 1736 1164 1772 ac
1189 1722 1296 1773 tuas
1317 1722 1610 1792 religionis
1632 1723 1906 1795 obsequia
1932 1718 1981 1775 B
2005 1716 2266 1772 cinorum
2296 1721 2532 1774 ecclesia
2562 1721 2775 1788 emisit,
2822 1723 3049 1793 duoque
3083 1722 3390 1792 supradicti
3424 1726 3618 1794 patres

289 1818 323 1850 »
363 1805 724 1871 promptum,
761 1803 868 1857 tuis
906 1822 1001 1859 me
1045 1808 1399 1863 orationibus
1432 1812 1905 1866 commendatum

293 1908 323 1935 »
366 1887 558 1958 cupio.
591 1891 873 1959 Potentia,
908 1893 997 1947 die
1026 1898 1089 1950 27
1117 1896 1267 1949 Junii
1303 1899 1458 1953 163i.
1500 1921 1528 1948 »

365 1977 456 2030 36.
497 1978 654 2032 Talia
702 1983 835 2033 sunt
874 1981 1002 2049 tria,
1037 2000 1163 2053 qua:
1195 2002 1368 2041 sacrae
1402 1988 1617 2042 rituum
1650 1989 1904 2061 Congre-

287 2064 560 2135 gationis,
594 2083 629 2120 a
657 2066 771 2122 ritu
796 2068 1153 2143 semiduplici
1182 2072 1255 2127 ad
1287 2074 1595 2146 duplicem,
1614 2082 1905 2134 annuente

293 2152 594 2208 Clemente
623 2155 685 2223 X,
717 2157 990 2212 elevantis
1012 2159 1203 2214 Sancti
1234 2163 1472 2224 cultum,
1496 2165 1727 2221 decreto
1759 2184 1905 2239 pra:-

288 2240 470 2308 ivere,
500 2243 706 2315 hicque
745 2248 1099 2302 recensenda
1129 2249 1280 2317 duxi,
1314 2251 1387 2306 ad
1419 2252 1475 2307 8.
1507 2254 1790 2309 Brunonis
1818 2255 1905 2310 in-

290 2330 657 2386 vocationem
690 2336 918 2404 patrata
958 2335 1253 2392 miracula.
1294 2341 1373 2393 Ac
1418 2341 1627 2396 horum
1670 2343 1905 2413 quidem

293 2419 634 2486 secundum,
668 2421 771 2475 etsi
803 2424 953 2494 quod
990 2425 1060 2478 de
1091 2425 1296 2480 virtute
1327 2444 1361 2482 a
1394 2429 1707 2501 prodigiosi
1730 2431 1906 2486 fontis

290 2506 458 2576 aquis
486 2506 597 2578 (adi
640 2507 965 2567 Comment.
1016 2530 1191 2583 praev.
1244 2532 1405 2570 num.
1445 2518 1568 2589 747)
1611 2519 1684 2572 ad
1728 2520 1902 2588 lacus,

290 2594 384 2648 cui
416 2611 450 2649 a
487 2594 547 2651 S.
581 2597 848 2653 Brunone
881 2616 1097 2655 nomen
1130 2605 1233 2670 est,
1269 2620 1446 2675 aquas
1487 2608 1763 2662 translata
1802 2610 1903 2662 Za-

291 2683 512 2738 nottius
550 2684 609 2738 iu
641 2689 909 2740 contexta
948 2704 981 2742 a
1027 2706 1087 2743 se
1129 2690 1323 2746 Sancti
1365 2693 1493 2747 Vita
1540 2695 1734 2761 tradit,
1763 2713 1903 2750 neu-

292 2771 520 2842 tiquam
561 2773 886 2842 conﬁrmet,
917 2777 1310 2848 prodigiosam
1346 2783 1542 2835 tamen
1575 2783 1727 2837 lacus
1754 2783 1906 2837 illius

291 2859 456 2930 aquis
493 2876 523 2913 e
554 2859 745 2915 Sancti
779 2864 963 2916 nostri
993 2866 1212 2920 meritis
1235 2867 1504 2923 virtutem
1536 2887 1665 2924 vere
1696 2869 1901 2937 inesse,

289 2951 639 3019 argumento
671 2950 1051 3022 qualicunque
1082 2958 1186 3008 est.
1213 2955 1422 3009 Verum
1453 2957 1602 3011 hanc
1632 2960 1797 3028 plura
1815 2960 1901 3012 lu-

288 3036 572 3091 culentius
600 3043 1082 3107 commonstrant,
1117 3059 1243 3113 quae
1262 3043 1504 3115 ipsemet
1533 3046 1899 3101 Zanottiusin

287 3125 525 3180 laudata
554 3144 655 3181 sua
694 3128 764 3182 de
793 3128 849 3183 S.
897 3129 1170 3185 Brunone
1202 3134 1618 3189 Lucubratione
1649 3152 1772 3207 cap.
1809 3138 1896 3203 34,

287 3217 511 3281 narrat,
542 3215 836 3283 miracula,
856 3235 1139 3290 aquarum
1161 3220 1388 3277 illarum
1407 3222 1613 3278 virtute
1630 3224 1897 3295 praesenti

286 3303 496 3357 saeculo
524 3320 588 3357 ac
617 3304 784 3374 proin
816 3310 945 3377 post
968 3307 1206 3376 dictum,
1229 3310 1385 3381 quod
1415 3327 1569 3366 anno
1604 3314 1740 3367 1674
1766 3328 1898 3367 con-

282 3390 549 3462 gregatio
590 3392 805 3447 rituum
851 3395 1030 3461 dedit,
1076 3396 1370 3451 decretum
1423 3402 1667 3470 patrata.
1718 3401 1897 3454 Lubet

282 3480 432 3545 haec,
467 3479 725 3550 pluribus
756 3481 899 3549 aliis,
949 3500 1073 3555 quas
1107 3488 1228 3539 tum
1261 3486 1413 3557 apud
1443 3486 1754 3541 Surianum
1795 3488 1893 3542 ad-

281 3567 417 3634 huc,
452 3570 575 3622 tum
605 3569 738 3623 alibi
770 3574 1012 3635 exstant,
1046 3589 1076 3625 e
1108 3571 1304 3643 lingua
1335 3575 1524 3628 Italica
1549 3575 1607 3628 in
1632 3576 1895 3630 Latinam

279 3671 448 3710 versa
472 3657 672 3712 lectori
703 3658 792 3712 hic
823 3659 1111 3725 exhibere,
1141 3660 1334 3733 idque,
1366 3679 1497 3716 cum
1529 3680 1631 3734 pro
1665 3663 1735 3717 iis
1766 3666 1892 3719 nul—

281 3745 408 3799 lum
439 3761 538 3799 seu
570 3746 909 3817 scriptorem
950 3765 1049 3802 seu
1081 3753 1552 3817 monumentum,
1597 3757 1800 3807 contra
1831 3771 1895 3807 ac

279 3833 424 3887 alias
451 3834 639 3889 facere
678 3836 841 3902 solet,
879 3836 1073 3890 laudet
1114 3838 1425 3906 Zanottius,
1464 3857 1495 3894 e
1539 3841 1660 3894 sola
1703 3840 1891 3911 hujus,

279 3937 460 3993 quem
487 3938 555 3976 ea
576 3922 950 3978 nihilominus
975 3941 1005 3978 e
1027 3926 1268 3994 probato
1290 3926 1449 3981 fonte
1470 3927 1720 3982 hausisse
1739 3946 1891 3998 reor,

277 4009 578 4079 scriptoris
625 4011 758 4066 fide.
791 4011 952 4067 Hisce
993 4012 1188 4084 itaque
1233 4015 1305 4069 ab
1346 4015 1443 4070 illo
1483 4015 1675 4070 Sancti
1712 4018 1895 4072 nostri

274 4097 603 4169 biographo
636 4100 818 4154 verbis
849 4105 1202 4156 narrantur:
1246 4122 1277 4154 ‹‹
1328 4104 1497 4159 Anno
1552 4108 1686 4160 1715
1740 4105 1895 4161 Oliva

280 4183 463 4258 Spani
490 4185 875 4242 Cantaciensis
895 4189 994 4243 tali
1027 4190 1202 4246 modo
1220 4208 1253 4245 a
1276 4191 1532 4263 maligno
1564 4192 1766 4263 spiritu
1789 4194 1896 4249 fuit

280 4274 537 4341 obsessa,
570 4278 632 4329 ut
662 4275 753 4330 die
800 4277 1070 4347 quopiam
1120 4278 1221 4334 abs
1266 4279 1362 4334 illo
1404 4280 1685 4335 violenter
1722 4299 1894 4353 supra

278 4361 602 4418 carbonum
632 4364 960 4420 ardentium
986 4383 1233 4421 massam
1251 4368 1423 4422 fuerit
1443 4369 1723 4439 conjecta,
1740 4370 1893 4425 unde

280 4452 490 4506 vulnus
504 4452 821 4508 insanabile
834 4454 1136 4509 contraxit.
1154 4455 1382 4510 Maritus
1394 4456 1562 4524 illius,
1580 4474 1755 4528 quem
1768 4474 1895 4529 gra-

282 4540 432 4595 viter
450 4540 509 4594 id
529 4541 846 4613 afﬂigebat,
864 4559 1080 4615 magna
1100 4560 1231 4597 cum
1253 4544 1365 4598 fide
1386 4547 1650 4599 sanctum
1664 4547 1894 4600 Patrem

285 4629 643 4700 (Brunonem
671 4630 1213 4703 nempe)invocavit,
1238 4648 1483 4704 cumque
1506 4633 1807 4688 mulierem
1822 4633 1894 4688 ad

282 4719 479 4773 lacum
527 4717 583 4773 S.
625 4720 907 4774 Brunonis
939 4719 1209 4787 duxisset,
1241 4720 1435 4791 ibique
1478 4721 1723 4789 lavisset,
1756 4737 1892 4776 con-

282 4807 449 4861 tinuo
479 4806 615 4861 vidit
642 4807 801 4862 illam
820 4808 983 4863 hoste
1012 4807 1281 4863 infernali
1313 4809 1639 4875 liberatam,
1674 4813 1843 4881 atque
1862 4827 1896 4864 a

284 4895 524 4949 vulnere
547 4898 825 4950 curatam.
862 4896 1030 4951 Anno
1065 4900 1219 4963 1719,
1254 4896 1345 4951 die
1372 4900 1438 4953 28
1476 4897 1603 4953 Maii
1645 4899 1895 4953 Joannes

286 4983 614 5038 Bernardus
631 4982 687 5038 S.
708 4984 859 5039 Petri
898 4984 1299 5052 Cosentiensis,
1321 5003 1452 5041 cum
1478 5004 1511 5040 a
1527 4989 1750 5059 septem
1768 4987 1893 5056 jam

287 5071 455 5126 annis
484 5072 691 5127 morbo
715 5073 999 5141 detentus,
1034 5074 1340 5146 multisque
1369 5074 1627 5146 corporis
1648 5074 1731 5129 sui
1766 5090 1896 5146 par-

286 5159 461 5227 tibus,
500 5160 578 5216 ita
619 5166 681 5217 ut
724 5161 1053 5217 miseranda
1080 5162 1198 5217 visu
1232 5180 1323 5217 res
1368 5164 1534 5229 esset,
1572 5166 1897 5217 contractus

285 5248 557 5316 fuisset,a
584 5252 917 5321 parentibus
946 5252 1190 5324 suis,qui
1221 5251 1278 5305 in
1312 5251 1548 5305 brachia
1574 5268 1707 5305 eum
1740 5266 1897 5305 acce-

288 5354 445 5410 pere,
483 5338 556 5393 ad
586 5340 775 5394 lacum
796 5340 854 5395 S.
884 5340 1165 5395 Brunonis
1192 5340 1433 5407 delatus,
1473 5356 1592 5394 sese
1623 5338 1899 5394 duntaxat

288 5427 536 5483 lavando
564 5428 793 5483 sanitati
820 5428 1060 5500 integrae
1083 5428 1293 5483 mansit
1316 5428 1630 5482 restitutus.

365 5517 454 5571 37.
503 5538 532 5567 «
565 5516 783 5572 Eodem
813 5533 966 5573 anno
994 5518 1219 5588 Angela
1249 5516 1394 5571 Rizzi
1426 5513 1835 5586 Cantaciensis,
1868 5532 1902 5572 a

344 5712 373 5732 υ

1925 2997 1973 3056 C

2004 1805 2169 1860 illum
2202 1825 2234 1861 a
2274 1808 2526 1862 censuris
2567 1814 2841 1864 consueta
2879 1813 3088 1864 sanctae
3129 1810 3388 1865 Ecclesiae
3426 1810 3618 1865 forma

2008 1894 2478 1950 absolverunt.De
2493 1897 2602 1951 hoc
2616 1900 2737 1952 toto
2757 1898 3204 1953 instrumentum
3221 1899 3616 1953 authenticum

2006 1982 2095 2036 cui
2127 1983 2238 2037 duo
2270 2000 2443 2054 supra
2481 1985 2614 2040 dicti
2649 1985 2899 2057 religiosi
2932 1986 3141 2059 aliique
3172 1989 3455 2056 praeterea
3482 1987 3617 2042 sub-

2007 2070 2340 2138 scriberent,
2376 2074 2675 2144 totumque
2704 2090 2902 2128 verum
2925 2091 3066 2141 esse,
3092 2074 3378 2144 jurarent,
3411 2074 3615 2128 confici

2006 2159 2183 2213 voluit
2220 2159 2376 2214 idem
2407 2161 2758 2231 capitaneus,
2788 2165 3032 2233 postque
3066 2162 3311 2234 ipsemet
3342 2178 3495 2216 anno
3527 2179 3614 2216 se-

2008 2248 2226 2319 quenti,
2256 2266 2386 2303 cum
2412 2250 2626 2320 gratias
2650 2250 2708 2304 S.
2737 2250 2989 2305 Brunoni
3032 2251 3356 2322 sepulcrum
3388 2250 3510 2321 ejus
3532 2249 3614 2304 vi-

2006 2336 2183 2390 sendo
2215 2327 2440 2390 acturus
2470 2336 2738 2404 venisset,
2766 2337 3109 2408 scripturam
3148 2335 3477 2408 hujusmodi
3514 2354 3614 2391 au-

2005 2423 2320 2478 thenticam
2340 2423 2397 2478 in
2420 2423 2477 2478 8.
2495 2423 2767 2494 Stephani
2785 2424 3084 2480 Carthusia
3105 2424 3388 2494 deposuit.
3414 2445 3440 2472 »
3469 2424 3613 2479 Cum

2006 2511 2225 2566 duobus
2274 2512 2683 2583 posterioribus
2732 2530 2763 2568 e
2808 2513 2987 2568 tribus
3024 2515 3385 2569 Pentecostes
3434 2513 3592 2568 festis

2006 2611 2251 2672 quorum
2294 2603 2473 2657 altero
2534 2618 2759 2657 sacrum
2792 2602 2984 2657 Sancti
3029 2606 3199 2674 caput
3243 2602 3311 2657 ad
3365 2602 3614 2657 Turrita-

2005 2705 2143 2742 nam
2174 2688 2230 2744 S.
2263 2690 2449 2744 Marias
2488 2690 2787 2744 ecclesiam
2823 2707 2890 2743 ex
2940 2689 3177 2744 ecclesia
3235 2688 3293 2744 S.
3328 2688 3607 2760 Stephani

2003 2777 2320 2843 transferri,
2349 2779 2530 2831 altero
2563 2777 2637 2831 ad
2665 2778 2813 2832 hanc
2850 2777 3051 2831 referri
3086 2777 3393 2849 quotannis
3445 2778 3608 2845 solet,

2003 2864 2210 2937 ingens
2238 2866 2339 2920 ﬁat
2374 2866 2593 2938 populi,
2629 2865 3125 2938 quemadmodum
3166 2882 3233 2920 eo
3265 2864 3387 2936 ipso
3428 2866 3607 2920 Lucu-

2001 2953 2277 3008 brationis
2307 2971 2421 3008 suae
2444 2954 2651 3024 capite,
2687 2971 2799 3025 quo
2824 2955 2947 3025 jam
2980 2953 3261 3008 recensita
3289 2953 3467 3008 refert
3496 2953 3605 3007 mi-

2001 3043 2212 3108 racula,
2245 3042 2535 3097 Zanottius
2564 3045 2826 3109 testatur,
2861 3041 2934 3096 ad
2972 3041 3335 3096 Turritanam
3367 3040 3605 3096 Carthu-

1999 3130 2144 3185 siam
2175 3148 2501 3197 concursus,
2534 3134 2784 3203 tuncque
2814 3147 2882 3185 eo
2909 3129 3150 3186 sanandi
3191 3128 3407 3184 infirmi
3438 3146 3605 3185 ener-

1999 3222 2350 3291 gumenique
2380 3220 2760 3292 undequaque
2779 3221 3001 3275 soleant
3016 3218 3450 3291 adduci,viginti
3471 3236 3607 3291 qua-

1997 3311 2129 3362 tuor
2156 3307 2451 3375 miracula,
2482 3325 2585 3380 per
2622 3326 2770 3380 quin,
2816 3309 2875 3363 in
2907 3308 3149 3363 totidem
3192 3307 3604 3379 energumenis

1997 3393 2191 3449 Sancti
2205 3396 2610 3450 intercessione
2624 3412 2737 3451 uno
2756 3396 2848 3450 die
2868 3395 3418 3468 patrata,copiarum
3437 3411 3607 3450 cassa-

1995 3499 2226 3537 rearum
2243 3484 2608 3553 capitaneum
2624 3484 2697 3538 ad
2712 3483 2888 3538 fidem
2903 3483 3240 3538 catholicam
3262 3499 3602 3539 conversum

1994 3569 2184 3637 fuisse,
2215 3571 2458 3642 scriptor
2486 3570 2531 3624 is
2562 3570 2652 3624 hic
2674 3572 2870 3638 refert,
2902 3572 3178 3625 alterutro
3200 3588 3230 3625 e
3261 3570 3423 3625 dictis
3452 3572 3600 3624 Pen-

1994 3660 2235 3713 tecostes
2264 3658 2420 3712 festis
2444 3659 2699 3713 fortassis
2731 3676 3011 3726 evenere;
3044 3659 3197 3730 quod
3230 3658 3273 3712 si
3312 3661 3507 3712 autem
3536 3672 3600 3711 re

1994 3746 2168 3800 etiam
2201 3762 2333 3800 vera
2356 3746 2434 3799 ita
2458 3763 2548 3800 res
2568 3747 2855 3813 habuerit,
2879 3745 3051 3800 fuisse
3074 3763 3104 3799 e
3128 3745 3327 3816 viginti
3355 3747 3602 3816 quatuor

1994 3833 2398 3905 energumenis
2410 3851 2524 3888 uno
2537 3830 2859 3905 eodemque
2873 3833 2965 3887 die
2979 3834 3308 3887 daemonem
3327 3832 3571 3902 ejectum
3582 3872 3597 3899 ,

1994 3922 2179 3994 magis
2203 3922 2332 3990 erit,
2360 3938 2535 3994 quam
2567 3922 2819 3994 alioquin
2850 3921 3021 3989 foret,
3057 3919 3346 3975 credibile.

2065 4012 2152 4065 38.
2181 4011 2252 4065 Ut
2278 4014 2341 4065 ut
2369 4011 2460 4077 sit,
2493 4010 2761 4065 adhibitis
2789 4009 3060 4082 equidem
3091 4010 3263 4077 lacus,
3297 4025 3331 4063 a
3359 4007 3420 4062 8.
3455 4007 3595 4063 Bru-

1994 4114 2147 4153 none
2161 4099 2314 4166 dicti,
2330 4099 2492 4172 aquis
2512 4116 2629 4154 non
2655 4116 2836 4171 pauca
2865 4099 3161 4163 miracula,
3182 4114 3309 4170 quin
3331 4095 3598 4169 proinde,

1993 4190 2057 4242 ut
2077 4188 2202 4258 jam
2230 4189 2449 4267 monui,
2482 4189 2873 4261 prodigiosam
2905 4189 3113 4243 harum
3144 4186 3417 4241 virtutem
3448 4188 3600 4241 lucu-

1993 4277 2222 4347 lentius,
2253 4294 2429 4350 quam
2450 4295 2632 4333 unum
2668 4294 2828 4332 num.
2876 4278 2944 4332 34
2975 4277 3245 4344 relatum,
3266 4290 3597 4331 commons-

1992 4366 2232 4434 trant,in
2245 4367 2653 4438 energumenis
2668 4366 3029 4438 potissimum
3047 4368 3274 4436 patrata
3285 4364 3600 4432 fuisse,cre'-

1994 4454 2251 4508 dendum
2272 4457 2528 4527 apparet.
2549 4455 2680 4521 Nec,
2706 4470 2832 4525 quas
2844 4469 3017 4524 supra
3036 4470 3068 4507 e
3097 4451 3342 4507 Suriauo
3362 4452 3599 4524 aliisque

1994 4543 2180 4610 attuli,
2203 4543 2464 4597 dubitare
2487 4542 2701 4609 sinunt,
2737 4541 2875 4613 quin
2922 4543 3087 4613 plura
3117 4541 3293 4596 etiam
3323 4541 3397 4595 ad
3418 4543 3601 4596 solam

1994 4631 2187 4686 Sancti
2200 4630 2623 4686 invocationem
2638 4631 2852 4686 fuerint
2874 4633 3100 4703 patrata
3125 4628 3602 4701 miracula,idque

1992 4718 2277 4791 pracipue
2309 4717 2367 4772 in
2396 4719 2719 4787 Turritana,
2747 4719 2835 4774 cui
2868 4719 3043 4774 modo
3077 4723 3135 4774 et
3178 4737 3213 4773 a
3241 4718 3299 4773 8.
3332 4719 3602 4773 Brunone

1995 4824 2211 4862 nomen
2228 4811 2332 4872 est,
2366 4806 2424 4860 S.
2458 4807 2735 4880 Stephani
2771 4807 3091 4863 Carthusia.
3118 4807 3279 4861 Libet
3312 4822 3464 4859 nunc
3493 4805 3599 4860 ibi-

1997 4896 2129 4950 dem
2151 4896 2387 4966 patratis
2403 4896 2645 4968 jamque
2669 4897 2912 4952 narratis
2931 4912 3111 4950 unum
3129 4898 3430 4966 praeterea,
3447 4893 3604 4965 quod

1996 4984 2131 5039 alibi
2161 4988 2387 5055 gestum
2437 4988 2542 5051 est,
2571 5003 2669 5041 seu
2717 4985 3099 5049 miraculum,
3123 4999 3221 5038 seu
3260 4981 3606 5037 beneﬁcium

1998 5072 2285 5128 coronidis
2297 5073 2732 5145 quodammodo
2747 5074 2872 5129 loco
2893 5072 2982 5142 adj
2993 5087 3234 5143 ungere.
3256 5070 3612 5126 Morkensius

1998 5160 2057 5214 in
2084 5177 2192 5216 ms.
2206 5179 2328 5229 sua,
2347 5178 2523 5232 quam
2537 5162 2596 5217 in
2611 5161 3041 5217 Commentario
3056 5159 3265 5231 praevio
3296 5157 3611 5229 saepissime

1998 5249 2321 5317 laudavi,de
2334 5249 2390 5304 8.
2409 5251 2676 5305 Brunone
2702 5248 2960 5304 Diatriba
2983 5245 3614 5319 Chronologico-diplo-

1999 5338 2211 5392 matica
2227 5339 2284 5393 in
2298 5339 2412 5392 fine
2432 5338 2512 5393 sic
2530 5338 2731 5392 habet:
2754 5360 2782 5386 ‹‹
2803 5339 2876 5393 Ut
2896 5336 3134 5392 tandem
3157 5334 3619 5409 disquisitionem

1999 5424 2150 5479 hanc
2163 5425 2360 5479 ﬁniam
2370 5423 2606 5492 ,mirum
2622 5422 2964 5499 istud,quod
2977 5426 3239 5479 recenter
3253 5425 3311 5479 in
3325 5420 3623 5476 occasione

2000 5511 2170 5584 hujus
2184 5512 2593 5585 qualiscunque
2619 5507 2957 5581 scriptionis
2979 5510 3280 5583 contigisse
3301 5508 3473 5584 paulo
3497 5511 3636 5572 ante
