4014 6030
410 310 505 365 631

1266 304 1324 362 8.
1346 302 1692 362 BRUNONIS
1731 300 2365 360 CARTHUSIANORUM
2399 298 2865 360 INSTITUTORIS

3616 298 3724 356 632

406 426 751 495 memoravi,
780 428 891 483 huc
917 428 1202 501 subjungo
1233 445 1299 483 ex
1328 427 1566 499 epistola
1589 427 1692 482 viri
1721 425 2016 483 clarissimi
2035 430 2091 488 Α
2126 443 2151 482 ρ
2193 426 2539 483 miraculoso
2574 423 2826 479 didicere
2843 420 3417 491 exemplo,quantum
3431 417 3724 489 Superum

402 516 636 571 Domini
656 517 853 572 Judoci
872 517 1186 572 Hermanni
1210 517 1564 588 Nunninghii
1584 517 1632 570 «Ι.
1654 517 1717 571 U.
1745 516 2014 584 doctoris,

405 604 809 675 prato-notarii
836 605 1131 678 apostolici
1163 623 1227 659 ac
1256 604 1594 677 perillustris
1626 605 1876 659 ecclesiae
1898 605 2014 659 col-

404 689 631 760 legiatae
644 691 947 746 Vredensis
963 691 1298 761 scholastici,
1318 692 1570 747 etc.Huic
1582 691 2017 746 transmiseram

402 777 554 833 hanc
575 795 770 834 meam
794 781 864 835 de
886 780 943 835 S.
964 782 1025 834 P.
1044 781 1109 833 N.
1136 782 1405 835 Brunone
1433 780 2017 847 Diatribam,eatenus

403 868 468 920 ut
481 883 612 921 eam
626 869 1040 941 legeret,atque
1053 868 1687 940 adjudicaret,mihique
1700 884 1805 939 pro
1819 883 2018 923 amore

406 958 605 1010 nostro
629 960 686 1010 et
710 957 964 1012 amicitia
988 958 1348 1025 rescriberet,
1376 958 1514 1029 quid
1544 957 1615 1011 de
1648 975 1717 1012 ea
1743 957 2014 1011 sentiret:

405 1042 678 1098 satisfecit
724 1045 983 1115 affatim;
1025 1049 1159 1101 ante
1203 1049 1400 1101 tamen
1443 1062 1618 1118 quam
1668 1044 2018 1100 sententiam

407 1148 569 1186 suam
590 1132 824 1200 diceret,
848 1135 1126 1205 praefatur
1142 1152 1155 1190 :
1171 1154 1203 1187 «
1224 1134 1434 1190 Verum
1456 1137 1770 1206 antequam
1791 1150 1886 1188 me
1908 1132 2019 1187 tuis

406 1236 439 1271 xv
481 1220 804 1292 accingam,
832 1223 1124 1293 praemitto
1157 1240 1375 1290 casum,
1417 1222 1560 1277 mihi
1601 1239 1759 1290 sane,
1794 1238 1862 1275 ex
1893 1220 2018 1275 aliis

401 1325 436 1361 »
472 1308 887 1380 permirum,ac
903 1311 1259 1383 prodigio,ut
1275 1310 2018 1382 candideloquar,plenum.

405 1414 441 1449 ι
476 1397 605 1451 Jam
656 1414 863 1453 manus
893 1415 1054 1454 meas
1084 1399 1339 1454 subierat
1368 1399 1625 1454 Diatriba
1654 1402 1753 1452 tua
1784 1397 1853 1452 de
1896 1396 2022 1452 Vita

408 1502 443 1537 ›
483 1484 541 1540 8.
589 1485 873 1542 Brunonis
904 1504 1037 1554 ms.,
1082 1489 1313 1559 quando
1359 1487 1618 1542 residuus
1666 1487 1726 1541 in
1767 1486 1925 1541 venis
1955 1502 2022 1539 ex

407 1591 442 1627 ι
480 1573 738 1629 febribus
768 1576 924 1630 calor
966 1576 1332 1648 inopinatum
1364 1576 1508 1631 mihi
1550 1576 1756 1631 excitat
1794 1574 2021 1629 narium

408 1680 444 1715 »
481 1661 853 1732 stillicidium,
889 1680 922 1718 a
942 1682 1176 1736 vespera
1202 1682 1305 1737 per
1333 1664 1646 1736 plurimam
1678 1668 1910 1719 noctem
1938 1665 2026 1717 sat

2118 538 2151 570 ρ
2190 517 2396 572 auxilia
2460 512 2730 568 humanis
2788 510 3054 565 omnibus
3119 508 3231 562 sint
3298 506 3724 578 prmstantiora.

2115 623 2147 658 ι)
2186 607 2421 677 Ignosce
2460 601 2693 674 profuso
2722 601 2944 654 calamo
2975 615 3153 671 opera
3176 597 3277 653 Dei
3307 595 3728 668 indispensabi-

2116 712 2148 746 »
2186 694 2319 748 liter
2350 690 2760 746 manifestanti.
2794 707 2818 742 ιι

2189 784 2276 836 40.
2310 778 2560 835 Miraculi
2603 778 2773 848 hujus
2799 793 2897 831 seu
2930 776 3119 848 potius
3144 773 3428 842 beneficii,
3464 773 3730 827 Nunnin-

2117 870 2253 943 ghio
2303 870 2376 923 ad
2416 868 2473 922 S.
2528 865 2808 921 Brunonis
2856 863 3283 919 invocationem
3326 861 3536 928 collati,
3575 853 3734 916 rela-

2116 958 2265 1015 tioni
2304 958 2528 1028 adjecta
2575 954 2733 1010 brevi
2768 955 3037 1020 clausula,
3079 955 3409 1018 tractatum,
3453 966 3567 1022 quo
3616 967 3731 1018 res,

2121 1048 2195 1103 ad
2225 1047 2499 1102 Sanctum
2544 1046 2885 1115 spectantes,
2918 1043 3041 1120 fuse
3088 1041 3399 1112 seduloque
3448 1038 3731 1106 discussit,

2116 1134 2468 1192 Morkensius
2508 1132 2767 1188 absolvit.
2801 1132 3034 1197 Verum,
3081 1132 3393 1200 antequam
3420 1130 3478 1181 et
3507 1143 3616 1198 ego
3648 1127 3735 1180 in-

2118 1229 2352 1297 ceptum
2393 1224 2465 1278 de
2526 1222 2615 1289 iis,
2678 1238 2804 1292 quae
2846 1220 2917 1274 de
2964 1217 3148 1291 gloria
3189 1216 3381 1272 Sancti
3421 1215 3736 1288 posthuma

2121 1313 2364 1368 dicenda
2392 1311 2751 1381 supererant,
2783 1323 3113 1362 sermonem
3144 1304 3236 1360 hic
3264 1304 3626 1369 concludam,
3649 1303 3736 1356 lu-

2119 1404 2415 1458 culentum
2442 1400 2649 1465 adhuc,
2678 1401 2741 1451 ut
2768 1396 2945 1451 ﬁdem
2972 1392 3388 1450 Commentarii
3407 1391 3604 1464 prievii
3627 1392 3734 1446 ini-

2120 1491 2201 1547 tio
2233 1492 2429 1545 datam
2453 1488 2719 1555 liberem,
2743 1485 2967 1541 eximite
2988 1501 3237 1557 prorsus,
3266 1500 3379 1554 qua
3408 1481 3649 1537 Sanctus
3671 1481 3733 1535 in

2121 1579 2310 1653 patrio
2344 1580 2486 1643 solo,
2524 1576 2645 1631 imo
2686 1576 2746 1630 in
2782 1575 2924 1648 ipsa,
2954 1574 3015 1628 in
3047 1590 3160 1647 qua
3185 1575 3352 1627 natus
3381 1587 3503 1626 esse
3546 1569 3734 1625 existi-

2120 1666 2335 1734 matur,
2364 1666 2540 1721 domo
2568 1662 2818 1720 Coloniae
2841 1661 3170 1734 Agrippina?
3194 1659 3462 1723 afﬁcitur,
3490 1674 3733 1712 venera-

410 1768 445 1803 δ
482 1750 711 1805 funesto
765 1755 1086 1823 spectaculo
1134 1757 1512 1824 protractum,
1560 1752 1648 1807 cui
1688 1751 1905 1807 evocati
1958 1748 2093 1807 exB
2122 1757 2295 1813 tionis
2318 1756 2729 1825 argumentum
2759 1750 3343 1807 commemorandum
3376 1752 3481 1803 est.
3514 1751 3735 1818 Augus-

411 1858 447 1891 »
483 1839 667 1894 vicino
708 1841 921 1911 oppido
950 1842 1203 1914 chirurgi
1234 1858 1555 1915 congruam
1600 1845 1826 1896 mature
1852 1856 2025 1912 opem

412 1945 446 1981 ι
484 1930 803 1997 contulere;
830 1930 985 2001 quod
1005 1933 1062 1984 et
1082 1931 1335 1986 medicus
1354 1948 1516 1985 meus
1535 1928 2026 2000 haemorrhagiam

415 2035 449 2070 »
487 2017 744 2072 sanitatis
773 2019 1033 2073 criticam
1063 2019 1219 2074 bono
1254 2020 1450 2074 omine
1481 2019 1890 2090 interpretatus
1920 2019 2024 2072 est.

488 2107 576 2159 39.
610 2124 643 2157 «
682 2107 906 2161 Interea
937 2108 1267 2161 evolvendis
1296 2107 1408 2162 tuis
1441 2108 1664 2179 scriptis
1695 2124 1827 2162 cum
1858 2106 2031 2161 sedu-

417 2210 453 2246 »
490 2193 578 2247 lus
609 2192 943 2264 distringor,
969 2194 1124 2248 intra
1169 2195 1461 2250 octiduum
1504 2212 1597 2249 me
1624 2212 1688 2249 ex
1719 2193 2029 2265 improviso

419 2299 453 2334 »
493 2281 740 2335 alterum
786 2282 1142 2354 aggreditur,
1194 2283 1374 2354 priori
1418 2285 1592 2355 longe
1640 2281 2029 2354 periculosius.

423 2386 457 2421 »
496 2368 649 2424 Hora
685 2385 935 2440 vesperae
965 2371 1190 2426 circiter
1205 2375 1405 2427 octava
1434 2376 1577 2440 erat,
1602 2389 1717 2443 qua
1737 2372 2034 2426 inﬁrmum

424 2475 458 2509 »
497 2473 704 2529 corpus
722 2458 918 2529 requie
949 2459 1287 2514 donandum
1313 2476 1623 2531 compono,
1652 2461 1738 2514 vix
1756 2463 1926 2532 caput
1944 2475 2038 2513 re-

425 2564 460 2598 >>
498 2544 669 2613 clino,
693 2563 765 2600 en
782 2546 1204 2617 copiosissimus
1216 2548 1441 2616 eadem,
1470 2566 1583 2620 qua
1604 2565 1808 2620 nuper,
1830 2547 2038 2602 venula

427 2652 465 2687 ›
502 2634 733 2705 sanguis
762 2634 1109 2707 prorumpit,
1156 2636 1308 2689 inter
1338 2637 1594 2692 modicas
1640 2638 1812 2692 horas
1842 2634 2035 2690 exani-

426 2740 464 2776 ι
504 2722 785 2777 mandum
828 2724 1199 2795 prmsagiens.
1237 2724 1459 2780 Gemini
1505 2742 1607 2797 per
1644 2743 1747 2780 ora
1775 2728 1832 2779 et
1871 2739 2040 2779 nares

427 2827 464 2863 »
503 2810 667 2865 rivuli
689 2815 850 2866 tanto
864 2812 1082 2883 impetu
1094 2829 1276 2885 eaque
1289 2814 1506 2869 cruoris
1518 2815 1745 2885 jactura
1764 2813 2036 2871 continuo

432 2917 469 2954 ι
508 2900 854 2969 discurrunt,
900 2906 963 2955 ut
1012 2902 1359 2973 afﬂigerent,
1412 2906 1583 2974 atque
1642 2904 1701 2957 in
1759 2905 2040 2975 lacrymas

434 3007 470 3043 θ
508 2992 784 3060 cogerent
814 2990 1268 3045 circumstantes.
1287 2991 1402 3063 Ego
1431 2994 1632 3061 pacato
1661 2992 1857 3046 animo
1889 2992 2041 3046 ferre

2122 1846 2277 1902 tinus
2323 1843 2710 1910 Aldenbruck,
2744 1841 3059 1908 Societatis,
3102 1843 3312 1894 nostra:
3358 1837 3644 1905 sacerdos,
3676 1837 3736 1891 in

2126 1934 2387 2006 epistola,
2415 1948 2591 2003 quam
2617 1934 2748 2002 post
2780 1930 3097 2000 inspectam
3126 1928 3367 1982 domum
3397 1926 3579 1990 illam,
3607 1940 3736 1995 quae

2130 2022 2242 2095 (adi
2302 2019 2798 2076 Commentarium
2857 2017 3134 2089 praevium
3184 2019 3211 2084 §
3262 2013 3314 2085 2)
3368 2013 3441 2069 ad
3492 2013 3740 2067 Rubeam

2127 2109 2362 2166 Stessam
2387 2108 2728 2181 appellatur,
2756 2121 2910 2160 anno
2951 2108 3107 2170 1767,
3141 2104 3232 2158 die
3258 2107 3323 2158 27
3368 2101 3497 2156 Julii
3529 2102 3601 2155 ad
3633 2117 3740 2155 nos

2134 2199 2311 2265 dedit,
2329 2197 2450 2252 aliis
2464 2196 2776 2263 nonnullis,
2793 2194 2865 2249 ad
2884 2194 2941 2249 S.
2959 2195 3287 2247 Brunonem
3315 2191 3740 2263 pertinentibus

2134 2304 2261 2359 qua:
2291 2287 2599 2352 memorat,
2628 2282 2929 2356 sequentia
2957 2282 3079 2336 haec
3115 2280 3275 2335 addit
3307 2297 3320 2333 :
3356 2300 3387 2331 ς
3411 2279 3537 2333 Vidi
3562 2278 3741 2332 etiam

2134 2376 2195 2431 in
2227 2374 2464 2446 antiqua
2494 2373 2669 2427 domo
2698 2371 2788 2443 (ad
2806 2370 3044 2424 Rubeam
3066 2368 3321 2431 Slessam,
3348 2370 3519 2439 prout
3540 2368 3746 2420 etiam-

2136 2480 2277 2519 num
2309 2461 2688 2533 nuncupatur)
2716 2459 3062 2525 cubiculum,
3081 2457 3232 2529 quod
3260 2457 3460 2512 incolae
3488 2455 3745 2513 aS.Bru-

2136 2567 2311 2618 none,
2355 2550 2493 2605 dum
2545 2546 2797 2603 Colonia:
2838 2546 3026 2602 adhuc
3060 2547 3316 2617 degeret,
3356 2544 3745 2600 inhabitatum

2138 2639 2425 2704 dicebant,
2457 2641 2619 2691 tanta
2647 2651 2878 2708 semper
2905 2635 3225 2690 reverentia
3249 2635 3487 2701 cultum,
3513 2636 3575 2687 ut
3600 2632 3745 2687 nulli

2139 2732 2416 2783 nocturna
2443 2725 2602 2797 quies
2631 2724 2690 2778 in
2722 2740 2790 2778 eo
2817 2723 3248 2778 concederetur.
3264 2724 3324 2777 In
3346 2722 3553 2777 eodem
3585 2720 3745 2776 cubi-

2139 2818 2264 2871 culo
2324 2817 2646 2869 monstrata
2684 2812 2828 2867 mihi
2883 2813 2991 2866 fuit
3045 2813 3266 2885 sponda
3311 2811 3464 2878 lecti,
3506 2827 3621 2884 qua
3671 2810 3749 2865 ad

2141 2903 2393 2977 quietem
2423 2919 2554 2956 usus
2582 2902 2671 2969 sit,
2706 2900 3102 2968 vetustissima,
3133 2901 3230 2955 illa
3253 2901 3488 2972 quidem
3527 2917 3558 2955 e
3587 2900 3748 2972 ligno

2142 3009 2386 3065 querno,
2447 2992 2565 3059 sed,
2609 2991 2765 3063 quod
2804 2991 3043 3044 miratus
3089 2989 3192 3056 fui,
3224 2991 3380 3044 nullo
3420 2989 3751 3044 teredinum

433 3095 470 3132 ›
508 3079 751 3146 malum,
800 3095 903 3132 ceu
946 3094 976 3131 e
1025 3080 1165 3134 coelo
1201 3078 1545 3133 immissum.
1595 3081 1820 3134 Interea
1865 3081 2041 3135 nihilo
2063 3065 2111 3124 Ο
2144 3100 2341 3138 morsu
2368 3082 2426 3135 in
2444 3082 2596 3135 hunc
2613 3080 2765 3134 diem
2785 3079 3058 3150 appetita,
3080 3079 3295 3133 nedum
3316 3077 3752 3143 vitiata.0uam,

434 3185 471 3219 »
506 3167 800 3222 remissior
818 3167 1072 3240 profusio
1091 3167 1150 3221 in
1168 3167 1374 3222 horam
1394 3169 1626 3222 tertiam
1654 3168 1836 3223 noctis
1857 3187 2047 3225 excur—

438 3272 473 3309 ι
512 3255 608 3323 rit,
642 3257 1009 3309 accersuntur
1038 3256 1227 3310 denuo
1258 3255 1511 3326 chirurgi
1536 3257 1921 3325 Borckenses;
1951 3259 2047 3330 qui

440 3360 475 3395 ›
514 3347 711 3397 tamen
743 3343 816 3397 ob
843 3342 1059 3397 clausas
1089 3346 1284 3415 portas
1309 3344 1534 3416 aliaque
1566 3344 1830 3399 militaris
1862 3346 2051 3416 prazsi-

441 3451 475 3485 »
514 3430 593 3485 dii
634 3431 1070 3501 impedimenta,
1124 3435 1251 3485 tum
1290 3434 1472 3488 noctis
1525 3450 1790 3504 opacum,
1821 3435 2051 3506 segnius

444 3538 478 3573 »
512 3519 810 3575 accedunt.
827 3519 919 3574 His
948 3536 1178 3574 moram
1200 3524 1363 3575 aucto
1386 3520 1638 3591 periculo
1670 3523 2046 3589 trahentibus,

442 3625 478 3663 ›
514 3607 772 3662 humana
792 3623 899 3678 ope
921 3607 1222 3663 destitutus
1250 3608 1324 3663 ad
1344 3610 1632 3664 caelestem
1647 3627 1900 3680 recurro,
1918 3615 2049 3667 voto

443 3713 479 3750 »
515 3695 590 3750 ad
628 3696 825 3751 divum
864 3697 1197 3752 Brunonem
1236 3697 1625 3769 patriarcham
1664 3698 1837 3767 facto,
1891 3700 2050 3771 cujus

440 3803 476 3838 ›
514 3785 714 3858 gloriae
736 3787 872 3840 tunc
887 3786 970 3840 tui
987 3802 1156 3841 causa
1179 3790 1464 3858 utcunque
1480 3787 2042 3859 inserviebam,prae-

440 3892 476 3926 »
514 3874 661 3929 senti
710 3874 912 3930 mortis
955 3875 1207 3946 periculo
1245 3874 1515 3945 eriperet,
1561 3874 1605 3929 si
1645 3875 1770 3947 pios
1812 3879 2050 3931 conatus

442 3980 479 4017 ι
512 3961 780 4033 prosequi
798 3963 1003 4018 coelum
1031 3962 1401 4016 decrevisset:
1425 3963 1513 4016 vix
1543 3963 1903 4018 absolveram
1920 3968 2052 4019 vota

442 4066 478 4103 ι
514 4049 701 4104 verbis
736 4054 793 4103 et
830 4050 1061 4120 animo;
1096 4068 1246 4118 ecce,
1281 4051 1421 4106 nihil
1458 4052 1724 4107 obstante
1756 4053 2053 4124 sanguinis

440 4158 473 4190 τι
513 4137 797 4210 proﬂuxu,
829 4141 1000 4210 caput
1028 4140 1297 4211 supinum
1324 4140 1607 4210 pulvinari
1638 4141 1956 4208 dimissum,
1986 4158 2052 4196 ac

440 4242 472 4283 κ
513 4227 667 4283 suavi
693 4243 829 4281 mox
853 4244 1058 4282 somno
1087 4228 1448 4298 consopitum
1473 4229 1668 4283 lethali
1689 4230 1969 4286 stillicidio
1991 4232 2052 4286 ﬁ-

437 4334 475 4371 »
514 4333 652 4371 nem
693 4315 849 4385 facit,
882 4332 1163 4387 germano
1203 4317 1382 4371 fratre
1421 4317 1754 4390 caeterisque
1798 4318 2045 4373 circum-

433 4422 471 4460 »
509 4404 789 4459 stantibus
816 4420 943 4459 rem
970 4405 1183 4460 miram
1210 4405 1760 4477 obstupescentibus.
1793 4407 2046 4480 Adequi-

434 4513 473 4555 »
506 4496 696 4552 tantes
710 4493 962 4569 chirurgi
982 4495 1219 4552 demum
1237 4472 1668 4570 circa-quartam
1697 4472 2047 4553 matutinam
2066 4472 2121 4533 D

2148 3171 2303 3244 quod
2333 3187 2438 3241 per
2456 3168 2820 3235 domesticos,
2841 3168 3088 3222 famulos
3114 3167 3388 3237 aliosque,
3408 3166 3505 3238 qui
3530 3167 3758 3237 specta-

2148 3265 2275 3315 tum
2293 3258 2769 3323 admittebantur,
2788 3255 2982 3309 nimiis
3002 3254 3194 3309 frustis
3214 3254 3530 3309 identidem
3552 3253 3759 3307 avulsis

2150 3349 2514 3411 multaretur,
2547 3361 2731 3416 nuper
2774 3344 3045 3414 operculo
3089 3343 3445 3397 incluserunt
3490 3341 3762 3396 moderni

2151 3436 2365 3491 mdium
2389 3434 2611 3489 domini
2624 3432 3004 3505 etinquilini.»
3024 3431 3214 3486 Fuerit
3228 3448 3301 3485 ne
3319 3447 3450 3485 vere
3468 3430 3526 3485 S.
3542 3432 3761 3496 Bruno,

2153 3541 2285 3579 cum
2317 3523 2568 3578 Coloniae
2596 3520 2924 3592 Agrippinae
2948 3520 3133 3575 adhuc
3162 3521 3505 3587 versaretur,
3521 3522 3580 3573 et
3600 3518 3763 3573 cubi-

2151 3613 2277 3667 culo
2320 3616 2377 3665 et
2433 3609 2656 3681 sponda
2699 3609 2852 3676 lecti,
2904 3608 2996 3663 hic
3050 3608 3388 3663 memoratis
3430 3624 3582 3675 usus,
3640 3623 3765 3662 non

2151 3699 2377 3771 inquiro
2403 3716 2417 3766 ;
2445 3714 2665 3760 verum,
2689 3702 2752 3751 ut
2782 3701 2844 3751 ut
2869 3697 2927 3751 id
2946 3697 3328 3763 habeat,cura
3358 3695 3627 3767 equidem
3644 3696 3763 3749 sin-

2150 3788 2385 3859 gularis,
2417 3803 2531 3857 qua
2560 3785 2784 3856 sponda
2823 3785 2936 3852 illa,
2979 3801 3013 3839 a
3044 3784 3272 3850 Sancto,
3307 3787 3369 3838 ut
3398 3787 3650 3856 putatur,
3684 3783 3763 3837 ad

2151 3876 2408 3948 quietem
2465 3874 2741 3942 adhibita,
2799 3872 3138 3940 custoditur,
3198 3872 3585 3944 studiumque,
3642 3886 3760 3942 quo

2151 3963 2434 4030 nonnulli,
2485 3963 2697 4017 frustra
2747 3978 2813 4016 ex
2865 3978 2934 4015 ea
2977 3960 3081 4015 sibi
3122 3960 3455 4032 acquirendi
3506 3959 3762 4029 correpti

2152 4054 2334 4120 fuere,
2367 4051 2589 4107 eximiae
2614 4066 2865 4123 prorsus,
2894 4066 3006 4122 qua
3029 4066 3169 4120 erga
3199 4049 3473 4103 Sanctum
3505 4047 3760 4103 Coloniae

2152 4159 2268 4197 non
2310 4139 2474 4212 pauci
2510 4141 2794 4206 feruntur,
2827 4137 3211 4193 venerationis
3242 4139 3585 4208 argumento
3624 4140 3764 4192 sunt

2152 4230 2397 4286 minime
2429 4229 2624 4296 dubio,
2657 4228 2905 4299 hincque
2933 4242 3051 4281 non
3081 4225 3259 4298 prius,
3288 4240 3463 4296 quam
3491 4224 3551 4279 id
3576 4225 3762 4281 etiam

2149 4319 2534 4386 adduxissem,
2565 4317 2696 4371 huic
2736 4316 2810 4371 ad
2844 4315 3093 4387 gloriam
3139 4314 3332 4369 Sancti
3381 4314 3764 4386 posthumam

2145 4408 2461 4482 Appendici
2485 4408 2665 4461 ﬁnem
2697 4404 3001 4476 imponere
3022 4405 3109 4459 est
3138 4401 3341 4458 visum.

1691 4694 2523 4736 W
