4014 6030
244 322 351 381 633
1211 331 1304 389 AD
1336 332 1567 389 OPERA
1598 333 1654 389 S.
1691 334 2035 391 BRUNONIS
2067 335 2604 394 PROLEGOMENA.
3468 344 3572 401 634

749 590 1631 785 SANCTI
1786 596 3074 789 BRUNONIS

239 889 1011 951 CARTHUSIANORUM
1052 895 1596 950 ΡΑΤΒΙΑΗΟΗᾸΞ
1649 895 2383 965 ΡΒΕΞΤΑΝΤΙδΞΙΜΙ,
2425 899 2526 955 AC
2567 899 2995 955 THEOLOGI
3047 899 3577 956 PARISIENSIS

1678 984 2139 1041 ERUDITISSIMI

1542 1166 2263 1308 OPERA

235 1376 440 1433 Studia
491 1378 553 1432 P.
600 1377 861 1431 Tnconoa
910 1377 1143 1444 Pariunt,
1204 1374 1531 1450 Campensis,
1593 1378 1899 1437 Carthasim
1959 1382 2284 1439 Coloniensis
2347 1387 2575 1451 alumni,
2633 1404 2775 1441 nunc
2857 1386 3067 1441 tandem
3142 1387 3394 1442 recensita
3418 1427 3432 1455 ,
3513 1398 3578 1443 ac

1578 1489 1745 1541 tribus
1797 1492 1953 1546 tomis
1996 1491 2245 1547 distincta

246 447 3569 494 Μ

1019 1621 1295 1694 (Coloniae
1326 1626 1478 1696 apud
1510 1626 1871 1683 Bernardum
1901 1630 2216 1700 Gualtheri,
2246 1650 2401 1688 anno
2429 1651 2528 1688 CIC).
2564 1651 2663 1689 Ioc.
2700 1635 2797 1707 χι.)

1725 1756 2115 1770 _

832 1852 1842 1941 REVERENDISSIMO
1920 1855 2043 1940 IN
2120 1853 2607 1940 CHRISTO
2683 1853 3027 1939 PATBI

1711 2032 1801 2088 AC
1854 2031 2122 2089 DOMINO

646 2185 772 2293 Ι).
910 2184 1739 2296 BRUNONI
1883 2182 3196 2297 D’AFFRINGUES

363 2366 638 2443 Majoris
669 2364 1030 2427 Carthusiae
1056 2366 1289 2443 priori,
1317 2367 1610 2444 adeoque
1639 2370 1704 2428 et
1737 2367 1934 2428 totius
1966 2383 2177 2459 sacrae
2203 2367 2805 2430 Carthusianorum
2834 2365 3101 2427 familiae
3130 2371 3469 2426 GENERALI
3522 2371 3532 2381 '

1627 2482 2040 2559 dignissimo,
2074 2486 2197 2565 etc.

330 2773 408 2826 Ex
436 2789 549 2844 quo
584 2772 1003 2828 Carthusiensis
1028 2772 1263 2828 familiae
1284 2772 1622 2829 solitudines
1647 2772 1706 2826 in
1734 2774 2029 2845 utriusque
2053 2773 2377 2830 Germaniae
2397 2777 2710 2852 provinciis
2730 2775 3100 2847 frequentare
3135 2766 3300 2840 coepi,
3318 2779 3581 2820 reveren-

256 2860 499 2915 dissime
527 2860 585 2916 in
618 2861 842 2917 Christo
876 2863 1064 2930 Pater,
1097 2879 1275 2917 unum
1312 2862 1607 2934 potissime
1654 2862 2024 2918 admirationi
2054 2866 2182 2931 fuit,
2216 2870 2370 2939 quod
2420 2873 2620 2927 omnia
2652 2869 2730 2925 ibi
2760 2863 3116 2935 comperirer
3157 2852 3581 2928 inexpugnabi-

255 2949 402 3003 lium
427 2949 721 3005 civitatum
753 2954 812 3006 et
830 2954 1152 3006 castrorum
1174 2951 1503 3018 simillima;
1535 2952 1888 3021 tergeminas
1918 2957 2051 3008 ante
2080 2972 2240 3011 sacra
2266 2959 2441 3030 adyta
2466 2960 2775 3031 unicuique
2806 2951 3091 3018 excubias,
3135 2946 3340 3003 loricas
3369 2948 3428 2999 et
3463 2958 3583 2997 cas-

254 3037 430 3104 sides,
462 3054 590 3108 qua:
618 3037 840 3092 ferrum
892 3038 1313 3110 ﬂammamque
1352 3038 1592 3109 impune
1637 3037 1933 3110 sufferant,
1968 3058 2287 3114 annonam,
2327 3065 2399 3104 ne
2432 3052 2587 3104 terra
2624 3046 2842 3103 marive
2883 3039 3315 3112 intercipiatur,
3344 3034 3415 3089 de
3444 3031 3585 3087 coelo

256 3126 642 3196 submissam;
678 3127 954 3182 stationes
984 3128 1056 3182 ab
1082 3131 1284 3199 aperto
1323 3128 1577 3183 hostium
1612 3129 1842 3185 incursu
1876 3132 2205 3190 conditione
2250 3138 2358 3192 loci
2399 3139 2747 3204 tutissimas;
2782 3132 2982 3208 praelia
3029 3127 3192 3185 omni
3245 3121 3584 3194 exceptione

256 3215 615 3283 ardentiora,
648 3233 799 3287 quae,
830 3220 893 3271 ut
921 3217 1044 3271 fuso
1078 3234 1195 3272 non
1227 3217 1669 3288 restinguuntur
1691 3221 1993 3291 sanguine,
2027 3223 2106 3278 ita
2136 3225 2333 3296 ignitis
2364 3228 2497 3283 odio
2528 3232 2586 3283 et
2617 3242 2817 3282 amore
2860 3220 3041 3277 armis
3093 3215 3412 3287 animisque
3456 3225 3587 3283 per-

256 3310 591 3377 petuantur.
615 3306 747 3374 Sed,
777 3308 911 3380 quia
934 3309 1311 3381 infatigabilis
1356 3314 1528 3382 atque
1564 3310 1909 3366 immortalis
1948 3310 2187 3368 Satanas
2220 3319 2324 3383 est,
2370 3317 2639 3371 adversus
2686 3330 2864 3387 quem
2913 3306 3171 3381 dispositi
3201 3320 3305 3377 per
3336 3314 3578 3357 omnem

259 3398 467 3452 orbem
497 3398 1005 3455 Carthusianorum
1034 3402 1284 3455 fratrum
1317 3405 1514 3468 coetus,
1548 3402 1707 3473 quasi
1736 3401 2002 3468 totidem,
2036 3403 2140 3457 sub
2178 3404 2383 3475 aquilis
2415 3408 2479 3460 D.
2515 3404 2815 3471 Brunonis,
2853 3403 3045 3456 aeratae
3073 3396 3222 3453 acies
3248 3388 3585 3475 depraalian-

258 3488 378 3553 tur,
411 3490 793 3558 spectatorem
814 3504 904 3543 me
923 3491 1043 3543 tam
1066 3489 1285 3543 difﬁcili
1316 3490 1619 3544 certamini
1641 3492 1826 3543 astare
1841 3486 1998 3542 enim
2028 3504 2162 3543 vero
2184 3474 2287 3545 nec
2301 3492 2493 3547 decuit
2512 3492 2751 3547 nectulit
2767 3484 3238 3561 congregationis
3253 3484 3453 3536 vestrae
3471 3474 3587 3531 exi-

259 3575 384 3630 mia
410 3579 549 3631 nota
567 3576 670 3642 vir,
696 3578 755 3630 P.
773 3576 1103 3631 Theodorus
1129 3579 1379 3632 Petraeus
1397 3595 1410 3643 ;
1426 3578 1702 3632 continuo
1732 3577 1966 3648 quippe,
1984 3576 2079 3630 ubi
2102 3579 2171 3632 de
2190 3597 2322 3635 meo
2345 3582 2403 3635 in
2422 3581 2856 3636 Carthusianam
2881 3576 3163 3633 familiam
3184 3572 3389 3627 affectu
3412 3582 3589 3640 quam

261 3665 488 3734 optime
506 3665 859 3735 conjeciSset,
884 3665 941 3719 in
970 3670 1197 3736 partem
1217 3666 1614 3721 sollicitudinis
1640 3683 1704 3720 ac
1735 3667 1947 3720 laboris
1962 3668 2045 3721 sui
2060 3685 2175 3733 me,
2193 3686 2309 3739 pra:
2332 3669 2562 3740 reliquis
2594 3685 2776 3723 unum
2799 3668 3064 3731 accitum,
3086 3661 3285 3726 voluit,
3310 3661 3376 3712 ut
3395 3656 3501 3711 sibi
3527 3655 3588 3708 in

263 3753 606 3824 reparandis
622 3756 1015 3809 monumentis
1030 3755 1337 3810 memorati
1352 3757 1417 3809 D.
1436 3755 1737 3820 Brunonis,
1758 3754 1932 3825 primi
1954 3759 2010 3809 et
2027 3757 2389 3811 sacratissimi
2406 3756 2575 3810 Carth
2584 3757 2916 3810 usianorum
2930 3749 3291 3823 patriarchae,
3311 3745 3591 3813 obseque-

263 3858 384 3896 rer.
424 3842 490 3894 Et
519 3841 776 3911 profecto
823 3840 1105 3896 Theseum
1154 3859 1213 3896 se
1255 3842 1594 3898 inclamasse
1636 3846 1945 3898 testaturus
1984 3849 2087 3911 est,
2132 3844 2361 3917 quando
2400 3844 2556 3898 enim
2603 3860 2719 3898 non
2764 3841 3059 3895 neminem
3088 3833 3475 3898 deterruisset,
3502 3830 3592 3886 vel

264 3931 554 3986 librorum
584 3930 895 4002 prolixitas,
926 3932 1013 3985 vel
1044 3948 1311 3987 curarum
1338 3935 1395 3987 et
1424 3949 1807 4005 expansarum
1834 3935 2158 3999 necessitas,
2192 3933 2578 4005 quorumdam
2604 3948 2738 3987 vero
2766 3932 2927 4002 prela
2951 3929 3046 3983 alii
3075 3927 3132 3982 id
3162 3940 3345 3997 genus
3365 3919 3591 3976 codices

258 4021 393 4093 jam
425 4019 871 4091 praeripuissent.
908 4019 1023 4089 Ego
1051 4019 1247 4071 tamen
1268 4019 1710 4090 promptissimis
1730 4024 2046 4077 accelerare
2068 4023 2295 4088 animis,
2320 4022 2672 4093 provinciam
2695 4038 2727 4076 e
2748 4019 2986 4091 vestigio
3013 4014 3273 4089 aggredi,
3290 4028 3395 4068 nec
3421 4009 3591 4083 quid-

268 4123 451 4180 quam
474 4107 767 4179 praeterire
800 4107 954 4178 quod
980 4106 1053 4160 ad
1084 4106 1427 4178 dignitatem
1460 4125 1523 4162 ac
1544 4110 1914 4180 splendorem
1944 4113 2283 4167 eorumdem
2314 4111 2699 4182 pertinuisset.

340 4195 548 4250 Tribus
577 4198 771 4249 autem
802 4195 1089 4267 praecipue
1122 4212 1321 4250 causus
1334 4197 1441 4250 huc
1468 4196 1744 4268 impulsus
1778 4196 1878 4252 fui.
1908 4198 2211 4266 Primo,ne
2231 4200 2697 4272 potentissimum
2727 4199 2937 4254 horum
2969 4195 3249 4252 librorum
3276 4189 3594 4247 subsidium

271 4284 606 4355 (postquam
631 4282 881 4337 maxime
894 4282 1121 4355 praefati
1157 4285 1218 4337 P.
1238 4283 1441 4338 Petraei
1471 4284 1587 4338 acri
1593 4284 1813 4354 judicio
1827 4286 1898 4340 ab
1926 4287 2181 4358 aerugine
2196 4289 2542 4343 mendarum
2556 4288 2812 4360 expoliti,
2831 4304 2896 4342 ac
2911 4283 3253 4341 doctissimis
3275 4278 3591 4337 distinctio-

270 4375 446 4430 nibus
468 4374 731 4429 illustrati
758 4378 909 4446 sunt)
932 4376 991 4430 in
1023 4376 1325 4431 domiciliis
1351 4376 1550 4430 vestris
1563 4375 1831 4447 deinceps
1854 4376 2336 4435 desiderarentur.
2364 4377 2648 4445 Secundo,
2674 4376 2946 4447 utimago
2972 4372 3206 4446 gloriosi
3226 4369 3591 4443 patriarcha,

268 4464 334 4518 in
366 4464 476 4519 illis
508 4464 752 4537 depicta,
796 4466 856 4518 at
886 4463 1266 4519 lectitantium
1299 4464 1566 4519 manibus
1596 4466 1655 4518 et
1701 4465 2127 4536 propemodum
2177 4466 2351 4520 oculis
2397 4465 2627 4533 detrita,
2676 4468 2949 4537 typorum
2993 4476 3260 4516 meorum
3311 4457 3596 4514 coloribus

268 4551 654 4608 revivisceret.
673 4552 883 4619 Tertio,
901 4570 1015 4625 quo
1030 4554 1335 4623 posteritas
1347 4552 1721 4608 Carthusiana
1734 4553 2089 4621 recordetur,
2109 4554 2424 4610 beatissimi
2444 4552 2731 4626 coryphazi
2748 4552 2831 4607 sui
2849 4553 3234 4608 monumenta
3246 4544 3598 4605 reverendis-

269 4642 436 4699 simae
449 4642 811 4698 Paternitatis
835 4645 1036 4697 vestra:
1069 4646 1238 4699 aetate
1266 4646 1323 4698 et
1358 4642 1620 4713 auspiciis
1650 4645 1911 4700 restituta
1932 4643 2123 4712 fuisse,
2158 4660 2285 4716 qua:
2323 4643 2562 4699 nomine
2585 4642 2756 4697 simul
2797 4644 2856 4696 et
2879 4640 3068 4696 ofﬁcio
3106 4637 3281 4711 primi
3312 4634 3596 4692 Brunonis

270 4737 465 4803 aucta,
480 4734 759 4805 Majorem
791 4734 1149 4789 Carthusiam
1164 4735 1224 4789 in
1240 4734 1539 4789 communi
1552 4732 1879 4805 principum
1908 4750 1974 4788 ac
1986 4734 2333 4805 populorum
2346 4731 2742 4787 commotione
2759 4727 3221 4785 constantissime
3235 4725 3595 4780 moderatur.

348 4822 740 4887 Quamobrem
769 4822 1052 4896 agnoscis,
1085 4822 1562 4878 reverendissime
1582 4821 1641 4876 in
1675 4820 1897 4877 Christo
1930 4823 2120 4889 Pater,
2154 4825 2212 4876 et
2241 4822 2546 4894 approbas,
2588 4824 2651 4875 ut
2681 4835 2915 4891 sperare
2940 4819 3172 4890 jubeor,
3201 4812 3594 4869 intentionem

269 4912 582 4969 voluntatis
610 4929 777 4968 meae.
810 4912 976 4977 Quod
998 4912 1044 4968 si
1069 4912 1303 4985 pacifice
1332 4911 1595 4966 laborem
1626 4915 1683 4967 et
1704 4911 1997 4967 solertiam
2027 4914 2306 4983 acceptas,
2341 4910 2567 4981 publico
2601 4910 2755 4966 bono
2782 4907 2841 4963 in
2868 4909 2972 4962 hos
2993 4910 3186 4962 tomos
3212 4903 3508 4969 collatam,
3536 4901 3596 4953 et

272 5004 336 5059 in
366 5004 621 5077 primum
650 5003 968 5076 potissime,
1001 5021 1179 5076 quem
1208 5003 1333 5070 tibi,
1367 5002 1649 5058 nimirum
1680 5001 1959 5056 universae
2002 5000 2238 5055 familiae
2272 4999 2425 5055 Patri
2461 5016 2527 5054 ac
2558 4998 2814 5070 primati,
2849 4994 3214 5067 singulariter
3253 4990 3594 5077 inscriptum

271 5076 787 5167 consecratumque
815 5092 1017 5161 offero,
1049 5109 1249 5164 preme
1272 5092 1565 5166 pollicem,
1600 5107 1807 5148 serena
1833 5090 2112 5157 frontem,
2146 5092 2306 5145 tanto
2336 5092 2398 5143 ut
2438 5088 2650 5144 certior
2675 5086 2976 5157 laetiorque
3002 5082 3112 5139 sim
3138 5096 3233 5136 me
3254 5078 3440 5137 tacitis
3468 5076 3592 5135 ani-

271 5198 387 5238 mae
413 5186 527 5238 tua:
552 5181 850 5238 desideriis
874 5181 1257 5255 respondisse.
1293 5180 1450 5237 Vale.

343 5290 601 5348 Coloniae
630 5290 829 5349 Ubior.
860 5306 1014 5348 anno
1050 5291 1179 5347 1611
1217 5287 1343 5361 ipso
1371 5291 1442 5347 D.
1474 5289 1782 5348 Brunonis.

2039 5374 2404 5433 Reverendiss.
2436 5376 2700 5452 paternit.
2733 5382 2864 5431 vast.
2896 5371 3260 5431 devotissimus
3286 5384 3489 5431 servus,

2894 5481 3219 5538 Baamanus
3251 5477 3530 5534 GUALmu

2667 5588 2821 5652 Civis
2846 5607 2911 5652 ac
2936 5585 3227 5664 bibliopola
3247 5577 3614 5645 Coloniensi}.
