4014 6030
270 282 376 338 637

272 406 513 472 Verum,
546 404 608 460 ut
637 416 768 458 vere
798 417 946 459 novo
975 400 1215 457 reduces
1253 404 1547 461 nascentia
1577 407 1738 474 vitas,

347 478 589 549 Udoque
618 474 830 549 passim
886 491 1013 549 quae
1034 474 1374 549 refrondent
1398 479 1632 548 cespite,

270 545 561 603 Imbribus
572 545 636 601 et
658 547 872 619 Phoebo
891 545 1133 599 debent:
1152 545 1387 616 propria
1416 545 1590 619 utque
1608 550 1882 604 clientum

347 619 477 675 Suis
508 617 768 690 patronis
800 617 955 690 dona
978 620 1112 671 sunt
1142 617 1508 690 communia}

272 690 385 771 Hic
406 687 634 771 quoque
664 687 907 771 partitus
937 690 1261 771 suatecum
1295 688 1537 771 praemia
1569 692 1799 771 palma),

346 758 639 839 Quidquid
664 758 927 839 laborum
961 758 1241 839 quidquid
1269 762 1325 812 et
1346 758 1585 839 laudum:
1614 762 1763 839 tulit,

271 829 557 903 Prodigiis
584 831 677 903 ille
707 829 819 897 tuis
856 832 1021 903 voret
1050 829 1193 903 aris;
1228 847 1483 901 quasque
1504 832 1710 886 futuris

339 899 572 973 Majoris
600 899 944 973 incrementi
970 899 1031 954 in
1061 900 1226 955 annis
1245 899 1375 973 spes
1397 899 1545 956 feret

264 970 521 1032 Muneris
545 989 665 1028 esse
700 971 783 1025 tui
814 970 988 1043 cupit,
1025 987 1088 1026 ac
1115 970 1426 1043 anathema
1444 976 1739 1043 repostum

340 1044 535 1099 Tholis
565 1043 831 1114 dicatque
836 1046 1263 1114 iconsecratque
1295 1042 1549 1114 fulgidis.

267 1116 424 1188 Ergo
453 1118 554 1170 tuo
579 1112 814 1186 junctus
834 1112 1312 1180 Theodoro,’dive
1338 1112 1442 1184 per
1465 1117 1621 1169 artus

1251 272 1604 333 EXPOSITIO
1627 275 1698 333 IN
1741 272 2073 333 PSALMOS.
2106 305 2175 316 —
2206 272 2592 335 paomcus.
2694 252 2709 263 '

1901 414 1955 471 Α
1990 405 2409 481 μερίρηᾱθηιθ
2440 405 2779 481 dispensans
2807 406 3022 481 facese
3050 411 3304 481 pectore,

3482 287 3586 344 638

1985 476 2043 531 Si
2056 494 2353 602 (germana
2383 476 2606 548 patrem
2636 479 2845 549 proles,
2869 480 2911 533 si
2938 476 3411 602 rite'dpatronum'

2100 548 2523 602 lienshonorat.
2552 549 2705 602 haud
2737 553 3035 602 amantem
3095 551 3301 602 iﬂ‘eras-

2100 498 2353 543 {armaria
2384 498 2606 548 patrem
2636 498 2845 549 prores,
2869 498 2911 533 31
2938 498 3046 534 rue
3118 498 3301 538 atronl

2100 548 2523 614 lienshonorat,
2552 549 2705 603 haud
2737 553 3035 604 amantem
3054 498 3301 608 d‘iﬂ‘eras.

1984 618 2258 702 Si,_ye.luti
2284 619 2476 702 Yitreis
2507 636 2638 673 cum
2669 621 2851 691 surgit
2878 622 3243 702 Phosphorus
3265 625 3454 693 undis,

2056 690 2268 770 Majore
2295 690 2422 770 luce
2440 691 2566 770 jam
2595 706 2856 770 coruscas
2882 690 3159 770 redditus,

1983 760 2232 835 Ulterius
2258 760 2456 835 coeptis
2486 763 2654 835 astes,
2688 762 2958 835 geniique
2986 762 3289 835 benignus,

2052 830 2139 885 Nil
2157 832 2274 901 ipse
2302 830 2623 902 deperdens
2644 830 2740 885 tuo
2773 833 2843 887 de
2863 830 3136 902 'munere,

1984 903 2113 956 Esse
2140 903 2222 956 tui
2252 901 2428 955 facias
2457 906 2805 969 consortem,
2834 909 3029 959 mente
3057 901 3270 960 diserta

2051 972 2323 1047 Gnomas,
2356 971 2467 1047 tuis
2498 973 2541 1026 si
2574 990 2691 1047 non
2722 990 2906 1043 pares,
2939 980 2997 1029 at
3025 977 3318 1047 proximas

1980 1043 2294 1127 Germinet,
2324 1045 2561 1127 et'seros
2584 1044 2679 1127 pia
2707 1061 2878 1127 sensa
2901 1043 3184 1127 propaget
3213 1047 3272 1102 in
3299 1064 3482 1103 annos

2049 1115 2125 1169 Te
2152 1118 2313 1185 patre
2346 1112 2519 1182 dives,
2554 1112 2610 1168 et
2628 1119 2835 1185 potens
2864 1112 2921 1170 te
2950 1112 3217 1188 przeside.

1507 1365 1947 1421 APPROBATIO
2000 1363 2359 1421 CENSORIS.

345 1485 536 1563 Opera
554 1485 759 1563 haecAS.
780 1488 963 1563 Patris
996 1487 1495 1563 B_runonis,tribus
1523 1489 1796 1563 dic_t_incta
1824 1488 2013 1563 tomis,
2031 1507 2097 1563 ac
2123 1490 2383 1562 diligenti
2415 1491 2602 1547 studio
2624 1492 2684 1547 P.
2708 1493 2996 1549 Theodori
3028 1496 3251 1563 Petraei,
3278 1496 3587 1554 Carthusia‘.

271 1559 639 1641 Cploniensis
656 1559 897 1641 alumni,
927 1560 1110 1641 rerisa
1142 1559 1563 1640 recensitaque,
1592 1559 1768 1641 digna
1784 1562 1954 1632 plane
1972 1560 2171 1631 judico
2197 1559 2323 1633 quae
2348 1564 2494 1634 typis
2522 1580 2723 1619 recusa
2754 1566 2813 1619 in
2844 1567 3033 1621 lucem
3076 1559 3247 1637 eantj
3282 1569 3587 1640 pristinam

270 1630 557 1711 nimirum
585 1630 1392 1711 pietatem‘eruldition‘emque
1413 1630 1711 1711 spirantia.

344 1703 410 1755 ln
437 1704 723 1756 conventu
753 1704 954 1756 nostro
987 1701 1525 1758 Coloniensi.Anno
1560 1704 1713 1768 1611,
1747 1705 1812 1757 10
1841 1702 2100 1776 Augusti.

2578 1777 2637 1830 F.
2667 1776 2965 1833 GISBETRUS
2987 1778 3302 1847 SPECHTIUS,

2052 1843 2359 1900 Conventus
2386 1845 2814 1901 Praedicatomm
2837 1852 3011 1919 prior,
3037 1858 3194 1922 atque
3221 1843 3479 1907 héreticw

2638 1922 2927 1989 pravitatis
2951 1923 3249 1992 inquisitor.

1738 2012 2099 2069 VOLUNTAS

417 2142 501 2208 Β.
537 2144 614 2210 P.
648 2133 998 2226 generalis
1017 2134 1281 2205 ordinis
1306 2133 1827 2205 Carthusiensis
1861 2158 1983 2226 pro
2004 2135 2404 2206 revidendis
2432 2137 2991 2229 recudendisque
3013 2143 3089 2208 B.
3109 2141 3454 2211 Brunonis

1743 2249 2113 2341 Operibus.

354 2402 543 2474 Digna
561 2399 669 2474 erit
693 2397 920 2474 ingenii
942 2396 1023 2452 tui
1051 2395 1323 2474 cogitatio
1340 2396 1415 2474 in_
1433 2413 1563 2451 eam
1594 2413 1791 2474 curam
1810 2396 2165 2474 incumbere,
2190 2400 2254 2451 ut
2275 2414 2452 2474 opera
2478 2398 2543 2452 D.
2565 2395 2853 2474 Brunonis
2876 2396 3196 2474 correctius
3216 2397 3583 2474 limatiusque

269 2467 563 2548 prodeant
593 2471 665 2548 ad
692 2467 883 2548 lucem
897 2467 1564 2548 famamquehominum
1585 2486 1599 2535 ;
1618 2468 1675 2548 in
1688 2484 1805 2548 quo
1822 2470 1960 2548 puto
1982 2467 2436 2548 paucorum-fore
2457 2468 2746 2548 mensium
2758 2484 2901 2538 opus
2916 2468 3128 2548 labore
3150 2472 3207 2523 et
3223 2467 3586 2548 potissimum

269 2538 399 2612 tibi,
426 2542 590 2598 valde
606 2542 731 2611 jam
762 2540 822 2594 in
849 2538 1284 2612 veteriibus’istis
1309 2538 1735 2612 interpolandis
1754 2538 1984 2612 detrito.
2002 2539 2209 2609 Urg’ete
2240 2539 2416 2612 igitur
2444 2540 2713 2594 alacriter
2734 2540 2881 2612 hanc
2900 2538 2970 2612 de
2999 2540 3153 2595 bono
3185 2538 3413 2611 publico
3437 2541 3586 2596 bene

268 2608 543 2671 merendi
575 2608 1113 2683 occasionem._Non
1134 2610 1290 2683 enim
1322 2608 1554 2683 possum
1569 2609 1959 2664 satislaudare
1976 2608 2354 2683 vest’rumilioc
2380 2615 2641 2683 sanctum
2676 2610 2879 2675 otium,
2914 2608 2972 2663 in
3006 2608 3203 2666 multo“
3221 2614 3583 2683 occupatum,

268 2690 332 2742 et
357 2686 434 2741 ad
467 2699 844 2739 communem
872 2680 1049 2736 totius
1080 2680 1338 2735 Ecclesim
1379 2680 1710 2747 utilitatem,
1742 2696 1959 2750 magna
1987 2697 2116 2735 cum
2144 2680 2361 2735 ordinis
2386 2682 2555 2736 laude
2586 2684 3004 2736 consecratum.

342 2758 421 2812 Ex
450 2755 656 2812 litteris
685 2753 835 2809 datis
862 2752 922 2807 in
953 2753 1110 2807 alma
1135 2753 1321 2806 matre
1354 2750 1675 2805 Carthusia.
1709 2753 1876 2806 Anno
1913 2753 2069 2819 1608,
2103 2751 2195 2805 die
2227 2752 2451 2807 decimo
2481 2752 2651 2806 Junii.

2644 2823 2703 2876 F.
2738 2823 2926 2878 BRUNO
2948 2822 3369 2889 D’Arramouns,

2351 2892 2519 2948 Prior
2550 2892 2873 2962 Cari/tusae,
2904 2911 2967 2948 ac
2989 2895 3250 2976 generatis
3278 2894 3481 2949 ordinis

3006 2972 3265 3020 minister.

1284 3172 1551 3258 VITA
1586 3172 1985 3259 SANCTI
2006 3171 2621 3260 BBUNONIS-

1093 3309 1495 3382 (Exstatsupra
1523 3308 1661 3361 inter
1687 3303 1832 3359 Acta
1860 3302 1925 3359 S.
1958 3302 2236 3359 Brunonis
2263 3311 2314 3358 et
2341 3309 2417 3358 est
2448 3304 2575 3359 Vita
2605 3302 2805 3374 tertia.)

1101 3452 2770 3676 DIVT—ERUNONIS

264 3728 501 3786 PRIMI
542 3730 1295 3791 CARTHUSIANORUM
1335 3734 1908 3791 INSTITUTORIS
1954 3732 2453 3790 SANCTISSIMI
2511 3734 2593 3787 ET
2643 3733 3066 3790 THEOLOGI
3109 3727 3589 3789 DOCTISSIMI

380 3890 1297 4059 OPERUM
1389 3894 2122 4059 TOMUS
2213 3894 2625 4056 SEU
2715 3890 3289 4056 PARS
3375 3891 3494 4050 Ι.

907 4122 1794 4252 EXPOSITIO
1887 4127 2061 4251 IN
2159 4120 2920 4251 PSALMOS

265 3432 2179 3461 Μ

1412 3450 1611 3457 _—_——

777 4373 795 4460 |
840 4389 1229 4446 PROLOGUS.

328 4476 669 4533 Psalterium
698 4478 1088 4551 estquoddam
1102 4478 1387 4535 musicum
1413 4480 1869 4537 instrumentum

253 4565 416 4639 quod
444 4582 511 4620 ex
535 4566 814 4639 superiori
840 4566 1081 4623 cavitate
1105 4571 1356 4624 resonat.
1402 4570 1469 4624 Et
1499 4570 1636 4642 quia
1657 4570 1868 4625 instru-

248 4663 457 4709 mento
496 4655 595 4709 tali
655 4656 1013 4726 psalmorum
1068 4657 1251 4711 melos
1284 4658 1622 4725 canebatur,
1656 4658 1727 4713 ab
1779 4659 1868 4713 in-

250 4745 582 4799 strumento
612 4761 713 4798 suo
743 4761 960 4800 nomen
979 4748 1133 4800 recte
1148 4748 1337 4800 totum
1359 4762 1503 4817 opus
1530 4745 1681 4801 istud
1709 4763 1868 4801 acce-

246 4831 360 4902 pit.
386 4829 541 4886 Sicut
565 4831 723 4888 enim
758 4833 1092 4905 psalterium
1122 4851 1155 4888 a
1184 4834 1473 4905 superiori
1503 4838 1756 4902 resonat,
1789 4836 1872 4891 ita

250 4921 312 4974 et
338 4935 481 4989 opus
507 4921 616 4976 hoc
641 4924 827 4976 totum
849 4922 920 4977 de
951 4923 1250 4994 superiori,
1277 4922 1337 4977 id
1360 4927 1446 4978 est
1470 4923 1541 4978 de
1553 4923 1654 4978 Dei
1678 4924 1866 4991 laude,

244 5010 503 5062 resonat.
531 5009 782 5064 Intentio
814 5013 1006 5065 autem
1024 5010 1211 5081 operis
1236 5010 1405 5082 hujus
1435 5012 1735 5083 multiplex
1748 5028 1867 5068 esse

245 5109 355 5164 per
383 5094 685 5151 titulorum
706 5098 1068 5169 singulorum
1102 5097 1496 5154 diversitatem
1518 5100 1865 5160 ostenditur.

245 5181 390 5237 Tum
431 5184 589 5238 enim
634 5185 704 5240 de
734 5185 1165 5254 Incarnatione,
1191 5186 1516 5254 Nativitate,
1574 5187 1863 5258 Passione,

247 5269 690 5329 Resurrectione
727 5276 785 5328 et
813 5274 1036 5329 caeteris
1080 5274 1300 5329 actibus
1351 5275 1581 5342 Christi,
1614 5279 1740 5331 tum
1795 5277 1865 5332 de

246 5358 563 5415 salvatione
593 5360 881 5415 bonorum
894 5360 1387 5432 damnationeque
1422 5363 1863 5433 malorumpro-

244 5450 488 5523 phetare
518 5449 796 5521 intendit;
820 5451 879 5507 in
911 5452 1116 5525 quibus
1143 5451 1414 5508 omnibus
1444 5452 1760 5508 Deilaudes
1776 5457 1862 5509 at-

241 5538 586 5597 tenduntur.
614 5541 679 5598 In
708 5540 974 5616 passione
1000 5541 1180 5613 enim,
1215 5545 1274 5599 et
1301 5542 1524 5598 caeteris
1558 5541 1680 5612 ejus
1718 5543 1859 5600 acti-

1894 3447 2273 3455 ...φ-..-

1891 4396 1942 4454 Β
1972 4391 2096 4458 bus,
2128 4390 2189 4446 in
2204 4391 2500 4462 justorum
2535 4388 2875 4456 salvatione,
2929 4388 3271 4445 humilitatis
3307 4388 3483 4462 ipsius
3532 4392 3592 4446 et

1974 4479 2469 4546 misericordiaeﬁn
2484 4478 2798 4549 impiorum
2818 4493 2951 4532 vero
2971 4477 3345 4534 damnatione
3351 4476 3590 4550 justitiaa

1969 4568 2167 4623 laudes
2187 4584 2307 4622 esse
2336 4566 2798 4640 perpenduntur.
2827 4566 3080 4638 Ideoque
3101 4567 3312 4623 merito
3325 4567 3589 4622 liberiste

1971 4656 2124 4728 apud
2148 4656 2413 4711 Hebraeos
2439 4655 2606 4710 Liber
2635 4655 2991 4727 hymnorum
3023 4655 3252 4724 dicitur,
3282 4655 3341 4710 id
3372 4659 3458 4711 est
3486 4654 3589 4711 Dei

1970 4741 2228 4799 laudum.
2258 4743 2467 4815 Hymni
2489 4759 2622 4797 vero
2651 4742 2849 4797 laudes
2865 4742 2965 4798 Dei
3000 4744 3239 4799 metrice
3270 4744 3434 4798 facta:
3449 4759 3585 4814 pro-

1970 4832 2093 4904 prie
2124 4832 2410 4897 dicuntur,
2443 4830 2648 4901 psalmi
2688 4833 2888 4885 autem
2918 4829 3092 4902 lyrico
3123 4835 3310 4886 metro
3347 4846 3582 4900 compo-

1968 4919 2061 4974 siti
2089 4920 2324 4974 fueruut
2349 4936 2363 4987 ;
2392 4922 2454 4971 ut
2474 4920 2684 4975 Arator
2714 4918 2821 4973 ait:

2201 5007 2529 5061 Psalterium
2561 5007 2717 5077 lyrici
2745 5022 3083 5077 composuere
3098 5005 3279 5076 pedes.

2037 5097 2168 5151 Tria
2207 5111 2341 5151 vero
2380 5094 2437 5149 in
2469 5095 2673 5150 divinis
2719 5094 2863 5148 sicut
2905 5094 2963 5148 in
3001 5092 3366 5149 saecularibus
3424 5092 3584 5151 libris

1969 5185 2428 5240 considerantur.
2454 5183 2600 5248 Quia
2624 5183 2770 5237 sicut
2790 5182 3092 5237 saeculares
3116 5182 3330 5255 partim
3354 5182 3427 5237 ad
3438 5183 3585 5254 phy-

1969 5275 2169 5342 sicam,
2206 5274 2418 5346 partim
2449 5274 2522 5328 ad
2536 5271 2811 5339 ethicam,
2836 5270 3049 5342 partim
3071 5288 3206 5327 vero
3228 5272 3302 5327 ad
3332 5271 3584 5344 logicam

1968 5364 2236 5430 tendunt,
2271 5362 2347 5417 sic
2377 5366 2435 5417 et
2471 5361 2647 5416 divini
2679 5360 2923 5429 quidam
2952 5360 3027 5415 ad
3059 5361 3380 5433 physicam,
3405 5361 3484 5415 ita
3499 5363 3586 5416 ta-

1970 5469 2108 5507 men
2136 5451 2376 5524 quodin
2402 5451 2525 5524 ipsa
2556 5446 2796 5519 physica
2838 5450 3147 5505 denotetur
3194 5450 3399 5523 ﬁgura,
3433 5452 3496 5504 ut
3524 5449 3585 5505 in

1967 5540 2171 5597 Genesi
2199 5540 2270 5596 de
2282 5538 2489 5598 mundi
2521 5533 2780 5607 origine,
2797 5539 2928 5596 etin
2956 5538 3290 5596 Ecclesiaste
3310 5539 3380 5597 de
3395 5537 3591 5595 multis
