4014 6030
455 293 561 349 639

1052 292 1111 348 8.
1153 291 1492 349 BBUNONIS
1532 289 2170 347 CAR'I‘HUSIANORUM
2210 289 2683 347 INS'I'I'I‘U’I‘ORIS
2727 291 2882 360 OPP,
2924 291 3100 347 PARS
3148 294 3190 346 Ι.

3686 296 3807 350 640

452 428 653 471 rerum
667 415 888 470 naturis
904 418 1143 487 mystice
1158 416 1710 480 tractatur.Quidam
1733 415 2072 469 autemloco
2100 419 2156 477 Α
2189 414 2361 482 bitur,
2393 415 2528 487 quia
2550 414 2764 469 scilicet
2792 415 2902 469 erit
2934 414 3059 469 talis
3090 432 3103 468 :
3149 418 3244 486 qui
3273 433 3379 469 non
3409 416 3572 484 abiit,
3619 418 3680 473 id
3711 422 3811 474 est

452 504 654 576 logica:
684 505 759 559 ad
804 505 1053 559 ethicam
1100 506 1368 569 tendunt,
1402 509 1465 559 ut
1494 506 1638 559 liber
1665 505 1791 569 Job,
1824 508 1879 557 et
1912 492 2083 555 Beati

456 594 807 659 immaculati,
827 598 885 648 et
913 595 1005 649 alii
1021 596 1254 667 quidem
1274 595 1498 666 psalmi.
1525 594 1772 658 Quidam
1794 610 1924 647 vero
1946 594 2070 645 loco

456 681 656 752 logicze
690 685 747 736 et
764 684 963 737 ethica:
978 685 1051 738 ad
1070 684 1409 749 theoricam,
1433 684 1587 737 idest
1622 682 1693 737 ad
1716 685 1944 736 contem
1955 682 2073 750 pla-

452 769 677 825 tionem
708 772 976 838 tendunt,
1006 773 1087 827 illi
1120 774 1334 828 scilicet
1368 773 1465 844 qui
1493 771 1764 826 sublimia
1802 770 1861 824 in
1887 787 1945 824 se
1975 769 2075 824 Dei

457 859 731 930 mysteria
742 861 1151 916 etacommuni
1164 862 1497 931 cognitione
1509 864 1737 915 remota
1749 860 2071 925 continent;

459 946 605 1002 sicut
634 949 867 1005 Cantica
893 951 1271 1005 canticorum.
1298 952 1360 1004 In
1392 951 1599 1022 quibus
1624 952 1771 1004 Deus
1789 947 2071 1013 Ecclesize,

458 1036 615 1091 velut
642 1055 883 1109 sponsus
894 1056 1140 1110 sponsae,
1158 1040 1408 1093 mirabili
1434 1038 1709 1110 mysterio
1724 1036 1881 1108 loqui
1898 1036 2075 1089 intro-

460 1123 705 1180 ducitur.
732 1126 898 1182 Liber
928 1128 1103 1182 etiam
1128 1128 1233 1183 iste
1252 1128 1355 1182 etsi
1381 1128 1438 1181 in
1456 1127 1801 1198 quibusdam
1834 1125 1906 1179 ad
1926 1123 2071 1178 ethi-

457 1214 1010 1287 cam,principaliter
1030 1221 1226 1271 tamen
1246 1218 1321 1271 ad
1336 1216 1654 1270 theoricam
1674 1214 1912 1267 tendere
1926 1212 2075 1266 vide-

456 1301 571 1367 tur,
620 1318 750 1357 cum
791 1304 1078 1375 praecipue
1126 1305 1196 1359 de
1237 1304 1678 1369 Incarnationis,
1730 1300 2071 1365 Nativitatis,

456 1393 915 1463 caeterorumque
954 1392 1159 1447 Christi
1193 1397 1427 1447 actuum
1470 1390 1755 1462 mysteriis
1786 1389 2069 1443 intendat.

532 1478 789 1532 Plurima
805 1480 1040 1552 quidem
1060 1481 1377 1552 prophetia:
1400 1496 1618 1551 genera
1631 1496 1751 1532 esse
1775 1477 2073 1531 sciendum

458 1567 562 1620 est.
586 1567 894 1638 Prophetia
919 1584 1171 1639 namque
1186 1568 1299 1622 alia
1316 1585 1419 1638 per
1432 1568 1604 1634 facta,
1628 1567 1772 1620 sicut
1798 1566 1868 1619 de
1889 1568 2072 1619 trans-

458 1653 541 1708 itu
566 1654 817 1709 filiorum
857 1658 1049 1722 Israel,
1084 1656 1420 1729 ceeterisque
1465 1672 1667 1710 eorum
1720 1654 1914 1721 factis;
1948 1669 2074 1723 quae.

2185 522 2299 559 non
2333 506 2532 569 abibit,
2567 505 2623 559 id
2657 507 2741 557 est
2767 522 2801 557 a
2831 504 3080 559 Domino
3106 522 3221 558 non
3247 506 3501 572 recedet,
3534 506 3612 561 ita
3634 511 3697 560 ut
3725 509 3807 561 sit

2179 593 2396 662 positus
2422 595 2481 647 in
2505 594 2723 646 consitio
2761 595 3067 662 impiorum,
3100 593 3159 647 id
3192 596 3277 647 est
3307 594 3365 647 in
3409 594 3804 651 delectatione

2177 684 2235 734 et
2259 698 2537 735 consensu
2558 680 2851 751 peccandi,
2906 698 3011 752 per
3064 697 3239 752 quam
3271 681 3455 735 Adam
3488 686 3548 736 et
3589 683 3705 736 Eva
3737 683 3803 737 in

2176 772 2428 823 mortem
2468 770 2844 824 devenerunt.
2896 770 2963 822 Et
2994 769 3141 823 bene
3173 768 3309 823 dicit
3351 770 3609 837 consilio;
3658 788 3805 826 nam

2174 858 2330 927 prius
2381 875 2556 929 quam
2581 858 2795 912 scilicet
2844 861 3144 928 peccatum
3190 863 3451 929 agerent,
3514 860 3802 931 peccandi

2174 946 2474 1000 consilium
2506 950 2871 1017 acceperunt,
2906 946 3037 1000 etin
3058 946 3156 1001 illo
3189 947 3428 1001 consilio
3458 947 3806 1002 delectatio-

2175 1052 2310 1089 nem
2340 1036 2690 1089 habuerunt.
2732 1034 2947 1106 Impios
2969 1051 3101 1089 vero
3136 1034 3292 1101 dicit,
3319 1053 3435 1091 non
3472 1037 3803 1093 secundum

2172 1124 2324 1178 vocis
2344 1124 2513 1194 hujus
2535 1124 2953 1195 proprietatem
2989 1127 3051 1177 ut
3072 1124 3255 1178 Deum
3297 1124 3665 1196 ignorarent,
3699 1126 3805 1180 sed

2173 1212 2450 1283 quoniam
2476 1216 2871 1281 apostatantes
2904 1211 3191 1277 exstitere,
3211 1228 3344 1266 cum
3376 1213 3477 1267 Dei
3523 1214 3806 1268 notitiam

2174 1302 2511 1354 retinerent.
2528 1301 2691 1372 Impii
2714 1317 2990 1371 namque,
3014 1303 3163 1354 Deus
3178 1301 3516 1371 ignorantes
3528 1302 3799 1373 proprie-

2174 1389 2463 1442 dicuntur.
2490 1388 2567 1441 Et
2598 1406 2701 1442 non
2724 1390 2872 1443 stetit
2898 1392 2953 1441 in
2983 1392 3069 1442 via
3080 1396 3448 1459 peccatorum,
3486 1390 3543 1444 id
3575 1394 3801 1445 estnon

2173 1477 2419 1531 stabitin
2447 1478 2599 1531 mala
2628 1478 2989 1549 operatione,
3027 1478 3085 1530 in
3115 1495 3231 1549 qua
3258 1478 3446 1533 Adam
3462 1482 3517 1532 et
3546 1480 3662 1532 Eva
3684 1483 3799 1532 ste-

2176 1569 2391 1631 terunt,
2424 1566 2522 1637 qui
2544 1570 2895 1637 peccatores,
2928 1565 2984 1620 id
3013 1570 3098 1620 est
3130 1568 3284 1621 male
3317 1570 3649 1638 operantes,
3676 1568 3803 1621 fue-

2175 1659 2333 1721 runt,
2367 1655 2504 1708 dum
2538 1672 2779 1725 pomum
2809 1658 3010 1710 contra
3026 1655 3129 1710 Dei
3146 1661 3499 1727 praeceptum
3521 1657 3799 1711 comede—

461 1763 492 1791 «
524 1743 722 1798 omnia
753 1743 919 1814 (sicut
950 1744 1087 1799 dicit
1113 1745 1438 1816 Apostolus)
1474 1744 1531 1797 in
1563 1744 1749 1813 ﬁgura
1778 1741 2078 1811 continge-
2100 1751 2151 1808 Β
2176 1746 2331 1797 runt.
2366 1743 2442 1797 Et
2462 1761 2569 1797 non
2586 1743 2738 1809 sedit,
2766 1744 2921 1798 idest
2948 1761 3066 1799 non
3082 1745 3324 1811 sedebit,
3342 1745 3400 1798 id
3424 1749 3510 1799 est
3534 1762 3657 1800 non
3675 1762 3801 1800 mo-

456 1828 600 1885 bant
630 1831 737 1887 illis
760 1830 818 1903 (Ι
844 1830 1040 1901 Cor.x,
1077 1834 1183 1903 ll).
1214 1855 1240 1882 n
1266 1834 1389 1887 Alia
1418 1849 1523 1904 per
1548 1834 1733 1887 dicta:
1766 1831 1909 1884 sicut
1930 1831 2077 1883 Deus

456 1918 631 1991 Moysi
657 1920 991 1992 ueterisque
1017 1922 1312 1993 prophetis
1332 1921 1589 1993 pluribus
1616 1936 1721 1993 per
1733 1919 1971 1989 angelos
1994 1917 2078 1970 fu-

458 2008 590 2061 tura
617 2009 838 2062 locutus
882 2009 1053 2063 fuisse
1090 2010 1318 2080 legitur.
1347 2009 1473 2063 Alia
1510 2025 1613 2081 per
1638 2006 2074 2071 revelationem,

460 2093 608 2149 sicut
634 2096 909 2150 Ezechieli
941 2099 999 2150 et
1040 2097 1261 2151 Danieli
1288 2097 1346 2151 in
1402 2096 1683 2168 portentis
1711 2094 2072 2149 somniorum

463 2184 648 2237 multa
674 2185 925 2239 revelata
953 2184 1125 2240 fuisse
1140 2186 1426 2240 dicuntur.
1460 2186 1587 2239 Alia
1600 2201 1733 2239 vero
1764 2200 1867 2255 per
1893 2181 2077 2237 occul-

460 2272 585 2326 tam
611 2271 766 2327 sanci
800 2271 1042 2343 Spiritus
1069 2273 1532 2345 inspirationem,
1568 2273 1711 2327 sicut
1735 2270 1911 2326 David
1942 2286 2073 2341 pro-

461 2359 651 2429 pheta:
678 2361 916 2433 mystica
933 2361 1245 2417 Dominicae
1264 2362 1566 2428 Passionis,
1611 2364 2073 2429 czeterorumque

463 2450 716 2516 actuum,
749 2466 866 2504 non
898 2449 1061 2504 factis
1088 2450 1361 2505 autdictis
1392 2447 2073 2522 qualibetverevelatione

459 2532 727 2611 intimate
755 2538 1007 2607 fuerunt,
1039 2539 1142 2594 sed
1163 2555 1267 2611 per
1305 2540 1590 2594 occultam
1620 2536 1803 2593 sancti
1830 2536 2074 2606 Spiritus

461 2606 527 2693 2
556 2623 1014 2696 inspirationem.

527 2712 856 2769 Notandum
890 2731 1021 2770 vero
1072 2719 1158 2770 est
1188 2715 1343 2788 quod
1374 2715 1556 2770 nimia
1596 2715 1777 2770 sancti
1822 2715 2073 2787 Spiritus

459 2800 738 2873 agilitate,
771 2803 1069 2874 prophette
1087 2803 1158 2858 de
1188 2804 1393 2859 futuris
1411 2804 1573 2876 quasi
1594 2804 1665 2858 de
1693 2804 2073 2875 praesentibus

458 2892 518 2943 et
532 2891 1181 2963 praeteritisloquuntur.
1198 2892 1383 2947 Omne
1396 2909 1649 2965 namque
1665 2892 1921 2947 futurum
1944 2892 2069 2965 Spi-

458 2976 596 3033 ritui
609 2983 804 3035 sancto
823 2996 1075 3051 praesens
1087 2985 1191 3049 est,
1210 2986 1268 3035 et
1284 2982 1441 3052 quasi
1462 2981 1822 3052 praeteritum
1842 2986 2066 3036 notum.

458 3065 788 3122 Notandum
820 3068 996 3123 etiam
1026 3070 1181 3140 quod
1221 3086 1353 3123 cum
1398 3070 1455 3123 in
1484 3070 1716 3139 psalmis
1759 3069 2067 3141 aliquando

460 3171 633 3210 orans
662 3158 720 3209 et
743 3157 1041 3211 humiliter
1069 3174 1247 3229 agens
1273 3157 1657 3212 introducitur
1681 3157 1954 3225 Christus,
1987 3174 2070 3211 se-

460 3244 714 3298 cundum
746 3244 1200 3313 humanitatem;
1220 3262 1351 3299 cum
1370 3263 1503 3300 vero
1526 3245 2070 3313 sublimiter,secun-

460 3331 598 3386 dum
614 3332 972 3386 divinitatem
1004 3334 1403 3403 accipiendum
1417 3337 1520 3388 est.
1549 3335 1877 3389 Notandum
1924 3352 2065 3407 quo-

461 3433 573 3490 que
589 3435 767 3491 quare
781 3421 1037 3490 psalmus
1063 3422 1284 3491 primus
1310 3423 1476 3477 titulo
1497 3426 1710 3490 careat,
1731 3440 1862 3477 cum
1877 3422 2069 3477 czeteri

456 3507 654 3562 titulos
695 3509 909 3563 habere
940 3510 1269 3578 videantur;
1309 3511 1436 3566 ideo
1467 3512 1679 3566 scilicet
1710 3512 1845 3583 quia
1872 3511 2068 3565 titulus

461 3595 725 3651 omnium
740 3596 983 3651 aliorum
999 3599 1350 3668 psalmorum
1370 3616 1489 3653 esse
1506 3600 1966 3654 consideratur.i\'
1974 3616 2068 3654 am

460 3699 592 3738 cum
615 3683 685 3738 de
713 3683 918 3738 Christi
957 3686 1123 3740 laude
1146 3686 1205 3739 in
1236 3687 1345 3741 hoc
1365 3689 1586 3758 psalmo
1617 3688 1688 3741 sit
1711 3687 1976 3753 intentio,
2010 3688 2068 3740 in

457 3771 679 3827 caeteris
710 3772 980 3828 omnibus
1004 3792 1061 3829 se
1093 3774 1162 3828 de
1186 3792 1253 3829 eo
1275 3775 1673 3847 multipliciter
1690 3779 2069 3829 tractaturum

459 3859 669 3916 innuit.
688 3862 935 3917 Intentio
959 3863 1115 3917 enim
1134 3863 1300 3935 hujus
1320 3864 1524 3935 psalmi
1549 3867 1681 3918 esta
1714 3863 1937 3918 Christo
1957 3867 2071 3917 tres

461 3953 681 4005 mortes
712 3950 837 4005 illas
866 3952 1073 4023 quibus
1101 3952 1173 4005 ad
1194 3956 1443 4007 mortem
1472 3953 1692 4024 primus
1710 3953 1887 4006 homo
1910 3951 2073 4005 deve-

462 4038 569 4105 nit,
599 4054 918 4093 removere.
973 4040 1040 4092 Et
1068 4040 1395 4094 econtrario
1428 4040 1499 4094 de
1530 4041 1683 4094 trina
1741 4039 2073 4094 obedientia

464 4141 581 4197 qua
604 4126 825 4196 primus
852 4127 1029 4181 homo
1057 4127 1259 4194 caruit,
1302 4144 1435 4183 eum
1467 4129 1723 4183 laudare.
1759 4132 1827 4185 Et
1856 4133 1941 4184 est
1967 4146 2073 4184 vox

370 4241 379 4251 ο
464 4214 765 4285 prophetae
784 4215 1221 4270 damnationem
1235 4217 1463 4287 generis
1492 4218 1734 4272 humani
1758 4236 1859 4291 per
1879 4218 2072 4272 inobe-

2175 1833 2396 1887 rabitur
2426 1835 2480 1886 in
2512 1833 2763 1886 cathedra
2775 1833 3182 1903 pestilentiaﬁd
3197 1837 3282 1889 est
3300 1833 3359 1888 in
3375 1834 3796 1889 consuetudine

2176 1921 2472 1992 peccandi,
2505 1920 2563 1974 in
2590 1938 2704 1992 qua
2720 1922 2907 1976 Adam
2961 1926 3018 1976 et
3040 1924 3152 1976 Eva
3184 1939 3316 1977 cum
3357 1940 3416 1977 se
3447 1923 3519 1977 de
3556 1925 3796 1993 peccato

2174 2008 2333 2079 pomi
2357 2012 2715 2075 excusarent,
2744 2010 3036 2077 sederunt,
3067 2011 3209 2065 sicut
3238 2011 3443 2083 aliquis
3472 2011 3691 2065 docens
3732 2010 3793 2065 in

2175 2098 2449 2152 cathedra
2478 2101 2659 2151 senet.
2670 2099 2734 2150 Et
2750 2098 2884 2151 inde
2900 2098 3067 2153 nobis
3079 2099 3357 2170 peccandi
3371 2099 3793 2154 documentum

2174 2185 2577 2251 attribuentes,
2606 2186 2664 2239 in
2696 2187 3110 2256 pestilentiam,
3140 2187 3197 2241 id
3216 2191 3303 2242 est
3331 2187 3391 2241 in
3412 2204 3791 2242 communem

2174 2278 2423 2328 mortem
2457 2275 2842 2329 adduxerunt.
2876 2276 3208 2330 Pestilentia
3222 2293 3476 2347 namque
3493 2276 3605 2331 dici
3645 2276 3792 2330 solet

2176 2379 2353 2428 mors,
2369 2380 2496 2433 quae
2523 2364 2915 2417 communiter
2928 2364 3141 2436 populo
3167 2364 3236 2417 ab
3258 2363 3406 2418 aeris
3420 2364 3793 2434 corruptione

2175 2451 2430 2523 qualibet
2460 2451 2733 2505 infertur.
2751 2452 3079 2506 Notandum
3103 2469 3240 2506 sane
3271 2452 3427 2524 quod
3459 2452 3596 2506 dicit
3618 2452 3678 2505 in
3696 2452 3793 2506 de-

2172 2540 2481 2594 lectatione
2514 2540 2679 2607 abire,
2714 2539 2773 2593 in
2820 2540 3158 2611 operatione
3185 2546 3345 2608 stare,
3390 2540 3448 2594 in
3487 2543 3790 2595 consuetu-

2174 2627 2309 2682 dine
2326 2627 2517 2681 sedere.
2539 2628 2681 2681 Nam
2725 2644 2857 2683 cum
2882 2628 3089 2699 aliquis
3120 2627 3231 2683 alio
3264 2628 3473 2695 tendit,
3503 2629 3787 2700 primum,

2175 2719 2236 2769 ut
2268 2717 2395 2770 illuc
2416 2717 2731 2787 perveniat,
2762 2717 2834 2772 de
2860 2719 2986 2773 loco
3015 2718 3073 2771 in
3100 2735 3217 2790 quo
3257 2722 3343 2773 est
3378 2718 3518 2784 abit,
3572 2721 3630 2772 et
3656 2719 3789 2773 illuc

2172 2804 2514 2876 perveniens
2539 2808 2650 2859 stat
2674 2822 2687 2872 ;
2745 2808 2942 2877 postea
2967 2822 3102 2861 vero
3146 2805 3449 2861 immorari
3477 2807 3678 2861 volens
3706 2807 3784 2861 ibi

2173 2893 2400 2946 assidet.
2424 2895 2507 2947 Ita
2528 2893 2699 2964 primi
2727 2894 3105 2963 parentes,ad
3139 2896 3354 2949 malam
3381 2895 3787 2966 operationem

2170 2982 2497 3049 tendentes,
2521 2982 2775 3053 primum
2807 2983 3160 3054 operationis
3201 2985 3369 3037 malae
3402 2982 3785 3038 delectatione

2169 3088 2203 3124 a
2226 3072 2341 3125 Deo
2369 3071 2653 3139 abierunt,
2683 3070 2739 3125 id
2761 3074 2845 3125 est
2859 3075 3236 3139 recesserunt,
3256 3076 3313 3125 et
3325 3076 3523 3144 postea
3540 3071 3785 3126 tandem

2166 3159 2227 3214 in
2259 3162 2413 3214 mala
2438 3159 2777 3231 operatione
2804 3163 3109 3227 steterunt,
3138 3164 3198 3215 et
3230 3160 3305 3215 ad
3326 3160 3621 3225 ultimum,
3647 3177 3781 3231 pec-

2166 3250 2335 3304 candi
2361 3248 2839 3303 consuetudinem
2889 3266 3009 3303 non
3058 3250 3411 3320 abjicientes,
3442 3251 3499 3302 in
3529 3249 3779 3303 cathedra

2156 3337 2476 3409 pestilentiae
2505 3337 2797 3403 sederunt,
2828 3337 2886 3392 id
2906 3340 2991 3392 est
3013 3337 3089 3392 ibi
3113 3338 3451 3404 assidentes,
3484 3337 3541 3391 id
3559 3341 3647 3391 est
3660 3338 3783 3408 ple-

2169 3427 2328 3481 uarie
2361 3426 2758 3493 immorantes,
2785 3443 2946 3480 exem
2954 3427 3046 3497 p10
3061 3443 3264 3481 eorum
3278 3426 3418 3481 alios
3438 3426 3513 3481 ad
3528 3429 3780 3481 mortem

2167 3514 2459 3584 peccando
2491 3514 2869 3568 adduxerunt.
2898 3514 2964 3566 Et
2996 3514 3143 3568 bene
3189 3513 3398 3567 sedisse
3435 3515 3491 3566 in
3530 3512 3781 3567 cathedra

2169 3620 2274 3676 per
2291 3601 2729 3657 similitudinem
2746 3603 3016 3656 dicuntur
3037 3619 3051 3669 ;
3071 3603 3344 3656 docentes
3371 3601 3528 3655 enim
3542 3603 3597 3653 in
3611 3601 3783 3654 cathe-

2167 3693 2265 3745 dra
2298 3692 2496 3746 sedere
2530 3695 2969 3745 consueverunt.
3002 3692 3065 3744 Et
3096 3692 3243 3745 bene
3288 3690 3547 3762 operatio
3580 3690 3785 3744 dicitur

2170 3783 2255 3835 via
2279 3798 2292 3847 ;
2322 3781 2623 3852 propalata
2642 3780 2801 3834 enim
2823 3784 2927 3845 est,
2961 3784 3023 3834 ut
3044 3779 3134 3833 via
3162 3779 3318 3846 trita,
3342 3784 3399 3833 et
3426 3778 3656 3850 publica
3678 3782 3780 3844 est,

2173 3868 2472 3924 delectatio
2506 3886 2640 3923 vero
2675 3870 2835 3922 latet.
2870 3869 3202 3923 Notandum
3253 3884 3483 3940 quoque
3509 3884 3628 3921 non
3660 3883 3781 3921 esse

2171 3957 2557 4029 superfluum,
2607 3960 2917 4028 postquam
2968 3957 3198 4027 negavit
3251 3955 3431 4023 abire,
3489 3955 3782 4027 negavisse

2172 4030 2235 4116 3
2266 4046 2440 4099 etiam
2464 4048 2614 4099 stare
2643 4049 2702 4099 et
2733 4046 2952 4111 sedere,
2982 4062 3117 4100 cum
3146 4045 3207 4099 in
3247 4045 3439 4116 prima
3465 4043 3777 4115 negatione

2173 4134 2299 4188 duze
2333 4136 2636 4204 sequentes
2658 4132 3060 4203 intelligantur
3090 4149 3157 4187 ex
3186 4133 3541 4187 necessitate.
3576 4131 3782 4187 Omnis

2173 4221 2330 4276 enim
2362 4221 2563 4275 abiens
2593 4236 2710 4274 non
2734 4222 2865 4288 stat,
2896 4236 3013 4275 non
3033 4221 3212 4276 sedet.
3239 4221 3354 4275 Hoc
3379 4224 3573 4275 autem
3592 4222 3781 4275 adhoc

465 4301 749 4357 dientiam
778 4303 914 4358 Adae
946 4304 1381 4373 considerantis,
1414 4307 1783 4379 futuramque
1810 4309 1932 4379 ejus
1971 4292 2146 4379 perD
2172 4310 2328 4376 facit,
2365 4312 2443 4379 ut,
2474 4310 2583 4362 hoc
2616 4308 2817 4364 ordine
2852 4325 2885 4362 a
2915 4308 3138 4364 Christo
3177 4309 3470 4381 negando,
3507 4308 3568 4363 in
3598 4309 3781 4364 Adam

467 4389 755 4446 Christum
796 4391 1225 4464 reparationem
1251 4393 1623 4466 providentis.
1659 4396 1727 4450 Et
1773 4396 1884 4449 hoc
1932 4412 1998 4449 ac
2029 4394 2075 4448 si

469 4476 691 4534 diceret
702 4494 716 4535 :

1035 4570 1105 4624 IN
1135 4570 1459 4628 PSALMUM
1488 4574 1511 4626 Ι

541 4654 744 4711 Beatus
759 4657 868 4725 vir,
901 4660 1008 4712 etc.
1027 4658 1223 4714 Virum
1238 4663 1433 4715 autem
1451 4660 1607 4729 dicit,
1641 4676 1758 4716 non
1796 4661 2079 4732 quantum

466 4744 541 4801 ab
556 4762 720 4801 sexus
730 4746 1131 4803 discretionem
1143 4789 1156 4815 ,
1170 4750 1271 4804 sed
1286 4750 1360 4804 ad
1371 4767 1641 4805 sensuum
1660 4751 2077 4805 maturitatem.

468 4833 539 4890 Et
555 4834 757 4891 hocsic
785 4835 1122 4909 exponitur:
1150 4837 1357 4906 Adam,
1402 4855 1506 4909 per
1549 4839 1993 4894 delectationem
2025 4842 2082 4905 et

468 4939 834 4992 consensum,
860 4926 918 4979 et
946 4925 1347 4997 operationem
1361 4930 1415 4981 et
1439 4927 1916 4983 consuetudinem
1948 4944 2078 5000 pec-

469 5012 639 5068 candi
657 5013 1131 5083 moriens,secum
1143 5032 1328 5089 genus
1350 5017 1676 5072 humanum
1694 5033 1868 5072 omne
1887 5016 2078 5083 traxit,

472 5104 534 5158 et
561 5101 639 5156 sic
668 5102 877 5161 merito
900 5103 1095 5159 infelix
1140 5104 1269 5159 fuit.
1305 5104 1419 5160 Sed
1455 5105 1695 5178 quidam
1721 5106 1945 5160 futurus
1974 5108 2079 5172 est,

471 5189 571 5264 qui
593 5193 682 5247 vir
709 5190 837 5258 erit,
860 5195 1089 5249 acturus
1119 5192 1337 5261 omnia,
1359 5211 1478 5249 non
1510 5194 1773 5249 debililer
1792 5197 1856 5248 ut
1874 5193 2080 5259 Adam,

471 5278 574 5334 sed
602 5278 839 5336 viriliter
866 5283 926 5335 et
954 5284 1199 5337 mature.
1226 5282 1295 5336 Et
1325 5282 1462 5354 quia
1494 5283 1583 5338 vir
1610 5282 1740 5350 erit,
1778 5283 1956 5336 beatus
1976 5280 2086 5335 erit

472 5365 535 5423 id
563 5370 694 5423 esta
715 5368 833 5423 Deo
854 5367 1128 5426 virtutum
1147 5372 1205 5424 et
1228 5386 1495 5442 operum,
1514 5369 2084 5441 immortalitatisque

475 5455 851 5526 postmodum
861 5456 1218 5514 beatitudine
1236 5460 1382 5515 adeo
1396 5459 1952 5532 ditandusquantum
1965 5459 2089 5513 nul-

476 5540 624 5604 liest
647 5542 873 5615 aperire
882 5544 1141 5607 facultas.
1156 5547 1371 5605 Etinde
1390 5548 1568 5607 beatus
1589 5564 1712 5605 esse
1740 5547 2086 5621 comproba-

2176 4398 2375 4453 omnia
2399 4397 2602 4451 ordine
2632 4396 2804 4451 fuisse
2834 4396 3059 4452 innuat.

2245 4484 2553 4556 Denegatis
2568 4484 2654 4538 his
2684 4485 2885 4551 tribus,
2907 4484 3016 4538 tria
3029 4484 3139 4539 alia
3154 4484 3243 4539 his
3262 4483 3783 4556 contraria,quibus

2176 4574 2362 4628 Adam
2393 4572 2596 4639 caruit,
2622 4572 2770 4627 ineo
2799 4571 2970 4626 fuisse
3002 4572 3079 4626 sic
3107 4572 3395 4626 insinuat:
3430 4573 3554 4626 Non
3586 4572 3779 4638 abibit,

2178 4680 2296 4717 non
2328 4662 2519 4724 stabit,
2571 4677 2689 4715 non
2721 4660 2965 4715 sedebit.
3000 4659 3110 4715 Sed
3147 4662 3202 4713 in
3234 4660 3341 4731 lege
3369 4659 3595 4714 Domini
3628 4676 3781 4715 com-

2179 4750 2391 4823 plenda
2405 4750 2515 4803 erit
2540 4748 2782 4803 voluntas
2803 4748 2936 4820 ejus,
2964 4748 3022 4803 id
3040 4752 3125 4802 est
3140 4749 3328 4819 legem
3348 4747 3448 4803 Dei
3469 4747 3783 4803 voluntarie

2179 4836 2513 4910 complebit,
2546 4835 2874 4891 noninvite.
2896 4834 2995 4889 Hic
3021 4835 3328 4890 denotatur
3355 4837 3413 4888 et
3443 4835 3600 4906 quod
3635 4835 3784 4889 dele-

2181 4926 2428 4981 ctabitur
2447 4925 2505 4978 in
2536 4923 3138 4995 complectione,sicut
3151 4923 3335 4978 Adam
3369 4923 3685 4978 delectatus
3706 4926 3786 4978 est

2181 5016 2242 5069 in
2258 5013 2813 5087 praevaricatione,et
2827 5014 3018 5085 legem
3038 5011 3135 5066 Dei
3148 5011 3461 5082 complebit
3477 5012 3629 5065 bene
3653 5028 3783 5082 ope-

2180 5103 2387 5171 rando,
2418 5100 2755 5155 sicutAdam
2773 5100 3173 5171 prazvaricatus
3189 5103 3275 5153 est
3299 5100 3449 5153 male
3468 5099 3783 5170 operando.

2182 5193 2317 5248 Dico
2347 5191 2502 5264 quod
2526 5190 2819 5245 voluntate
2851 5188 2949 5242 Dei
2970 5189 3162 5259 legem
3196 5187 3531 5259 complebit,
3578 5190 3639 5241 et
3684 5187 3785 5242 hoc

2183 5297 2303 5335 non
2328 5278 2579 5345 horarie,
2605 5277 2705 5332 sed
2720 5279 2781 5332 in
2812 5276 2918 5347 lege
2942 5276 3054 5347 ejus
3085 5276 3429 5346 complenda
3449 5276 3785 5329 meditabitur

2183 5370 2270 5425 die
2296 5386 2357 5423 ac
2377 5374 2545 5434 nocte,
2565 5367 2625 5421 id
2657 5369 2742 5420 est
2776 5365 2936 5420 omni
2966 5368 3249 5437 tempore.
3272 5366 3338 5419 Et
3366 5364 3516 5420 bene
3543 5364 3789 5419 dicitme-

2184 5456 2465 5524 ditabitur,
2492 5454 2553 5508 id
2583 5457 2669 5509 est
2699 5470 2817 5509 non
2849 5452 3231 5525 negligenter,
3262 5452 3363 5507 sed
3392 5467 3525 5506 cum
3547 5451 3784 5506 medita-

2185 5545 2344 5603 tione
2360 5543 2694 5617 complebit.
2710 5544 3030 5600 Denotatur
3042 5541 3219 5600 etiam
3232 5556 3339 5615 per
3356 5541 3469 5600 hoc
3494 5540 3654 5615 quod
3665 5538 3792 5597 dicit
