4014 6030
316 220 417 278 641

1371 220 1732 279 EXPOSITIO
1768 221 1840 277 IN
1879 219 2212 279 PSALMOS.
2243 222 2536 284 —'~PSAL.
2578 227 2603 281 Ι

3537 240 3642 300 642

316 345 1006 419 meditabitur,quodsicut
1032 346 1220 403 Adam
1260 349 1411 403 male
1445 347 1669 419 operari
1694 363 1934 402 consue-
1955 358 2011 416 Α
2039 346 2235 414 faciet,
2273 349 2346 404 ad
2375 349 2687 407 utilitatem
2718 355 2784 422 et,
2812 356 3253 418 aediﬁcationem
3277 379 3511 422 suorum
3552 383 3643 424 ce-

316 436 419 503 vit,
436 436 517 489 ita
544 438 602 489 et
631 435 751 505 ipse
777 437 927 490 bene
958 440 1290 491 consuescet
1312 437 1635 508 operari.Et
1650 436 1785 508 quia
1814 452 1932 490 non

317 525 523 591 abibit,
546 540 662 578 non
688 525 880 591 stabit,
913 541 1029 579 non
1043 526 1284 592 sedebit,
1323 529 1380 579 et
1400 526 1459 579 in
1482 527 1610 597 lege
1629 525 1727 579 Dei
1756 524 1935 579 medi-

315 615 661 681 tabitur,erit
680 621 937 686 tanquam
965 615 1190 685 lignum,
1209 615 1267 669 id
1282 619 1368 669 est
1379 632 1579 669 revera
1606 615 1830 686 lignum
1847 615 1929 668 vi-

318 706 395 757 tae
441 702 582 769 aliis,
615 703 771 774 quod
800 703 1235 775 praeﬁguratum
1262 704 1430 757 estin
1463 704 1558 757 illo
1591 704 1745 773 ligno
1778 704 1929 770 vitae,

319 790 704 863 qaudlegitur
723 791 781 844 in
799 792 1066 862 paradiso
1096 792 1439 859 fuisse(Gen.
1462 810 1521 859 ιι,
1540 796 1615 863 9).
1640 795 1709 846 Et
1739 795 1930 847 osten-

317 879 406 934 dit
435 896 539 950 per
568 879 706 952 quid
731 878 840 933 erit
866 880 987 934 aliis
1012 880 1235 951 lignum
1267 882 1416 947 vitm,
1450 898 1581 935 cum
1614 881 1928 951 subjungit.

319 968 479 1034 Quod
484 969 795 1040 plantatum
822 976 915 1037 est,
940 969 998 1023 id
1019 973 1104 1023 est
1125 970 1221 1041 qui
1249 975 1558 1041 conceptus
1590 970 1647 1023 in
1678 969 1928 1042 Virgine,

316 1076 466 1112 secus
489 1058 738 1112 decursus
765 1076 1051 1130 aquarum,
1086 1060 1145 1113 id
1189 1062 1274 1113 est
1322 1076 1428 1130 per
1461 1058 1777 1114 infusiones
1829 1059 1931 1113 do-

320 1162 534 1201 norum
547 1146 727 1201 sancti
742 1146 1139 1218 Spiritus,qua3
1152 1147 1417 1202 reﬁciunt
1434 1150 1491 1201 et
1516 1150 1769 1218 purgant
1789 1145 1934 1200 sicut

320 1251 510 1306 aquas,
533 1238 597 1289 ut
626 1236 937 1305 impleatur
960 1234 1102 1289 illud
1131 1235 1557 1290 Gabrieliticum
1586 1252 1598 1289 :
1624 1235 1933 1307 «(Spiritus

319 1326 553 1378 sanctus
581 1322 944 1393 superveniet
980 1324 1037 1378 in
1067 1325 1122 1377 te
1175 1324 1325 1391 (Luc.
1352 1340 1391 1392 ι,
1418 1327 1529 1390 35),
1562 1342 1594 1375 ›>
1617 1327 1727 1378 etc.
1761 1322 1931 1386 Quasi

320 1411 477 1466 dicat
508 1429 521 1466 :
549 1412 693 1465 Vere
724 1411 835 1464 erit
860 1411 1081 1483 lignum
1109 1412 1258 1478 vitae,
1286 1429 1417 1466 cum
1443 1411 1515 1465 sit
1555 1413 1669 1465 tale
1706 1411 1930 1481 lignum

319 1501 466 1573 quod
478 1501 787 1571 plumatum
814 1508 909 1568 est,
946 1500 1005 1555 id
1039 1504 1124 1555 est
1161 1500 1271 1555 erit
1304 1503 1647 1570 conceptum
1680 1499 1738 1553 in
1765 1502 1930 1553 utero

318 1589 571 1661 Virginis
600 1605 705 1660 per
735 1589 1136 1659 operationem
1169 1589 1349 1644 sancti
1384 1588 1645 1660 Spiritus.
1673 1589 1798 1641 Non
1823 1587 1933 1642 erit

2037 437 2152 491 det.
2183 437 2453 510 Sequitur
2482 457 2495 493 :

2103 525 2233 580 Non
2266 529 2339 579 sic
2369 530 2805 598 z‘mpii,etc.Cum
2825 533 2963 590 dicit
2983 553 2995 589 :
3017 536 3383 613 Nonsicimpi:
3397 551 3568 605 erunt
3582 553 3646 605 ut

2034 614 2294 712 Christus
2309 616 2407 712 dat
2426 618 2767 712 intelligere,
2793 638 2899 691 per
2912 625 3314 697 aposiopesim,
3340 623 3641 712 quia4pii

2032 702 2174 758 sicut
2204 703 2457 758 Christus
2483 709 2832 770 erunt,sicut
2861 711 3017 767 idem
3048 714 3185 770 dicit
3215 734 3227 772 :
3264 702 3446 779 E’slote
3472 702 3647 788 sancti

2030 793 2343 888 sicutLquia
2373 810 2476 888 ego.
2496 802 2709 888 sanctus
2730 815 2848 851 sum
2903 800 3050 867 (Leu.
3085 821 3160 870 χι,
3207 808 3275 864 42
3304 826 3318 877 ;
3350 810 3553 871 Matth.
3588 836 3640 888 v,

2032 880 2139 971 d8).
2169 881 2292 935 Non
2326 882 2481 952 quod
2507 886 2734 939 tantum
2766 888 3523 971 sanctitatis,quantumipse
3538 880 3642 963 ha;

2031 968 2175 1033 buit,
2217 972 2461 1064 sanctus.
2486 971 2695 1064 aliquis
2721 973 3030 1064 habuisset,
3071 981 3171 1034 sed
3188 986 3343 1053 quod
3364 968 3643 1064 unusqui-

2030 1073 2169 1126 sque
2195 1058 2337 1111 alius
2366 1058 2603 1130 quidem
2630 1063 2899 1131 multum,
2933 1066 3075 1121 alius
3097 1086 3231 1127 vero
3260 1074 3451 1132 minus
3470 1058 3641 1138 mun-

2033 1144 2642 1211 dus,Deisanctitatem
2670 1151 2898 1219 retinet,
2930 1157 2993 1208 ut
3016 1157 3095 1211 ait
3108 1159 3441 1229 Apostolus:
3461 1169 3643 1233 «Qua-

2032 1233 2099 1287 lis
2124 1236 2385 1325 terrenus
2414 1236 2621 1325 Adam,
2659 1239 2871 1295 scilicet
2895 1245 3037 1298 tales
3064 1250 3122 1300 et
3169 1251 3385 1307 terreni
3422 1254 3486 1325 (Ι
3506 1256 3636 1314 Cor.

2032 1338 2121 1383 xv,
2139 1324 2284 1413 d8»)
2308 1324 2360 1377 ei
2391 1324 2603 1380 scilicet
2633 1328 2979 1385 conformes.
3011 1332 3202 1396 Qualis
3226 1324 3555 1413 spiritualis,
3576 1346 3640 1403 id

2032 1412 2117 1463 est
2139 1410 2411 1478 Christus,
2445 1414 2586 1467 tales
2615 1418 2674 1468 et
2697 1416 3038 1487 spirituales,
3072 1422 3130 1476 id
3168 1428 3253 1479 est
3278 1427 3399 1498 ejus
3438 1410 3637 1489 obedi-

2035 1500 2207 1553 tores.
2243 1500 2445 1555 Versus
2477 1505 2671 1556 autem
2706 1504 2809 1558 iste
2827 1506 2905 1560 sic
2923 1510 3296 1569 continuatur
3326 1519 3384 1570 et
3400 1522 3637 1590 exponi-

2030 1588 2164 1678 tur.
2190 1587 2289 1678 Vi;
2316 1588 2495 1678 beatus
2524 1606 2639 1644 non
2671 1592 2997 1660 abibit,non
3023 1599 3216 1667 stabit,
3241 1618 3360 1657 non
3392 1587 3636 1678 sedebit,

318 1678 547 1750 lignum
579 1676 801 1744 mortis,
828 1680 892 1730 ut
909 1677 1113 1731 Adam.
1133 1678 1228 1731 Vel
1259 1677 1370 1731 ita:
1392 1677 1511 1731 Erit
1532 1677 1753 1747 lignum
1780 1676 1928 1740 vitm,
1953 1690 2002 1749 Β
2028 1674 2118 1728 sed
2146 1677 2202 1728 in
2256 1676 2365 1747 lege
2393 1677 2619 1731 Domini
2664 1680 3025 1737 meditabitur.
3080 1684 3158 1739 Et
3186 1687 3316 1744 ideo
3361 1696 3463 1747 erit
3513 1674 3634 1752 tan;

321 1769 390 1821 ut
407 1765 901 1837 quamvislignum
920 1765 1049 1819 vitae
1074 1765 1333 1819 futurum
1365 1765 1662 1830 sit,tamen
1685 1763 1795 1817 erit
1818 1764 1931 1817 tale

319 1853 549 1927 lignum
579 1854 721 1926 quod
736 1854 1048 1925 plumatum
1090 1860 1183 1919 est,
1230 1854 1289 1909 id
1320 1857 1407 1907 est
1437 1855 1777 1923 conceptum
1823 1851 1933 1905 erit

316 1960 467 1998 secus
496 1943 742 1997 decursus
773 1960 1085 2014 aquarum,,
1136 1942 1194 1997 id
1224 1946 1310 1996 est
1327 1941 1493 2013 juxta
1539 1941 1809 1995 decursus
1833 1957 1932 2011 po-

316 2033 591 2102 pulorum
602 2030 781 2101 ,quasi
798 2029 1243 2093 dicatzQuamvis
1256 2029 1326 2084 sit
1343 2029 1563 2099 lignum
1576 2029 1929 2094 vitaz,tamen

318 2120 461 2174 erits
479 2119 528 2173 ic
540 2123 847 2190 conceptus
868 2121 928 2171 ut
957 2120 1224 2172 naturam
1242 2119 1452 2172 habeat
1480 2118 1538 2171 iu
1564 2119 1814 2171 mortem
1837 2115 1930 2169 de-

315 2207 610 2273 currendi,
635 2210 696 2260 ut
720 2205 917 2277 populi
938 2208 1051 2278 {qui
1068 2222 1230 2276 aqua).
1259 2206 1387 2260 ideo
1422 2204 1834 2275 dicunturquia
1853 2204 1929 2257 la-

312 2297 463 2352 biles
477 2299 535 2351 et
554 2295 870 2351 detinentes
893 2295 1095 2349 suntin
1114 2297 1362 2349 mortem
1374 2297 1456 2361 ,ut
1472 2310 1634 2365 aquas
1649 2291 1927 2362 defluunt)

316 2387 389 2439 Et
416 2401 521 2456 per
540 2385 650 2439 hoc
677 2384 1052 2438 commendat
1079 2383 1200 2453 ejus
1227 2382 1621 2437 obedientiam
1647 2398 1825 2453 usque
1854 2381 1928 2436 ad

314 2476 595 2539 mortem,
626 2476 684 2527 et
712 2472 1023 2527 confirmat
1057 2471 1236 2525 ﬁdem
1268 2474 1548 2536 nostram,
1573 2488 1666 2537 ne,
1692 2473 1928 2543 propter

316 2561 632 2617 divinitatis
684 2560 1118 2621 sublimitatem,
1174 2558 1511 2630 ignoremus
1562 2558 1928 2612 mortalitatis

312 2651 723 2707 humilitatem.
755 2651 821 2703 Et
840 2649 976 2722 quia
1001 2648 1224 2704 dixerat
1252 2665 1385 2702 eum
1414 2648 1637 2717 lignum,
1661 2664 1734 2702 ne
1770 2650 1929 2719 puta-

316 2744 410 2795 ret
428 2739 669 2811 quilibet
686 2755 753 2792 ex
771 2754 883 2808 quo
918 2739 1268 2804 nasceretur,
1298 2736 1547 2790 fructum
1580 2752 1691 2806 pro
1710 2752 1823 2806 quo
1840 2751 1929 2788 ve-

316 2828 472 2883 niret
496 2826 648 2881 illico
676 2843 734 2879 se
760 2826 1051 2893 daturum,
1081 2823 1430 2878 determinat
1454 2823 1532 2878 sic
1548 2823 1683 2894 quid
1704 2823 1927 2895 lignum

316 2915 498 2972 dabit.
533 2916 655 2968 Non
677 2913 869 2967 statim
909 2930 974 2966 ex
997 2928 1110 2983 quo
1133 2912 1261 2978 erit,
1296 2913 1394 2966 sed
1444 2915 1500 2965 in
1548 2918 1774 2981 tempore
1811 2926 1926 2975 suo,
1952 2965 1996 2987 η

320 2965 498 2972 ----ν-
923 2965 968 2966 η
1013 2965 1098 2983 ιη
1229 2965 1261 2978 ν,
1370 2965 1375 2966 κ
1642 2965 1659 2981 ,
1914 2965 1924 2975 ,
1976 2965 1996 2987 η

314 3005 379 3059 id
408 3008 493 3058 est
518 3003 576 3057 in
599 3007 862 3073 tempore
896 3000 1265 3055 mortalitatis
1295 3017 1433 3067 sum,
1465 3001 1706 3070 fructum
1749 3015 1923 3063 suum,
1951 2965 1997 3021 (⁴

317 3091 748 3164 reparationem
786 3089 1003 3144 scilicet
1032 3089 1261 3160 generis
1277 3089 1679 3158 hnmani,quse
1693 3087 1930 3141 eritt'ru-

315 3184 443 3235 ctus
457 3180 659 3234 mortis
670 3180 720 3250 ej
730 3196 809 3233 us.
820 3177 886 3231 Et
897 3194 1028 3231 cum
1044 3177 1116 3230 sit
1136 3177 1343 3246 lignum
1360 3177 1508 3242 vitae,
1513 3176 1708 3245 folium
1721 3176 1854 3246 ejus,
1869 3174 1929 3228 id

316 3271 405 3323 est
423 3268 662 3323 verbum
704 3268 829 3337 ejus
854 3283 963 3321 non
987 3264 1201 3333 deﬂuet,
1232 3264 1294 3319 id
1323 3268 1408 3318 est
1439 3281 1555 3319 non
1590 3262 1930 3318 annihilabi-

314 3360 433 3423 tur,
464 3356 607 3410 sicut
636 3355 756 3427 ipse
811 3357 1053 3410 testatur
1084 3370 1095 3407 :
1136 3376 1164 3403 ‹‹
1200 3353 1418 3408 C(elum
1451 3356 1509 3406 et
1555 3356 1711 3406 terra
1741 3355 1928 3405 trans-

316 3444 685 3505 ibunt,verba
700 3446 894 3498 autem
912 3459 1044 3496 mea
1056 3458 1175 3497 non
1201 3441 1530 3495 transibunt
1542 3439 1769 3500 (Matth.
1784 3455 1927 3505 XXIV,

320 3533 470 3602 35).»
500 3532 600 3585 Vel
621 3531 702 3586 ita
725 3530 1112 3596 continuatur,
1143 3530 1460 3583 secundum
1504 3528 1676 3582 aliam
1706 3530 1933 3581 senten-

319 3620 494 3674 tiam:
521 3618 588 3672 Et
602 3617 1381 3690 quamvisipsumplantatum
1410 3619 1477 3669 sit
1507 3633 1650 3669 secus
1686 3615 1932 3669 decursus

319 3706 672 3779 aquarum,id
689 3709 773 3759 est
790 3706 1159 3778 populorum,
1185 3705 1242 3759 id
1277 3709 1361 3759 est
1375 3703 1635 3775 quamvis
1668 3703 1934 3757 decurrat

318 3797 381 3851 in
410 3798 736 3851 mortemut
760 3795 976 3866 populi,
1013 3798 1207 3848 tamen
1238 3793 1453 3863 folium,
1488 3793 1547 3846 id
1564 3795 1650 3846 est
1693 3791 1932 3845 verbum

319 3901 436 3955 qus
466 3900 571 3936 non
599 3883 813 3951 defluat.
861 3883 927 3936 Et
981 3883 1130 3936 bene
1160 3882 1401 3935 verbum
1440 3880 1634 3950 folium
1676 3880 1883 3934 dicitur
1916 3896 1930 3946 ;

320 3973 471 4027 sicut
492 3970 650 4025 enim
669 3970 806 4024 folia
819 3971 1089 4024 arborem
1117 3972 1349 4033 ornant,
1367 3969 1590 4022 etinter
1627 3984 1695 4022 ea
1720 3968 1936 4022 fructus

320 4060 534 4127 latitat,
556 4059 634 4113 sic
648 4059 839 4130 etipsa
854 4058 1029 4113 verba
1055 4060 1463 4111 ornamentum
1488 4057 1750 4111 Ecclesia:
1781 4058 1933 4122 sunt,

323 4151 385 4202 et
415 4147 475 4201 in
497 4147 575 4201 eis
591 4151 676 4201 est
696 4147 913 4201 fructus
924 4146 1108 4201 adhuc
1133 4146 1455 4212 latens,vita
1468 4146 1679 4199 scilicet
1696 4148 1937 4201 aeterna.

2028 1779 2190 1833 quam
2221 1764 2445 1832 lignum,
2464 1769 2520 1819 et
2540 1765 2646 1836 ipsi
2677 1767 2910 1836 similes,
2973 1771 3049 1841 pii
3094 1773 3325 1843 scilicet,
3372 1779 3635 1840 similiter

2031 1853 2219 1905 erunt.
2244 1851 2411 1922 Impii
2436 1869 2569 1907 vero
2600 1870 2707 1907 non
2734 1858 2809 1910 sic
2853 1862 3041 1925 erunt,
3070 1871 3176 1915 non
3218 1866 3312 1918 sic.
3347 1867 3632 1938 Repetitio

2028 1938 2150 1993 hazc
2179 1939 2252 1993 ad
2280 1941 2390 1994 hoc
2418 1941 2483 1994 ﬁt
2514 1945 2576 1995 ut
2605 1942 2910 1999 conﬁrmet
2932 1946 3076 2016 pios,
3109 1953 3168 2003 et
3204 1956 3491 2011 exterreat
3519 1957 3631 2013 im-

2030 2027 2191 2098 pios;
2225 2044 2352 2098 quae
2381 2029 2649 2098 repetitio
2680 2047 2796 2085 non
2851 2036 2937 2087 est
2984 2036 3135 2106 apud
3183 2039 3470 2097 Hebraaos
3521 2044 3636 2102 Sed

2028 2114 2133 2186 ipsi
2168 2119 2339 2170 erunt
2361 2123 2618 2188 tanquam
2632 2118 2832 2188 pulvis,
2860 2120 2920 2175 id
2945 2126 3029 2177 est
3054 2124 3267 2180 similes
3297 2130 3539 2200 pulveri,
3571 2134 3633 2191 id

2028 2205 2114 2257 est
2139 2203 2285 2257 aridi
2313 2220 2346 2257 a
2376 2205 2661 2273 doctrina,
2692 2208 2833 2261 sicut
2859 2210 3046 2279 pulvis
3076 2212 3147 2267 ab
3177 2214 3444 2286 humore,
3477 2237 3633 2292 quem

2020 2292 2251 2380 proiicit
2276 2298 2478 2359 ventus,
2519 2293 2577 2347 id
2603 2298 2689 2349 est
2720 2301 2951 2366 separat
2972 2299 3276 2357 diabolusa
3293 2306 3442 2375 [acie
3457 2314 3628 2380 terras,

2026 2379 2085 2433 id
2116 2382 2202 2434 est
2231 2396 2264 2433 a
2292 2381 2598 2452 praesentia
2629 2382 2835 2437 Christi
2862 2402 2875 2452 ;
2908 2385 2997 2439 cui
3046 2388 3243 2444 ﬁdeles
3282 2392 3628 2465 innituntur,

2027 2467 2172 2536 sicut
2200 2484 2305 2522 nos
2320 2468 2451 2523 huic
2479 2472 2648 2525 terra:
2677 2471 2998 2529 innitimur.
3056 2477 3123 2531 Et
3148 2478 3268 2533 ideo
3294 2481 3428 2551 quia
3440 2484 3631 2553 pulvis

2027 2559 2196 2609 erunt
2215 2557 2382 2625 impii
2412 2572 2528 2611 non
2563 2563 2888 2629 resurgunt,
2919 2562 2977 2615 id
2998 2567 3085 2618 est
3117 2582 3234 2621 non
3252 2574 3631 2642 resurgentia

2021 2644 2256 2714 judicio,
2281 2643 2338 2698 id
2370 2647 2455 2699 est
2480 2646 2551 2698 ad
2582 2647 2691 2701 hoc
2720 2650 2781 2701 ut
2807 2649 3163 2721 judicentur,
3197 2657 3444 2712 testante
3474 2660 3628 2730 Apo-

2030 2733 2204 2786 stolo:
2233 2755 2260 2781 «
2290 2732 2396 2795 Qui
2411 2733 2531 2786 sine
2561 2735 2686 2804 lege
2722 2744 3118 2808 peccaverunt,
3178 2742 3301 2798 sine
3330 2746 3459 2816 lege
3482 2748 3631 2818 peri-

2027 2820 2173 2874 bunt
2221 2820 2394 2889 (Rom.
2430 2838 2488 2886 ιι,
2525 2825 2669 2884 12).»
2704 2823 3014 2882 Sciendum
3064 2845 3196 2884 vero
3236 2835 3339 2901 est,
3383 2836 3538 2906 quod
3569 2836 3630 2893 in

2021 2908 2219 2977 judicii
2240 2908 2332 2963 die
2366 2908 2460 2963 alii
2495 2916 2800 2982 resurgant
2828 2913 2885 2967 in
2909 2915 3314 2984 judicium,alii
3336 2923 3629 2995 noninju-

2029 2996 2266 3062 dicium,
2295 3000 2357 3050 ut
2388 2998 2649 3068 gentiles.
2685 3001 2747 3054 In
2766 3001 3048 3071 judicium
3070 3008 3264 3060 autem
3292 3009 3386 3062 alii
3405 3012 3627 3082 utjudi-

2028 3087 2179 3151 cent,
2206 3085 2348 3138 sicut
2369 3086 2627 3155 perfecti,
2664 3089 2780 3156 alii,
2810 3094 2872 3143 ut
2888 3091 3238 3161 judicentur.
3278 3095 3385 3159 Qui
3410 3099 3630 3169 judica-

2029 3173 2263 3238 buntur,
2298 3172 2390 3227 alii
2407 3174 2865 3242 salvabuntur,ut
2883 3178 3041 3247 boni,
3057 3181 3150 3235 alii
3174 3182 3627 3257 damnabuntur,

2030 3263 2091 3314 ut
2115 3260 2241 3315 falsi
2260 3260 2588 3329 Christiani,
2619 3264 2872 3320 haeretici
2920 3269 2977 3321 et
3005 3269 3206 3324 Judaei.
3227 3272 3472 3328 Dubium
3501 3275 3631 3348 qui-

2031 3349 2163 3403 dem
2210 3352 2453 3415 est,cum
2485 3350 2618 3405 inde
2649 3369 2765 3408 non
2797 3354 3077 3411 habeatur
3106 3360 3434 3430 auctoritas,
3477 3379 3553 3420 an
3569 3364 3630 3421 in

2022 3437 2240 3508 judicio
2266 3455 2371 3492 vox
2393 3439 2587 3494 futura
2601 3441 3078 3513 sitelementaris,
3114 3464 3189 3501 an
3226 3466 3365 3507 non.
3391 3450 3449 3505 Si
3475 3469 3630 3521 vero,

2029 3525 2346 3581 secundum
2367 3527 2670 3597 quosdam,
2692 3529 2914 3585 dicatur
2937 3549 3051 3588 non
3064 3534 3360 3603 futura,sic
3387 3556 3637 3611 expone-

2031 3614 2199 3671 turin
2216 3615 2434 3685 judicio
2452 3633 2469 3668 :
2496 3618 2655 3687 impii
2674 3635 2782 3672 non
2821 3630 3092 3691 resurgent
3112 3624 3172 3677 in
3194 3625 3435 3693 judicio,
3463 3626 3521 3681 id
3550 3630 3637 3683 est

2034 3704 2095 3755 ut
2126 3705 2257 3755 tunc
2279 3702 2513 3756 tandem
2545 3708 2763 3759 certum
2786 3706 2857 3760 sit
2869 3724 2967 3761 eos
2988 3726 3108 3763 esse
3125 3710 3634 3785 damnandos,jam

2033 3790 2190 3845 enim
2220 3794 2442 3845 certum
2462 3795 2578 3860 est;
2611 3793 2681 3847 de
2712 3794 2868 3848 falsis
2886 3813 3019 3850 vero
3035 3797 3318 3867 ﬁdelibus,
3350 3803 3488 3855 tunc
3511 3804 3639 3858 tan-

2035 3878 2167 3932 dem
2193 3878 2617 3948 ﬁetjudicium,
2665 3880 2723 3934 id
2771 3885 2856 3935 est
2914 3883 3216 3939 certitudo.
3275 3886 3636 3946 Manifestum

2035 3967 2192 4022 enim
2216 3967 2452 4021 tandem
2501 3969 2638 4021 tunc
2660 3969 2926 4023 omnibus
2958 3971 3066 4024 erit
3095 3971 3220 4026 illos
3258 3973 3638 4032 damnatione

2037 4055 2243 4126 dignos
2272 4072 2391 4110 esse
2440 4056 2585 4110 Nam
2614 4057 2658 4110 si
2681 4059 2807 4127 jam
2845 4061 3065 4113 certum
3093 4064 3260 4127 esset,
3294 4079 3412 4117 non
3442 4064 3639 4136 utique

2038 4159 2143 4214 pro
2175 4143 2257 4197 eis
2288 4142 2579 4197 orationes
2599 4148 2657 4197 et
2677 4144 3020 4200 sacriﬁcium
3052 4148 3169 4202 Deo
3188 4147 3448 4203 vivorum
3480 4151 3642 4206 sedu-

321 4236 423 4290 Vel
463 4238 651 4306 potest
677 4235 768 4289 hic
798 4252 917 4289 esse
949 4234 1265 4288 similitudo
1298 4234 1395 4288 sic.
1453 4235 1520 4287 Et
1550 4233 1684 4305 quia
1727 4235 1783 4286 in
1832 4234 1940 4302 lege
1963 4248 2015 4305 Ι)
2037 4231 2166 4285 litas
2192 4231 2446 4286 offerret.
2480 4232 2725 4287 Perfecti
2745 4236 2939 4288 autem
2973 4251 3101 4289 cum
3119 4236 3541 4306 judicabunt,id
3555 4242 3643 4295 est

321 4324 797 4386 meditabitur,erit
817 4330 1074 4394 tanquam
1123 4322 1347 4391 lignum,
1378 4322 1519 4393 quod
1527 4321 1837 4391 plantatum
1866 4329 1941 4376 est
1986 4392 1989 4395 _

322 4429 472 4467 secus
499 4413 746 4466 decursus
786 4428 1073 4483 aquarum,
1106 4411 1247 4482 quod
1268 4411 1678 4479 fructumsuum
1706 4410 1857 4463 dabit
1883 4413 1940 4464 in

326 4507 558 4571 tempore
576 4517 689 4553 suo.
723 4499 801 4553 Et
837 4499 1033 4569 folium
1067 4498 1182 4568 ejus
1236 4515 1343 4551 non
1376 4498 1592 4562 deﬂuet,
1636 4496 1694 4550 id
1724 4500 1807 4551 est
1832 4497 1941 4551 erit

325 4588 736 4659 comparabilis
797 4587 955 4659 ligno
1002 4587 1262 4657 plantato
1315 4586 1481 4657 juxta
1523 4585 1939 4639 abundantiam

324 4691 634 4747 aquarum,
668 4674 827 4730 danti
842 4676 1091 4728 fructum
1123 4674 1182 4727 in
1204 4676 1467 4743 tempore
1493 4689 1616 4737 suo,
1646 4673 1806 4743 cujus
1852 4672 1939 4726 f0-

324 4764 468 4818 lium
488 4780 605 4817 non
636 4764 870 4829 detluet,
898 4762 1030 4834 quia
1048 4762 1193 4816 sicut
1209 4761 1259 4815 ei
1296 4777 1411 4814 non
1444 4761 1605 4815 deest
1626 4761 1839 4814 humor
1868 4760 1941 4814 ad

325 4852 580 4906 fructum
617 4850 678 4906 in
706 4854 972 4921 tempore
995 4866 1096 4905 suo
1131 4849 1498 4915 dandum,ita
1526 4866 1631 4903 nec
1662 4848 1943 4903 illideerit

324 4940 509 4995 sancti
526 4938 772 5012 Spiritus
795 4940 961 5010 vigor
988 4942 1047 4993 et
1068 4937 1352 5003 doctrina,
1369 4938 1442 4992 ad
1458 4936 1781 5007 spirituales
1794 4937 1941 4992 ﬁlios

323 5028 387 5083 in
417 5031 682 5098 tempore
703 5026 1074 5098 plenitudinis
1099 5028 1215 5081 Deo
1239 5025 1941 5091 fructiﬁcandum,etsicut

323 5114 478 5169 illius
506 5114 647 5186 ligni
679 5114 818 5169 folia
867 5131 984 5169 non
1018 5114 1298 5179 deﬂuunt,
1330 5113 1407 5166 ita
1439 5128 1545 5167 nec
1576 5112 1697 5180 ejus
1727 5110 1942 5166 detluet

324 5204 588 5257 verbum.
626 5204 712 5268 Et,
747 5217 876 5256 cum
906 5202 1032 5256 talis
1074 5205 1380 5272 tantusque
1404 5201 1622 5255 fructus
1651 5200 1741 5266 sit,
1760 5201 1939 5253 omnia

326 5307 507 5364 opera
535 5295 593 5345 et
616 5291 896 5345 miracula
920 5307 1246 5362 quaecunque
1294 5291 1457 5359 faciet
1487 5288 1941 5360 prosperabuntur

325 5380 696 5436 credentibus
721 5378 779 5435 in
809 5396 962 5447 eum,
997 5378 1055 5434 id
1087 5382 1173 5433 est
1204 5378 1481 5451 quidquid
1506 5378 1687 5432 inhoc
1718 5378 1938 5434 mundo

2039 4320 2352 4375 sanctitatis
2379 4321 2816 4390 comparatione
2837 4322 2945 4376 sibi
2972 4323 3184 4378 similes
3203 4326 3644 4385 ostendentesse

2041 4408 2360 4475 salvandos,
2385 4408 2687 4463 dissimiles
2710 4425 2844 4463 vero
2885 4410 3267 4466 damnandos.

2112 4496 2177 4549 Et
2195 4495 2328 4567 quia
2343 4496 2563 4549 dixerat
2576 4496 2780 4566 impios
2792 4512 2909 4551 non
2924 4504 3342 4554 resurrecturus
3358 4502 3419 4556 in
3419 4502 3639 4573 judicio

2041 4586 2098 4637 et
2121 4583 2176 4637 in
2210 4584 2317 4637 hoc
2335 4584 2584 4638 multum
2623 4600 2720 4638 eos
2748 4584 3127 4655 depresserat,
3162 4604 3235 4642 ne
3278 4588 3407 4644 falsi
3442 4591 3639 4649 ﬁdeles

2038 4673 2103 4726 in
2114 4672 2333 4742 judicio
2368 4673 2741 4726 resurrecturi
2775 4690 2884 4745 pro
2919 4674 3040 4729 sola
3072 4675 3185 4730 ﬁde
3216 4677 3339 4731 sine
3370 4680 3639 4748 operibus

2040 4776 2099 4813 se
2128 4759 2429 4814 salvandos
2458 4776 2578 4814 esse
2610 4763 2899 4832 putarent,
2948 4768 3210 4818 removet
3239 4764 3347 4818 hoc
3377 4765 3454 4819 sic
3483 4782 3495 4819 ε
3523 4766 3638 4821 Im-

2031 4847 2125 4916 pii
2152 4863 2257 4899 non
2287 4854 2563 4916 resurgent
2592 4848 2653 4905 in
2669 4847 2912 4917 judicio,
2940 4865 3107 4919 neque
3126 4857 3449 4920 peccatores,
3475 4851 3533 4906 id
3552 4856 3639 4908 est

2041 4950 2075 4987 a
2105 4935 2222 4988 Deo
2241 4935 2628 5005 apostatantes
2658 4936 2719 4989 in
2748 4937 2976 4991 concilio
3031 4937 3321 5006 iustorum,
3370 4937 3429 4992 id
3455 4943 3538 4994 est
3563 4941 3639 4997 ad

2037 5022 2147 5076 hoc
2176 5024 2238 5075 ut
2265 5022 2376 5075 sint
2402 5021 2460 5076 in
2494 5024 2943 5094 congregatione
2961 5024 3271 5094 justorum,
3305 5027 3639 5097 quamvisin

2029 5109 2249 5180 judicio
2275 5114 2599 5182 resurgant.
2634 5106 2701 5164 ln'
2726 5111 3002 5166 chraico
3033 5128 3165 5166 vero
3190 5113 3437 5168 habetur
3454 5114 3638 5187 inSy-

2040 5214 2268 5267 nogoga.
2298 5197 2545 5269 Ideoque
2576 5196 2785 5253 rectius
2815 5202 2898 5253 est
2923 5197 2981 5252 in
3013 5199 3214 5255 Latino
3272 5202 3335 5255 in
3384 5203 3635 5259 concilio.

2042 5287 2235 5339 Potest
2255 5289 2453 5340 tamen
2485 5286 2596 5356 legi
2625 5286 2687 5340 in
2716 5287 2959 5341 consilio.
2995 5286 3312 5343 Concilium
3354 5288 3512 5342 enim
3563 5290 3646 5345 di-

2043 5371 2226 5427 cimus
2263 5374 2781 5445 congregationem
2832 5375 2906 5432 ad
2944 5373 3163 5447 aliquid
3218 5374 3479 5432 utilitatis
3530 5379 3645 5432 sta-
