4010 6032
456 272 559 337 643

1042 264 1102 332 S.
1147 266 1494 328 BRUNONIS
1537 260 2171 325 CARTHUSIANORUM
2210 260 2681 322 INSTITUTORIS
2721 263 2875 321 OPP.
2917 263 3094 322 PARS
3125 263 3167 320 Ι.

3664 258 3777 321 644-

456 402 815 463 tuendumeo
830 396 1485 469 adunatam.Synagoga
1497 410 1630 448 vero
1648 392 2060 461 interpretatur
2078 394 2133 453 Α
2161 387 2423 444 buendus
2454 392 2541 445 est
2564 390 2807 458 Christo,
2844 390 2939 463 qui
2948 390 3080 462 jure
3111 387 3547 459 dicituriDavid,
3577 388 3760 445 David

459 493 816 563 congregatio.
847 490 948 543 Vel
981 488 1063 542 ita
1089 486 1201 559 legi
1244 488 1432 556 potest
1454 500 1644 538 versus
1664 482 1767 535 iste
1787 498 1798 535 :
1822 480 1879 534 Si
1904 481 2062 550 impii

459 581 716 654 superius
732 578 1085 649 accipiantur
1095 575 1442 647 generaliter
1465 576 1522 627 et
1543 589 1645 643 pro
1660 570 1987 625 inﬁdelibus
2002 572 2059 623 et

458 686 564 742 pro
594 668 857 724 ﬁdelibus
882 665 1296 738 peccatoribus,
1343 664 1502 732 impii
1524 678 1629 714 non
1656 662 1736 715 sic
1767 662 1955 715 erunt.
1991 660 2059 712 Et

459 758 713 816 ostendit
739 774 843 829 per
886 758 1076 828 partes
1106 769 1281 825 quare
1313 753 1390 806 sic
1419 751 1632 806 dicens.
1669 751 1734 803 Et
1764 750 1871 804 hoc
1904 747 2056 814 ideo,

459 848 594 921 quia
622 848 794 918 impii,
829 845 887 900 id
935 847 1020 899 est
1069 842 1329 897 inﬁdeles
1382 856 1499 895 non
1532 841 1839 910 resurgunt
1864 838 1922 892 in
1949 838 2059 892 hoc

457 937 677 993 mundo
707 936 780 989 ab
798 933 1135 989 inﬁdelitate
1153 947 1253 985 sua
1269 932 1326 983 in
1325 929 1567 1000 judicio,
1588 928 1645 981 id
1677 929 1761 982 est
1782 942 1886 997 per
1902 925 2056 995 judi-

456 1025 631 1093 cium,
661 1024 719 1079 id
735 1022 911 1077 estita
932 1025 994 1075 ut
1019 1036 1123 1091 per
1139 1018 1562 1073 confessionem
1582 1016 1864 1087 judicent,
1894 1014 1954 1068 id
1973 1016 2059 1067 est

456 1114 737 1170 damnent
765 1110 1167 1164 inﬁdelitatem
1190 1122 1374 1161 suam.
1410 1128 1435 1154 ‹‹
1473 1106 1615 1158 Nam
1646 1105 1689 1157 si
1721 1101 2059 1171 semetipsos

454 1201 540 1271 (ut
576 1200 656 1254 ait
678 1197 1000 1269 Apostolus)
1010 1196 1362 1267 judicarent,
1398 1210 1516 1247 non
1550 1190 2055 1263 utiqueaDomino

445 1288 846 1360 judicarentur
860 1285 914 1356 (Ι
921 1284 1048 1339 Cor.
1075 1283 1251 1352 11,31).
1278 1305 1304 1330 ››
1323 1282 1510 1353 Neque
1529 1288 1851 1350 peccatores,
1882 1279 1942 1333 id
1972 1280 2058 1332 est

453 1376 579 1431 falsi
597 1375 812 1440 ﬁdeles,
849 1374 1160 1443 resurgunt
1172 1371 1241 1425 ad
1265 1371 1372 1424 hoc
1388 1373 1450 1422 ut
1476 1369 1589 1422 sint
1608 1370 1669 1422 in
1695 1367 1919 1421 consilio
1929 1368 2056 1438 jus-

459 1471 651 1531 torum,
694 1462 754 1517 id
779 1464 864 1516 est
892 1464 956 1515 ut
982 1461 1126 1514 sicut
1147 1459 1289 1529 justi
1318 1459 1639 1512 voluntates
1669 1473 1799 1509 suas
1825 1455 1925 1510 Dei
1958 1472 2055 1509 vo-

456 1551 771 1607 luntatibus
789 1551 1155 1621 postponant.
1176 1549 1371 1602 Potest
1392 1548 1448 1599 et
1478 1546 1585 1599 hoc
1612 1547 1921 1615 utrumque
1948 1543 2058 1597 dici

454 1639 525 1695 de
546 1639 893 1704 infidelibus,
922 1641 985 1691 ut
999 1638 1155 1707 impii
1171 1637 1304 1697 sint,
1324 1634 1383 1689 id
1396 1638 1480 1688 est
1503 1635 1682 1688 Deum
1698 1632 2052 1703 ignorantes,

2161 478 2318 533 enim
2338 479 2750 549 interpretatur
2763 479 3153 534 desiderabilis.
3184 478 3438 533 Christus
3450 494 3584 533 vero
3613 478 3767 533 desi-

2160 567 2430 623 derabilis
2462 571 2549 623 est
2556 569 2721 638 juxta
2738 569 2875 623 illud
2890 570 3064 624 Jacob
3095 586 3106 624 :
3139 568 3260 640 ipse
3284 567 3396 623 erit
3418 567 3767 640 exspectatio

2161 657 2422 728 gentium
2452 656 2607 724 (Gen.
2627 674 2771 719 xm,
2797 660 2936 726 10).»
2956 658 3374 730 Interpretatur
3398 672 3628 729 quoque
3651 658 3762 712 Da-

2157 746 2250 801 vid
2274 763 2439 799 manu
2460 746 2643 816 fortis.
2672 744 2925 800 Christus
2938 745 3113 800 etiam
3135 762 3313 800 manu
3329 744 3495 800 fortis
3518 744 3770 816 est,quia

2160 834 2455 888 diabolum
2488 834 2811 900 debellavit,
2830 834 2995 904 juxta
3013 834 3153 889 illud
3202 850 3215 888 :
3247 856 3275 883 ‹‹
3307 834 3467 887 Nunc
3496 832 3767 906 princeps

2158 923 2328 993 hujus
2355 923 2559 977 mundi
2577 923 2836 993 ejicietur
2865 923 3019 978 foras
3048 923 3228 991 (Joan.
3253 938 3350 987 xu,
3382 921 3491 992 31).
3513 941 3541 969 ››
3602 921 3761 976 Psal-

2158 1028 2285 1065 mus
2315 1014 2508 1066 autem
2536 1011 2844 1082 aliquando
2877 1028 2981 1083 pro
3011 1011 3134 1081 ipso
3161 1013 3429 1076 tractatu,
3452 1008 3765 1080 aliquando

2158 1115 2262 1171 pro
2289 1100 2444 1153 bono
2468 1116 2641 1172 Opere
2671 1099 2924 1171 ponitur.
2954 1100 3211 1154 Psalmus
3232 1098 3389 1153 enim
3419 1096 3767 1169 symphonia

2158 1190 2262 1253 est,
2297 1205 2423 1258 quae
2457 1204 2586 1243 cum
2615 1205 2789 1262 opere
2813 1204 3094 1243 manuum
3122 1186 3338 1242 musico
3369 1187 3759 1242 instrumento

2158 1273 2241 1340 ﬁt,
2274 1275 2541 1347 ideoque,
2573 1292 2681 1348 peo
2732 1292 2906 1348 opere
2957 1276 3267 1347 aliquando
3316 1274 3571 1347 ponitur.
3604 1274 3763 1328 Psal-

2160 1379 2287 1417 mus
2308 1368 2501 1418 autem
2533 1363 2638 1418 iste
2669 1381 2772 1419 vox
2797 1364 3007 1437 Capitis
3028 1367 3133 1431 est,
3167 1363 3237 1418 de
3263 1363 3530 1418 Passione
3547 1379 3651 1417 sua
3663 1363 3762 1417 Ju-

2162 1452 2315 1507 datos
2351 1456 2408 1506 et
2437 1456 2638 1524 gentes
2669 1453 3009 1507 tribulantes
3041 1469 3101 1507 se
3162 1451 3534 1524 increpantis.
3596 1450 3766 1515 Quod

2159 1540 2289 1595 ideo
2316 1541 2471 1607 facit,
2504 1544 2565 1594 ut
2587 1544 3005 1612 consequenter
3033 1540 3300 1596 ostendat
3331 1540 3553 1594 nullum
3590 1538 3761 1594 fructi

2158 1645 2255 1683 eos
2281 1628 2415 1683 inde
2437 1628 2724 1696 habuisse,
2756 1629 2857 1683 sed
2875 1628 3199 1684 econtrario
3230 1627 3669 1683 damnationem
3700 1627 3762 1682 in

453 1730 512 1783 et
537 1728 600 1782 in
639 1727 849 1797 judicio
873 1726 987 1780 don
1018 1725 1404 1794 resurgentes,
1437 1725 1494 1775 et
1513 1728 1836 1792 peccatores,
1876 1721 1932 1775 id
1971 1724 2057 1775 est
2084 1711 2131 1768 B
2159 1717 2351 1772 futuro
2379 1720 2730 1788 recepturos,
2764 1734 2824 1771 se
2855 1733 2989 1772 vero
3012 1716 3464 1772 Resurrectionis
3512 1715 3761 1787 gloriam

449 1831 578 1871 suas
605 1815 927 1870 voluntates
948 1812 1048 1867 Dei
1062 1811 1452 1866 voluntatibus
1464 1808 2053 1881 przeponentes,ideo-

451 1920 562 1976 que
592 1907 648 1958 in
673 1902 891 1957 concilio
937 1903 1021 1956 vel
1045 1900 1265 1954 consilio
1283 1900 1557 1970 justorum
1584 1916 1701 1953 non
1728 1897 2051 1951 existentes.

448 1991 718 2063 Sequitur
753 2008 765 2045 :
806 1990 1074 2056 Quoniam
1097 1989 1265 2053 novit,
1294 1991 1400 2041 etc.
1436 1987 1595 2041 Idem
1644 1986 1721 2039 sic
1751 1986 2053 2040 continua-

448 2083 544 2135 tur
570 2097 583 2133 :
610 2079 693 2133 Pii
723 2081 894 2133 erunt
925 2084 1183 2147 tanquam
1213 2076 1437 2145 lignum,
1494 2074 1554 2128 id
1611 2079 1696 2128 est
1725 2073 1868 2127 sicut
1899 2073 2056 2128 Chri-

448 2169 586 2233 stus,
620 2167 814 2221 ethoc
864 2166 1278 2236 ideo,quoniam
1334 2164 1484 2216 novit
1538 2162 1825 2228 Dominus,
1878 2161 1937 2215 id
1969 2165 2056 2216 est

446 2254 730 2326 probavit,
764 2254 977 2307 amavit
1003 2255 1144 2305 viam
1145 2252 1439 2322 justorum,
1465 2251 1621 2304 idest
1635 2251 1851 2305 bonam
1876 2250 2053 2304 vitam

446 2342 505 2397 in
538 2343 646 2397 hoc
699 2341 918 2396 mundo
950 2357 1077 2412 qum
1111 2340 1201 2393 via
1231 2343 1315 2393 est
1343 2339 1416 2392 ad
1446 2339 1622 2392 vitam
1656 2340 1957 2391 teternam‘.
1988 2339 2055 2391 Et

443 2432 614 2501 impii
635 2446 752 2484 non
775 2429 852 2483 sic
878 2431 1069 2496 erunt;
1094 2431 1151 2482 et
1170 2428 1281 2481 hoc
1321 2427 1453 2480 ideo
1468 2426 1602 2497 quia
1633 2425 1912 2479 Dominus
1933 2442 2049 2480 non

446 2517 609 2573 novit
626 2519 732 2572 iter
761 2516 1049 2582 eorum,id
1064 2518 1149 2569 est
1162 2514 1338 2568 vitam
1392 2515 1459 2567 Et
1478 2529 1608 2567 cum
1626 2513 1823 2567 debuit
1838 2512 2046 2580 dicere,

443 2624 550 2661 non
561 2607 728 2673 novit,
749 2604 914 2677 ponit
929 2604 1367 2675 aaquipollenter
1380 2602 1649 2656 effectum
1673 2618 1777 2672 per
1795 2618 2046 2669 causam,

431 2696 617 2766 perire
636 2693 848 2748 scilicet
864 2708 966 2764 pro
985 2709 1091 2745 non
1105 2708 1330 2745 noscere.
1352 2690 1501 2744 Inter
1520 2692 1807 2760 impiorum
1817 2691 2046 2760 peribit,

439 2782 501 2837 id
531 2786 615 2837 est
634 2798 810 2852 prava
822 2780 935 2834 vita
950 2796 1308 2851 eorum,quaa
1329 2782 1413 2833 est
1434 2778 1541 2832 iter
1551 2778 1631 2832 eis
1643 2778 1716 2832 ad
1730 2778 2045 2846 infernum,

432 2871 643 2943 peribit
664 2853 727 2940 5
757 2870 815 2924 id
835 2873 921 2924 est
949 2885 1047 2923 eos
1076 2868 1265 2938 perire
1296 2867 1486 2928 faciet,
1518 2883 1647 2920 cum
1675 2883 1708 2921 a
1739 2868 1855 2921 Deo
1888 2868 2049 2938 igno-

2159 1810 2218 1862 et
2232 1807 2591 1861 Ascensionis
2620 1810 2923 1878 totumque
2952 1806 3237 1860 mundum
3253 1805 3552 1877 recepisse,
3566 1821 3764 1860 secun-

2164 1896 2303 1951 dum
2333 1896 2490 1967 quod
2518 1896 2696 1951 homo
2735 1898 2861 1950 erat
2886 1898 2944 1949 et
2972 1895 3095 1966 ejus
3121 1894 3454 1966 imperium.
3486 1895 3631 1949 Nam
3673 1908 3763 1947 se-

2158 1985 2415 2039 cundum
2444 1983 2807 2039 divinitatem
2841 1986 2973 2038 ante
2996 1984 3203 2038 saecula
3231 2000 3363 2038 cum
3387 1985 3554 2038 Patre
3571 1982 3767 2038 Domi-

2159 2089 2266 2126 nus
2297 2072 2559 2127 omnium
2586 2073 2881 2127 existebat.
2916 2073 2983 2125 Et
3003 2073 3111 2126 hoc
3141 2072 3218 2126 sic
3248 2072 3387 2127 dicit
3418 2088 3432 2126 :

2230 2159 2408 2226 Quare
2428 2162 2784 2230 fremuerunt,
2835 2160 2895 2214 id
2924 2163 3008 2214 est
3036 2160 3289 2215 frement
3326 2162 3549 2233 gentes,
3582 2160 3642 2214 id
3679 2164 3767 2214 est

2163 2248 2413 2303 Romani
2458 2248 2670 2303 milites
2696 2248 2792 2320 qui
2822 2265 2915 2303 me
2946 2249 3328 2321 cruciﬁgent?
3359 2248 3559 2315 Quare,
3590 2248 3648 2302 id
3682 2255 3769 2304 est

2157 2354 2271 2408 qua
2301 2337 2543 2391 utilitate
2574 2337 2911 2403 frement,id
2928 2341 3012 2391 est
3035 2336 3765 2407 irrationabiliteragentin

2155 2442 2251 2480 me
2274 2426 2301 2479 ‘I
2330 2426 2512 2479 Nulla.
2538 2426 2805 2480 Fremere
2833 2442 2968 2480 vero
2996 2426 3232 2481 leonum
3263 2430 3369 2493 est,
3401 2427 3499 2497 qui
3536 2426 3763 2481 irratio-

2155 2514 2375 2568 nabiles
2400 2517 2550 2567 sunt.
2576 2514 2825 2585 Ideoque
2836 2521 3035 2584 gentes,
3063 2514 3120 2568 id
3141 2518 3226 2568 est
3255 2514 3499 2585 gentiles
3529 2514 3666 2569 dicit
3691 2514 3752 2569 in

2152 2620 2210 2656 se
2241 2602 2299 2656 in
2330 2602 2788 2657 suicruciﬁxione
2818 2603 3276 2672 fremuisse,idest
3292 2603 3764 2659 irrationabiliter

2151 2691 2273 2747 sine
2308 2708 2491 2747 causa:
2541 2692 2904 2763 oppositione
2962 2708 3097 2747 eum
3152 2691 3510 2747 crucifixisse.
3576 2692 3761 2747 Judaei

2150 2780 2328 2847 enim,
2363 2780 2467 2834 etsi
2500 2796 2617 2834 non
2642 2780 2860 2834 habent
2890 2796 3143 2847 causam,
3170 2797 3228 2834 se
3285 2782 3485 2835 tamen
3525 2796 3759 2835 causam

2150 2868 2663 2935 dicebanthabere,
2684 2869 2848 2940 juxta
2872 2867 3042 2923 illud:
3062 2890 3088 2918 α
3124 2869 3220 2923 Hic
3254 2869 3432 2924 homo
3460 2884 3579 2924 non
3609 2872 3694 2923 est
3723 2886 3761 2924 a

437 2960 617 3025 retur,
650 2958 707 3013 id
729 2961 813 3013 est
843 2973 960 3011 non
992 2959 1237 3021 ametur,
1272 2956 1417 3009 sicut
1446 2955 1601 3009 idem
1640 2954 1700 3009 in
1741 2955 2045 3026 Evangelio
2072 3006 2116 3028 η
2149 2956 2390 3028 Deo,qui
2409 2956 2724 3010 Sabbatum
2752 2972 2868 3011 non
2899 2956 3147 3011 custodit
3175 2956 3357 3023 (Joan.
3386 2972 3460 3024 Ix,
3496 2956 3603 3028 16).
3633 2978 3660 3007 ››
3688 2957 3761 3010 Et

437 3049 680 3103 testatur
705 3063 716 3100 :
749 3044 947 3107 Amen,
978 3044 1098 3099 dico
1126 3044 1273 3098 vobis
1307 3061 1324 3096 :
1353 3043 1549 3098 Nescio
1578 3058 1668 3096 vos
1700 3042 1922 3112 (Matth.
1941 3060 2044 3097 xxv
2071 3042 2116 3065 υ
2148 3045 2314 3100 alibi:
2344 3066 2370 3095 ‹‹
2397 3044 2727 3098 Secundum
2757 3044 2948 3114 legem
2967 3044 3140 3099 debet
3173 3043 3341 3111 mori,
3376 3044 3511 3115 quia
3548 3044 3757 3099 Filium

439 3137 554 3202 12),
579 3134 639 3189 id
668 3136 752 3189 est
765 3149 883 3188 non
906 3116 1069 3187 amo;
1089 3133 1187 3186 Vel
1219 3132 1384 3186 aliter
1413 3132 1523 3186 hoc
1553 3130 1948 3197 continuatur,
1980 3134 2043 3185 ut

434 3221 711 3292 expositio
744 3237 861 3274 non
892 3222 1149 3274 mutetur
1168 3218 1476 3272 Peccatores
1522 3235 1629 3271 non
1676 3224 1948 3288 resurgent
1978 3219 2041 3272 in

432 3309 662 3364 consilio
683 3310 768 3362 vel
799 3308 1032 3362 consilio.
1071 3308 1368 3377 justorum,
1401 3313 1449 3360 et
1475 3307 1643 3377 impii
1672 3308 1735 3361 in
1774 3306 1993 3377 judicio
2021 3324 2039 3373 ;

435 3400 495 3452 et
520 3398 631 3452 hoc
660 3396 789 3451 ideo
821 3396 950 3463 erit,
983 3396 1255 3467 quoniam
1284 3395 1552 3450 Dominus
1596 3396 1746 3448 novit
1775 3396 1923 3449 viam
1941 3395 2039 3465 ju-

432 3490 657 3548 storum,
678 3491 727 3539 et
748 3485 852 3538 iter
879 3485 1174 3554 impiorum
1215 3484 1442 3553 peribit,
1476 3483 1535 3537 id
1591 3487 1677 3537 est
1732 3483 1860 3537 ideo
1922 3499 2038 3536 non

432 3573 553 3627 vult
577 3589 675 3627 eos
703 3589 825 3627 esse
854 3588 987 3626 cum
1011 3571 1197 3642 justis,
1242 3571 1376 3642 quia
1434 3571 1548 3625 vita
1590 3572 1882 3642 justorum
1934 3570 2038 3643 ipsi

431 3662 638 3736 placet,
668 3661 787 3715 vita
824 3676 956 3715 vero
987 3659 1301 3730 impiorum
1331 3659 1608 3730 displicet.

966 3749 1032 3801 IN
1068 3747 1389 3804 PSALMUM
1419 3750 1484 3802 II.

500 3841 758 3896 Psalmus
783 3841 977 3893 autem
1009 3836 1107 3909 qui
1123 3838 1277 3891 hunc
1300 3837 1578 3909 sequitur,
1629 3854 1664 3891 a
1693 3836 2034 3908 quibusdam

425 3945 557 3983 cum
583 3927 861 3999 superiori
890 3924 1095 3980 dicitur
1124 3942 1290 3990 unus,
1328 3928 1386 3978 et
1407 3941 1441 3978 a
1466 3925 1834 3996 quibusdam,
1865 3925 2028 3982 alius.

429 4016 646 4072 Dicitur
666 4015 824 4070 enim
846 4014 906 4067 in
935 4013 1168 4066 Actibus
1199 4014 1590 4081 apostolorum
1617 4013 1898 4067 secundus
1928 4013 2033 4067 iste

426 4104 681 4176 psalmus
710 4100 861 4173 (Act.
893 4114 1011 4165 xm,
1044 4100 1154 4169 33).
1207 4099 1454 4165 Primus,
1483 4100 1639 4171 quod
1667 4100 1833 4154 facile
1861 4101 2028 4155 solvi-

428 4192 557 4254 tur;
582 4189 880 4243 titulorum
913 4185 1071 4240 enim
1126 4186 1483 4257 psalmorum
1515 4187 1734 4256 primus
1756 4190 1860 4255 est,
1898 4205 2028 4243 cum

2147 3133 2245 3188 Dei
2268 3150 2326 3186 se
2348 3133 2483 3186 fecit
2513 3132 2692 3199 (Joan.
2729 3149 2840 3185 xxx.
2869 3137 3003 3197 7).»
3058 3132 3306 3203 Ideoque
3335 3132 3484 3187 bene
3520 3133 3756 3204 subjun-

2144 3221 2228 3292 git
2262 3238 2273 3274 :
2306 3220 2383 3274 Et
2403 3221 2617 3291 populi,
2640 3220 2696 3274 id
2725 3223 2811 3275 est
2838 3219 3018 3275 Judaei
3048 3220 3145 3292 qui
3176 3220 3318 3275 mihi
3373 3220 3431 3275 in
3467 3222 3753 3293 populum

2143 3325 2263 3364 esse
2290 3309 2524 3375 debent,
2566 3307 2710 3362 sicut
2737 3308 3014 3378 scriptum
3040 3311 3126 3363 est
3157 3326 3170 3363 :
3201 3331 3227 3358 «
3262 3309 3380 3380 Ego
3429 3325 3529 3364 ero
3562 3310 3667 3364 tibi
3688 3310 3754 3365 in

2141 3398 2344 3463 Deum,
2377 3400 2435 3449 et
2462 3398 2524 3449 tu
2554 3396 2666 3450 eris
2697 3396 2837 3451 mihi
2867 3396 2922 3449 in
2959 3397 3235 3467 populum
3271 3395 3421 3469 (Lev.
3454 3396 3753 3463 xxvr,l2).»

2144 3485 2341 3552 Quare,
2372 3485 2429 3539 id
2461 3489 2547 3540 est
2603 3502 2717 3557 qua
2772 3484 3014 3539 utilitate
3074 3486 3453 3557 assequenda,
3503 3485 3757 3541 meditati

2139 3581 2263 3629 sunt
2293 3575 2500 3636 inania,
2534 3573 2591 3627 id
2622 3576 2707 3627 est
2732 3572 3164 3627 meditabuntur
3219 3590 3315 3628 me
3371 3573 3631 3628 detinere
3686 3575 3748 3628 in

2142 3666 2430 3727 morte,ne
2451 3661 2700 3715 mundus
2724 3664 2852 3732 post
2881 3677 2976 3715 me
2997 3661 3346 3732 abeat,quod
3365 3661 3602 3717 inanine
3615 3662 3744 3717 erit.

2142 3751 2283 3805 Cum
2305 3750 2719 3811 dicitmeditari,
2746 3752 2909 3803 notat
2926 3766 3023 3804 eos
3047 3751 3294 3803 multum
3315 3750 3374 3803 in
3403 3766 3573 3805 causa
3594 3767 3747 3806 mor-

2138 3838 2209 3893 tis
2223 3837 3100 3908 ejusinveniendalaboraturos.
3133 3838 3331 3892 Etnon
3360 3839 3546 3893 solum
3578 3839 3739 3893 labo-

2135 3928 2407 3980 raverunt
2435 3925 2816 3989 minores,sed
2837 3924 3012 3980 etiam
3042 3927 3303 3997 reges.Et
3317 3942 3435 3980 non
3462 3926 3547 3980 sui
3570 3926 3743 3997 ipsius

2133 4030 2317 4084 reges,
2352 4013 2451 4068 sed
2468 4016 2525 4066 et
2554 4030 2696 4083 reges
2725 4019 2898 4080 terra,
2932 4013 2989 4067 id
3043 4017 3129 4067 est
3162 4014 3380 4069 teireni
3414 4030 3427 4068 :
3458 4018 3700 4087 uterque
3727 4031 3740 4083 ;

2133 4101 2364 4168 scilicet,
2390 4102 2640 4155 Herodes
2658 4118 2804 4155 unus
2830 4100 2889 4155 in
2930 4101 3254 4169 Nativitate,
3303 4104 3448 4156 alter
3493 4103 3554 4157 in
3607 4105 3741 4158 Pas-

2085 4230 2095 4239 .
2133 4188 2293 4243 sione
2315 4193 2373 4243 et
2393 4189 2623 4243 Pilatus.
2645 4187 2826 4254 Quare
2849 4190 3155 4256 astiterunt,
3176 4190 3235 4244 id
3251 4192 3336 4244 est
3355 4191 3643 4245 astabant.
3675 4192 3743 4245 Et

428 4276 650 4349 primus
680 4274 847 4330 titulo
878 4275 1087 4328 careat.
1122 4272 1412 4336 Quantum
1456 4289 1589 4328 vero
1638 4275 1709 4329 ad
1765 4276 2029 4332 ordinem
2054 4256 2106 4314 D
2134 4281 2217 4332 est
2244 4278 2495 4348 positum
2508 4293 2613 4348 pro
2642 4277 3133 4343 institerunt,cum
3156 4278 3214 4333 in
3240 4279 3518 4334 Habraico
3551 4278 3628 4333 sic
3644 4279 3743 4334 ha-

428 4366 809 4437 psalmorum,
862 4362 1164 4425 secundus,
1192 4361 1540 4433 alioquando
1587 4363 1746 4417 enim
1795 4368 2030 4421 centum

2132 4367 2336 4422 beatur
2365 4383 2378 4421 :
2410 4365 2488 4420 Et
2514 4367 2783 4436 principes
2813 4365 3168 4429 sacerdotum,
3197 4366 3257 4421 id
3299 4370 3385 4421 est
3414 4367 3659 4439 Caiphas
3683 4370 3742 4422 et

424 4451 848 4526 quinquaginta
881 4467 999 4506 non
1020 4454 1228 4506 essent.
1261 4448 1317 4503 Si
1348 4466 1483 4505 vero
1510 4450 1582 4504 sit
1596 4452 1894 4520 secundas,
1913 4454 2028 4508 sive

425 4557 557 4597 cum
576 4540 763 4611 primo
785 4540 1198 4611 idem,semper
1211 4554 1341 4593 cum
1360 4539 1641 4609 superiori
1657 4540 2030 4596 continuatur

426 4627 735 4685 Sciendum
753 4630 839 4682 est
850 4630 1045 4681 autem
1057 4626 1253 4681 titulos
1268 4627 1621 4698 psalmorum
1633 4626 2025 4697 ,intentiones,

421 4720 512 4776 vel
539 4735 644 4791 per
671 4717 753 4772 rei
783 4715 1126 4788 gestionem,
1160 4716 1247 4769 vel
1278 4730 1382 4784 per
1408 4715 1559 4770 vocis
1588 4715 2024 4788 interpretatio-

422 4822 580 4872 nem,
612 4805 699 4859 vel
728 4804 905 4860 etiam
931 4818 1034 4874 per
1071 4806 1379 4874 utrumque
1439 4803 1763 4875 designare.
1800 4807 1908 4860 Per
1934 4807 2021 4860 rei

422 4894 766 4968 gestionem,
786 4908 919 4947 cum
949 4890 1167 4962 aliquid
1190 4893 1417 4962 gestum
1457 4892 1611 4963 quod
1644 4893 1717 4947 ad
1775 4893 2025 4965 ﬁgurani

420 4982 673 5054 pertinet
698 4981 1024 5047 denotatur,
1047 4981 1108 5034 ut
1124 4980 1355 5050 quando
1374 4980 1615 5035 dicitur:
1646 4980 1832 5035 David
1872 4983 2023 5053 psal-

421 5086 571 5135 mus;
591 5086 713 5124 cum
739 5069 949 5139 fugeret
985 5085 1019 5121 a
1064 5066 1207 5139 facie
1234 5066 1500 5135 Absalon,
1533 5069 1688 5140 quod
1719 5070 1792 5124 ad
1817 5070 2020 5125 Christi

2128 4458 2341 4523 Annas,
2394 4458 2451 4509 et
2480 4452 2671 4509 cmteri
2690 4461 3068 4515 convenerunt,
3101 4454 3159 4508 id
3185 4457 3271 4509 est
3301 4471 3407 4508 con
3419 4455 3649 4509 venient
3678 4458 3737 4509 in

2128 4542 2608 4610 unum,malitiose
2629 4545 2867 4614 agentes
2886 4542 3133 4597 adversus
3152 4542 3449 4597 Dominum
3479 4545 3734 4611 Patrem,

2128 4639 2177 4687 et
2205 4632 2459 4686 adversus
2479 4649 2561 4685 me
2601 4630 2901 4699 Christum,
2962 4631 3021 4685 id
3061 4634 3146 4685 est
3174 4647 3376 4702 regem
3405 4632 3527 4703 ejus
3562 4633 3619 4685 id
3650 4637 3739 4687 est

2129 4721 2285 4775 abeo
2319 4720 2710 4774 constitutum.
2734 4718 2878 4773 Cum
2909 4721 3106 4773 autem
3136 4718 3275 4772 dicit
3324 4735 3443 4774 non
3492 4721 3727 4774 Patrem

2127 4808 2227 4862 sed
2247 4808 2578 4874 Dominum,
2611 4806 2835 4878 gravius
2863 4806 2985 4877 ejus
3011 4808 3194 4873 notat,
3250 4806 3415 4877 quasi
3466 4806 3684 4862 diceret
3718 4824 3732 4861 :

2128 4895 2271 4950 Cum
2294 4895 2399 4965 ipsi
2423 4895 2587 4960 servi,
2621 4895 2715 4949 ille
2741 4894 3017 4949 Dominus
3046 4896 3213 4961 esset,
3259 4894 3565 4966 indignum
3622 4894 3737 4950 fuit

2127 5000 2223 5038 eos
2246 4983 2396 5037 illius
2426 4983 2713 5037 adversari
2744 4982 2996 5055 decreto,
3025 4999 3158 5037 cum
3188 4998 3284 5037 me
3312 4999 3513 5055 regem
3541 4984 3611 5040 ab
3662 5001 3733 5039 eo

2126 5071 2502 5126 constitutum
2532 5074 2895 5141 respuerant,
2925 5054 2988 5140 6
3029 5076 3086 5125 et
3131 5071 3189 5126 in
3222 5054 3411 5126 morte
3463 5072 3730 5129 detinere

419 5158 668 5229 ﬁguram
698 5156 913 5211 factum
946 5159 1049 5210 est.
1097 5156 1205 5209 Per
1254 5156 1405 5210 vocis
1449 5156 2016 5228 interpretationem,
2121 5159 2442 5213 voluerunt.
2496 5159 2637 5214 Cum
2691 5162 2886 5214 autem
2916 5159 3055 5214 dicit
3103 5159 3558 5231 :Dirumpamus,
3589 5164 3727 5229 etc.,

419 5244 651 5318 quando
682 5245 803 5298 sola
830 5242 981 5297 vocis
1012 5242 1507 5313 interpretatione,
1527 5242 1651 5298 sine
1665 5244 1747 5299 rei
1759 5245 2019 5315 gestione
2119 5246 2531 5318 apostropham
2560 5248 2695 5301 facit
2721 5247 2795 5302 ad
2828 5263 2979 5316 suos,
3011 5247 3326 5303 adhortans
3368 5265 3442 5304 ne
3497 5249 3568 5303 ab
3616 5248 3728 5305 illis

416 5332 625 5406 psalmi
656 5331 989 5403 designatur
1032 5332 1298 5397 intentio,
1353 5336 1415 5386 ut
1468 5332 1527 5385 in
1584 5333 1693 5387 hoc
1761 5337 2012 5391 secundo
2119 5338 2277 5391 metu
2302 5338 2402 5389 aut
2430 5335 2722 5390 blanditiis
2752 5335 3215 5406 incorporentur,
3248 5353 3322 5391 ne
3352 5338 3427 5392 ob
3455 5336 3512 5392 id
3552 5336 3611 5390 in
3641 5338 3728 5392 fu-

417 5420 828 5494 psalmo,cujus
846 5419 1043 5473 titulus
1060 5420 1189 5488 talis
1205 5422 1319 5473 est:
1341 5420 1591 5475 Psalmus
1624 5419 1828 5475 David.
1847 5422 2011 5485 Quod
2113 5427 2265 5491 turo,
2298 5424 2439 5479 sicut
2458 5426 2516 5478 et
2545 5424 2674 5495 ipsi,
2707 5424 3077 5479 damnentur.
3113 5425 3193 5480 [lli
3226 5426 3479 5481 frement
3515 5429 3573 5480 et
3604 5443 3724 5482 me-

420 5507 502 5565 sic
523 5506 863 5580 exponitur:
901 5508 1185 5576 Psalmus,
1210 5506 1272 5563 id
1302 5510 1387 5562 est
1416 5508 1689 5563 tractatus
1717 5508 1821 5565 iste
1869 5511 2030 5567 attri-
2122 5513 2476 5581 ditabuntur,
2539 5515 2597 5568 et
2649 5513 2996 5570 convenient
3060 5514 3330 5571 adversus
3380 5516 3715 5574 Dominum.
