4010 6032
283 412 407 483 Ego
439 416 639 474 autem,
659 411 718 466 et
734 426 830 466 vos
848 409 1112 466 membra
1146 428 1279 467 mea
1314 413 1699 484 dirumpamus,
1720 413 1777 467 id
1806 414 1894 467 est

287 502 653 557 destruamus
676 500 886 554 vincula
926 516 1126 567 eorum,
1146 500 1205 555 id
1233 505 1317 555 est
1340 501 1667 567 blanditias,
1689 501 1893 572 quibus

288 590 364 644 ad
403 589 751 643 imitandum
783 606 842 643 se
856 589 1053 643 volunt
1069 606 1166 644 vos
1188 589 1433 643 vincere.
1452 589 1528 642 Et
1540 591 1894 660 projiciamus

284 697 320 733 a
343 679 511 743 nobis,
540 677 599 731 id
628 680 713 731 est
745 677 1039 747 despicite,
1068 694 1186 743 vos,
1210 679 1409 747 jugum
1444 679 1704 748 ipsorum,
1744 695 1897 733 com-

283 765 673 820 minationem
708 764 922 819 scilicet
953 765 1388 820 tribulationum
1426 767 1646 832 mortis,
1672 784 1785 838 qua
1803 783 1896 821 vo-

282 856 413 909 lunt
445 871 542 908 vos
594 870 821 924 cogere,
854 853 1012 925 quasi
1049 854 1214 924 jugo.
1250 854 1417 918 Quasi
1466 855 1617 908 dicat
1655 872 1666 909 :
1701 855 1893 926 Neque

283 942 583 997 blanditiis
594 941 970 1008 seducamini,
985 959 1171 1012 neque
1189 946 1347 996 metu
1368 942 1894 1007 terreamini.Quod

284 1047 426 1085 vero
447 1030 584 1084 dicit
605 1029 973 1100 dirumpamus
988 1036 1037 1083 et
1047 1030 1424 1101 projiciamus,
1456 1047 1571 1084 non
1590 1031 1719 1085 ideo
1757 1030 1895 1084 dicit

283 1119 447 1192 quod
481 1118 600 1190 ipse
622 1118 747 1188 jam
788 1134 905 1172 non
952 1118 1175 1189 ruperit
1210 1121 1267 1172 et
1307 1118 1636 1189 projecerit,
1679 1119 1798 1185 sed,
1832 1122 1895 1172 ut

284 1207 476 1278 magis
508 1206 581 1261 ad
611 1207 717 1259 hoc
750 1205 1029 1276 impellat,
1057 1206 1233 1260 utitur
1248 1207 1355 1260 hoc
1380 1207 1890 1273 modolocutionis,

284 1296 398 1362 vel,
419 1298 479 1349 ut
502 1294 705 1348 innuat
730 1310 846 1362 eos,
883 1310 998 1348 non
1032 1311 1135 1365 per
1167 1311 1248 1360 se,
1282 1312 1386 1349 nec
1412 1295 1533 1349 sine
1558 1312 1658 1349 suo
1684 1295 1891 1349 auxilio

287 1399 460 1454 posse
477 1382 810 1453 dirumpere
841 1385 898 1436 et
929 1383 1232 1453 projicere.
1265 1383 1405 1437 Cum
1437 1400 1568 1437 vero
1592 1383 1764 1451 dicit;
1789 1382 1898 1449 Qui

287 1471 517 1537 habitat,
542 1473 676 1539 etc.,
712 1470 961 1525 ostendit
987 1470 1126 1542 quid
1158 1472 1216 1524 in
1249 1470 1346 1525 illa
1381 1471 1779 1525 adversatione
1813 1488 1897 1524 as-

289 1562 626 1630 sequentur,
658 1558 1097 1613 damnationem
1117 1559 1349 1613 scilicet.
1376 1560 1442 1612 Et
1471 1560 1549 1613 sic
1572 1560 1891 1614 continuat.

360 1647 485 1702 Dixi
525 1664 538 1702 :
585 1646 764 1713 Quare
800 1647 1156 1717 fremuerunt,
1208 1650 1315 1701 etc.
1366 1647 1453 1701 Ad
1494 1648 1645 1702 hunc
1688 1647 1898 1701 scilicet

1319 283 1674 342 EXPOSITIO
1711 284 1785 341 IN
1821 281 2160 342 PSALMOS.
2194 315 2262 325 —
2292 281 2487 341 PSAL.
2525 282 2573 337 ΙΙ

3501 291 3604 350 646

1993 410 2294 478 dientiam,
2331 415 2489 486 quasi
2520 415 2702 471 verbis
2722 414 2937 486 postulo
2970 432 3001 469 a
3028 432 3110 469 me
3144 417 3365 487 gentes.
3399 418 3467 474 Et
3495 436 3602 493 ego

1998 499 2095 570 qui
2126 502 2189 553 ut
2215 502 2492 556 Dominus
2516 507 2717 575 potens
2760 520 2906 569 sum,
2939 502 3073 556 dabo
3109 504 3206 557 tibi
3231 512 3408 573 gentes
3435 507 3601 563 lasere-

1996 587 2218 642 ditatem
2248 597 2414 657 tuam,
2440 592 2497 645 id
2520 595 2606 647 est
2626 596 2685 646 ut
2719 592 2831 645 sint
2860 591 3167 646 biereditas
3180 595 3368 659 tua,ut
3383 597 3605 651 excolas

1995 693 2091 730 eas
2115 678 2259 732 sicut
2284 680 2489 751 aliquis
2518 682 2917 735 haereditatem
2961 681 3186 736 excolit.
3220 683 3287 735 Et
3313 699 3430 737 non
3464 701 3604 756 pau-

1995 782 2087 819 cas
2108 771 2309 837 gentes
2327 768 2483 831 dabo,
2504 770 2603 823 sed
2629 773 2883 824 terminos
2906 776 3060 824 terrae
3078 769 3145 823 da
3155 770 3213 824 bo
3219 773 3605 842 possessionem

1997 861 2165 908 tuam.
2194 857 2302 910 Per
2333 860 2580 912 terminos
2614 865 2786 925 terrae,
2839 875 3042 912 omnes
3072 862 3274 929 gentes
3321 859 3604 931 designat.

1996 944 2117 997 Non
2133 945 2283 1014 quod
2309 962 2533 1013 omnes,
2553 946 2651 1000 sed
2669 946 2800 1017 quia
2818 947 2888 1000 de
2916 948 3185 1001 omnibus
3205 952 3330 1003 erat
3345 949 3602 1017 daturus,

1996 1034 2242 1086 testante
2272 1036 2585 1104 Apostolo:
2628 1058 2653 1083 ‹‹
2678 1036 2742 1088 In
2780 1035 3017 1089 nomine
3060 1037 3194 1090 Jesu
3248 1054 3424 1092 omne
3452 1055 3607 1109 genu

1995 1118 2259 1174 ﬂectatur
2283 1121 2508 1192 (Philip.
2537 1139 2596 1189 υ,
2633 1125 2745 1188 l0),
2776 1144 2803 1171 »
2838 1122 2895 1176 id
2922 1126 3009 1176 est
3046 1124 3399 1179 omnismodi
3428 1143 3603 1197 genu.

1996 1207 2091 1261 Vel
2124 1207 2531 1264 determinatio
2593 1210 2669 1263 sic
2720 1226 2839 1264 esse
2892 1214 3120 1281 potest:
3158 1212 3293 1266 dabo
3322 1220 3524 1283 gentes,
3556 1219 3606 1268 et

1996 1311 2114 1349 non
2138 1312 2364 1364 omnes,
2393 1298 2493 1352 sed
2516 1301 2765 1353 terminos
2779 1305 2952 1366 terrae,
2974 1299 3031 1354 id
3046 1303 3131 1354 est
3146 1301 3527 1357 terminantes
3547 1302 3607 1357 in

1996 1400 2054 1437 se
2071 1385 2496 1452 terrenitatem,
2527 1386 2585 1440 id
2608 1389 2691 1441 est
2708 1387 3073 1441 finientes.Et
3090 1388 3239 1442 bene
3270 1389 3428 1461 prius
3445 1391 3609 1446 haere-

1995 1471 2238 1540 ditatem,
2306 1476 2437 1545 post
2462 1492 2595 1530 vero
2626 1475 2763 1530 dicit
2793 1476 2874 1529 eis
2893 1479 3288 1546 possessionem,
3316 1479 3380 1531 In
3405 1478 3609 1549 primis

1999 1559 2155 1614 enim
2187 1563 2407 1616 excolet
2436 1580 2533 1617 eos
2561 1568 2622 1617 ut
2644 1563 3065 1632 hazreditatem,
3094 1567 3293 1635 postea
3322 1582 3456 1621 vero
3476 1582 3606 1637 pos-

1999 1647 2223 1715 sidebit,
2256 1649 2313 1703 id
2334 1653 2418 1703 est
2453 1650 2848 1705 dominabitur
2870 1652 2969 1719 eis,
3003 1652 3138 1705 dabo
3167 1660 3364 1722 gentes,
3398 1656 3456 1708 et
3470 1653 3606 1710 Sion

290 1735 560 1790 effectum
587 1735 907 1803 deventuri,
942 1736 1098 1807 quod
1126 1736 1221 1790 ille
1271 1738 1365 1807 qui
1408 1737 1635 1801 habitat,
1687 1752 1805 1792 non
1836 1737 1896 1790 in
1923 1744 1973 1802 Β
1998 1739 2055 1790 et
2082 1737 2313 1792 merito.
2348 1738 2493 1791 Nam
2525 1756 2667 1807 rcges
2698 1757 2782 1793 eos
2831 1741 2895 1794 in
2936 1742 3087 1809 virga
3115 1741 3315 1809 ferrea,
3345 1741 3403 1796 id
3432 1746 3518 1796 est
3546 1743 3606 1798 in

287 1823 506 1895 impiis,
539 1824 638 1878 sed
670 1824 725 1876 in
756 1823 911 1890 caelis,
944 1823 1005 1877 id
1034 1826 1119 1877 est
1166 1824 1225 1877 in
1266 1824 1475 1877 sanctis
1522 1824 1618 1895 qui
1664 1827 1797 1877 sunt
1835 1823 1895 1876 in

284 1911 594 1965 virtutibus
627 1911 852 1978 excelsi,
876 1910 1020 1965 sicut
1052 1910 1176 1966 coeli
1208 1912 1448 1965 irridebit
1496 1929 1596 1977 eos,
1621 1912 1677 1965 id
1709 1914 1794 1965 est
1836 1911 1896 1965 in

282 1998 480 2054 futuro
505 1999 709 2072 dignos
740 1998 1004 2054 irrisione
1038 1999 1209 2053 fuisse
1247 2000 1539 2068 ostendet;
1583 2017 1712 2054 cum
1744 2016 1893 2068 suos,

283 2090 586 2162 gloriosos,
614 2089 742 2143 illos
769 2106 904 2143 vero
930 2089 1103 2143 faciet
1132 2105 1410 2160 apparere
1441 2090 1715 2160 dejectos,
1734 2090 1896 2160 juxta

281 2178 426 2233 illud
454 2177 777 2233 Salomonis
809 2195 821 2231 :
853 2176 1089 2232 Stabunt
1103 2178 1245 2247 justi
1283 2180 1337 2230 in
1369 2194 1567 2247 magna
1595 2181 1893 2232 constantia

283 2268 535 2323 adversus
565 2284 647 2320 eos
679 2268 774 2339 qui
818 2273 866 2320 te
903 2268 1343 2337 angustiaverunt
1381 2266 1531 2339 (Sep.
1587 2285 1637 2333 v,
1692 2268 1762 2337 1).
1828 2268 1894 2321 Et

281 2373 404 2412 non
429 2355 812 2427 qualicunque
843 2355 1019 2410 modo
1050 2354 1335 2421 irridebit,
1378 2356 1477 2410 sed
1513 2356 1801 2422 Dominus,
1835 2356 1893 2409 id

282 2448 369 2500 est
402 2445 497 2498 ille
523 2444 620 2515 qui
653 2443 931 2498 Dominus
978 2446 1064 2497 est
1109 2443 1169 2497 in
1220 2444 1410 2511 rebus,
1457 2447 1663 2516 potens
1711 2446 1895 2498 malos

284 2534 589 2599 damnare,
604 2532 788 2603 juslos
806 2533 1043 2597 salvare,
1065 2532 1412 2585 subsannabit
1437 2549 1537 2599 eos,
1568 2532 1626 2585 id
1652 2535 1737 2586 est
1761 2533 1892 2586 sub-

282 2622 627 2677 sannatione
652 2620 859 2691 dignos
888 2619 1247 2685 ostendet,id
1263 2624 1347 2673 est
1367 2620 1630 2674 irrisione
1657 2624 1895 2691 propter

288 2709 781 2781 indignationem.
800 2707 1164 2762 Subsannare
1187 2707 1343 2761 enim
1363 2712 1447 2762 est
1472 2725 1639 2763 nares
1660 2711 1897 2779 propter

282 2796 757 2869 indignationem
793 2796 1154 2851 contrahere.
1191 2797 1256 2848 Et
1286 2799 1422 2850 tunc
1452 2813 1584 2850 cum
1612 2796 1893 2864 irridebit,

284 2889 528 2959 loquetur
548 2885 620 2939 ad
648 2884 971 2951 eos,scilicet
1005 2884 1079 2937 ad
1116 2884 1360 2951 Iudaeos,
1395 2888 1450 2938 in
1472 2887 1553 2939 ira
1582 2903 1700 2952 sua,
1733 2884 1793 2938 id
1814 2888 1899 2939 est

282 2974 347 3029 in
407 2973 861 3028 comminatione
918 2973 1142 3041 mortis,
1187 2990 1312 3044 qua:
1359 2975 1503 3027 solet
1543 2991 1663 3027 esse
1714 2975 1898 3027 malus

1998 1822 2297 1877 inﬂexibili
2324 1811 2707 1897 regimine,7
2734 1829 2794 1880 ut
2827 1843 3014 1898 neque
3047 1830 3238 1882 morte
3272 1845 3460 1901 neque
3485 1829 3601 1885 vita

1999 1915 2338 1984 separentur
2368 1930 2401 1967 a
2428 1914 2708 1968 charitate
2759 1913 2934 1986 (Rom.
2963 1932 3080 1981 vm,
3117 1915 3224 1984 38).
3261 1917 3327 1969 Et
3364 1920 3427 1971 ut
3455 1917 3605 1973 bene

1997 2004 2293 2071 regantur,
2333 2003 2635 2071 con/ringes
2656 2020 2758 2069 eos,
2788 2011 3044 2075 tanquam
3094 2022 3184 2058 vas
3211 2004 3385 2074 ﬁguli,
3432 2005 3491 2060 id
3520 2009 3607 2062 est

1996 2088 2053 2142 in
2078 2106 2145 2142 ea
2174 2092 2338 2159 parte
2364 2091 2424 2143 in
2458 2108 2570 2161 qua
2608 2095 2740 2145 sunt
2784 2092 3037 2163 fragiles,
3082 2096 3145 2147 ut
3178 2109 3272 2147 vas
3302 2092 3484 2165 figuli,
3516 2110 3604 2149 se-

1996 2178 2250 2231 cundum
2282 2179 2420 2232 vitia
2441 2179 2671 2233 scilicet.
2703 2180 2770 2232 Et
2795 2180 2929 2251 quia
2969 2183 3161 2251 posset
3193 2181 3373 2252 quaari
3403 2198 3604 2253 quare,

1996 2269 2233 2337 propter
2260 2267 2462 2321 mortis
2488 2267 2902 2333 obedientiam,
2937 2270 3140 2339 gentes
3166 2269 3218 2323 ei
3245 2268 3316 2323 sit
3333 2269 3604 2339 daturus;

1996 2370 2122 2407 cam
2152 2354 2289 2408 nulli
2314 2355 2751 2426 prophetarum,
2786 2359 3170 2426 proptereum
3202 2356 3602 2426 morientium,

1994 2441 2144 2496 istud
2167 2442 2407 2497 dederit.
2440 2443 2648 2509 Quare,
2674 2444 2783 2497 hoc
2817 2445 3155 2515 exponendo
3178 2444 3480 2515 praemittit
3504 2445 3603 2501 sic:

1994 2529 2149 2583 Dabo
2175 2531 2273 2584 tibi
2300 2532 2401 2586 soli
2426 2538 2626 2600 gentes,
2650 2548 2787 2586 nam
2836 2538 2894 2585 tu
2938 2548 2990 2587 es
3012 2531 3188 2587 Filius
3203 2550 3369 2600 meus,
3399 2535 3456 2588 et
3486 2550 3604 2590 non

1998 2618 2305 2674 carnaliter
2335 2619 2564 2689 genitus
2576 2636 2764 2690 neque
2782 2621 3202 2691 temporaliter,
3223 2623 3321 2676 sed
3338 2639 3430 2693 ego
3443 2624 3609 2692 genui

2002 2713 2049 2759 te
2077 2706 2249 2773 hodie,
2281 2708 2340 2761 id
2370 2710 2455 2761 est
2484 2708 2918 2778 perpetualiter.
2953 2710 3019 2762 Et
3048 2709 3197 2764 bene
3246 2710 3384 2764 dicit
3430 2711 3602 2781 hodie,

2001 2812 2140 2849 nam
2164 2794 2222 2847 in
2257 2794 2554 2849 divinitate
2591 2812 2695 2848 non
2725 2803 2798 2849 est
2830 2799 3204 2851 transmutatio
3226 2815 3318 2851 nec
3343 2798 3605 2854 vicissitu-

1999 2883 2142 2937 dinis
2174 2883 2505 2936 obumbratzo
2538 2882 2678 2954 (Jac.
2706 2900 2744 2949 1,
2781 2887 2887 2947 17).
2923 2883 3035 2938 Sed
3067 2884 3146 2939 ibi
3166 2885 3339 2948 hodie,
3390 2886 3448 2941 id
3495 2890 3600 2954 est,

1999 2969 2359 3024 immutabile
2382 2988 2652 3042 praesens.
2670 2972 2736 3024 Et
2760 2972 2908 3025 bene
2934 2972 3068 3025 dicit
3085 2974 3271 3042 genui,
3296 2974 3451 3045 quod
3471 2991 3601 3046 per-

284 3061 522 3117 etfectus
565 3061 687 3127 irae,
738 3061 815 3113 sic
864 3060 1060 3114 dicens
1113 3078 1127 3115 :
1175 3061 1446 3114 Discedite
1490 3080 1522 3114 a
1562 3078 1642 3114 me
1673 3061 1895 3121 (Matth.
1926 3057 1973 3116 Ο
1998 3058 2216 3112 fectum
2243 3062 2471 3129 tempus
2489 3063 2592 3123 est,
2618 3076 2688 3112 ne
2707 3058 2841 3130 quia
2863 3059 3084 3113 dixerat
3110 3060 3282 3126 hodie,
3314 3060 3605 3116 videretur

282 3167 412 3216 xxv,
441 3150 554 3215 41),
576 3151 684 3202 etc.
707 3150 774 3201 Et
803 3153 1001 3219 postea
1023 3150 1384 3215 conturbabit,
1413 3149 1468 3203 id
1491 3152 1575 3203 cst
1596 3149 1900 3204 damnabit

285 3237 642 3306 eosinfurore
666 3253 779 3302 suo,
802 3237 861 3290 id
889 3239 976 3290 est
1006 3237 1064 3291 in
1096 3241 1304 3304 morte,
1333 3255 1459 3308 quae
1491 3237 1699 3291 dicitur
1739 3237 1898 3291 furor

282 3329 428 3399 ejus,
454 3327 508 3381 id
538 3329 622 3380 est
647 3325 917 3379 vindicta.
943 3325 1208 3379 Vindicta
1231 3325 1387 3379 enim
1405 3326 1636 3379 effectus
1654 3324 1753 3378 ira:
1778 3341 1897 3378 esse

285 3417 450 3470 solet.
467 3415 569 3469 Vel
591 3414 636 3467 si
658 3414 907 3467 dicatur:
925 3414 1040 3467 Vox
1064 3413 1140 3467 ibi
1154 3413 1523 3467 elementaris
1543 3430 1660 3467 non
1683 3412 1894 3481 futura,

285 3503 396 3558 erit
416 3519 532 3556 una
548 3502 854 3572 expositio;
879 3501 1133 3568 alterius,
1160 3502 1237 3556 sic
1269 3519 1281 3555 :
1322 3501 1592 3573 Loquetur
1618 3501 1688 3554 ad
1725 3518 1807 3554 eos
1836 3502 1898 3555 in

284 3592 375 3647 ira
406 3609 524 3645 sua.
562 3591 629 3644 Et
654 3591 763 3644 hoc
800 3608 917 3645 non
952 3590 1276 3656 verbaliter,
1306 3590 1405 3643 sed
1440 3590 1781 3643 conturbabit
1815 3606 1898 3643 eos

286 3681 341 3732 in
373 3677 656 3748 furore,id
672 3682 757 3732 est
773 3678 1023 3733 vindicta
1043 3697 1056 3746 ;
1077 3681 1135 3732 et
1162 3695 1279 3732 non
1310 3678 1366 3731 in
1392 3678 1627 3748 injusto,
1661 3677 1760 3731 sed
1781 3695 1895 3743 suo,

285 3767 347 3822 id
372 3770 459 3821 est
482 3767 660 3837 justo.
686 3767 809 3836 Ipse
833 3766 990 3821 enim
1013 3767 1495 3837 estjudexjustus.
1518 3766 1682 3829 Quod
1699 3769 1783 3818 est
1813 3764 1895 3817 di-

287 3873 417 3911 cere
449 3874 466 3909 :
498 3856 624 3926 Ipsa
647 3855 946 3910 damnatio
979 3856 1087 3909 erit
1114 3856 1192 3909 eis
1217 3855 1419 3926 judicii
1447 3853 1896 3925 locutio.Sequi-

284 3947 421 3998 tur:
454 3942 574 4012 Ego
606 3949 805 4010 autem,
851 3945 960 3997 etc.
1006 3943 1170 4007 Quod
1218 3943 1295 3996 sic
1339 3943 1709 3997 continuatur
1743 3959 1754 3996 :
1786 3941 1897 4012 Ipsi

287 4032 383 4104 qui
412 4035 761 4104 putaverunt
791 4031 897 4085 sibi
926 4032 1125 4086 utilem
1152 4033 1403 4085 mortem
1435 4032 1895 4096 meam,contur-

286 4120 602 4175 babuntur.
634 4119 756 4190 Ego
778 4126 956 4174 autem
983 4136 1154 4191 quem
1184 4119 1504 4174 annihilare
1528 4120 1893 4189 putaverunt,

285 4210 526 4279 propter
558 4207 953 4262 obedientiam
982 4208 1185 4263 mortis
1214 4209 1527 4261 constitutus
1550 4223 1690 4272 sum,
1724 4206 1782 4259 id
1813 4208 1897 4260 est

286 4312 409 4363 ero,
440 4314 531 4350 rex
559 4296 625 4349 ab
651 4313 709 4350 eo
752 4314 908 4367 super
930 4295 1084 4362 Sion,
1109 4295 1168 4348 id
1192 4298 1277 4349 est
1300 4312 1472 4366 super
1492 4295 1737 4361 Judtnos,
1772 4295 1898 4368 illos

286 4384 501 4438 scilicet
529 4384 624 4455 qui
648 4383 948 4452 suntSion,
973 4384 1031 4437 id
1049 4388 1133 4438 est
1154 4384 1477 4453 speculantes
1500 4387 1739 4439 aeterna.
1762 4383 1897 4438 Sion

286 4471 413 4526 dico
440 4471 781 4526 existentem
812 4479 1064 4537 montem,
1097 4472 1156 4527 id
1189 4475 1273 4525 est
1303 4472 1398 4542 qui
1434 4488 1536 4542 per
1596 4473 1705 4526 hoc
1742 4473 1898 4543 quod

285 4562 420 4612 sunt
450 4575 638 4625 mons,
683 4559 898 4614 scilicet
932 4559 1085 4614 Sion.
1134 4561 1200 4613 Et
1237 4559 1475 4630 exponit
1511 4559 1567 4613 in
1610 4577 1723 4632 quo
1767 4563 1899 4613 sunt

284 4662 474 4702 mons.
503 4647 626 4702 Non
671 4647 730 4701 in
772 4648 1050 4719 nequitia,
1094 4649 1194 4704 sed
1240 4649 1300 4702 in
1338 4648 1675 4717 sanctitate;
1705 4651 1762 4702 et
1791 4649 1899 4702 hoc

284 4751 389 4806 per
414 4750 704 4803 eum,non
720 4752 827 4808 per
844 4753 923 4790 se.
954 4738 1020 4791 Et
1050 4737 1157 4791 hoc
1188 4739 1271 4791 est
1302 4736 1457 4807 quod
1494 4736 1629 4790 dicit
1668 4743 1897 4789 montem

282 4830 529 4877 sanctum
556 4824 689 4894 ejus.
715 4825 781 4879 Et
806 4842 911 4897 per
941 4826 1049 4879 hoc
1080 4827 1248 4878 erunt
1272 4840 1439 4878 mons
1462 4824 1628 4895 quod
1657 4840 1764 4895 ego
1799 4840 1897 4879 ero

285 4910 367 4965 eis
387 4912 694 4982 praedicans
712 4909 1043 4984 praeceptum
1071 4913 1203 4983 ejus.
1251 4914 1317 4965 Et
1350 4930 1467 4966 non
1518 4913 1704 4966 solum
1743 4928 1901 4983 super

283 4996 418 5053 Sion
443 5001 779 5067 constituar,
795 5002 895 5055 sed
916 5001 1097 5055 etiam
1122 5016 1294 5071 super
1325 5003 1546 5071 gentes.
1565 5000 1633 5053 Et
1649 5000 1901 5054 ostendit

285 5103 393 5159 per
412 5089 815 5144 auctoritatem
848 5089 924 5143 sic
961 5106 972 5143 :
1014 5090 1157 5143 Nam
1190 5088 1473 5150 Dominus,
1503 5087 1560 5141 id
1591 5091 1675 5141 est
1706 5089 1896 5155 Pater,

286 5175 384 5247 qui
402 5176 683 5230 Dominus
701 5181 787 5231 est
805 5177 866 5231 in
894 5177 1085 5243 rebus,
1107 5179 1163 5230 et
1182 5179 1388 5246 potens
1404 5179 1488 5230 est
1514 5176 1657 5229 mibi
1697 5179 1900 5229 cuncta

287 5264 617 5335 subjugare,
635 5265 792 5333 dixit,
818 5265 876 5318 id
897 5268 982 5319 est
1010 5263 1307 5319 constituit
1334 5264 1390 5317 in
1416 5264 1796 5334 providentia,
1830 5264 1900 5317 ad

287 5368 389 5417 me,
407 5352 466 5405 id
482 5355 567 5406 est
585 5354 717 5420 tale,
742 5352 1021 5424 quidquid
1053 5353 1125 5407 ad
1155 5370 1246 5406 me
1280 5352 1551 5423 pertinet.

360 5440 428 5492 Et
449 5440 684 5510 exponit
706 5441 843 5512 quid
872 5441 1077 5495 dixerit
1104 5458 1114 5495 :
1142 5441 1363 5496 Postula
1395 5458 1426 5492 a
1451 5458 1551 5504 me,
1577 5440 1631 5493 id
1663 5445 1747 5493 est
1780 5442 1899 5492 esto

289 5526 434 5582 mihi
465 5528 741 5586 obediens
771 5546 949 5602 usque
981 5530 1053 5586 ad
1078 5533 1352 5587 mortem.
1370 5529 1434 5582 Et
1458 5544 1560 5600 per
1584 5528 1742 5584 illam
1761 5528 1897 5585 obe-

2000 3164 2152 3200 nunc
2200 3147 2470 3217 incipere.
2504 3147 2761 3201 Perfecte
2811 3148 2967 3201 enim
3017 3149 3243 3219 genitus
3281 3152 3385 3203 est.
3434 3149 3604 3214 Quasi

2001 3234 2154 3290 dicat
2184 3252 2195 3289 :
2228 3236 2307 3289 Tu
2340 3253 2399 3290 es
2428 3235 2598 3290 Filius
2631 3252 2790 3291 meus
2822 3236 3340 3291 consubstantialis.

2060 3325 2464 3378 Demonstrato
2481 3340 2538 3377 se
2552 3340 2750 3394 regem
2768 3340 2889 3378 esse
2905 3341 2971 3378 ex
2984 3328 3229 3395 paterna
3241 3325 3600 3394 auctoritate,

1998 3412 2134 3465 facit
2165 3413 2575 3482 apostropham
2607 3413 2680 3467 ad
2711 3413 2838 3467 illos
2868 3430 3117 3484 quorum
3146 3429 3245 3468 rex
3272 3417 3376 3481 est,
3400 3415 3606 3470 adhor-

1998 3504 2129 3555 tans
2160 3500 2283 3554 illos
2323 3503 2380 3555 et
2416 3501 2704 3555 instruens
2729 3501 2837 3555 sic:
2873 3503 2940 3555 Et
2969 3502 3201 3573 quando
3241 3502 3476 3574 quidem
3507 3520 3606 3559 rex

1999 3590 2185 3642 vester
2216 3606 2364 3654 sum,
2400 3606 2497 3643 vos
2541 3590 2698 3659 prius
2740 3589 2885 3643 servi
2931 3591 3169 3660 peccati,
3212 3607 3366 3645 nunc
3409 3595 3605 3647 autem

2000 3693 2164 3746 reges
2191 3676 2376 3730 effecti
2401 3694 2415 3744 ;
2448 3676 2589 3729 mihi
2618 3676 2776 3730 enim
2800 3676 3009 3731 servire
3032 3694 3277 3748 regnare
3298 3679 3606 3745 est,intelli-

1996 3765 2127 3834 gite.
2160 3765 2225 3817 Et
2254 3780 2351 3818 vos
2375 3764 2471 3834 qui
2504 3763 2822 3834 intelligere
2859 3780 2977 3818 non
3011 3765 3604 3837 potestis.intelligere

2000 3869 2251 3923 namque
2292 3852 2681 3922 perfecturum
2724 3856 2829 3919 est,
2861 3852 3152 3906 erudimini
3189 3869 3223 3906 a
3247 3853 3596 3908 doctoribus.

2000 3941 2067 3993 Et
2098 3940 2331 4010 exponit
2361 3955 2503 4010 quos
2528 3942 2687 3992 vocet
2718 3956 2881 4009 reges,
2901 3939 2981 3992 sic
3001 3957 3015 3993 :
3038 3940 3148 3994 Vos
3177 3957 3319 4009 reges
3346 3940 3471 3995 dico
3503 3942 3601 4013 qui

1987 4028 2269 4100 judicatis,
2289 4027 2445 4081 idest
2465 4026 2751 4080 damnatis
2771 4026 2830 4080 in
2844 4027 3001 4081 vobis
3025 4044 3127 4098 per
3155 4027 3599 4097 confessionem,

1999 4116 2283 4182 terram,id
2306 4117 2390 4169 est
2416 4114 2969 4181 terrenitatem,dico
2989 4116 3267 4185 intelligite
3295 4115 3600 4184 erudimini,

1998 4208 2056 4259 et
2086 4203 2164 4257 sic
2188 4206 2376 4258 servile
2408 4202 2667 4269 Domino,
2701 4205 2759 4257 et
2790 4219 2907 4257 non
2939 4203 3329 4275 negligenter;
3363 4205 3600 4262 «male-

1921 4280 1972 4337 D
1999 4291 2181 4346 dictus
2212 4292 2368 4345 enim
2400 4291 2496 4362 qui
2551 4290 2685 4345 facit
2740 4307 2881 4362 opus
2930 4292 3164 4345 Domini
3210 4292 3606 4348 fraudulenter

1998 4380 2127 4450 (Jer.
2158 4378 2530 4446 x1.vm,lO),»
2593 4378 2692 4432 sed
2740 4380 2796 4431 in
2855 4381 3077 4433 timore:
3116 4380 3389 4435 «Initium
3443 4381 3602 4438 enim

2000 4468 2294 4539 sapientiae
2336 4467 2510 4521 timor
2563 4466 2792 4521 Domini
2843 4467 3027 4538 (Prov.
3062 4484 3101 4535 Ι,
3132 4467 3208 4541 7).
3234 4488 3264 4520 ››
3298 4470 3365 4524 Et
3398 4474 3601 4529 nonin

2001 4557 2187 4613 servili
2213 4558 2417 4621 timore,
2438 4555 2537 4610 sed
2568 4554 2822 4608 exsalltate
2849 4557 2916 4620 ei,
2962 4555 3021 4609 id
3055 4559 3141 4610 est
3173 4560 3509 4616 exsultando
3547 4565 3606 4617 et

2000 4645 2258 4700 timendo
2289 4646 2475 4697 servite
2504 4642 2577 4696 ei.
2634 4642 2803 4706 Quasi
2835 4642 3015 4697 dicat:
3049 4643 3214 4699 Casto
3247 4645 3456 4703 timore
3486 4666 3604 4705 ser-

2000 4733 2111 4788 vite
2142 4732 2287 4799 ei,et
2322 4732 2399 4785 sic
2431 4732 2725 4798 exsultate,
2748 4747 2819 4784 ne
2865 4730 3237 4799 insolescatis,
3256 4734 3356 4788 sed
3375 4752 3606 4808 semper

2001 4821 2119 4877 sitis
2145 4821 2203 4875 in
2234 4819 2467 4885 timore,
2490 4822 2551 4873 ut
2569 4840 2591 4867 α
2616 4818 2711 4891 qui
2743 4821 2856 4873 stat
2877 4818 3065 4874 videat
3094 4837 3166 4874 ne
3199 4821 3366 4875 cadat
3386 4822 3450 4891 (Ι
3474 4822 3601 4880 Cor.

2000 4927 2054 4977 x,
2093 4909 2319 4980 l2).»Et
2339 4907 2383 4961 si
2414 4907 2472 4961 in
2495 4907 2795 4962 serviendo
2816 4908 3065 4962 Domino
3104 4910 3419 4963 occurrerit
3446 4911 3605 4967 vobis

2001 4996 2321 5066 disciplina,
2352 4995 2408 5049 id
2439 4998 2524 5049 est
2567 4995 2881 5061 tribulatio,
2917 5012 3043 5066 qua:
3077 4999 3163 5049 est
3194 4996 3513 5069 disciplina,
3544 4999 3605 5054 id

2001 5087 2085 5139 est
2104 5083 2382 5139 correctio
2420 5083 2541 5153 ejus
2579 5082 2948 5153 apprehendite
3006 5082 3190 5154 ipsam
3245 5084 3600 5156 disciplinam,

2000 5173 2058 5227 id
2089 5174 2174 5226 est
2204 5187 2321 5225 non
2353 5171 2536 5237 inviti,
2564 5170 2663 5224 sed
2684 5171 2932 5224 libenter
2951 5187 3080 5225 eam
3098 5171 3607 5245 suscipite.Appre-

1998 5260 2254 5315 hendere
2286 5258 2443 5313 enim
2474 5258 2718 5312 libenter
2764 5273 2969 5327 capere
2995 5262 3098 5313 est.
3150 5260 3216 5313 Et
3263 5277 3361 5315 vos
3391 5260 3600 5316 intelli-

2000 5353 2220 5422 gentes,
2244 5348 2351 5402 hoc
2372 5347 2538 5401 facite
2558 5346 2766 5419 duplici
2798 5362 2986 5412 causa,
3016 5365 3099 5414 ne,
3130 5348 3174 5401 si
3204 5365 3322 5404 non
3347 5350 3603 5405 servieri-

1998 5439 2089 5505 tis,
2105 5440 2162 5493 et
2187 5454 2302 5491 non
2323 5434 2838 5507 apprehenderitis,
2858 5436 3091 5505 quando,
3112 5436 3168 5491 id
3187 5440 3273 5490 est
3291 5437 3602 5509 aliquando

2000 5529 2265 5583 irascatur
2290 5524 2573 5592 Dominus,
2608 5522 2769 5597 quasi
2796 5522 2977 5578 dicat:
2998 5524 3122 5580 Non
3155 5525 3362 5583 timore
3390 5543 3598 5600 poenas,
