  <div class='ocr_page' id='page_1' title='image "/cluster/home/n/w/nwhite01/storage/ocr_20150623/152/hvd.32044054760103/329.png"; bbox 0 0 4010 6032; ppageno 0'>
   <div class='ocr_carea' id='block_1_1' title="bbox 485 274 587 332">
    <p class='ocr_par' dir='ltr' id='par_1_1' title="bbox 485 274 587 332">
     <span class='ocr_line' id='line_1_1' title="bbox 485 274 587 332; baseline -0.01 0"><span class='ocrx_word' id='word_1_1' title='bbox 485 274 587 332; x_wconf 71' lang='grc'>847</span> 
     </span>
    </p>
   </div>
   <div class='ocr_carea' id='block_1_2' title="bbox 1073 268 3197 368">
    <p class='ocr_par' dir='ltr' id='par_1_2' title="bbox 1073 268 3197 368">
     <span class='ocr_line' id='line_1_2' title="bbox 1073 268 3197 368; baseline 0.011 -40"><span class='ocrx_word' id='word_1_2' title='bbox 1073 268 1132 328; x_wconf 92' lang='lat' dir='ltr'>S.</span> <span class='ocrx_word' id='word_1_3' title='bbox 1174 271 1522 329; x_wconf 86' lang='lat' dir='ltr'>BRUNONIS</span> <span class='ocrx_word' id='word_1_4' title='bbox 1563 270 2197 336; x_wconf 77' lang='lat' dir='ltr'>CARTHUSIANORUM</span> <span class='ocrx_word' id='word_1_5' title='bbox 2236 281 2709 368; x_wconf 74' lang='lat' dir='ltr'>INSTITUTOBIS</span> <span class='ocrx_word' id='word_1_6' title='bbox 2752 287 2904 347; x_wconf 91' lang='lat' dir='ltr'>OPP.</span> <span class='ocrx_word' id='word_1_7' title='bbox 2945 290 3123 349; x_wconf 78' lang='lat' dir='ltr'>PARS</span> <span class='ocrx_word' id='word_1_8' title='bbox 3153 291 3197 350; x_wconf 93' lang='grc' dir='ltr'>Ῑ.</span> 
     </span>
    </p>
   </div>
   <div class='ocr_carea' id='block_1_3' title="bbox 3683 294 3795 357">
    <p class='ocr_par' dir='ltr' id='par_1_3' title="bbox 3683 294 3795 357">
     <span class='ocr_line' id='line_1_3' title="bbox 3683 294 3795 357; baseline 0.009 -2"><span class='ocrx_word' id='word_1_9' title='bbox 3683 294 3795 357; x_wconf 79' lang='grc'>648</span> 
     </span>
    </p>
   </div>
   <div class='ocr_carea' id='block_1_4' title="bbox 478 398 3789 490">
    <p class='ocr_par' dir='ltr' id='par_1_4' title="bbox 478 398 3789 490">
     <span class='ocr_line' id='line_1_4' title="bbox 478 398 3789 490; baseline 0.006 -33"><span class='ocrx_word' id='word_1_10' title='bbox 478 400 625 458; x_wconf 89' lang='lat' dir='ltr'>sicut</span> <span class='ocrx_word' id='word_1_11' title='bbox 641 399 787 456; x_wconf 88' lang='lat' dir='ltr'>servi</span> <span class='ocrx_word' id='word_1_12' title='bbox 820 398 1105 466; x_wconf 89' lang='lat' dir='ltr'>dominis,</span> <span class='ocrx_word' id='word_1_13' title='bbox 1147 399 1247 454; x_wconf 91' lang='lat' dir='ltr'>sed</span> <span class='ocrx_word' id='word_1_14' title='bbox 1282 398 1410 455; x_wconf 91' lang='lat' dir='ltr'>ideo</span> <span class='ocrx_word' id='word_1_15' title='bbox 1458 418 1530 455; x_wconf 90' lang='lat' dir='ltr'>ne</span> <span class='ocrx_word' id='word_1_16' title='bbox 1561 400 1887 458; x_wconf 81' lang='lat' dir='ltr'>offendatur</span> <span class='ocrx_word' id='word_1_17' title='bbox 1915 405 2086 471; x_wconf 88' lang='lat' dir='ltr'>Deus,</span> <span class='ocrx_word' id='word_1_18' title='bbox 2106 411 2159 468; x_wconf 83' lang='lat' dir='ltr'><strong>A</strong></span> <span class='ocrx_word' id='word_1_19' title='bbox 2183 408 2317 464; x_wconf 90' lang='lat' dir='ltr'>mici</span> <span class='ocrx_word' id='word_1_20' title='bbox 2350 411 2485 479; x_wconf 91' lang='lat' dir='ltr'>mei,</span> <span class='ocrx_word' id='word_1_21' title='bbox 2521 414 2858 469; x_wconf 85' lang='lat' dir='ltr'>tribulantes</span> <span class='ocrx_word' id='word_1_22' title='bbox 2889 434 2984 472; x_wconf 90' lang='lat' dir='ltr'>me</span> <span class='ocrx_word' id='word_1_23' title='bbox 3015 418 3375 490; x_wconf 82' lang='lat' dir='ltr'>operatione,</span> <span class='ocrx_word' id='word_1_24' title='bbox 3404 418 3662 489; x_wconf 78' lang='lat' dir='ltr'>consilio,</span> <span class='ocrx_word' id='word_1_25' title='bbox 3687 439 3789 479; x_wconf 87' lang='lat' dir='ltr'>vo-</span> 
     </span>
    </p>
   </div>
   <div class='ocr_carea' id='block_1_5' title="bbox 478 487 2083 560">
    <p class='ocr_par' dir='ltr' id='par_1_5' title="bbox 478 487 2083 560">
     <span class='ocr_line' id='line_1_5' title="bbox 478 487 2083 560; baseline 0.001 -15"><span class='ocrx_word' id='word_1_26' title='bbox 478 491 623 546; x_wconf 89' lang='lat' dir='ltr'>sicut</span> <span class='ocrx_word' id='word_1_27' title='bbox 651 488 800 543; x_wconf 88' lang='lat' dir='ltr'>ﬁlius</span> <span class='ocrx_word' id='word_1_28' title='bbox 829 504 948 542; x_wconf 91' lang='lat' dir='ltr'>non</span> <span class='ocrx_word' id='word_1_29' title='bbox 979 487 1192 542; x_wconf 80' lang='lat' dir='ltr'>timore</span> <span class='ocrx_word' id='word_1_30' title='bbox 1217 505 1398 560; x_wconf 53' lang='lat' dir='ltr'>poena</span> <span class='ocrx_word' id='word_1_31' title='bbox 1430 490 1600 543; x_wconf 81' lang='lat' dir='ltr'>servit</span> <span class='ocrx_word' id='word_1_32' title='bbox 1642 490 1813 559; x_wconf 87' lang='lat' dir='ltr'>patri,</span> <span class='ocrx_word' id='word_1_33' title='bbox 1862 492 1963 545; x_wconf 90' lang='lat' dir='ltr'>sed</span> <span class='ocrx_word' id='word_1_34' title='bbox 2010 510 2083 546; x_wconf 92' lang='lat' dir='ltr'>ne</span> 
     </span>
    </p>
   </div>
   <div class='ocr_carea' id='block_1_6' title="bbox 477 575 2086 651">
    <p class='ocr_par' dir='ltr' id='par_1_6' title="bbox 477 575 2086 651">
     <span class='ocr_line' id='line_1_6' title="bbox 477 575 2086 651; baseline 0.001 -18"><span class='ocrx_word' id='word_1_35' title='bbox 477 578 584 651; x_wconf 86' lang='lat' dir='ltr'>ipsi</span> <span class='ocrx_word' id='word_1_36' title='bbox 611 576 925 649; x_wconf 83' lang='lat' dir='ltr'>displiceat.</span> <span class='ocrx_word' id='word_1_37' title='bbox 960 576 1031 629; x_wconf 93' lang='lat' dir='ltr'>Ut</span> <span class='ocrx_word' id='word_1_38' title='bbox 1090 575 1219 629; x_wconf 90' lang='lat' dir='ltr'>ideo</span> <span class='ocrx_word' id='word_1_39' title='bbox 1269 580 1455 629; x_wconf 83' lang='lat' dir='ltr'>servile</span> <span class='ocrx_word' id='word_1_40' title='bbox 1501 583 1549 629; x_wconf 86' lang='lat' dir='ltr'>et</span> <span class='ocrx_word' id='word_1_41' title='bbox 1596 580 1987 648; x_wconf 74' lang='lat' dir='ltr'>appre/iendite,</span> <span class='ocrx_word' id='word_1_42' title='bbox 2021 598 2086 634; x_wconf 88' lang='lat' dir='ltr'>ne</span> 
     </span>
    </p>
   </div>
   <div class='ocr_carea' id='block_1_7' title="bbox 468 662 2084 738">
    <p class='ocr_par' dir='ltr' id='par_1_7' title="bbox 468 662 2084 738">
     <span class='ocr_line' id='line_1_7' title="bbox 468 662 2084 738; baseline 0.001 -19"><span class='ocrx_word' id='word_1_43' title='bbox 468 667 704 738; x_wconf 81' lang='lat' dir='ltr'>pereatis</span> <span class='ocrx_word' id='word_1_44' title='bbox 725 663 787 717; x_wconf 85' lang='lat' dir='ltr'>de</span> <span class='ocrx_word' id='word_1_45' title='bbox 817 665 903 716; x_wconf 89' lang='lat' dir='ltr'>via</span> <span class='ocrx_word' id='word_1_46' title='bbox 914 662 1087 732; x_wconf 84' lang='lat' dir='ltr'>justa.</span> <span class='ocrx_word' id='word_1_47' title='bbox 1114 662 1277 726; x_wconf 88' lang='lat' dir='ltr'>Quod</span> <span class='ocrx_word' id='word_1_48' title='bbox 1310 667 1394 716; x_wconf 92' lang='lat' dir='ltr'>est</span> <span class='ocrx_word' id='word_1_49' title='bbox 1416 664 1605 717; x_wconf 83' lang='lat' dir='ltr'>dicere</span> <span class='ocrx_word' id='word_1_50' title='bbox 1634 682 1646 717; x_wconf 88' lang='lat'>:</span> <span class='ocrx_word' id='word_1_51' title='bbox 1681 666 1760 718; x_wconf 80' lang='lat' dir='ltr'>Ne</span> <span class='ocrx_word' id='word_1_52' title='bbox 1794 670 1993 735; x_wconf 83' lang='lat' dir='ltr'>pereat</span> <span class='ocrx_word' id='word_1_53' title='bbox 2025 667 2084 720; x_wconf 91' lang='lat' dir='ltr'>in</span> 
     </span>
    </p>
   </div>
   <div class='ocr_carea' id='block_1_8' title="bbox 474 750 2085 823">
    <p class='ocr_par' dir='ltr' id='par_1_8' title="bbox 474 750 2085 823">
     <span class='ocr_line' id='line_1_8' title="bbox 474 750 2085 823; baseline 0.001 -16"><span class='ocrx_word' id='word_1_54' title='bbox 474 752 632 807; x_wconf 82' lang='lat' dir='ltr'>vobis</span> <span class='ocrx_word' id='word_1_55' title='bbox 674 751 897 823; x_wconf 89' lang='lat' dir='ltr'>justitia</span> <span class='ocrx_word' id='word_1_56' title='bbox 947 767 1073 821; x_wconf 64' lang='lat' dir='ltr'>qua:</span> <span class='ocrx_word' id='word_1_57' title='bbox 1120 752 1204 804; x_wconf 91' lang='lat' dir='ltr'>est</span> <span class='ocrx_word' id='word_1_58' title='bbox 1249 750 1337 804; x_wconf 87' lang='lat' dir='ltr'>via</span> <span class='ocrx_word' id='word_1_59' title='bbox 1386 767 1490 821; x_wconf 90' lang='lat' dir='ltr'>per</span> <span class='ocrx_word' id='word_1_60' title='bbox 1523 768 1697 822; x_wconf 88' lang='lat' dir='ltr'>quam</span> <span class='ocrx_word' id='word_1_61' title='bbox 1731 754 1954 807; x_wconf 83' lang='lat' dir='ltr'>venitur</span> <span class='ocrx_word' id='word_1_62' title='bbox 2012 755 2085 808; x_wconf 89' lang='lat' dir='ltr'>ad</span> 
     </span>
    </p>
   </div>
   <div class='ocr_carea' id='block_1_9' title="bbox 392 838 2081 910">
    <p class='ocr_par' dir='ltr' id='par_1_9' title="bbox 392 838 2081 910">
     <span class='ocr_line' id='line_1_9' title="bbox 392 838 2081 910; baseline 0.002 -17"><span class='ocrx_word' id='word_1_63' title='bbox 392 886 398 893; x_wconf 86' lang='lat'>.</span> <span class='ocrx_word' id='word_1_64' title='bbox 477 841 676 895; x_wconf 86' lang='lat' dir='ltr'>vitam.</span> <span class='ocrx_word' id='word_1_65' title='bbox 709 838 878 903; x_wconf 88' lang='lat' dir='ltr'>Quasi</span> <span class='ocrx_word' id='word_1_66' title='bbox 908 838 1088 892; x_wconf 85' lang='lat' dir='ltr'>dicat:</span> <span class='ocrx_word' id='word_1_67' title='bbox 1133 839 1211 893; x_wconf 84' lang='lat' dir='ltr'>Ne</span> <span class='ocrx_word' id='word_1_68' title='bbox 1241 839 1495 909; x_wconf 89' lang='lat' dir='ltr'>perdatis</span> <span class='ocrx_word' id='word_1_69' title='bbox 1533 840 1843 910; x_wconf 84' lang='lat' dir='ltr'>justitiam,</span> <span class='ocrx_word' id='word_1_70' title='bbox 1877 844 1935 895; x_wconf 92' lang='lat' dir='ltr'>et</span> <span class='ocrx_word' id='word_1_71' title='bbox 1962 860 2081 909; x_wconf 91' lang='lat' dir='ltr'>vos,</span> 
     </span>
    </p>
   </div>
   <div class='ocr_carea' id='block_1_10' title="bbox 475 927 2086 1000">
    <p class='ocr_par' dir='ltr' id='par_1_10' title="bbox 475 927 2086 1000">
     <span class='ocr_line' id='line_1_10' title="bbox 475 927 2086 1000; baseline 0.001 -16"><span class='ocrx_word' id='word_1_72' title='bbox 475 929 781 995; x_wconf 85' lang='lat' dir='ltr'>erudimini,</span> <span class='ocrx_word' id='word_1_73' title='bbox 812 927 905 1000; x_wconf 87' lang='lat' dir='ltr'>qui</span> <span class='ocrx_word' id='word_1_74' title='bbox 940 945 1055 982; x_wconf 89' lang='lat' dir='ltr'>non</span> <span class='ocrx_word' id='word_1_75' title='bbox 1078 928 1207 981; x_wconf 87' lang='lat' dir='ltr'>estis</span> <span class='ocrx_word' id='word_1_76' title='bbox 1236 928 1377 981; x_wconf 89' lang='lat' dir='ltr'>adeo</span> <span class='ocrx_word' id='word_1_77' title='bbox 1396 929 1633 998; x_wconf 85' lang='lat' dir='ltr'>perfecti</span> <span class='ocrx_word' id='word_1_78' title='bbox 1652 933 1712 983; x_wconf 88' lang='lat' dir='ltr'>ut</span> <span class='ocrx_word' id='word_1_79' title='bbox 1741 931 1826 983; x_wconf 86' lang='lat' dir='ltr'>his</span> <span class='ocrx_word' id='word_1_80' title='bbox 1858 931 1927 985; x_wconf 90' lang='lat' dir='ltr'>de</span> <span class='ocrx_word' id='word_1_81' title='bbox 1958 948 2086 985; x_wconf 90' lang='lat' dir='ltr'>cau-</span> 
     </span>
    </p>
   </div>
   <div class='ocr_carea' id='block_1_11' title="bbox 473 1016 2084 1088">
    <p class='ocr_par' dir='ltr' id='par_1_11' title="bbox 473 1016 2084 1088">
     <span class='ocr_line' id='line_1_11' title="bbox 473 1016 2084 1088; baseline -0.001 -15"><span class='ocrx_word' id='word_1_82' title='bbox 473 1018 548 1073; x_wconf 88' lang='lat' dir='ltr'>sis</span> <span class='ocrx_word' id='word_1_83' title='bbox 565 1017 819 1072; x_wconf 89' lang='lat' dir='ltr'>serviatis</span> <span class='ocrx_word' id='word_1_84' title='bbox 846 1019 903 1070; x_wconf 89' lang='lat' dir='ltr'>et</span> <span class='ocrx_word' id='word_1_85' title='bbox 933 1016 1398 1087; x_wconf 85' lang='lat' dir='ltr'>apprehendatis,</span> <span class='ocrx_word' id='word_1_86' title='bbox 1429 1019 1614 1071; x_wconf 76' lang='lat' dir='ltr'>servile</span> <span class='ocrx_word' id='word_1_87' title='bbox 1643 1026 1693 1070; x_wconf 84' lang='lat' dir='ltr'>et</span> <span class='ocrx_word' id='word_1_88' title='bbox 1713 1020 2084 1088; x_wconf 72' lang='lat' dir='ltr'>apprelienrlite</span> 
     </span>
    </p>
   </div>
   <div class='ocr_carea' id='block_1_12' title="bbox 471 1104 2084 1176">
    <p class='ocr_par' dir='ltr' id='par_1_12' title="bbox 471 1104 2084 1176">
     <span class='ocr_line' id='line_1_12' title="bbox 471 1104 2084 1176; baseline -0.001 -14"><span class='ocrx_word' id='word_1_89' title='bbox 471 1108 578 1162; x_wconf 91' lang='lat' dir='ltr'>hac</span> <span class='ocrx_word' id='word_1_90' title='bbox 613 1122 817 1172; x_wconf 91' lang='lat' dir='ltr'>causa;</span> <span class='ocrx_word' id='word_1_91' title='bbox 848 1122 986 1158; x_wconf 90' lang='lat' dir='ltr'>nam</span> <span class='ocrx_word' id='word_1_92' title='bbox 1036 1104 1187 1158; x_wconf 88' lang='lat' dir='ltr'>beati</span> <span class='ocrx_word' id='word_1_93' title='bbox 1234 1108 1405 1158; x_wconf 89' lang='lat' dir='ltr'>erunt</span> <span class='ocrx_word' id='word_1_94' title='bbox 1456 1106 1552 1176; x_wconf 88' lang='lat' dir='ltr'>qui</span> <span class='ocrx_word' id='word_1_95' title='bbox 1598 1107 1744 1160; x_wconf 86' lang='lat' dir='ltr'>bene</span> <span class='ocrx_word' id='word_1_96' title='bbox 1772 1109 2084 1162; x_wconf 83' lang='lat' dir='ltr'>servientes</span> 
     </span>
    </p>
   </div>
   <div class='ocr_carea' id='block_1_13' title="bbox 474 1193 2085 1251">
    <p class='ocr_par' dir='ltr' id='par_1_13' title="bbox 474 1193 2085 1251">
     <span class='ocr_line' id='line_1_13' title="bbox 474 1193 2085 1251; baseline 0 -2"><span class='ocrx_word' id='word_1_97' title='bbox 474 1194 774 1249; x_wconf 85' lang='lat' dir='ltr'>conﬁdunt</span> <span class='ocrx_word' id='word_1_98' title='bbox 802 1193 860 1248; x_wconf 92' lang='lat' dir='ltr'>in</span> <span class='ocrx_word' id='word_1_99' title='bbox 894 1210 982 1247; x_wconf 93' lang='lat' dir='ltr'>eo.</span> <span class='ocrx_word' id='word_1_100' title='bbox 1016 1194 1160 1246; x_wconf 80' lang='lat' dir='ltr'>Nam</span> <span class='ocrx_word' id='word_1_101' title='bbox 1184 1193 1241 1246; x_wconf 89' lang='lat' dir='ltr'>in</span> <span class='ocrx_word' id='word_1_102' title='bbox 1276 1210 1391 1247; x_wconf 91' lang='lat' dir='ltr'>non</span> <span class='ocrx_word' id='word_1_103' title='bbox 1443 1195 1822 1249; x_wconf 85' lang='lat' dir='ltr'>servientibus</span> <span class='ocrx_word' id='word_1_104' title='bbox 1854 1213 1972 1249; x_wconf 90' lang='lat' dir='ltr'>non</span> <span class='ocrx_word' id='word_1_105' title='bbox 2001 1200 2085 1251; x_wconf 90' lang='lat' dir='ltr'>est</span> 
     </span>
    </p>
   </div>
   <div class='ocr_carea' id='block_1_14' title="bbox 472 1282 2078 1354">
    <p class='ocr_par' dir='ltr' id='par_1_14' title="bbox 472 1282 2078 1354">
     <span class='ocr_line' id='line_1_14' title="bbox 472 1282 2078 1354; baseline 0.001 -17"><span class='ocrx_word' id='word_1_106' title='bbox 472 1282 843 1347; x_wconf 90' lang='lat' dir='ltr'>conﬁdentia,</span> <span class='ocrx_word' id='word_1_107' title='bbox 868 1282 967 1336; x_wconf 90' lang='lat' dir='ltr'>sed</span> <span class='ocrx_word' id='word_1_108' title='bbox 986 1282 1383 1353; x_wconf 68' lang='lat' dir='ltr'>praesumptio.</span> <span class='ocrx_word' id='word_1_109' title='bbox 1410 1283 1475 1335; x_wconf 85' lang='lat' dir='ltr'>Et</span> <span class='ocrx_word' id='word_1_110' title='bbox 1492 1299 1596 1352; x_wconf 90' lang='lat' dir='ltr'>per</span> <span class='ocrx_word' id='word_1_111' title='bbox 1610 1284 1718 1337; x_wconf 89' lang='lat' dir='ltr'>hoc</span> <span class='ocrx_word' id='word_1_112' title='bbox 1742 1284 1893 1354; x_wconf 89' lang='lat' dir='ltr'>quod</span> <span class='ocrx_word' id='word_1_113' title='bbox 1910 1284 2078 1339; x_wconf 89' lang='lat' dir='ltr'>dicit:</span> 
     </span>
    </p>
   </div>
   <div class='ocr_carea' id='block_1_15' title="bbox 474 1369 2079 1443">
    <p class='ocr_par' dir='ltr' id='par_1_15' title="bbox 474 1369 2079 1443">
     <span class='ocr_line' id='line_1_15' title="bbox 474 1369 2079 1443; baseline 0.001 -19"><span class='ocrx_word' id='word_1_114' title='bbox 474 1369 639 1426; x_wconf 88' lang='lat' dir='ltr'>Beati</span> <span class='ocrx_word' id='word_1_115' title='bbox 656 1372 751 1443; x_wconf 80' lang='lat' dir='ltr'>qui</span> <span class='ocrx_word' id='word_1_116' title='bbox 776 1370 1120 1439; x_wconf 81' lang='lat' dir='ltr'>conﬁduntin</span> <span class='ocrx_word' id='word_1_117' title='bbox 1149 1387 1227 1430; x_wconf 86' lang='lat' dir='ltr'>eo,</span> <span class='ocrx_word' id='word_1_118' title='bbox 1245 1370 1414 1424; x_wconf 89' lang='lat' dir='ltr'>datur</span> <span class='ocrx_word' id='word_1_119' title='bbox 1442 1370 1681 1442; x_wconf 75' lang='lat' dir='ltr'>intelligi</span> <span class='ocrx_word' id='word_1_120' title='bbox 1710 1389 1739 1425; x_wconf 92' lang='lat' dir='ltr'>e</span> <span class='ocrx_word' id='word_1_121' title='bbox 1767 1372 2079 1426; x_wconf 87' lang='lat' dir='ltr'>contrario.</span> 
     </span>
    </p>
   </div>
   <div class='ocr_carea' id='block_1_16' title="bbox 471 1457 2080 1530">
    <p class='ocr_par' dir='ltr' id='par_1_16' title="bbox 471 1457 2080 1530">
     <span class='ocr_line' id='line_1_16' title="bbox 471 1457 2080 1530; baseline 0.001 -18"><span class='ocrx_word' id='word_1_122' title='bbox 471 1475 578 1530; x_wconf 89' lang='lat' dir='ltr'>per</span> <span class='ocrx_word' id='word_1_123' title='bbox 616 1458 1022 1529; x_wconf 89' lang='lat' dir='ltr'>aposiopesim,</span> <span class='ocrx_word' id='word_1_124' title='bbox 1043 1457 1197 1528; x_wconf 88' lang='lat' dir='ltr'>quod</span> <span class='ocrx_word' id='word_1_125' title='bbox 1221 1458 1413 1511; x_wconf 90' lang='lat' dir='ltr'>miseri</span> <span class='ocrx_word' id='word_1_126' title='bbox 1439 1475 1642 1511; x_wconf 91' lang='lat' dir='ltr'>omnes</span> <span class='ocrx_word' id='word_1_127' title='bbox 1663 1460 1758 1530; x_wconf 90' lang='lat' dir='ltr'>qui</span> <span class='ocrx_word' id='word_1_128' title='bbox 1792 1477 1910 1513; x_wconf 90' lang='lat' dir='ltr'>non</span> <span class='ocrx_word' id='word_1_129' title='bbox 1944 1478 2080 1514; x_wconf 87' lang='lat' dir='ltr'>con-</span> 
     </span>
    </p>
   </div>
   <div class='ocr_carea' id='block_1_17' title="bbox 472 1545 2078 1620">
    <p class='ocr_par' dir='ltr' id='par_1_17' title="bbox 472 1545 2078 1620">
     <span class='ocr_line' id='line_1_17' title="bbox 472 1545 2078 1620; baseline 0.001 -19"><span class='ocrx_word' id='word_1_130' title='bbox 472 1547 679 1601; x_wconf 71' lang='lat' dir='ltr'>ﬁiunt.</span> <span class='ocrx_word' id='word_1_131' title='bbox 710 1547 779 1600; x_wconf 88' lang='lat' dir='ltr'>Et</span> <span class='ocrx_word' id='word_1_132' title='bbox 807 1545 1215 1600; x_wconf 86' lang='lat' dir='ltr'>beatitudoilla</span> <span class='ocrx_word' id='word_1_133' title='bbox 1242 1547 1299 1599; x_wconf 90' lang='lat' dir='ltr'>et</span> <span class='ocrx_word' id='word_1_134' title='bbox 1320 1546 1669 1601; x_wconf 86' lang='lat' dir='ltr'>felicitasilla</span> <span class='ocrx_word' id='word_1_135' title='bbox 1695 1549 2078 1620; x_wconf 89' lang='lat' dir='ltr'>apparebunt,</span> 
     </span>
    </p>
   </div>
   <div class='ocr_carea' id='block_1_18' title="bbox 472 1632 2081 1703">
    <p class='ocr_par' dir='ltr' id='par_1_18' title="bbox 472 1632 2081 1703">
     <span class='ocr_line' id='line_1_18' title="bbox 472 1632 2081 1703; baseline 0.001 -14"><span class='ocrx_word' id='word_1_136' title='bbox 472 1651 602 1689; x_wconf 92' lang='lat' dir='ltr'>cum</span> <span class='ocrx_word' id='word_1_137' title='bbox 633 1637 737 1701; x_wconf 86' lang='lat' dir='ltr'>ira,</span> <span class='ocrx_word' id='word_1_138' title='bbox 770 1633 829 1688; x_wconf 92' lang='lat' dir='ltr'>id</span> <span class='ocrx_word' id='word_1_139' title='bbox 856 1637 941 1687; x_wconf 91' lang='lat' dir='ltr'>est</span> <span class='ocrx_word' id='word_1_140' title='bbox 969 1632 1221 1686; x_wconf 87' lang='lat' dir='ltr'>vindicta</span> <span class='ocrx_word' id='word_1_141' title='bbox 1255 1634 1365 1703; x_wconf 83' lang='lat' dir='ltr'>ejus</span> <span class='ocrx_word' id='word_1_142' title='bbox 1394 1637 1664 1688; x_wconf 73' lang='lat' dir='ltr'>exarserit.</span> <span class='ocrx_word' id='word_1_143' title='bbox 1700 1636 1767 1689; x_wconf 89' lang='lat' dir='ltr'>Et</span> <span class='ocrx_word' id='word_1_144' title='bbox 1795 1637 1903 1689; x_wconf 89' lang='lat' dir='ltr'>hoc</span> <span class='ocrx_word' id='word_1_145' title='bbox 1929 1636 2081 1690; x_wconf 87' lang='lat' dir='ltr'>futu—</span> 
     </span>
    </p>
   </div>
   <div class='ocr_carea' id='block_1_19' title="bbox 2188 498 3795 583">
    <p class='ocr_par' dir='ltr' id='par_1_19' title="bbox 2188 498 3795 583">
     <span class='ocr_line' id='line_1_19' title="bbox 2188 498 3795 583; baseline 0.009 -32"><span class='ocrx_word' id='word_1_146' title='bbox 2188 498 2448 554; x_wconf 85' lang='lat' dir='ltr'>luntate?</span> <span class='ocrx_word' id='word_1_147' title='bbox 2482 502 2831 573; x_wconf 82' lang='lat' dir='ltr'>Multiplicati</span> <span class='ocrx_word' id='word_1_148' title='bbox 2879 511 3050 560; x_wconf 91' lang='lat' dir='ltr'>erunt</span> <span class='ocrx_word' id='word_1_149' title='bbox 3091 508 3234 563; x_wconf 89' lang='lat' dir='ltr'>adeo</span> <span class='ocrx_word' id='word_1_150' title='bbox 3284 510 3439 581; x_wconf 87' lang='lat' dir='ltr'>quod</span> <span class='ocrx_word' id='word_1_151' title='bbox 3483 510 3795 583; x_wconf 88' lang='lat' dir='ltr'>discipulus</span> 
     </span>
    </p>
   </div>
   <div class='ocr_carea' id='block_1_20' title="bbox 2186 589 3794 663">
    <p class='ocr_par' dir='ltr' id='par_1_20' title="bbox 2186 589 3794 663">
     <span class='ocr_line' id='line_1_20' title="bbox 2186 589 3794 663; baseline 0.011 -25"><span class='ocrx_word' id='word_1_152' title='bbox 2186 602 2348 639; x_wconf 86' lang='lat' dir='ltr'>meus</span> <span class='ocrx_word' id='word_1_153' title='bbox 2410 589 2490 641; x_wconf 86' lang='lat' dir='ltr'>eis</span> <span class='ocrx_word' id='word_1_154' title='bbox 2547 590 2915 663; x_wconf 86' lang='lat' dir='ltr'>adjungatur.</span> <span class='ocrx_word' id='word_1_155' title='bbox 2963 594 3121 649; x_wconf 88' lang='lat' dir='ltr'>Sicut</span> <span class='ocrx_word' id='word_1_156' title='bbox 3163 596 3297 650; x_wconf 86' lang='lat' dir='ltr'>alibi</span> <span class='ocrx_word' id='word_1_157' title='bbox 3347 597 3481 651; x_wconf 88' lang='lat' dir='ltr'>dicit</span> <span class='ocrx_word' id='word_1_158' title='bbox 3515 615 3527 652; x_wconf 90' lang='lat'>:</span> <span class='ocrx_word' id='word_1_159' title='bbox 3565 600 3794 655; x_wconf 81' lang='lat' dir='ltr'>«Tauri</span> 
     </span>
    </p>
   </div>
   <div class='ocr_carea' id='block_1_21' title="bbox 2184 674 3790 761">
    <p class='ocr_par' dir='ltr' id='par_1_21' title="bbox 2184 674 3790 761">
     <span class='ocr_line' id='line_1_21' title="bbox 2184 674 3790 761; baseline 0.011 -34"><span class='ocrx_word' id='word_1_160' title='bbox 2184 674 2431 745; x_wconf 77' lang='lat' dir='ltr'>pingues</span> <span class='ocrx_word' id='word_1_161' title='bbox 2456 679 2805 735; x_wconf 88' lang='lat' dir='ltr'>obsederunt</span> <span class='ocrx_word' id='word_1_162' title='bbox 2827 700 2920 736; x_wconf 91' lang='lat' dir='ltr'>me</span> <span class='ocrx_word' id='word_1_163' title='bbox 2946 685 3115 755; x_wconf 87' lang='lat' dir='ltr'>(Psal.</span> <span class='ocrx_word' id='word_1_164' title='bbox 3151 703 3263 752; x_wconf 83' lang='lat' dir='ltr'>XXI,</span> <span class='ocrx_word' id='word_1_165' title='bbox 3296 690 3398 741; x_wconf 83' lang='lat' dir='ltr'>l3‘.</span> <span class='ocrx_word' id='word_1_166' title='bbox 3434 709 3462 735; x_wconf 80' lang='lat'><strong>»</strong></span> <span class='ocrx_word' id='word_1_167' title='bbox 3498 687 3790 761; x_wconf 85' lang='lat' dir='ltr'>Sequitur,</span> 
     </span>
    </p>
   </div>
   <div class='ocr_carea' id='block_1_22' title="bbox 2185 765 3795 846">
    <p class='ocr_par' dir='ltr' id='par_1_22' title="bbox 2185 765 3795 846">
     <span class='ocr_line' id='line_1_22' title="bbox 2185 765 3795 846; baseline 0.012 -31"><span class='ocrx_word' id='word_1_168' title='bbox 2185 767 2242 815; x_wconf 92' lang='lat' dir='ltr'>et</span> <span class='ocrx_word' id='word_1_169' title='bbox 2267 781 2331 817; x_wconf 86' lang='lat' dir='ltr'>ex</span> <span class='ocrx_word' id='word_1_170' title='bbox 2364 765 2497 836; x_wconf 87' lang='lat' dir='ltr'>ipsis</span> <span class='ocrx_word' id='word_1_171' title='bbox 2540 769 2947 825; x_wconf 83' lang='lat' dir='ltr'>tribulantibus</span> <span class='ocrx_word' id='word_1_172' title='bbox 2992 791 3003 827; x_wconf 93' lang='lat'>:</span> <span class='ocrx_word' id='word_1_173' title='bbox 3049 772 3220 827; x_wconf 63' lang='lat' dir='ltr'>ﬂIultz&#39;</span> <span class='ocrx_word' id='word_1_174' title='bbox 3256 777 3558 846; x_wconf 74' lang='lat' dir='ltr'>insurgunt,</span> <span class='ocrx_word' id='word_1_175' title='bbox 3608 777 3664 832; x_wconf 92' lang='lat' dir='ltr'>id</span> <span class='ocrx_word' id='word_1_176' title='bbox 3704 783 3795 834; x_wconf 86' lang='lat' dir='ltr'>est</span> 
     </span>
    </p>
   </div>
   <div class='ocr_carea' id='block_1_23' title="bbox 2185 852 3792 931">
    <p class='ocr_par' dir='ltr' id='par_1_23' title="bbox 2185 852 3792 931">
     <span class='ocr_line' id='line_1_23' title="bbox 2185 852 3792 931; baseline 0.012 -27"><span class='ocrx_word' id='word_1_177' title='bbox 2185 852 2485 925; x_wconf 86' lang='lat' dir='ltr'>insurgent</span> <span class='ocrx_word' id='word_1_178' title='bbox 2507 856 2783 911; x_wconf 82' lang='lat' dir='ltr'>adversum</span> <span class='ocrx_word' id='word_1_179' title='bbox 2816 877 2897 913; x_wconf 88' lang='lat' dir='ltr'>me</span> <span class='ocrx_word' id='word_1_180' title='bbox 2926 863 3306 931; x_wconf 85' lang='lat' dir='ltr'>accusatione,</span> <span class='ocrx_word' id='word_1_181' title='bbox 3331 865 3473 919; x_wconf 85' lang='lat' dir='ltr'>sicut</span> <span class='ocrx_word' id='word_1_182' title='bbox 3511 866 3569 919; x_wconf 88' lang='lat' dir='ltr'>in</span> <span class='ocrx_word' id='word_1_183' title='bbox 3607 867 3792 922; x_wconf 88' lang='lat' dir='ltr'>Evan-</span> 
     </span>
    </p>
   </div>
   <div class='ocr_carea' id='block_1_24' title="bbox 2184 942 3795 1014">
    <p class='ocr_par' dir='ltr' id='par_1_24' title="bbox 2184 942 3795 1014">
     <span class='ocr_line' id='line_1_24' title="bbox 2184 942 3795 1014; baseline 0.011 -21"><span class='ocrx_word' id='word_1_184' title='bbox 2184 942 2334 1011; x_wconf 86' lang='lat' dir='ltr'>gelio</span> <span class='ocrx_word' id='word_1_185' title='bbox 2394 944 2604 1014; x_wconf 79' lang='lat' dir='ltr'>legitur</span> <span class='ocrx_word' id='word_1_186' title='bbox 2659 962 2736 998; x_wconf 82' lang='lat'>:«</span> <span class='ocrx_word' id='word_1_187' title='bbox 2796 948 2862 1001; x_wconf 87' lang='lat' dir='ltr'>Et</span> <span class='ocrx_word' id='word_1_188' title='bbox 2903 952 3246 1005; x_wconf 87' lang='lat' dir='ltr'>accusabant</span> <span class='ocrx_word' id='word_1_189' title='bbox 3293 970 3426 1007; x_wconf 91' lang='lat' dir='ltr'>eum</span> <span class='ocrx_word' id='word_1_190' title='bbox 3474 954 3532 1008; x_wconf 88' lang='lat' dir='ltr'>in</span> <span class='ocrx_word' id='word_1_191' title='bbox 3595 955 3795 1010; x_wconf 89' lang='lat' dir='ltr'>multis</span> 
     </span>
    </p>
   </div>
   <div class='ocr_carea' id='block_1_25' title="bbox 2187 1028 3791 1109">
    <p class='ocr_par' dir='ltr' id='par_1_25' title="bbox 2187 1028 3791 1109">
     <span class='ocr_line' id='line_1_25' title="bbox 2187 1028 3791 1109; baseline 0.012 -30"><span class='ocrx_word' id='word_1_192' title='bbox 2187 1028 2382 1099; x_wconf 75' lang='lat' dir='ltr'>(Marc.</span> <span class='ocrx_word' id='word_1_193' title='bbox 2418 1048 2505 1098; x_wconf 88' lang='lat' dir='ltr'>xv,</span> <span class='ocrx_word' id='word_1_194' title='bbox 2559 1034 2631 1104; x_wconf 90' lang='lat'>3).</span> <span class='ocrx_word' id='word_1_195' title='bbox 2670 1058 2695 1083; x_wconf 90' lang='grc'><strong>‹‹</strong></span> <span class='ocrx_word' id='word_1_196' title='bbox 2737 1036 2803 1089; x_wconf 89' lang='lat' dir='ltr'>Et</span> <span class='ocrx_word' id='word_1_197' title='bbox 2863 1055 2928 1091; x_wconf 88' lang='lat' dir='ltr'>ex</span> <span class='ocrx_word' id='word_1_198' title='bbox 2978 1038 3110 1109; x_wconf 87' lang='lat' dir='ltr'>ipsis</span> <span class='ocrx_word' id='word_1_199' title='bbox 3158 1040 3560 1097; x_wconf 88' lang='lat' dir='ltr'>tribulantibus</span> <span class='ocrx_word' id='word_1_200' title='bbox 3611 1044 3791 1098; x_wconf 88' lang='lat' dir='ltr'>etiam</span> 
     </span>
    </p>
   </div>
   <div class='ocr_carea' id='block_1_26' title="bbox 2183 1119 3792 1195">
    <p class='ocr_par' dir='ltr' id='par_1_26' title="bbox 2183 1119 3792 1195">
     <span class='ocr_line' id='line_1_26' title="bbox 2183 1119 3792 1195; baseline 0.012 -27"><span class='ocrx_word' id='word_1_201' title='bbox 2183 1119 2342 1170; x_wconf 82' lang='lat' dir='ltr'>multi</span> <span class='ocrx_word' id='word_1_202' title='bbox 2379 1122 2573 1174; x_wconf 67' lang='lat' dir='ltr'>animze</span> <span class='ocrx_word' id='word_1_203' title='bbox 2612 1139 2757 1187; x_wconf 53' lang='lat' dir='ltr'>mea),</span> <span class='ocrx_word' id='word_1_204' title='bbox 2793 1128 3073 1195; x_wconf 86' lang='lat' dir='ltr'>quantum</span> <span class='ocrx_word' id='word_1_205' title='bbox 3104 1126 3161 1181; x_wconf 91' lang='lat' dir='ltr'>in</span> <span class='ocrx_word' id='word_1_206' title='bbox 3196 1145 3254 1181; x_wconf 91' lang='lat' dir='ltr'>se</span> <span class='ocrx_word' id='word_1_207' title='bbox 3282 1130 3466 1183; x_wconf 89' lang='lat' dir='ltr'>nocivi</span> <span class='ocrx_word' id='word_1_208' title='bbox 3496 1131 3698 1195; x_wconf 84' lang='lat' dir='ltr'>dicunt,</span> <span class='ocrx_word' id='word_1_209' title='bbox 3729 1131 3792 1187; x_wconf 91' lang='lat' dir='ltr'>id</span> 
     </span>
    </p>
   </div>
   <div class='ocr_carea' id='block_1_27' title="bbox 2183 1207 3786 1289">
    <p class='ocr_par' dir='ltr' id='par_1_27' title="bbox 2183 1207 3786 1289">
     <span class='ocr_line' id='line_1_27' title="bbox 2183 1207 3786 1289; baseline 0.011 -32"><span class='ocrx_word' id='word_1_210' title='bbox 2183 1208 2268 1258; x_wconf 92' lang='lat' dir='ltr'>est</span> <span class='ocrx_word' id='word_1_211' title='bbox 2299 1207 2491 1261; x_wconf 87' lang='lat' dir='ltr'>dicent</span> <span class='ocrx_word' id='word_1_212' title='bbox 2527 1226 2538 1263; x_wconf 91' lang='lat'>:</span> <span class='ocrx_word' id='word_1_213' title='bbox 2572 1233 2599 1259; x_wconf 82' lang='lat'><strong>«</strong></span> <span class='ocrx_word' id='word_1_214' title='bbox 2627 1212 2847 1279; x_wconf 86' lang='lat' dir='ltr'>Venite,</span> <span class='ocrx_word' id='word_1_215' title='bbox 2874 1214 3201 1269; x_wconf 91' lang='lat' dir='ltr'>occidamus</span> <span class='ocrx_word' id='word_1_216' title='bbox 3228 1234 3359 1271; x_wconf 89' lang='lat' dir='ltr'>eum</span> <span class='ocrx_word' id='word_1_217' title='bbox 3388 1216 3539 1289; x_wconf 86' lang='lat' dir='ltr'>(Sap.</span> <span class='ocrx_word' id='word_1_218' title='bbox 3580 1236 3640 1285; x_wconf 92' lang='grc' dir='ltr'>ιι,</span> <span class='ocrx_word' id='word_1_219' title='bbox 3677 1220 3786 1287; x_wconf 82' lang='lat' dir='ltr'>lO),</span> 
     </span>
    </p>
   </div>
   <div class='ocr_carea' id='block_1_28' title="bbox 2184 1292 3787 1375">
    <p class='ocr_par' dir='ltr' id='par_1_28' title="bbox 2184 1292 3787 1375">
     <span class='ocr_line' id='line_1_28' title="bbox 2184 1292 3787 1375; baseline 0.011 -30"><span class='ocrx_word' id='word_1_220' title='bbox 2184 1292 2318 1362; x_wconf 88' lang='lat' dir='ltr'>quia</span> <span class='ocrx_word' id='word_1_221' title='bbox 2354 1312 2469 1349; x_wconf 90' lang='lat' dir='ltr'>non</span> <span class='ocrx_word' id='word_1_222' title='bbox 2496 1302 2578 1351; x_wconf 88' lang='lat' dir='ltr'>est</span> <span class='ocrx_word' id='word_1_223' title='bbox 2603 1301 2872 1372; x_wconf 89' lang='lat' dir='ltr'>salusipsi</span> <span class='ocrx_word' id='word_1_224' title='bbox 2906 1302 2962 1357; x_wconf 91' lang='lat' dir='ltr'>in</span> <span class='ocrx_word' id='word_1_225' title='bbox 2999 1305 3115 1358; x_wconf 92' lang='lat' dir='ltr'>Deo</span> <span class='ocrx_word' id='word_1_226' title='bbox 3141 1305 3279 1375; x_wconf 84' lang='lat' dir='ltr'>ejus.</span> <span class='ocrx_word' id='word_1_227' title='bbox 3302 1328 3328 1353; x_wconf 86' lang='grc'><strong>››</strong></span> <span class='ocrx_word' id='word_1_228' title='bbox 3363 1305 3529 1371; x_wconf 88' lang='lat' dir='ltr'>Quod</span> <span class='ocrx_word' id='word_1_229' title='bbox 3576 1311 3661 1363; x_wconf 91' lang='lat' dir='ltr'>est</span> <span class='ocrx_word' id='word_1_230' title='bbox 3701 1309 3787 1362; x_wconf 88' lang='lat' dir='ltr'>di-</span> 
     </span>
    </p>
   </div>
   <div class='ocr_carea' id='block_1_29' title="bbox 2183 1384 3791 1463">
    <p class='ocr_par' dir='ltr' id='par_1_29' title="bbox 2183 1384 3791 1463">
     <span class='ocr_line' id='line_1_29' title="bbox 2183 1384 3791 1463; baseline 0.011 -29"><span class='ocrx_word' id='word_1_231' title='bbox 2183 1398 2311 1435; x_wconf 88' lang='lat' dir='ltr'>cere</span> <span class='ocrx_word' id='word_1_232' title='bbox 2337 1400 2349 1436; x_wconf 89' lang='lat'><strong>:</strong></span> <span class='ocrx_word' id='word_1_233' title='bbox 2376 1384 2709 1442; x_wconf 86' lang='lat' dir='ltr'>Creatorem</span> <span class='ocrx_word' id='word_1_234' title='bbox 2742 1388 2877 1443; x_wconf 87' lang='lat' dir='ltr'>facit</span> <span class='ocrx_word' id='word_1_235' title='bbox 2904 1393 3087 1445; x_wconf 90' lang='lat' dir='ltr'>Deum</span> <span class='ocrx_word' id='word_1_236' title='bbox 3129 1396 3186 1446; x_wconf 89' lang='lat' dir='ltr'>et</span> <span class='ocrx_word' id='word_1_237' title='bbox 3208 1396 3434 1463; x_wconf 89' lang='lat' dir='ltr'>patrem</span> <span class='ocrx_word' id='word_1_238' title='bbox 3459 1412 3653 1463; x_wconf 88' lang='lat' dir='ltr'>suum;</span> <span class='ocrx_word' id='word_1_239' title='bbox 3688 1397 3791 1451; x_wconf 91' lang='lat' dir='ltr'>sed</span> 
     </span>
    </p>
   </div>
   <div class='ocr_carea' id='block_1_30' title="bbox 2182 1469 3789 1546">
    <p class='ocr_par' dir='ltr' id='par_1_30' title="bbox 2182 1469 3789 1546">
     <span class='ocr_line' id='line_1_30' title="bbox 2182 1469 3789 1546; baseline 0.011 -24"><span class='ocrx_word' id='word_1_240' title='bbox 2182 1469 2299 1539; x_wconf 90' lang='lat' dir='ltr'>ipse</span> <span class='ocrx_word' id='word_1_241' title='bbox 2328 1471 2633 1546; x_wconf 85' lang='lat' dir='ltr'>dereliquit</span> <span class='ocrx_word' id='word_1_242' title='bbox 2670 1494 2824 1544; x_wconf 89' lang='lat' dir='ltr'>eum,</span> <span class='ocrx_word' id='word_1_243' title='bbox 2870 1478 3015 1533; x_wconf 91' lang='lat' dir='ltr'>sicut</span> <span class='ocrx_word' id='word_1_244' title='bbox 3058 1481 3191 1535; x_wconf 88' lang='lat' dir='ltr'>alibi</span> <span class='ocrx_word' id='word_1_245' title='bbox 3234 1482 3482 1537; x_wconf 93' lang='lat' dir='ltr'>dicitur:</span> <span class='ocrx_word' id='word_1_246' title='bbox 3519 1506 3547 1534; x_wconf 83' lang='lat'><strong>«</strong></span> <span class='ocrx_word' id='word_1_247' title='bbox 3584 1484 3789 1539; x_wconf 84' lang='lat' dir='ltr'>Filium</span> 
     </span>
    </p>
   </div>
   <div class='ocr_carea' id='block_1_31' title="bbox 2180 1558 3787 1644">
    <p class='ocr_par' dir='ltr' id='par_1_31' title="bbox 2180 1558 3787 1644">
     <span class='ocr_line' id='line_1_31' title="bbox 2180 1558 3787 1644; baseline 0.01 -33"><span class='ocrx_word' id='word_1_248' title='bbox 2180 1558 2280 1612; x_wconf 91' lang='lat' dir='ltr'>Dei</span> <span class='ocrx_word' id='word_1_249' title='bbox 2296 1576 2352 1612; x_wconf 90' lang='lat' dir='ltr'>se</span> <span class='ocrx_word' id='word_1_250' title='bbox 2372 1562 2654 1617; x_wconf 86' lang='lat' dir='ltr'>nominat.</span> <span class='ocrx_word' id='word_1_251' title='bbox 2680 1565 2902 1633; x_wconf 89' lang='lat' dir='ltr'>Venite,</span> <span class='ocrx_word' id='word_1_252' title='bbox 2928 1568 3323 1639; x_wconf 84' lang='lat' dir='ltr'>Opprimamus</span> <span class='ocrx_word' id='word_1_253' title='bbox 3349 1572 3642 1644; x_wconf 90' lang='lat' dir='ltr'>eum,quia</span> <span class='ocrx_word' id='word_1_254' title='bbox 3669 1588 3787 1627; x_wconf 88' lang='lat' dir='ltr'>non</span> 
     </span>
    </p>
   </div>
   <div class='ocr_carea' id='block_1_32' title="bbox 2181 1648 3791 1727">
    <p class='ocr_par' dir='ltr' id='par_1_32' title="bbox 2181 1648 3791 1727">
     <span class='ocr_line' id='line_1_32' title="bbox 2181 1648 3791 1727; baseline 0.011 -30"><span class='ocrx_word' id='word_1_255' title='bbox 2181 1649 2265 1699; x_wconf 91' lang='lat' dir='ltr'>est</span> <span class='ocrx_word' id='word_1_256' title='bbox 2296 1648 2393 1717; x_wconf 86' lang='lat' dir='ltr'>qui</span> <span class='ocrx_word' id='word_1_257' title='bbox 2436 1649 2638 1705; x_wconf 87' lang='lat' dir='ltr'>liberet</span> <span class='ocrx_word' id='word_1_258' title='bbox 2675 1669 2808 1707; x_wconf 90' lang='lat' dir='ltr'>eum</span> <span class='ocrx_word' id='word_1_259' title='bbox 2840 1655 3018 1721; x_wconf 83' lang='lat' dir='ltr'>(ibid.,</span> <span class='ocrx_word' id='word_1_260' title='bbox 3053 1657 3125 1727; x_wconf 92' lang='lat'>3).</span> <span class='ocrx_word' id='word_1_261' title='bbox 3152 1679 3177 1703; x_wconf 84' lang='lat'>»</span> <span class='ocrx_word' id='word_1_262' title='bbox 3210 1659 3511 1714; x_wconf 72' lang='lat' dir='ltr'>Praemissa</span> <span class='ocrx_word' id='word_1_263' title='bbox 3541 1659 3791 1714; x_wconf 81' lang='lat' dir='ltr'>admira-</span> 
     </span>
    </p>
   </div>
   <div class='ocr_carea' id='block_1_33' title="bbox 470 1722 3783 1812">
    <p class='ocr_par' dir='ltr' id='par_1_33' title="bbox 470 1722 3783 1812">
     <span class='ocr_line' id='line_1_33' title="bbox 470 1722 3783 1812; baseline 0.008 -35"><span class='ocrx_word' id='word_1_264' title='bbox 470 1739 601 1778; x_wconf 90' lang='lat' dir='ltr'>rum</span> <span class='ocrx_word' id='word_1_265' title='bbox 630 1726 714 1777; x_wconf 91' lang='lat' dir='ltr'>est</span> <span class='ocrx_word' id='word_1_266' title='bbox 743 1725 798 1775; x_wconf 89' lang='lat' dir='ltr'>in</span> <span class='ocrx_word' id='word_1_267' title='bbox 832 1722 976 1775; x_wconf 89' lang='lat' dir='ltr'>brevi</span> <span class='ocrx_word' id='word_1_268' title='bbox 990 1724 1274 1792; x_wconf 89' lang='lat' dir='ltr'>tempore.</span> <span class='ocrx_word' id='word_1_269' title='bbox 1301 1723 1451 1775; x_wconf 91' lang='lat' dir='ltr'>Bene</span> <span class='ocrx_word' id='word_1_270' title='bbox 1475 1722 1610 1776; x_wconf 87' lang='lat' dir='ltr'>dicit</span> <span class='ocrx_word' id='word_1_271' title='bbox 1640 1725 2079 1778; x_wconf 69' lang='lat' dir='ltr'>exarserit.Nunc</span> <span class='ocrx_word' id='word_1_272' title='bbox 2103 1724 2149 1780; x_wconf 91' lang='grc' dir='ltr'>Β</span> <span class='ocrx_word' id='word_1_273' title='bbox 2180 1733 2334 1789; x_wconf 88' lang='lat' dir='ltr'>tione</span> <span class='ocrx_word' id='word_1_274' title='bbox 2362 1754 2537 1807; x_wconf 90' lang='lat' dir='ltr'>quam</span> <span class='ocrx_word' id='word_1_275' title='bbox 2565 1740 2769 1811; x_wconf 88' lang='lat' dir='ltr'>aliquis</span> <span class='ocrx_word' id='word_1_276' title='bbox 2798 1722 3235 1812; x_wconf 86' lang='lat' dir='ltr'>possethabere,</span> <span class='ocrx_word' id='word_1_277' title='bbox 3253 1747 3325 1800; x_wconf 88' lang='lat' dir='ltr'>ad</span> <span class='ocrx_word' id='word_1_278' title='bbox 3360 1748 3783 1803; x_wconf 89' lang='lat' dir='ltr'>ostendendum</span> 
     </span>
    </p>
   </div>
   <div class='ocr_carea' id='block_1_34' title="bbox 470 1809 2077 1877">
    <p class='ocr_par' dir='ltr' id='par_1_34' title="bbox 470 1809 2077 1877">
     <span class='ocr_line' id='line_1_34' title="bbox 470 1809 2077 1877; baseline 0 -12"><span class='ocrx_word' id='word_1_279' title='bbox 470 1812 627 1866; x_wconf 92' lang='lat' dir='ltr'>enim</span> <span class='ocrx_word' id='word_1_280' title='bbox 661 1810 825 1865; x_wconf 88' lang='lat' dir='ltr'>ardet</span> <span class='ocrx_word' id='word_1_281' title='bbox 856 1810 1172 1863; x_wconf 89' lang='lat' dir='ltr'>secundum</span> <span class='ocrx_word' id='word_1_282' title='bbox 1204 1809 1415 1864; x_wconf 63' lang='lat' dir='ltr'>anima:</span> <span class='ocrx_word' id='word_1_283' title='bbox 1448 1812 1914 1877; x_wconf 68' lang='lat' dir='ltr'>excarcationem,</span> <span class='ocrx_word' id='word_1_284' title='bbox 1941 1815 2077 1865; x_wconf 91' lang='lat' dir='ltr'>tunc</span> 
     </span>
    </p>
   </div>
   <div class='ocr_carea' id='block_1_35' title="bbox 468 1897 2078 1972">
    <p class='ocr_par' dir='ltr' id='par_1_35' title="bbox 468 1897 2078 1972">
     <span class='ocr_line' id='line_1_35' title="bbox 468 1897 2078 1972; baseline 0.001 -19"><span class='ocrx_word' id='word_1_285' title='bbox 468 1915 603 1954; x_wconf 90' lang='lat' dir='ltr'>vero</span> <span class='ocrx_word' id='word_1_286' title='bbox 634 1902 795 1952; x_wconf 87' lang='lat' dir='ltr'>extra</span> <span class='ocrx_word' id='word_1_287' title='bbox 826 1898 1072 1965; x_wconf 90' lang='lat' dir='ltr'>ardebit,</span> <span class='ocrx_word' id='word_1_288' title='bbox 1101 1897 1158 1951; x_wconf 92' lang='lat' dir='ltr'>id</span> <span class='ocrx_word' id='word_1_289' title='bbox 1206 1900 1292 1951; x_wconf 90' lang='lat' dir='ltr'>est</span> <span class='ocrx_word' id='word_1_290' title='bbox 1320 1899 1445 1969; x_wconf 89' lang='lat' dir='ltr'>plus</span> <span class='ocrx_word' id='word_1_291' title='bbox 1461 1900 1706 1967; x_wconf 84' lang='lat' dir='ltr'>ardebit,</span> <span class='ocrx_word' id='word_1_292' title='bbox 1730 1900 1789 1955; x_wconf 92' lang='lat' dir='ltr'>in</span> <span class='ocrx_word' id='word_1_293' title='bbox 1819 1902 2078 1972; x_wconf 89' lang='lat' dir='ltr'>corporis</span> 
     </span>
    </p>
   </div>
   <div class='ocr_carea' id='block_1_36' title="bbox 469 1985 1506 2049">
    <p class='ocr_par' dir='ltr' id='par_1_36' title="bbox 469 1985 1506 2049">
     <span class='ocr_line' id='line_1_36' title="bbox 469 1985 1506 2049; baseline -0.002 -7"><span class='ocrx_word' id='word_1_294' title='bbox 469 1986 703 2049; x_wconf 85' lang='lat' dir='ltr'>scilicet,</span> <span class='ocrx_word' id='word_1_295' title='bbox 734 1989 792 2040; x_wconf 88' lang='lat' dir='ltr'>et</span> <span class='ocrx_word' id='word_1_296' title='bbox 814 1985 1023 2040; x_wconf 64' lang='lat' dir='ltr'>animae</span> <span class='ocrx_word' id='word_1_297' title='bbox 1048 1986 1506 2040; x_wconf 85' lang='lat' dir='ltr'>damnationem.</span> 
     </span>
    </p>
   </div>
   <div class='ocr_carea' id='block_1_37' title="bbox 1004 2072 1544 2128">
    <p class='ocr_par' dir='ltr' id='par_1_37' title="bbox 1004 2072 1544 2128">
     <span class='ocr_line' id='line_1_37' title="bbox 1004 2072 1544 2128; baseline 0.004 -3"><span class='ocrx_word' id='word_1_298' title='bbox 1004 2073 1072 2125; x_wconf 87' lang='lat' dir='ltr'><strong>IN</strong></span> <span class='ocrx_word' id='word_1_299' title='bbox 1106 2072 1231 2126; x_wconf 84' lang='lat' dir='ltr'>PSA</span> <span class='ocrx_word' id='word_1_300' title='bbox 1240 2073 1427 2127; x_wconf 85' lang='lat' dir='ltr'><strong>LMUM</strong></span> <span class='ocrx_word' id='word_1_301' title='bbox 1454 2075 1544 2128; x_wconf 91' lang='lat' dir='ltr'>IlI.</span> 
     </span>
    </p>
   </div>
   <div class='ocr_carea' id='block_1_38' title="bbox 536 2159 2075 2234">
    <p class='ocr_par' dir='ltr' id='par_1_38' title="bbox 536 2159 2075 2234">
     <span class='ocr_line' id='line_1_38' title="bbox 536 2159 2075 2234; baseline 0.002 -18"><span class='ocrx_word' id='word_1_302' title='bbox 536 2161 752 2216; x_wconf 90' lang='lat' dir='ltr'>Titulus</span> <span class='ocrx_word' id='word_1_303' title='bbox 780 2159 934 2215; x_wconf 87' lang='lat' dir='ltr'>tertii</span> <span class='ocrx_word' id='word_1_304' title='bbox 966 2160 1194 2232; x_wconf 85' lang='lat' dir='ltr'>psalmi,</span> <span class='ocrx_word' id='word_1_305' title='bbox 1225 2161 1477 2215; x_wconf 73' lang='lat' dir='ltr'>Fsalmus</span> <span class='ocrx_word' id='word_1_306' title='bbox 1503 2162 1703 2230; x_wconf 81' lang='lat' dir='ltr'>David,</span> <span class='ocrx_word' id='word_1_307' title='bbox 1755 2182 1875 2218; x_wconf 90' lang='lat' dir='ltr'>cum</span> <span class='ocrx_word' id='word_1_308' title='bbox 1917 2167 2075 2234; x_wconf 78' lang='lat' dir='ltr'>fuge-</span> 
     </span>
    </p>
   </div>
   <div class='ocr_carea' id='block_1_39' title="bbox 472 2248 2077 2324">
    <p class='ocr_par' dir='ltr' id='par_1_39' title="bbox 472 2248 2077 2324">
     <span class='ocr_line' id='line_1_39' title="bbox 472 2248 2077 2324; baseline 0.002 -20"><span class='ocrx_word' id='word_1_309' title='bbox 472 2256 549 2304; x_wconf 85' lang='lat' dir='ltr'>ret</span> <span class='ocrx_word' id='word_1_310' title='bbox 575 2268 607 2303; x_wconf 87' lang='lat' dir='ltr'>a</span> <span class='ocrx_word' id='word_1_311' title='bbox 644 2250 786 2318; x_wconf 81' lang='lat' dir='ltr'>facie</span> <span class='ocrx_word' id='word_1_312' title='bbox 812 2248 1054 2302; x_wconf 85' lang='lat' dir='ltr'>Absalon</span> <span class='ocrx_word' id='word_1_313' title='bbox 1082 2248 1192 2317; x_wconf 78' lang='lat' dir='ltr'>ﬁlii</span> <span class='ocrx_word' id='word_1_314' title='bbox 1217 2250 1324 2302; x_wconf 84' lang='lat' dir='ltr'>sui.</span> <span class='ocrx_word' id='word_1_315' title='bbox 1362 2249 1458 2302; x_wconf 86' lang='lat' dir='ltr'>Hic</span> <span class='ocrx_word' id='word_1_316' title='bbox 1480 2249 1852 2321; x_wconf 89' lang='lat' dir='ltr'>titulushujus</span> <span class='ocrx_word' id='word_1_317' title='bbox 1871 2252 2077 2324; x_wconf 89' lang='lat' dir='ltr'>psalmi</span> 
     </span>
    </p>
   </div>
   <div class='ocr_carea' id='block_1_40' title="bbox 469 2335 2079 2404">
    <p class='ocr_par' dir='ltr' id='par_1_40' title="bbox 469 2335 2079 2404">
     <span class='ocr_line' id='line_1_40' title="bbox 469 2335 2079 2404; baseline 0.002 -14"><span class='ocrx_word' id='word_1_318' title='bbox 469 2337 646 2404; x_wconf 89' lang='lat' dir='ltr'>tertii,</span> <span class='ocrx_word' id='word_1_319' title='bbox 675 2339 732 2390; x_wconf 92' lang='lat' dir='ltr'>et</span> <span class='ocrx_word' id='word_1_320' title='bbox 745 2335 1058 2389; x_wconf 89' lang='lat' dir='ltr'>secundum</span> <span class='ocrx_word' id='word_1_321' title='bbox 1082 2335 1333 2390; x_wconf 56' lang='lat' dir='ltr'>historia)</span> <span class='ocrx_word' id='word_1_322' title='bbox 1348 2336 1784 2393; x_wconf 89' lang='lat' dir='ltr'>denotationem</span> <span class='ocrx_word' id='word_1_323' title='bbox 1804 2344 1861 2394; x_wconf 91' lang='lat' dir='ltr'>et</span> <span class='ocrx_word' id='word_1_324' title='bbox 1883 2358 2079 2394; x_wconf 88' lang='lat' dir='ltr'>secun-</span> 
     </span>
    </p>
   </div>
   <div class='ocr_carea' id='block_1_41' title="bbox 469 2423 2076 2498">
    <p class='ocr_par' dir='ltr' id='par_1_41' title="bbox 469 2423 2076 2498">
     <span class='ocr_line' id='line_1_41' title="bbox 469 2423 2076 2498; baseline 0.001 -18"><span class='ocrx_word' id='word_1_325' title='bbox 469 2427 608 2480; x_wconf 88' lang='lat' dir='ltr'>dum</span> <span class='ocrx_word' id='word_1_326' title='bbox 638 2424 790 2479; x_wconf 91' lang='lat' dir='ltr'>vocis</span> <span class='ocrx_word' id='word_1_327' title='bbox 817 2423 1380 2494; x_wconf 88' lang='lat' dir='ltr'>interpretationem,</span> <span class='ocrx_word' id='word_1_328' title='bbox 1436 2424 1825 2481; x_wconf 89' lang='lat' dir='ltr'>intentionem</span> <span class='ocrx_word' id='word_1_329' title='bbox 1869 2428 2076 2498; x_wconf 90' lang='lat' dir='ltr'>psalmi</span> 
     </span>
    </p>
   </div>
   <div class='ocr_carea' id='block_1_42' title="bbox 468 2511 2074 2585">
    <p class='ocr_par' dir='ltr' id='par_1_42' title="bbox 468 2511 2074 2585">
     <span class='ocr_line' id='line_1_42' title="bbox 468 2511 2074 2585; baseline 0.002 -17"><span class='ocrx_word' id='word_1_330' title='bbox 468 2511 759 2583; x_wconf 88' lang='lat' dir='ltr'>exprimit.</span> <span class='ocrx_word' id='word_1_331' title='bbox 786 2511 950 2575; x_wconf 89' lang='lat' dir='ltr'>Quod</span> <span class='ocrx_word' id='word_1_332' title='bbox 972 2511 1128 2565; x_wconf 90' lang='lat' dir='ltr'>enim</span> <span class='ocrx_word' id='word_1_333' title='bbox 1151 2511 1328 2565; x_wconf 90' lang='lat' dir='ltr'>David</span> <span class='ocrx_word' id='word_1_334' title='bbox 1342 2512 1503 2567; x_wconf 87' lang='lat' dir='ltr'>aﬁlio</span> <span class='ocrx_word' id='word_1_335' title='bbox 1519 2514 1725 2567; x_wconf 90' lang='lat' dir='ltr'>dicitur</span> <span class='ocrx_word' id='word_1_336' title='bbox 1744 2522 2074 2585; x_wconf 90' lang='lat' dir='ltr'>persecutus</span> 
     </span>
    </p>
   </div>
   <div class='ocr_carea' id='block_1_43' title="bbox 468 2598 2073 2676">
    <p class='ocr_par' dir='ltr' id='par_1_43' title="bbox 468 2598 2073 2676">
     <span class='ocr_line' id='line_1_43' title="bbox 468 2598 2073 2676; baseline 0.003 -21"><span class='ocrx_word' id='word_1_337' title='bbox 468 2601 662 2666; x_wconf 90' lang='lat' dir='ltr'>fuisse,</span> <span class='ocrx_word' id='word_1_338' title='bbox 708 2598 1069 2669; x_wconf 84' lang='lat' dir='ltr'>signiﬁcabat</span> <span class='ocrx_word' id='word_1_339' title='bbox 1123 2599 1411 2653; x_wconf 87' lang='lat' dir='ltr'>Christum</span> <span class='ocrx_word' id='word_1_340' title='bbox 1443 2617 1476 2654; x_wconf 91' lang='lat' dir='ltr'>a</span> <span class='ocrx_word' id='word_1_341' title='bbox 1507 2601 1783 2672; x_wconf 89' lang='lat' dir='ltr'>discipulo</span> <span class='ocrx_word' id='word_1_342' title='bbox 1816 2620 1939 2669; x_wconf 91' lang='lat' dir='ltr'>suo,</span> <span class='ocrx_word' id='word_1_343' title='bbox 1975 2607 2073 2676; x_wconf 89' lang='lat' dir='ltr'>qui</span> 
     </span>
    </p>
   </div>
   <div class='ocr_carea' id='block_1_44' title="bbox 469 2687 2077 2759">
    <p class='ocr_par' dir='ltr' id='par_1_44' title="bbox 469 2687 2077 2759">
     <span class='ocr_line' id='line_1_44' title="bbox 469 2687 2077 2759; baseline 0.002 -15"><span class='ocrx_word' id='word_1_344' title='bbox 469 2689 619 2744; x_wconf 88' lang='lat' dir='ltr'>ﬁlius</span> <span class='ocrx_word' id='word_1_345' title='bbox 650 2689 772 2759; x_wconf 86' lang='lat' dir='ltr'>ejus</span> <span class='ocrx_word' id='word_1_346' title='bbox 799 2691 924 2742; x_wconf 90' lang='lat' dir='ltr'>erat</span> <span class='ocrx_word' id='word_1_347' title='bbox 949 2687 1227 2758; x_wconf 88' lang='lat' dir='ltr'>specialis,</span> <span class='ocrx_word' id='word_1_348' title='bbox 1254 2690 1717 2759; x_wconf 89' lang='lat' dir='ltr'>persequendum</span> <span class='ocrx_word' id='word_1_349' title='bbox 1734 2692 1876 2747; x_wconf 87' lang='lat' dir='ltr'>fore.</span> <span class='ocrx_word' id='word_1_350' title='bbox 1901 2694 2077 2749; x_wconf 81' lang='lat' dir='ltr'>Absa-</span> 
     </span>
    </p>
   </div>
   <div class='ocr_carea' id='block_1_45' title="bbox 466 2774 2071 2849">
    <p class='ocr_par' dir='ltr' id='par_1_45' title="bbox 466 2774 2071 2849">
     <span class='ocr_line' id='line_1_45' title="bbox 466 2774 2071 2849; baseline 0.002 -17"><span class='ocrx_word' id='word_1_351' title='bbox 466 2778 565 2833; x_wconf 90' lang='lat' dir='ltr'>lon</span> <span class='ocrx_word' id='word_1_352' title='bbox 598 2780 791 2831; x_wconf 90' lang='lat' dir='ltr'>autem</span> <span class='ocrx_word' id='word_1_353' title='bbox 809 2774 985 2830; x_wconf 90' lang='lat' dir='ltr'>David</span> <span class='ocrx_word' id='word_1_354' title='bbox 1002 2775 1171 2839; x_wconf 91' lang='lat' dir='ltr'>ﬁlius,</span> <span class='ocrx_word' id='word_1_355' title='bbox 1179 2779 1354 2846; x_wconf 83' lang='lat' dir='ltr'>patris</span> <span class='ocrx_word' id='word_1_356' title='bbox 1377 2778 2071 2849; x_wconf 73' lang='lat' dir='ltr'>paxinterpretatur.l\&#39;on</span> 
     </span>
    </p>
   </div>
   <div class='ocr_carea' id='block_1_46' title="bbox 468 2865 2070 2938">
    <p class='ocr_par' dir='ltr' id='par_1_46' title="bbox 468 2865 2070 2938">
     <span class='ocr_line' id='line_1_46' title="bbox 468 2865 2070 2938; baseline 0.002 -18"><span class='ocrx_word' id='word_1_357' title='bbox 468 2865 623 2937; x_wconf 86' lang='lat' dir='ltr'>quod</span> <span class='ocrx_word' id='word_1_358' title='bbox 638 2880 775 2935; x_wconf 89' lang='lat' dir='ltr'>erga</span> <span class='ocrx_word' id='word_1_359' title='bbox 788 2867 1012 2935; x_wconf 88' lang='lat' dir='ltr'>patrem</span> <span class='ocrx_word' id='word_1_360' title='bbox 1030 2880 1227 2934; x_wconf 82' lang='lat' dir='ltr'>pacem</span> <span class='ocrx_word' id='word_1_361' title='bbox 1250 2865 1615 2929; x_wconf 75' lang='lat' dir='ltr'>haberet,sod</span> <span class='ocrx_word' id='word_1_362' title='bbox 1629 2868 1762 2938; x_wconf 87' lang='lat' dir='ltr'>quia</span> <span class='ocrx_word' id='word_1_363' title='bbox 1790 2886 1920 2923; x_wconf 91' lang='lat' dir='ltr'>cum</span> <span class='ocrx_word' id='word_1_364' title='bbox 1937 2887 2070 2924; x_wconf 92' lang='lat' dir='ltr'>eum</span> 
     </span>
    </p>
   </div>
   <div class='ocr_carea' id='block_1_47' title="bbox 468 2953 2076 3027">
    <p class='ocr_par' dir='ltr' id='par_1_47' title="bbox 468 2953 2076 3027">
     <span class='ocr_line' id='line_1_47' title="bbox 468 2953 2076 3027; baseline 0.004 -20"><span class='ocrx_word' id='word_1_365' title='bbox 468 2953 939 3024; x_wconf 88' lang='lat' dir='ltr'>persequebatur,</span> <span class='ocrx_word' id='word_1_366' title='bbox 960 2954 1122 3021; x_wconf 88' lang='lat' dir='ltr'>pater</span> <span class='ocrx_word' id='word_1_367' title='bbox 1138 2968 1275 3023; x_wconf 87' lang='lat' dir='ltr'>erga</span> <span class='ocrx_word' id='word_1_368' title='bbox 1297 2969 1427 3006; x_wconf 87' lang='lat' dir='ltr'>eum</span> <span class='ocrx_word' id='word_1_369' title='bbox 1448 2972 1649 3025; x_wconf 82' lang='lat' dir='ltr'>pacem</span> <span class='ocrx_word' id='word_1_370' title='bbox 1666 2973 1783 3011; x_wconf 79' lang='lat' dir='ltr'>sem</span> <span class='ocrx_word' id='word_1_371' title='bbox 1791 2973 1895 3027; x_wconf 90' lang='lat' dir='ltr'>per</span> <span class='ocrx_word' id='word_1_372' title='bbox 1906 2958 2076 3013; x_wconf 88' lang='lat' dir='ltr'>habe-</span> 
     </span>
    </p>
   </div>
   <div class='ocr_carea' id='block_1_48' title="bbox 467 3039 2073 3113">
    <p class='ocr_par' dir='ltr' id='par_1_48' title="bbox 467 3039 2073 3113">
     <span class='ocr_line' id='line_1_48' title="bbox 467 3039 2073 3113; baseline 0.003 -17"><span class='ocrx_word' id='word_1_373' title='bbox 467 3042 586 3097; x_wconf 90' lang='lat' dir='ltr'>bat.</span> <span class='ocrx_word' id='word_1_374' title='bbox 622 3043 705 3094; x_wconf 86' lang='lat' dir='ltr'>lta</span> <span class='ocrx_word' id='word_1_375' title='bbox 729 3043 786 3094; x_wconf 90' lang='lat' dir='ltr'>et</span> <span class='ocrx_word' id='word_1_376' title='bbox 817 3039 1069 3094; x_wconf 88' lang='lat' dir='ltr'>Christus</span> <span class='ocrx_word' id='word_1_377' title='bbox 1089 3055 1218 3094; x_wconf 91' lang='lat' dir='ltr'>cum</span> <span class='ocrx_word' id='word_1_378' title='bbox 1242 3059 1275 3095; x_wconf 89' lang='lat' dir='ltr'>a</span> <span class='ocrx_word' id='word_1_379' title='bbox 1300 3042 1443 3095; x_wconf 87' lang='lat' dir='ltr'>Juda</span> <span class='ocrx_word' id='word_1_380' title='bbox 1474 3043 1590 3097; x_wconf 89' lang='lat' dir='ltr'>ﬁiio</span> <span class='ocrx_word' id='word_1_381' title='bbox 1604 3061 1704 3098; x_wconf 91' lang='lat' dir='ltr'>suo</span> <span class='ocrx_word' id='word_1_382' title='bbox 1729 3046 2073 3113; x_wconf 84' lang='lat' dir='ltr'>traderetur,</span> 
     </span>
    </p>
   </div>
   <div class='ocr_carea' id='block_1_49' title="bbox 468 3128 2077 3202">
    <p class='ocr_par' dir='ltr' id='par_1_49' title="bbox 468 3128 2077 3202">
     <span class='ocr_line' id='line_1_49' title="bbox 468 3128 2077 3202; baseline 0.003 -19"><span class='ocrx_word' id='word_1_383' title='bbox 468 3145 670 3202; x_wconf 90' lang='lat' dir='ltr'>pacem</span> <span class='ocrx_word' id='word_1_384' title='bbox 706 3145 845 3199; x_wconf 86' lang='lat' dir='ltr'>erga</span> <span class='ocrx_word' id='word_1_385' title='bbox 877 3144 1008 3181; x_wconf 90' lang='lat' dir='ltr'>eum</span> <span class='ocrx_word' id='word_1_386' title='bbox 1048 3128 1286 3194; x_wconf 86' lang='lat' dir='ltr'>habens,</span> <span class='ocrx_word' id='word_1_387' title='bbox 1349 3132 1607 3184; x_wconf 87' lang='lat' dir='ltr'>osculum</span> <span class='ocrx_word' id='word_1_388' title='bbox 1640 3132 1815 3186; x_wconf 91' lang='lat' dir='ltr'>etiam</span> <span class='ocrx_word' id='word_1_389' title='bbox 1873 3134 1923 3187; x_wconf 93' lang='lat' dir='ltr'>ei</span> <span class='ocrx_word' id='word_1_390' title='bbox 1958 3152 2077 3188; x_wconf 90' lang='lat' dir='ltr'>non</span> 
     </span>
    </p>
   </div>
   <div class='ocr_carea' id='block_1_50' title="bbox 470 3215 2080 3292">
    <p class='ocr_par' dir='ltr' id='par_1_50' title="bbox 470 3215 2080 3292">
     <span class='ocr_line' id='line_1_50' title="bbox 470 3215 2080 3292; baseline 0.002 -20"><span class='ocrx_word' id='word_1_391' title='bbox 470 3216 793 3287; x_wconf 85' lang='lat' dir='ltr'>denegavit.</span> <span class='ocrx_word' id='word_1_392' title='bbox 829 3215 983 3270; x_wconf 92' lang='lat' dir='ltr'>Sicut</span> <span class='ocrx_word' id='word_1_393' title='bbox 1012 3220 1203 3269; x_wconf 89' lang='lat' dir='ltr'>autem</span> <span class='ocrx_word' id='word_1_394' title='bbox 1237 3216 1330 3270; x_wconf 89' lang='lat' dir='ltr'>ille</span> <span class='ocrx_word' id='word_1_395' title='bbox 1361 3234 1466 3288; x_wconf 90' lang='lat' dir='ltr'>pro</span> <span class='ocrx_word' id='word_1_396' title='bbox 1492 3221 1748 3289; x_wconf 89' lang='lat' dir='ltr'>nequitia</span> <span class='ocrx_word' id='word_1_397' title='bbox 1768 3221 1937 3292; x_wconf 88' lang='lat' dir='ltr'>periit</span> <span class='ocrx_word' id='word_1_398' title='bbox 1967 3240 2080 3275; x_wconf 90' lang='lat' dir='ltr'>sus-</span> 
     </span>
    </p>
   </div>
   <div class='ocr_carea' id='block_1_51' title="bbox 468 3304 2073 3380">
    <p class='ocr_par' dir='ltr' id='par_1_51' title="bbox 468 3304 2073 3380">
     <span class='ocr_line' id='line_1_51' title="bbox 468 3304 2073 3380; baseline 0.004 -22"><span class='ocrx_word' id='word_1_399' title='bbox 468 3305 703 3375; x_wconf 88' lang='lat' dir='ltr'>pendio,</span> <span class='ocrx_word' id='word_1_400' title='bbox 740 3304 816 3357; x_wconf 83' lang='lat' dir='ltr'>sic</span> <span class='ocrx_word' id='word_1_401' title='bbox 840 3306 897 3357; x_wconf 93' lang='lat' dir='ltr'>et</span> <span class='ocrx_word' id='word_1_402' title='bbox 925 3304 1097 3357; x_wconf 73' lang='lat' dir='ltr'>ludas</span> <span class='ocrx_word' id='word_1_403' title='bbox 1129 3304 1297 3374; x_wconf 90' lang='lat' dir='ltr'>periit</span> <span class='ocrx_word' id='word_1_404' title='bbox 1332 3322 1434 3376; x_wconf 90' lang='lat' dir='ltr'>pro</span> <span class='ocrx_word' id='word_1_405' title='bbox 1462 3308 1806 3361; x_wconf 85' lang='lat' dir='ltr'>venditionis</span> <span class='ocrx_word' id='word_1_406' title='bbox 1834 3309 2073 3380; x_wconf 72' lang='lat' dir='ltr'>flagitio.</span> 
     </span>
    </p>
   </div>
   <div class='ocr_carea' id='block_1_52' title="bbox 468 3391 2075 3461">
    <p class='ocr_par' dir='ltr' id='par_1_52' title="bbox 468 3391 2075 3461">
     <span class='ocr_line' id='line_1_52' title="bbox 468 3391 2075 3461; baseline 0.004 -16"><span class='ocrx_word' id='word_1_407' title='bbox 468 3392 536 3445; x_wconf 88' lang='lat' dir='ltr'>Et</span> <span class='ocrx_word' id='word_1_408' title='bbox 564 3392 710 3445; x_wconf 93' lang='lat' dir='ltr'>bene</span> <span class='ocrx_word' id='word_1_409' title='bbox 744 3391 972 3444; x_wconf 91' lang='lat' dir='ltr'>titulum</span> <span class='ocrx_word' id='word_1_410' title='bbox 1004 3391 1157 3444; x_wconf 87' lang='lat' dir='ltr'>hunc</span> <span class='ocrx_word' id='word_1_411' title='bbox 1186 3395 1319 3445; x_wconf 88' lang='lat' dir='ltr'>ante</span> <span class='ocrx_word' id='word_1_412' title='bbox 1363 3392 1595 3447; x_wconf 90' lang='lat' dir='ltr'>titulum</span> <span class='ocrx_word' id='word_1_413' title='bbox 1649 3395 1904 3449; x_wconf 75' lang='lat' dir='ltr'>Miserere</span> <span class='ocrx_word' id='word_1_414' title='bbox 1952 3401 2075 3461; x_wconf 87' lang='lat' dir='ltr'>mei,</span> 
     </span>
    </p>
   </div>
   <div class='ocr_carea' id='block_1_53' title="bbox 466 3479 2079 3550">
    <p class='ocr_par' dir='ltr' id='par_1_53' title="bbox 466 3479 2079 3550">
     <span class='ocr_line' id='line_1_53' title="bbox 466 3479 2079 3550; baseline 0.005 -17"><span class='ocrx_word' id='word_1_415' title='bbox 466 3479 611 3534; x_wconf 79' lang='lat' dir='ltr'>Deus</span> <span class='ocrx_word' id='word_1_416' title='bbox 639 3479 808 3550; x_wconf 84' lang='lat' dir='ltr'>(Psal.</span> <span class='ocrx_word' id='word_1_417' title='bbox 838 3481 912 3545; x_wconf 85' lang='lat' dir='ltr'>Ll,</span> <span class='ocrx_word' id='word_1_418' title='bbox 944 3479 1153 3549; x_wconf 89' lang='lat' dir='ltr'>posuit,</span> <span class='ocrx_word' id='word_1_419' title='bbox 1184 3480 1278 3549; x_wconf 92' lang='lat' dir='ltr'>qui</span> <span class='ocrx_word' id='word_1_420' title='bbox 1308 3479 1433 3534; x_wconf 90' lang='lat' dir='ltr'>talis</span> <span class='ocrx_word' id='word_1_421' title='bbox 1463 3485 1577 3535; x_wconf 89' lang='lat' dir='ltr'>est:</span> <span class='ocrx_word' id='word_1_422' title='bbox 1613 3482 1866 3538; x_wconf 75' lang='lat' dir='ltr'>Psalmus</span> <span class='ocrx_word' id='word_1_423' title='bbox 1898 3486 2079 3541; x_wconf 84' lang='lat' dir='ltr'>David</span> 
     </span>
    </p>
   </div>
   <div class='ocr_carea' id='block_1_54' title="bbox 466 3565 2080 3643">
    <p class='ocr_par' dir='ltr' id='par_1_54' title="bbox 466 3565 2080 3643">
     <span class='ocr_line' id='line_1_54' title="bbox 466 3565 2080 3643; baseline 0.004 -20"><span class='ocrx_word' id='word_1_424' title='bbox 466 3586 586 3623; x_wconf 83' lang='lat' dir='ltr'>cum</span> <span class='ocrx_word' id='word_1_425' title='bbox 616 3569 839 3621; x_wconf 84' lang='lat' dir='ltr'>intravit</span> <span class='ocrx_word' id='word_1_426' title='bbox 888 3567 957 3620; x_wconf 87' lang='lat' dir='ltr'>ad</span> <span class='ocrx_word' id='word_1_427' title='bbox 990 3565 1298 3621; x_wconf 79' lang='lat' dir='ltr'>Bethsabet.</span> <span class='ocrx_word' id='word_1_428' title='bbox 1336 3570 1396 3621; x_wconf 91' lang='lat' dir='ltr'>ln</span> <span class='ocrx_word' id='word_1_429' title='bbox 1428 3570 1536 3624; x_wconf 88' lang='lat' dir='ltr'>hoc</span> <span class='ocrx_word' id='word_1_430' title='bbox 1587 3570 1797 3643; x_wconf 86' lang='lat' dir='ltr'>quippe</span> <span class='ocrx_word' id='word_1_431' title='bbox 1821 3574 2080 3630; x_wconf 91' lang='lat' dir='ltr'>innuitur</span> 
     </span>
    </p>
   </div>
   <div class='ocr_carea' id='block_1_55' title="bbox 470 3657 2073 3730">
    <p class='ocr_par' dir='ltr' id='par_1_55' title="bbox 470 3657 2073 3730">
     <span class='ocr_line' id='line_1_55' title="bbox 470 3657 2073 3730; baseline 0.002 -15"><span class='ocrx_word' id='word_1_432' title='bbox 470 3658 665 3715; x_wconf 87' lang='lat' dir='ltr'>nonad</span> <span class='ocrx_word' id='word_1_433' title='bbox 678 3657 977 3712; x_wconf 87' lang='lat' dir='ltr'>historiam</span> <span class='ocrx_word' id='word_1_434' title='bbox 993 3657 1456 3726; x_wconf 89' lang='lat' dir='ltr'>psalmumistum</span> <span class='ocrx_word' id='word_1_435' title='bbox 1473 3659 1912 3730; x_wconf 88' lang='lat' dir='ltr'>intelligendum</span> <span class='ocrx_word' id='word_1_436' title='bbox 1931 3682 2073 3720; x_wconf 87' lang='lat' dir='ltr'>esse.</span> 
     </span>
    </p>
   </div>
   <div class='ocr_carea' id='block_1_56' title="bbox 467 3732 2076 3824">
    <p class='ocr_par' dir='ltr' id='par_1_56' title="bbox 467 3732 2076 3824">
     <span class='ocr_line' id='line_1_56' title="bbox 467 3732 2076 3824; baseline 0.002 -21"><span class='ocrx_word' id='word_1_437' title='bbox 467 3748 524 3804; x_wconf 91' lang='lat' dir='ltr'>Si</span> <span class='ocrx_word' id='word_1_438' title='bbox 548 3732 612 3818; x_wconf 85' lang='lat'>8</span> <span class='ocrx_word' id='word_1_439' title='bbox 634 3747 791 3802; x_wconf 90' lang='lat' dir='ltr'>enim</span> <span class='ocrx_word' id='word_1_440' title='bbox 824 3746 895 3800; x_wconf 91' lang='lat' dir='ltr'>ad</span> <span class='ocrx_word' id='word_1_441' title='bbox 926 3744 1226 3799; x_wconf 88' lang='lat' dir='ltr'>historiam</span> <span class='ocrx_word' id='word_1_442' title='bbox 1260 3750 1407 3800; x_wconf 88' lang='lat' dir='ltr'>esset</span> <span class='ocrx_word' id='word_1_443' title='bbox 1428 3748 1850 3819; x_wconf 87' lang='lat' dir='ltr'>accipiendum,</span> <span class='ocrx_word' id='word_1_444' title='bbox 1880 3753 2076 3824; x_wconf 89' lang='lat' dir='ltr'>utique</span> 
     </span>
    </p>
   </div>
   <div class='ocr_carea' id='block_1_57' title="bbox 464 3833 2072 3909">
    <p class='ocr_par' dir='ltr' id='par_1_57' title="bbox 464 3833 2072 3909">
     <span class='ocr_line' id='line_1_57' title="bbox 464 3833 2072 3909; baseline 0.002 -17"><span class='ocrx_word' id='word_1_445' title='bbox 464 3841 593 3909; x_wconf 90' lang='lat' dir='ltr'>post</span> <span class='ocrx_word' id='word_1_446' title='bbox 620 3835 873 3890; x_wconf 79' lang='lat' dir='ltr'>Miserere</span> <span class='ocrx_word' id='word_1_447' title='bbox 904 3836 1023 3899; x_wconf 89' lang='lat' dir='ltr'>mei,</span> <span class='ocrx_word' id='word_1_448' title='bbox 1056 3833 1219 3901; x_wconf 84' lang='lat' dir='ltr'>Deus,</span> <span class='ocrx_word' id='word_1_449' title='bbox 1254 3836 1567 3889; x_wconf 90' lang='lat' dir='ltr'>secundum</span> <span class='ocrx_word' id='word_1_450' title='bbox 1592 3837 1840 3891; x_wconf 76' lang='lat' dir='ltr'>historiae</span> <span class='ocrx_word' id='word_1_451' title='bbox 1868 3842 2072 3896; x_wconf 87' lang='lat' dir='ltr'>seriem</span> 
     </span>
    </p>
   </div>
   <div class='ocr_carea' id='block_1_58' title="bbox 464 3921 2075 3997">
    <p class='ocr_par' dir='ltr' id='par_1_58' title="bbox 464 3921 2075 3997">
     <span class='ocr_line' id='line_1_58' title="bbox 464 3921 2075 3997; baseline 0.002 -16"><span class='ocrx_word' id='word_1_452' title='bbox 464 3929 612 3982; x_wconf 89' lang='lat' dir='ltr'>esset</span> <span class='ocrx_word' id='word_1_453' title='bbox 644 3923 946 3997; x_wconf 90' lang='lat' dir='ltr'>ponendus</span> <span class='ocrx_word' id='word_1_454' title='bbox 1005 3921 1221 3975; x_wconf 88' lang='lat' dir='ltr'>Titulus</span> <span class='ocrx_word' id='word_1_455' title='bbox 1271 3938 1403 3976; x_wconf 84' lang='lat' dir='ltr'>vero</span> <span class='ocrx_word' id='word_1_456' title='bbox 1429 3924 1505 3976; x_wconf 90' lang='lat' dir='ltr'>sic</span> <span class='ocrx_word' id='word_1_457' title='bbox 1532 3925 1836 3994; x_wconf 87' lang='lat' dir='ltr'>exponitur</span> <span class='ocrx_word' id='word_1_458' title='bbox 1871 3945 1883 3981; x_wconf 88' lang='lat'>:</span> <span class='ocrx_word' id='word_1_459' title='bbox 1918 3928 2075 3985; x_wconf 82' lang='lat' dir='ltr'>Psal-</span> 
     </span>
    </p>
   </div>
   <div class='ocr_carea' id='block_1_59' title="bbox 461 4010 2067 4082">
    <p class='ocr_par' dir='ltr' id='par_1_59' title="bbox 461 4010 2067 4082">
     <span class='ocr_line' id='line_1_59' title="bbox 461 4010 2067 4082; baseline 0.001 -13"><span class='ocrx_word' id='word_1_460' title='bbox 461 4033 578 4070; x_wconf 84' lang='lat' dir='ltr'>mus</span> <span class='ocrx_word' id='word_1_461' title='bbox 621 4012 803 4066; x_wconf 84' lang='lat' dir='ltr'>David</span> <span class='ocrx_word' id='word_1_462' title='bbox 851 4028 973 4065; x_wconf 88' lang='lat' dir='ltr'>cum</span> <span class='ocrx_word' id='word_1_463' title='bbox 1014 4010 1224 4078; x_wconf 79' lang='lat' dir='ltr'>fugeret</span> <span class='ocrx_word' id='word_1_464' title='bbox 1261 4028 1293 4061; x_wconf 88' lang='lat' dir='ltr'>a</span> <span class='ocrx_word' id='word_1_465' title='bbox 1316 4011 1465 4079; x_wconf 85' lang='lat' dir='ltr'>facie</span> <span class='ocrx_word' id='word_1_466' title='bbox 1512 4010 1753 4065; x_wconf 81' lang='lat' dir='ltr'>Absalon</span> <span class='ocrx_word' id='word_1_467' title='bbox 1803 4015 1918 4082; x_wconf 76' lang='lat' dir='ltr'>ﬁlii</span> <span class='ocrx_word' id='word_1_468' title='bbox 1961 4020 2067 4072; x_wconf 81' lang='lat' dir='ltr'>sui.</span> 
     </span>
    </p>
   </div>
   <div class='ocr_carea' id='block_1_60' title="bbox 465 4097 2074 4169">
    <p class='ocr_par' dir='ltr' id='par_1_60' title="bbox 465 4097 2074 4169">
     <span class='ocr_line' id='line_1_60' title="bbox 465 4097 2074 4169; baseline 0.001 -11"><span class='ocrx_word' id='word_1_469' title='bbox 465 4103 628 4169; x_wconf 89' lang='lat' dir='ltr'>Quod</span> <span class='ocrx_word' id='word_1_470' title='bbox 657 4104 741 4155; x_wconf 87' lang='lat' dir='ltr'>est</span> <span class='ocrx_word' id='word_1_471' title='bbox 771 4098 959 4154; x_wconf 88' lang='lat' dir='ltr'>dicere</span> <span class='ocrx_word' id='word_1_472' title='bbox 993 4113 1007 4151; x_wconf 87' lang='lat'>:</span> <span class='ocrx_word' id='word_1_473' title='bbox 1042 4097 1303 4162; x_wconf 85' lang='lat' dir='ltr'>Psalmus,</span> <span class='ocrx_word' id='word_1_474' title='bbox 1340 4097 1397 4150; x_wconf 92' lang='lat' dir='ltr'>id</span> <span class='ocrx_word' id='word_1_475' title='bbox 1428 4102 1513 4152; x_wconf 92' lang='lat' dir='ltr'>est</span> <span class='ocrx_word' id='word_1_476' title='bbox 1554 4103 1826 4154; x_wconf 88' lang='lat' dir='ltr'>tractatus</span> <span class='ocrx_word' id='word_1_477' title='bbox 1858 4103 1959 4157; x_wconf 89' lang='lat' dir='ltr'>iste</span> <span class='ocrx_word' id='word_1_478' title='bbox 1993 4109 2074 4159; x_wconf 88' lang='lat' dir='ltr'>at-</span> 
     </span>
    </p>
   </div>
   <div class='ocr_carea' id='block_1_61' title="bbox 462 4183 2069 4252">
    <p class='ocr_par' dir='ltr' id='par_1_61' title="bbox 462 4183 2069 4252">
     <span class='ocr_line' id='line_1_61' title="bbox 462 4183 2069 4252; baseline 0.002 -7"><span class='ocrx_word' id='word_1_479' title='bbox 462 4187 801 4246; x_wconf 85' lang='lat' dir='ltr'>tribuendus</span> <span class='ocrx_word' id='word_1_480' title='bbox 823 4188 906 4239; x_wconf 90' lang='lat' dir='ltr'>est</span> <span class='ocrx_word' id='word_1_481' title='bbox 936 4183 1134 4249; x_wconf 82' lang='lat' dir='ltr'>David,</span> <span class='ocrx_word' id='word_1_482' title='bbox 1162 4183 1217 4236; x_wconf 93' lang='lat' dir='ltr'>id</span> <span class='ocrx_word' id='word_1_483' title='bbox 1236 4184 1570 4252; x_wconf 79' lang='lat' dir='ltr'>estCliristo,</span> <span class='ocrx_word' id='word_1_484' title='bbox 1601 4189 1901 4243; x_wconf 89' lang='lat' dir='ltr'>continens</span> <span class='ocrx_word' id='word_1_485' title='bbox 1931 4192 2069 4248; x_wconf 90' lang='lat' dir='ltr'>illud</span> 
     </span>
    </p>
   </div>
   <div class='ocr_carea' id='block_1_62' title="bbox 2178 1824 3788 1907">
    <p class='ocr_par' dir='ltr' id='par_1_62' title="bbox 2178 1824 3788 1907">
     <span class='ocr_line' id='line_1_62' title="bbox 2178 1824 3788 1907; baseline 0.009 -32"><span class='ocrx_word' id='word_1_486' title='bbox 2178 1824 2453 1892; x_wconf 89' lang='lat' dir='ltr'>passionis</span> <span class='ocrx_word' id='word_1_487' title='bbox 2480 1845 2593 1882; x_wconf 64' lang='lat' dir='ltr'>sua:</span> <span class='ocrx_word' id='word_1_488' title='bbox 2627 1830 2874 1884; x_wconf 85' lang='lat' dir='ltr'>fructum</span> <span class='ocrx_word' id='word_1_489' title='bbox 2908 1833 3145 1899; x_wconf 89' lang='lat' dir='ltr'>accedit,</span> <span class='ocrx_word' id='word_1_490' title='bbox 3173 1850 3305 1887; x_wconf 92' lang='lat' dir='ltr'>cum</span> <span class='ocrx_word' id='word_1_491' title='bbox 3338 1835 3476 1890; x_wconf 88' lang='lat' dir='ltr'>dicit</span> <span class='ocrx_word' id='word_1_492' title='bbox 3504 1852 3516 1891; x_wconf 94' lang='lat'>:</span> <span class='ocrx_word' id='word_1_493' title='bbox 3550 1836 3656 1907; x_wconf 87' lang='lat' dir='ltr'>Ipsi</span> <span class='ocrx_word' id='word_1_494' title='bbox 3690 1837 3788 1890; x_wconf 91' lang='lat' dir='ltr'>tri-</span> 
     </span>
    </p>
   </div>
   <div class='ocr_carea' id='block_1_63' title="bbox 2178 1909 3789 1983">
    <p class='ocr_par' dir='ltr' id='par_1_63' title="bbox 2178 1909 3789 1983">
     <span class='ocr_line' id='line_1_63' title="bbox 2178 1909 3789 1983; baseline 0.009 -21"><span class='ocrx_word' id='word_1_495' title='bbox 2178 1909 2385 1966; x_wconf 88' lang='lat' dir='ltr'>bulant</span> <span class='ocrx_word' id='word_1_496' title='bbox 2409 1931 2504 1967; x_wconf 90' lang='lat' dir='ltr'>me</span> <span class='ocrx_word' id='word_1_497' title='bbox 2539 1920 2747 1983; x_wconf 86' lang='lat' dir='ltr'>morte,</span> <span class='ocrx_word' id='word_1_498' title='bbox 2781 1922 2837 1971; x_wconf 91' lang='lat' dir='ltr'>et</span> <span class='ocrx_word' id='word_1_499' title='bbox 2857 1920 3200 1975; x_wconf 90' lang='lat' dir='ltr'>multimoda</span> <span class='ocrx_word' id='word_1_500' title='bbox 3223 1922 3509 1977; x_wconf 84' lang='lat' dir='ltr'>anxietate</span> <span class='ocrx_word' id='word_1_501' title='bbox 3535 1941 3547 1979; x_wconf 92' lang='lat'><strong>:</strong></span> <span class='ocrx_word' id='word_1_502' title='bbox 3583 1924 3667 1978; x_wconf 83' lang='lat' dir='ltr'>Tu</span> <span class='ocrx_word' id='word_1_503' title='bbox 3692 1941 3789 1980; x_wconf 85' lang='lat' dir='ltr'>au-</span> 
     </span>
    </p>
   </div>
   <div class='ocr_carea' id='block_1_64' title="bbox 2179 1991 3787 2080">
    <p class='ocr_par' dir='ltr' id='par_1_64' title="bbox 2179 1991 3787 2080">
     <span class='ocr_line' id='line_1_64' title="bbox 2179 1991 3787 2080; baseline 0.011 -29"><span class='ocrx_word' id='word_1_504' title='bbox 2179 2004 2305 2064; x_wconf 83' lang='lat' dir='ltr'>tem,</span> <span class='ocrx_word' id='word_1_505' title='bbox 2336 2002 2586 2069; x_wconf 86' lang='lat' dir='ltr'>Domine,</span> <span class='ocrx_word' id='word_1_506' title='bbox 2616 1991 2929 2076; x_wconf 78' lang='lat' dir='ltr'>quipotens</span> <span class='ocrx_word' id='word_1_507' title='bbox 2960 2025 3020 2062; x_wconf 91' lang='lat' dir='ltr'>es</span> <span class='ocrx_word' id='word_1_508' title='bbox 3050 2009 3122 2063; x_wconf 89' lang='lat' dir='ltr'>ad</span> <span class='ocrx_word' id='word_1_509' title='bbox 3148 2014 3620 2080; x_wconf 87' lang='lat' dir='ltr'>succurrendum,</span> <span class='ocrx_word' id='word_1_510' title='bbox 3652 2030 3787 2069; x_wconf 90' lang='lat' dir='ltr'>cum</span> 
     </span>
    </p>
   </div>
   <div class='ocr_carea' id='block_1_65' title="bbox 2179 2089 3786 2171">
    <p class='ocr_par' dir='ltr' id='par_1_65' title="bbox 2179 2089 3786 2171">
     <span class='ocr_line' id='line_1_65' title="bbox 2179 2089 3786 2171; baseline 0.009 -29"><span class='ocrx_word' id='word_1_511' title='bbox 2179 2089 2250 2141; x_wconf 90' lang='lat' dir='ltr'>sis</span> <span class='ocrx_word' id='word_1_512' title='bbox 2272 2091 2551 2151; x_wconf 87' lang='lat' dir='ltr'>Dominus</span> <span class='ocrx_word' id='word_1_513' title='bbox 2569 2094 2854 2160; x_wconf 89' lang='lat' dir='ltr'>omnium,</span> <span class='ocrx_word' id='word_1_514' title='bbox 2874 2112 2943 2161; x_wconf 86' lang='lat' dir='ltr'>es,</span> <span class='ocrx_word' id='word_1_515' title='bbox 2964 2096 3021 2150; x_wconf 94' lang='lat' dir='ltr'>id</span> <span class='ocrx_word' id='word_1_516' title='bbox 3054 2101 3137 2150; x_wconf 89' lang='lat' dir='ltr'>est</span> <span class='ocrx_word' id='word_1_517' title='bbox 3164 2098 3296 2165; x_wconf 89' lang='lat' dir='ltr'>eris,</span> <span class='ocrx_word' id='word_1_518' title='bbox 3326 2107 3588 2171; x_wconf 81' lang='lat' dir='ltr'>susceptor</span> <span class='ocrx_word' id='word_1_519' title='bbox 3620 2119 3786 2167; x_wconf 79' lang='lat' dir='ltr'>meus,</span> 
     </span>
    </p>
   </div>
   <div class='ocr_carea' id='block_1_66' title="bbox 2177 2176 3791 2252">
    <p class='ocr_par' dir='ltr' id='par_1_66' title="bbox 2177 2176 3791 2252">
     <span class='ocr_line' id='line_1_66' title="bbox 2177 2176 3791 2252; baseline 0.009 -22"><span class='ocrx_word' id='word_1_520' title='bbox 2177 2176 2237 2230; x_wconf 93' lang='lat' dir='ltr'>id</span> <span class='ocrx_word' id='word_1_521' title='bbox 2268 2182 2353 2231; x_wconf 90' lang='lat' dir='ltr'>est</span> <span class='ocrx_word' id='word_1_522' title='bbox 2386 2180 2641 2234; x_wconf 89' lang='lat' dir='ltr'>medicus</span> <span class='ocrx_word' id='word_1_523' title='bbox 2672 2185 2727 2235; x_wconf 88' lang='lat' dir='ltr'>et</span> <span class='ocrx_word' id='word_1_524' title='bbox 2768 2185 3065 2252; x_wconf 90' lang='lat' dir='ltr'>patronus,</span> <span class='ocrx_word' id='word_1_525' title='bbox 3100 2187 3459 2242; x_wconf 89' lang='lat' dir='ltr'>resuscitabis</span> <span class='ocrx_word' id='word_1_526' title='bbox 3478 2189 3791 2244; x_wconf 91' lang='lat' dir='ltr'>me.Susci-</span> 
     </span>
    </p>
   </div>
   <div class='ocr_carea' id='block_1_67' title="bbox 2178 2268 3788 2348">
    <p class='ocr_par' dir='ltr' id='par_1_67' title="bbox 2178 2268 3788 2348">
     <span class='ocr_line' id='line_1_67' title="bbox 2178 2268 3788 2348; baseline 0.008 -30"><span class='ocrx_word' id='word_1_527' title='bbox 2178 2283 2315 2336; x_wconf 90' lang='lat' dir='ltr'>pere</span> <span class='ocrx_word' id='word_1_528' title='bbox 2347 2268 2505 2321; x_wconf 89' lang='lat' dir='ltr'>enim</span> <span class='ocrx_word' id='word_1_529' title='bbox 2538 2270 2897 2325; x_wconf 87' lang='lat' dir='ltr'>medicorum</span> <span class='ocrx_word' id='word_1_530' title='bbox 2915 2276 3020 2338; x_wconf 90' lang='lat' dir='ltr'>est,</span> <span class='ocrx_word' id='word_1_531' title='bbox 3052 2276 3114 2326; x_wconf 93' lang='lat' dir='ltr'>ut</span> <span class='ocrx_word' id='word_1_532' title='bbox 3144 2291 3329 2345; x_wconf 72' lang='lat' dir='ltr'>mgros</span> <span class='ocrx_word' id='word_1_533' title='bbox 3354 2280 3579 2345; x_wconf 87' lang='lat' dir='ltr'>sanent,</span> <span class='ocrx_word' id='word_1_534' title='bbox 3599 2281 3657 2331; x_wconf 89' lang='lat' dir='ltr'>et</span> <span class='ocrx_word' id='word_1_535' title='bbox 3686 2294 3788 2348; x_wconf 91' lang='lat' dir='ltr'>pa-</span> 
     </span>
    </p>
   </div>
   <div class='ocr_carea' id='block_1_68' title="bbox 2180 2356 3788 2437">
    <p class='ocr_par' dir='ltr' id='par_1_68' title="bbox 2180 2356 3788 2437">
     <span class='ocr_line' id='line_1_68' title="bbox 2180 2356 3788 2437; baseline 0.009 -31"><span class='ocrx_word' id='word_1_536' title='bbox 2180 2356 2510 2421; x_wconf 87' lang='lat' dir='ltr'>tronorum,</span> <span class='ocrx_word' id='word_1_537' title='bbox 2546 2360 2607 2409; x_wconf 91' lang='lat' dir='ltr'>ut</span> <span class='ocrx_word' id='word_1_538' title='bbox 2642 2358 3079 2428; x_wconf 87' lang='lat' dir='ltr'>patrocinentur</span> <span class='ocrx_word' id='word_1_539' title='bbox 3119 2364 3422 2433; x_wconf 89' lang='lat' dir='ltr'>oppressis.</span> <span class='ocrx_word' id='word_1_540' title='bbox 3459 2366 3526 2418; x_wconf 88' lang='lat' dir='ltr'>Et</span> <span class='ocrx_word' id='word_1_541' title='bbox 3564 2365 3669 2437; x_wconf 89' lang='lat' dir='ltr'>ipsi</span> <span class='ocrx_word' id='word_1_542' title='bbox 3701 2366 3788 2420; x_wconf 85' lang='lat' dir='ltr'>di-</span> 
     </span>
    </p>
   </div>
   <div class='ocr_carea' id='block_1_69' title="bbox 2177 2443 3791 2517">
    <p class='ocr_par' dir='ltr' id='par_1_69' title="bbox 2177 2443 3791 2517">
     <span class='ocr_line' id='line_1_69' title="bbox 2177 2443 3791 2517; baseline 0.009 -23"><span class='ocrx_word' id='word_1_543' title='bbox 2177 2445 2351 2496; x_wconf 89' lang='lat' dir='ltr'>cunt:</span> <span class='ocrx_word' id='word_1_544' title='bbox 2385 2443 2514 2497; x_wconf 84' lang='lat' dir='ltr'>Non</span> <span class='ocrx_word' id='word_1_545' title='bbox 2563 2452 2637 2498; x_wconf 85' lang='lat' dir='ltr'>est</span> <span class='ocrx_word' id='word_1_546' title='bbox 2664 2446 2808 2500; x_wconf 86' lang='lat' dir='ltr'>salus</span> <span class='ocrx_word' id='word_1_547' title='bbox 2839 2449 2955 2517; x_wconf 81' lang='lat' dir='ltr'>ipsi.</span> <span class='ocrx_word' id='word_1_548' title='bbox 2988 2449 3071 2502; x_wconf 89' lang='lat' dir='ltr'>Tu</span> <span class='ocrx_word' id='word_1_549' title='bbox 3117 2467 3250 2505; x_wconf 89' lang='lat' dir='ltr'>vero</span> <span class='ocrx_word' id='word_1_550' title='bbox 3300 2470 3418 2507; x_wconf 89' lang='lat' dir='ltr'>non</span> <span class='ocrx_word' id='word_1_551' title='bbox 3460 2454 3643 2508; x_wconf 89' lang='lat' dir='ltr'>solum</span> <span class='ocrx_word' id='word_1_552' title='bbox 3676 2454 3791 2508; x_wconf 89' lang='lat' dir='ltr'>eris</span> 
     </span>
    </p>
   </div>
   <div class='ocr_carea' id='block_1_70' title="bbox 2177 2531 3792 2607">
    <p class='ocr_par' dir='ltr' id='par_1_70' title="bbox 2177 2531 3792 2607">
     <span class='ocr_line' id='line_1_70' title="bbox 2177 2531 3792 2607; baseline 0.009 -24"><span class='ocrx_word' id='word_1_553' title='bbox 2177 2531 2326 2584; x_wconf 91' lang='lat' dir='ltr'>salus</span> <span class='ocrx_word' id='word_1_554' title='bbox 2369 2534 2823 2601; x_wconf 87' lang='lat' dir='ltr'>resurrectionis,</span> <span class='ocrx_word' id='word_1_555' title='bbox 2856 2537 2955 2590; x_wconf 90' lang='lat' dir='ltr'>sed</span> <span class='ocrx_word' id='word_1_556' title='bbox 2984 2538 3163 2607; x_wconf 83' lang='lat' dir='ltr'>gloria</span> <span class='ocrx_word' id='word_1_557' title='bbox 3202 2557 3339 2605; x_wconf 87' lang='lat' dir='ltr'>mea,</span> <span class='ocrx_word' id='word_1_558' title='bbox 3373 2540 3432 2595; x_wconf 94' lang='lat' dir='ltr'>id</span> <span class='ocrx_word' id='word_1_559' title='bbox 3458 2546 3541 2596; x_wconf 91' lang='lat' dir='ltr'>est</span> <span class='ocrx_word' id='word_1_560' title='bbox 3572 2542 3792 2597; x_wconf 85' lang='lat' dir='ltr'>faciens</span> 
     </span>
    </p>
   </div>
   <div class='ocr_carea' id='block_1_71' title="bbox 2176 2619 3786 2701">
    <p class='ocr_par' dir='ltr' id='par_1_71' title="bbox 2176 2619 3786 2701">
     <span class='ocr_line' id='line_1_71' title="bbox 2176 2619 3786 2701; baseline 0.009 -31"><span class='ocrx_word' id='word_1_561' title='bbox 2176 2635 2270 2671; x_wconf 87' lang='lat' dir='ltr'>Ine</span> <span class='ocrx_word' id='word_1_562' title='bbox 2300 2619 2618 2689; x_wconf 87' lang='lat' dir='ltr'>gloriosum</span> <span class='ocrx_word' id='word_1_563' title='bbox 2639 2623 3008 2691; x_wconf 82' lang='lat' dir='ltr'>Ascensione,</span> <span class='ocrx_word' id='word_1_564' title='bbox 3035 2628 3093 2680; x_wconf 87' lang='lat' dir='ltr'>et</span> <span class='ocrx_word' id='word_1_565' title='bbox 3108 2627 3280 2681; x_wconf 88' lang='lat' dir='ltr'>totius</span> <span class='ocrx_word' id='word_1_566' title='bbox 3303 2629 3786 2701; x_wconf 85' lang='lat' dir='ltr'>mundjimperio.</span> 
     </span>
    </p>
   </div>
   <div class='ocr_carea' id='block_1_72' title="bbox 2177 2707 3791 2778">
    <p class='ocr_par' dir='ltr' id='par_1_72' title="bbox 2177 2707 3791 2778">
     <span class='ocr_line' id='line_1_72' title="bbox 2177 2707 3791 2778; baseline 0.011 -21"><span class='ocrx_word' id='word_1_567' title='bbox 2177 2707 2244 2759; x_wconf 87' lang='lat' dir='ltr'>Et</span> <span class='ocrx_word' id='word_1_568' title='bbox 2274 2707 2375 2777; x_wconf 90' lang='lat' dir='ltr'>ipsi</span> <span class='ocrx_word' id='word_1_569' title='bbox 2407 2709 2693 2778; x_wconf 74' lang='lat' dir='ltr'>insurgunt</span> <span class='ocrx_word' id='word_1_570' title='bbox 2723 2716 3053 2768; x_wconf 86' lang='lat' dir='ltr'>accusantes</span> <span class='ocrx_word' id='word_1_571' title='bbox 3095 2718 3153 2769; x_wconf 89' lang='lat' dir='ltr'>et</span> <span class='ocrx_word' id='word_1_572' title='bbox 3197 2716 3565 2773; x_wconf 87' lang='lat' dir='ltr'>detrahentes</span> <span class='ocrx_word' id='word_1_573' title='bbox 3603 2722 3662 2773; x_wconf 89' lang='lat' dir='ltr'>et</span> <span class='ocrx_word' id='word_1_574' title='bbox 3691 2719 3791 2774; x_wconf 87' lang='lat' dir='ltr'>de-</span> 
     </span>
    </p>
   </div>
   <div class='ocr_carea' id='block_1_73' title="bbox 2175 2793 3794 2863">
    <p class='ocr_par' dir='ltr' id='par_1_73' title="bbox 2175 2793 3794 2863">
     <span class='ocr_line' id='line_1_73' title="bbox 2175 2793 3794 2863; baseline 0.009 -18"><span class='ocrx_word' id='word_1_575' title='bbox 2175 2793 2517 2863; x_wconf 87' lang='lat' dir='ltr'>primentes,</span> <span class='ocrx_word' id='word_1_576' title='bbox 2544 2797 2797 2851; x_wconf 89' lang='lat' dir='ltr'>dicentes</span> <span class='ocrx_word' id='word_1_577' title='bbox 2826 2816 2921 2853; x_wconf 91' lang='lat' dir='ltr'>me</span> <span class='ocrx_word' id='word_1_578' title='bbox 2944 2801 3328 2857; x_wconf 88' lang='lat' dir='ltr'>seductorem.</span> <span class='ocrx_word' id='word_1_579' title='bbox 3366 2805 3451 2858; x_wconf 88' lang='lat' dir='ltr'>Tu</span> <span class='ocrx_word' id='word_1_580' title='bbox 3482 2822 3615 2860; x_wconf 88' lang='lat' dir='ltr'>vero</span> <span class='ocrx_word' id='word_1_581' title='bbox 3647 2806 3794 2860; x_wconf 73' lang='lat' dir='ltr'>exal-</span> 
     </span>
    </p>
   </div>
   <div class='ocr_carea' id='block_1_74' title="bbox 2179 2886 3793 2963">
    <p class='ocr_par' dir='ltr' id='par_1_74' title="bbox 2179 2886 3793 2963">
     <span class='ocr_line' id='line_1_74' title="bbox 2179 2886 3793 2963; baseline 0.01 -30"><span class='ocrx_word' id='word_1_582' title='bbox 2179 2888 2295 2935; x_wconf 78' lang='lat' dir='ltr'>tans-</span> <span class='ocrx_word' id='word_1_583' title='bbox 2325 2891 2694 2952; x_wconf 81' lang='lat' dir='ltr'>capulmeum,</span> <span class='ocrx_word' id='word_1_584' title='bbox 2716 2886 2771 2939; x_wconf 90' lang='lat' dir='ltr'>id</span> <span class='ocrx_word' id='word_1_585' title='bbox 2795 2891 2879 2941; x_wconf 89' lang='lat' dir='ltr'>est</span> <span class='ocrx_word' id='word_1_586' title='bbox 2896 2892 3155 2943; x_wconf 89' lang='lat' dir='ltr'>mentem</span> <span class='ocrx_word' id='word_1_587' title='bbox 3186 2908 3377 2946; x_wconf 88' lang='lat' dir='ltr'>meam</span> <span class='ocrx_word' id='word_1_588' title='bbox 3404 2894 3704 2963; x_wconf 85' lang='lat' dir='ltr'>virtutibus</span> <span class='ocrx_word' id='word_1_589' title='bbox 3731 2897 3793 2949; x_wconf 90' lang='lat' dir='ltr'>et</span> 
     </span>
    </p>
   </div>
   <div class='ocr_carea' id='block_1_75' title="bbox 2178 2969 3791 3053">
    <p class='ocr_par' dir='ltr' id='par_1_75' title="bbox 2178 2969 3791 3053">
     <span class='ocr_line' id='line_1_75' title="bbox 2178 2969 3791 3053; baseline 0.009 -31"><span class='ocrx_word' id='word_1_590' title='bbox 2178 2969 2546 3025; x_wconf 88' lang='lat' dir='ltr'>immunitate</span> <span class='ocrx_word' id='word_1_591' title='bbox 2560 2974 2985 3046; x_wconf 86' lang='lat' dir='ltr'>peccati.Caput</span> <span class='ocrx_word' id='word_1_592' title='bbox 3003 2977 3544 3053; x_wconf 88' lang='lat' dir='ltr'>diciturmens,quia</span> <span class='ocrx_word' id='word_1_593' title='bbox 3555 2982 3791 3053; x_wconf 86' lang='lat' dir='ltr'>dignior</span> 
     </span>
    </p>
   </div>
   <div class='ocr_carea' id='block_1_76' title="bbox 2182 3060 3787 3139">
    <p class='ocr_par' dir='ltr' id='par_1_76' title="bbox 2182 3060 3787 3139">
     <span class='ocr_line' id='line_1_76' title="bbox 2182 3060 3787 3139; baseline 0.01 -30"><span class='ocrx_word' id='word_1_594' title='bbox 2182 3074 2314 3127; x_wconf 88' lang='lat' dir='ltr'>pars</span> <span class='ocrx_word' id='word_1_595' title='bbox 2346 3063 2431 3112; x_wconf 85' lang='lat' dir='ltr'>est</span> <span class='ocrx_word' id='word_1_596' title='bbox 2459 3060 2713 3114; x_wconf 90' lang='lat' dir='ltr'>hominis</span> <span class='ocrx_word' id='word_1_597' title='bbox 2747 3063 2889 3116; x_wconf 94' lang='lat' dir='ltr'>sicut</span> <span class='ocrx_word' id='word_1_598' title='bbox 2934 3069 3105 3134; x_wconf 89' lang='lat' dir='ltr'>caput</span> <span class='ocrx_word' id='word_1_599' title='bbox 3146 3068 3419 3139; x_wconf 89' lang='lat' dir='ltr'>corporis.</span> <span class='ocrx_word' id='word_1_600' title='bbox 3468 3070 3609 3123; x_wconf 90' lang='lat' dir='ltr'>Cum</span> <span class='ocrx_word' id='word_1_601' title='bbox 3650 3087 3787 3125; x_wconf 86' lang='lat' dir='ltr'>vero</span> 
     </span>
    </p>
   </div>
   <div class='ocr_carea' id='block_1_77' title="bbox 2181 3145 3788 3224">
    <p class='ocr_par' dir='ltr' id='par_1_77' title="bbox 2181 3145 3788 3224">
     <span class='ocr_line' id='line_1_77' title="bbox 2181 3145 3788 3224; baseline 0.011 -28"><span class='ocrx_word' id='word_1_602' title='bbox 2181 3145 2351 3224; x_wconf 85' lang='lat' dir='ltr'>dicit:</span> <span class='ocrx_word' id='word_1_603' title='bbox 2376 3147 2511 3201; x_wconf 83' lang='lat' dir='ltr'>Voce</span> <span class='ocrx_word' id='word_1_604' title='bbox 2537 3166 2674 3215; x_wconf 86' lang='lat' dir='ltr'>mea,</span> <span class='ocrx_word' id='word_1_605' title='bbox 2709 3154 2840 3216; x_wconf 90' lang='lat' dir='ltr'>etc.,</span> <span class='ocrx_word' id='word_1_606' title='bbox 2870 3155 3281 3224; x_wconf 88' lang='lat' dir='ltr'>apostropham</span> <span class='ocrx_word' id='word_1_607' title='bbox 3328 3157 3463 3211; x_wconf 86' lang='lat' dir='ltr'>facit</span> <span class='ocrx_word' id='word_1_608' title='bbox 3510 3158 3584 3211; x_wconf 93' lang='lat' dir='ltr'>ad</span> <span class='ocrx_word' id='word_1_609' title='bbox 3623 3158 3788 3213; x_wconf 83' lang='lat' dir='ltr'>audi-</span> 
     </span>
    </p>
   </div>
   <div class='ocr_carea' id='block_1_78' title="bbox 2180 3222 3793 3315">
    <p class='ocr_par' dir='ltr' id='par_1_78' title="bbox 2180 3222 3793 3315">
     <span class='ocr_line' id='line_1_78' title="bbox 2180 3222 3793 3315; baseline 0.01 -29"><span class='ocrx_word' id='word_1_610' title='bbox 2180 3222 2658 3300; x_wconf 82' lang='lat' dir='ltr'>tores,instruens</span> <span class='ocrx_word' id='word_1_611' title='bbox 2677 3244 2891 3305; x_wconf 88' lang='lat' dir='ltr'>eos,ut,</span> <span class='ocrx_word' id='word_1_612' title='bbox 2912 3240 2968 3293; x_wconf 89' lang='lat' dir='ltr'>in</span> <span class='ocrx_word' id='word_1_613' title='bbox 2999 3242 3368 3298; x_wconf 83' lang='lat' dir='ltr'>tribulatione</span> <span class='ocrx_word' id='word_1_614' title='bbox 3398 3246 3563 3315; x_wconf 91' lang='lat' dir='ltr'>positi</span> <span class='ocrx_word' id='word_1_615' title='bbox 3597 3263 3793 3301; x_wconf 82' lang='lat' dir='ltr'>exem-</span> 
     </span>
    </p>
   </div>
   <div class='ocr_carea' id='block_1_79' title="bbox 2178 3322 3793 3399">
    <p class='ocr_par' dir='ltr' id='par_1_79' title="bbox 2178 3322 3793 3399">
     <span class='ocr_line' id='line_1_79' title="bbox 2178 3322 3793 3399; baseline 0.009 -25"><span class='ocrx_word' id='word_1_616' title='bbox 2178 3322 2272 3391; x_wconf 83' lang='lat' dir='ltr'>plo</span> <span class='ocrx_word' id='word_1_617' title='bbox 2288 3338 2388 3375; x_wconf 88' lang='lat' dir='ltr'>suo</span> <span class='ocrx_word' id='word_1_618' title='bbox 2415 3324 2667 3377; x_wconf 87' lang='lat' dir='ltr'>clament</span> <span class='ocrx_word' id='word_1_619' title='bbox 2683 3325 2753 3378; x_wconf 89' lang='lat' dir='ltr'>ad</span> <span class='ocrx_word' id='word_1_620' title='bbox 2772 3327 3084 3381; x_wconf 90' lang='lat' dir='ltr'>Dominum</span> <span class='ocrx_word' id='word_1_621' title='bbox 3100 3331 3157 3381; x_wconf 91' lang='lat' dir='ltr'>et</span> <span class='ocrx_word' id='word_1_622' title='bbox 3169 3331 3564 3399; x_wconf 85' lang='lat' dir='ltr'>exaudiantur,</span> <span class='ocrx_word' id='word_1_623' title='bbox 3600 3337 3656 3386; x_wconf 91' lang='lat' dir='ltr'>et</span> <span class='ocrx_word' id='word_1_624' title='bbox 3676 3334 3793 3389; x_wconf 85' lang='lat' dir='ltr'>hoc</span> 
     </span>
    </p>
   </div>
   <div class='ocr_carea' id='block_1_80' title="bbox 2179 3410 3789 3490">
    <p class='ocr_par' dir='ltr' id='par_1_80' title="bbox 2179 3410 3789 3490">
     <span class='ocr_line' id='line_1_80' title="bbox 2179 3410 3789 3490; baseline 0.009 -28"><span class='ocrx_word' id='word_1_625' title='bbox 2179 3410 2257 3462; x_wconf 87' lang='lat' dir='ltr'>sic</span> <span class='ocrx_word' id='word_1_626' title='bbox 2272 3410 2441 3464; x_wconf 87' lang='lat' dir='ltr'>dicit:</span> <span class='ocrx_word' id='word_1_627' title='bbox 2467 3411 2509 3465; x_wconf 95' lang='grc' dir='ltr'><strong>Ο</strong></span> <span class='ocrx_word' id='word_1_628' title='bbox 2543 3413 2854 3481; x_wconf 87' lang='lat' dir='ltr'>auditores,</span> <span class='ocrx_word' id='word_1_629' title='bbox 2896 3419 2958 3468; x_wconf 92' lang='lat' dir='ltr'>ut</span> <span class='ocrx_word' id='word_1_630' title='bbox 2992 3433 3085 3469; x_wconf 89' lang='lat' dir='ltr'>me</span> <span class='ocrx_word' id='word_1_631' title='bbox 3122 3418 3411 3490; x_wconf 87' lang='lat' dir='ltr'>suscipiat,</span> <span class='ocrx_word' id='word_1_632' title='bbox 3436 3424 3493 3474; x_wconf 88' lang='lat' dir='ltr'>et</span> <span class='ocrx_word' id='word_1_633' title='bbox 3521 3422 3593 3474; x_wconf 89' lang='lat' dir='ltr'>sit</span> <span class='ocrx_word' id='word_1_634' title='bbox 3613 3421 3789 3489; x_wconf 80' lang='lat' dir='ltr'>gloria</span> 
     </span>
    </p>
   </div>
   <div class='ocr_carea' id='block_1_81' title="bbox 2177 3500 3789 3577">
    <p class='ocr_par' dir='ltr' id='par_1_81' title="bbox 2177 3500 3789 3577">
     <span class='ocr_line' id='line_1_81' title="bbox 2177 3500 3789 3577; baseline 0.009 -27"><span class='ocrx_word' id='word_1_635' title='bbox 2177 3516 2314 3563; x_wconf 85' lang='lat' dir='ltr'>mea,</span> <span class='ocrx_word' id='word_1_636' title='bbox 2337 3502 2393 3551; x_wconf 88' lang='lat' dir='ltr'>et</span> <span class='ocrx_word' id='word_1_637' title='bbox 2425 3500 2635 3554; x_wconf 88' lang='lat' dir='ltr'>exaltet</span> <span class='ocrx_word' id='word_1_638' title='bbox 2676 3509 2834 3572; x_wconf 86' lang='lat' dir='ltr'>caput</span> <span class='ocrx_word' id='word_1_639' title='bbox 2859 3521 3178 3577; x_wconf 87' lang='lat' dir='ltr'>meum,ego</span> <span class='ocrx_word' id='word_1_640' title='bbox 3202 3507 3448 3567; x_wconf 84' lang='lat' dir='ltr'>clamavi,</span> <span class='ocrx_word' id='word_1_641' title='bbox 3468 3508 3527 3563; x_wconf 92' lang='lat' dir='ltr'>id</span> <span class='ocrx_word' id='word_1_642' title='bbox 3558 3513 3643 3563; x_wconf 90' lang='lat' dir='ltr'>est</span> <span class='ocrx_word' id='word_1_643' title='bbox 3670 3511 3789 3565; x_wconf 89' lang='lat' dir='ltr'>cla-</span> 
     </span>
    </p>
   </div>
   <div class='ocr_carea' id='block_1_82' title="bbox 2180 3586 3790 3664">
    <p class='ocr_par' dir='ltr' id='par_1_82' title="bbox 2180 3586 3790 3664">
     <span class='ocr_line' id='line_1_82' title="bbox 2180 3586 3790 3664; baseline 0.009 -26"><span class='ocrx_word' id='word_1_644' title='bbox 2180 3602 2342 3640; x_wconf 89' lang='lat' dir='ltr'>more</span> <span class='ocrx_word' id='word_1_645' title='bbox 2370 3586 2595 3642; x_wconf 87' lang='lat' dir='ltr'>intenso</span> <span class='ocrx_word' id='word_1_646' title='bbox 2633 3606 2824 3659; x_wconf 86' lang='lat' dir='ltr'>agam,</span> <span class='ocrx_word' id='word_1_647' title='bbox 2860 3608 2979 3645; x_wconf 85' lang='lat' dir='ltr'>voce</span> <span class='ocrx_word' id='word_1_648' title='bbox 3008 3610 3144 3660; x_wconf 88' lang='lat' dir='ltr'>mea,</span> <span class='ocrx_word' id='word_1_649' title='bbox 3177 3611 3295 3649; x_wconf 90' lang='lat' dir='ltr'>non</span> <span class='ocrx_word' id='word_1_650' title='bbox 3325 3612 3473 3650; x_wconf 87' lang='lat' dir='ltr'>vana</span> <span class='ocrx_word' id='word_1_651' title='bbox 3496 3614 3653 3664; x_wconf 89' lang='lat' dir='ltr'>voce,</span> <span class='ocrx_word' id='word_1_652' title='bbox 3683 3599 3790 3653; x_wconf 89' lang='lat' dir='ltr'>sed</span> 
     </span>
    </p>
   </div>
   <div class='ocr_carea' id='block_1_83' title="bbox 2178 3677 3780 3748">
    <p class='ocr_par' dir='ltr' id='par_1_83' title="bbox 2178 3677 3780 3748">
     <span class='ocr_line' id='line_1_83' title="bbox 2178 3677 3780 3748; baseline 0.01 -23"><span class='ocrx_word' id='word_1_653' title='bbox 2178 3692 2297 3727; x_wconf 75' lang='lat' dir='ltr'>voce</span> <span class='ocrx_word' id='word_1_654' title='bbox 2338 3693 2473 3741; x_wconf 86' lang='lat' dir='ltr'>mea,</span> <span class='ocrx_word' id='word_1_655' title='bbox 2520 3677 2578 3730; x_wconf 91' lang='lat' dir='ltr'>id</span> <span class='ocrx_word' id='word_1_656' title='bbox 2623 3681 2707 3730; x_wconf 88' lang='lat' dir='ltr'>est</span> <span class='ocrx_word' id='word_1_657' title='bbox 2740 3680 3073 3748; x_wconf 88' lang='lat' dir='ltr'>procedenti</span> <span class='ocrx_word' id='word_1_658' title='bbox 3115 3699 3181 3736; x_wconf 87' lang='lat' dir='ltr'>ex</span> <span class='ocrx_word' id='word_1_659' title='bbox 3245 3684 3396 3738; x_wconf 91' lang='lat' dir='ltr'>bona</span> <span class='ocrx_word' id='word_1_660' title='bbox 3455 3685 3780 3742; x_wconf 89' lang='lat' dir='ltr'>intentione</span> 
     </span>
    </p>
   </div>
   <div class='ocr_carea' id='block_1_84' title="bbox 2178 3766 3781 3841">
    <p class='ocr_par' dir='ltr' id='par_1_84' title="bbox 2178 3766 3781 3841">
     <span class='ocr_line' id='line_1_84' title="bbox 2178 3766 3781 3841; baseline 0.009 -26"><span class='ocrx_word' id='word_1_661' title='bbox 2178 3780 2311 3815; x_wconf 85' lang='lat' dir='ltr'>mea</span> <span class='ocrx_word' id='word_1_662' title='bbox 2344 3781 2355 3817; x_wconf 91' lang='lat'><strong>:</strong></span> <span class='ocrx_word' id='word_1_663' title='bbox 2384 3766 2471 3817; x_wconf 87' lang='lat' dir='ltr'>vel</span> <span class='ocrx_word' id='word_1_664' title='bbox 2502 3782 2640 3830; x_wconf 83' lang='lat' dir='ltr'>mea,</span> <span class='ocrx_word' id='word_1_665' title='bbox 2675 3766 2731 3819; x_wconf 93' lang='lat' dir='ltr'>id</span> <span class='ocrx_word' id='word_1_666' title='bbox 2765 3770 2853 3820; x_wconf 86' lang='lat' dir='ltr'>est</span> <span class='ocrx_word' id='word_1_667' title='bbox 2892 3768 3035 3822; x_wconf 90' lang='lat' dir='ltr'>mihi</span> <span class='ocrx_word' id='word_1_668' title='bbox 3066 3770 3189 3825; x_wconf 90' lang='lat' dir='ltr'>utili</span> <span class='ocrx_word' id='word_1_669' title='bbox 3225 3787 3237 3824; x_wconf 89' lang='lat'>:</span> <span class='ocrx_word' id='word_1_670' title='bbox 3271 3772 3340 3823; x_wconf 84' lang='lat' dir='ltr'>ad</span> <span class='ocrx_word' id='word_1_671' title='bbox 3375 3772 3689 3841; x_wconf 83' lang='lat' dir='ltr'>Dominum,</span> <span class='ocrx_word' id='word_1_672' title='bbox 3720 3775 3781 3829; x_wconf 90' lang='lat' dir='ltr'>id</span> 
     </span>
    </p>
   </div>
   <div class='ocr_carea' id='block_1_85' title="bbox 2176 3852 3785 3925">
    <p class='ocr_par' dir='ltr' id='par_1_85' title="bbox 2176 3852 3785 3925">
     <span class='ocr_line' id='line_1_85' title="bbox 2176 3852 3785 3925; baseline 0.009 -22"><span class='ocrx_word' id='word_1_673' title='bbox 2176 3854 2261 3904; x_wconf 89' lang='lat' dir='ltr'>est</span> <span class='ocrx_word' id='word_1_674' title='bbox 2292 3852 2361 3905; x_wconf 90' lang='lat' dir='ltr'>ad</span> <span class='ocrx_word' id='word_1_675' title='bbox 2395 3854 2598 3918; x_wconf 90' lang='lat' dir='ltr'>Deum,</span> <span class='ocrx_word' id='word_1_676' title='bbox 2634 3854 2731 3924; x_wconf 90' lang='lat' dir='ltr'>qui</span> <span class='ocrx_word' id='word_1_677' title='bbox 2762 3858 2966 3925; x_wconf 90' lang='lat' dir='ltr'>potens</span> <span class='ocrx_word' id='word_1_678' title='bbox 2997 3862 3081 3911; x_wconf 90' lang='lat' dir='ltr'>est</span> <span class='ocrx_word' id='word_1_679' title='bbox 3115 3876 3465 3915; x_wconf 87' lang='lat' dir='ltr'>succurrere.</span> <span class='ocrx_word' id='word_1_680' title='bbox 3490 3862 3633 3916; x_wconf 84' lang='lat' dir='ltr'>Nam</span> <span class='ocrx_word' id='word_1_681' title='bbox 3670 3864 3785 3917; x_wconf 90' lang='lat' dir='ltr'>Do-</span> 
     </span>
    </p>
   </div>
   <div class='ocr_carea' id='block_1_86' title="bbox 2176 3939 3788 4016">
    <p class='ocr_par' dir='ltr' id='par_1_86' title="bbox 2176 3939 3788 4016">
     <span class='ocr_line' id='line_1_86' title="bbox 2176 3939 3788 4016; baseline 0.011 -26"><span class='ocrx_word' id='word_1_682' title='bbox 2176 3939 2365 3992; x_wconf 89' lang='lat' dir='ltr'>minus</span> <span class='ocrx_word' id='word_1_683' title='bbox 2407 3941 2671 3994; x_wconf 90' lang='lat' dir='ltr'>omnium</span> <span class='ocrx_word' id='word_1_684' title='bbox 2706 3946 2808 3995; x_wconf 90' lang='lat' dir='ltr'>est.</span> <span class='ocrx_word' id='word_1_685' title='bbox 2854 3944 2920 3997; x_wconf 87' lang='lat' dir='ltr'>Et</span> <span class='ocrx_word' id='word_1_686' title='bbox 2961 3945 3115 4000; x_wconf 85' lang='lat' dir='ltr'>bono</span> <span class='ocrx_word' id='word_1_687' title='bbox 3153 3963 3283 4001; x_wconf 88' lang='lat' dir='ltr'>meo</span> <span class='ocrx_word' id='word_1_688' title='bbox 3325 3949 3575 4016; x_wconf 84' lang='lat' dir='ltr'>clamavi,</span> <span class='ocrx_word' id='word_1_689' title='bbox 3608 3952 3663 4005; x_wconf 91' lang='lat' dir='ltr'>id</span> <span class='ocrx_word' id='word_1_690' title='bbox 3696 3956 3788 4007; x_wconf 80' lang='lat' dir='ltr'>est.</span> 
     </span>
    </p>
   </div>
   <div class='ocr_carea' id='block_1_87' title="bbox 2173 4028 3785 4105">
    <p class='ocr_par' dir='ltr' id='par_1_87' title="bbox 2173 4028 3785 4105">
     <span class='ocr_line' id='line_1_87' title="bbox 2173 4028 3785 4105; baseline 0.009 -26"><span class='ocrx_word' id='word_1_691' title='bbox 2173 4028 2457 4080; x_wconf 83' lang='lat' dir='ltr'>clamabo.</span> <span class='ocrx_word' id='word_1_692' title='bbox 2484 4029 2623 4082; x_wconf 81' lang='lat' dir='ltr'>Nam</span> <span class='ocrx_word' id='word_1_693' title='bbox 2649 4031 2923 4097; x_wconf 62' lang='lat' dir='ltr'>exaudivi,</span> <span class='ocrx_word' id='word_1_694' title='bbox 2955 4032 3011 4086; x_wconf 91' lang='lat' dir='ltr'>id</span> <span class='ocrx_word' id='word_1_695' title='bbox 3043 4037 3127 4088; x_wconf 90' lang='lat' dir='ltr'>est</span> <span class='ocrx_word' id='word_1_696' title='bbox 3158 4036 3421 4090; x_wconf 80' lang='lat' dir='ltr'>exaudiet</span> <span class='ocrx_word' id='word_1_697' title='bbox 3451 4055 3566 4105; x_wconf 90' lang='lat' dir='ltr'>me,</span> <span class='ocrx_word' id='word_1_698' title='bbox 3598 4039 3659 4093; x_wconf 89' lang='lat' dir='ltr'>id</span> <span class='ocrx_word' id='word_1_699' title='bbox 3696 4043 3785 4094; x_wconf 90' lang='lat' dir='ltr'>est</span> 
     </span>
    </p>
   </div>
   <div class='ocr_carea' id='block_1_88' title="bbox 2173 4114 3779 4199">
    <p class='ocr_par' dir='ltr' id='par_1_88' title="bbox 2173 4114 3779 4199">
     <span class='ocr_line' id='line_1_88' title="bbox 2173 4114 3779 4199; baseline 0.011 -32"><span class='ocrx_word' id='word_1_700' title='bbox 2173 4115 2251 4168; x_wconf 87' lang='lat' dir='ltr'>ita</span> <span class='ocrx_word' id='word_1_701' title='bbox 2282 4116 2474 4170; x_wconf 87' lang='lat' dir='ltr'>audiet</span> <span class='ocrx_word' id='word_1_702' title='bbox 2501 4135 2594 4171; x_wconf 90' lang='lat' dir='ltr'>me</span> <span class='ocrx_word' id='word_1_703' title='bbox 2617 4120 2769 4189; x_wconf 87' lang='lat' dir='ltr'>quod</span> <span class='ocrx_word' id='word_1_704' title='bbox 2798 4114 3142 4191; x_wconf 65' lang='lat' dir='ltr'>impetrabo.</span> <span class='ocrx_word' id='word_1_705' title='bbox 3177 4123 3493 4195; x_wconf 71' lang='lat' dir='ltr'>Exaudivit,</span> <span class='ocrx_word' id='word_1_706' title='bbox 3536 4128 3779 4199; x_wconf 88' lang='lat' dir='ltr'>inquam</span> 
     </span>
    </p>
   </div>
   <div class='ocr_carea' id='block_1_89' title="bbox 2169 4204 3782 4285">
    <p class='ocr_par' dir='ltr' id='par_1_89' title="bbox 2169 4204 3782 4285">
     <span class='ocr_line' id='line_1_89' title="bbox 2169 4204 3782 4285; baseline 0.009 -29"><span class='ocrx_word' id='word_1_707' title='bbox 2169 4204 2255 4270; x_wconf 87' lang='lat' dir='ltr'>(ut</span> <span class='ocrx_word' id='word_1_708' title='bbox 2278 4204 2459 4258; x_wconf 87' lang='lat' dir='ltr'>sciant</span> <span class='ocrx_word' id='word_1_709' title='bbox 2489 4207 2637 4259; x_wconf 89' lang='lat' dir='ltr'>unde</span> <span class='ocrx_word' id='word_1_710' title='bbox 2687 4207 2783 4262; x_wconf 90' lang='lat' dir='ltr'>illa</span> <span class='ocrx_word' id='word_1_711' title='bbox 2823 4210 3109 4265; x_wconf 86' lang='lat' dir='ltr'>exauditio</span> <span class='ocrx_word' id='word_1_712' title='bbox 3154 4214 3468 4285; x_wconf 87' lang='lat' dir='ltr'>procedet),</span> <span class='ocrx_word' id='word_1_713' title='bbox 3500 4217 3563 4269; x_wconf 83' lang='lat' dir='ltr'>de</span> <span class='ocrx_word' id='word_1_714' title='bbox 3605 4223 3782 4272; x_wconf 73' lang='lat' dir='ltr'>monte</span> 
     </span>
    </p>
   </div>
   <div class='ocr_carea' id='block_1_90' title="bbox 464 4270 3775 4373">
    <p class='ocr_par' dir='ltr' id='par_1_90' title="bbox 464 4270 3775 4373">
     <span class='ocr_line' id='line_1_90' title="bbox 464 4270 3775 4373; baseline 0.01 -47"><span class='ocrx_word' id='word_1_715' title='bbox 464 4274 763 4349; x_wconf 82' lang='lat' dir='ltr'>negotium</span> <span class='ocrx_word' id='word_1_716' title='bbox 789 4272 947 4342; x_wconf 91' lang='lat' dir='ltr'>quod</span> <span class='ocrx_word' id='word_1_717' title='bbox 975 4270 1219 4341; x_wconf 82' lang='lat' dir='ltr'>contigit</span> <span class='ocrx_word' id='word_1_718' title='bbox 1240 4271 1345 4340; x_wconf 85' lang='lat' dir='ltr'>ipsi</span> <span class='ocrx_word' id='word_1_719' title='bbox 1373 4271 1595 4327; x_wconf 88' lang='lat' dir='ltr'>Christo</span> <span class='ocrx_word' id='word_1_720' title='bbox 1618 4292 1737 4328; x_wconf 88' lang='lat' dir='ltr'>cum</span> <span class='ocrx_word' id='word_1_721' title='bbox 1750 4278 1984 4347; x_wconf 67' lang='lat' dir='ltr'>fugeret,</span> <span class='ocrx_word' id='word_1_722' title='bbox 2013 4281 2071 4335; x_wconf 89' lang='lat' dir='ltr'>id</span> <span class='ocrx_word' id='word_1_723' title='bbox 2096 4286 2146 4342; x_wconf 91' lang='lat' dir='ltr'>D</span> <span class='ocrx_word' id='word_1_724' title='bbox 2168 4300 2348 4346; x_wconf 82' lang='lat' dir='ltr'>sancto</span> <span class='ocrx_word' id='word_1_725' title='bbox 2372 4310 2487 4359; x_wconf 85' lang='lat' dir='ltr'>suo,</span> <span class='ocrx_word' id='word_1_726' title='bbox 2516 4294 2575 4348; x_wconf 91' lang='lat' dir='ltr'>id</span> <span class='ocrx_word' id='word_1_727' title='bbox 2607 4299 2691 4348; x_wconf 89' lang='lat' dir='ltr'>est</span> <span class='ocrx_word' id='word_1_728' title='bbox 2707 4296 2776 4349; x_wconf 94' lang='lat' dir='ltr'>de</span> <span class='ocrx_word' id='word_1_729' title='bbox 2807 4297 3126 4353; x_wconf 87' lang='lat' dir='ltr'>eminentia</span> <span class='ocrx_word' id='word_1_730' title='bbox 3152 4305 3363 4356; x_wconf 65' lang='lat' dir='ltr'>sancta}</span> <span class='ocrx_word' id='word_1_731' title='bbox 3380 4303 3620 4373; x_wconf 64' lang='lat' dir='ltr'>justitiaa</span> <span class='ocrx_word' id='word_1_732' title='bbox 3637 4322 3775 4373; x_wconf 66' lang='lat' dir='ltr'>suae,</span> 
     </span>
    </p>
   </div>
   <div class='ocr_carea' id='block_1_91' title="bbox 464 4359 2071 4432">
    <p class='ocr_par' dir='ltr' id='par_1_91' title="bbox 464 4359 2071 4432">
     <span class='ocr_line' id='line_1_91' title="bbox 464 4359 2071 4432; baseline 0.001 -11"><span class='ocrx_word' id='word_1_733' title='bbox 464 4370 547 4421; x_wconf 90' lang='lat' dir='ltr'>est</span> <span class='ocrx_word' id='word_1_734' title='bbox 578 4379 709 4419; x_wconf 90' lang='lat' dir='ltr'>cum</span> <span class='ocrx_word' id='word_1_735' title='bbox 730 4360 1046 4425; x_wconf 88' lang='lat' dir='ltr'>recederet,</span> <span class='ocrx_word' id='word_1_736' title='bbox 1074 4376 1104 4411; x_wconf 82' lang='grc' dir='ltr'>(ι</span> <span class='ocrx_word' id='word_1_737' title='bbox 1137 4359 1297 4427; x_wconf 81' lang='lat' dir='ltr'>facie,</span> <span class='ocrx_word' id='word_1_738' title='bbox 1335 4359 1391 4413; x_wconf 93' lang='lat' dir='ltr'>id</span> <span class='ocrx_word' id='word_1_739' title='bbox 1410 4364 1493 4413; x_wconf 82' lang='lat' dir='ltr'>est</span> <span class='ocrx_word' id='word_1_740' title='bbox 1520 4378 1552 4414; x_wconf 88' lang='lat' dir='ltr'>a</span> <span class='ocrx_word' id='word_1_741' title='bbox 1571 4367 1876 4432; x_wconf 60' lang='lat' dir='ltr'>praesentia</span> <span class='ocrx_word' id='word_1_742' title='bbox 1897 4368 2071 4422; x_wconf 80' lang='lat' dir='ltr'>Abse-</span> 
     </span>
    </p>
   </div>
   <div class='ocr_carea' id='block_1_92' title="bbox 462 4444 2068 4518">
    <p class='ocr_par' dir='ltr' id='par_1_92' title="bbox 462 4444 2068 4518">
     <span class='ocr_line' id='line_1_92' title="bbox 462 4444 2068 4518; baseline 0.002 -11"><span class='ocrx_word' id='word_1_743' title='bbox 462 4446 912 4517; x_wconf 69' lang='lat' dir='ltr'>lon,idestJudaa</span> <span class='ocrx_word' id='word_1_744' title='bbox 937 4444 1035 4499; x_wconf 88' lang='lat' dir='ltr'>ﬁlii</span> <span class='ocrx_word' id='word_1_745' title='bbox 1077 4444 1248 4510; x_wconf 89' lang='lat' dir='ltr'>sui,id</span> <span class='ocrx_word' id='word_1_746' title='bbox 1289 4448 1373 4498; x_wconf 90' lang='lat' dir='ltr'>est</span> <span class='ocrx_word' id='word_1_747' title='bbox 1410 4447 1668 4518; x_wconf 89' lang='lat' dir='ltr'>discipuli</span> <span class='ocrx_word' id='word_1_748' title='bbox 1702 4452 1818 4505; x_wconf 92' lang='lat' dir='ltr'>sui:</span> <span class='ocrx_word' id='word_1_749' title='bbox 1863 4476 1888 4503; x_wconf 90' lang='grc'><strong>‹‹</strong></span> <span class='ocrx_word' id='word_1_750' title='bbox 1913 4455 2068 4512; x_wconf 88' lang='lat' dir='ltr'>Tunc</span> 
     </span>
    </p>
   </div>
   <div class='ocr_carea' id='block_1_93' title="bbox 461 4533 2067 4601">
    <p class='ocr_par' dir='ltr' id='par_1_93' title="bbox 461 4533 2067 4601">
     <span class='ocr_line' id='line_1_93' title="bbox 461 4533 2067 4601; baseline 0.004 -6"><span class='ocrx_word' id='word_1_751' title='bbox 461 4556 594 4595; x_wconf 90' lang='lat' dir='ltr'>cum</span> <span class='ocrx_word' id='word_1_752' title='bbox 626 4536 871 4592; x_wconf 86' lang='lat' dir='ltr'>misisset</span> <span class='ocrx_word' id='word_1_753' title='bbox 890 4533 1151 4588; x_wconf 86' lang='lat' dir='ltr'>diabolus</span> <span class='ocrx_word' id='word_1_754' title='bbox 1179 4533 1237 4586; x_wconf 91' lang='lat' dir='ltr'>in</span> <span class='ocrx_word' id='word_1_755' title='bbox 1255 4551 1354 4588; x_wconf 91' lang='lat' dir='ltr'>cor</span> <span class='ocrx_word' id='word_1_756' title='bbox 1377 4539 1439 4589; x_wconf 90' lang='lat' dir='ltr'>ut</span> <span class='ocrx_word' id='word_1_757' title='bbox 1462 4538 1715 4593; x_wconf 88' lang='lat' dir='ltr'>traderet</span> <span class='ocrx_word' id='word_1_758' title='bbox 1733 4558 1867 4595; x_wconf 89' lang='lat' dir='ltr'>eum</span> <span class='ocrx_word' id='word_1_759' title='bbox 1895 4544 2067 4601; x_wconf 82' lang='lat' dir='ltr'>Judas</span> 
     </span>
    </p>
   </div>
   <div class='ocr_carea' id='block_1_94' title="bbox 460 4622 2064 4704">
    <p class='ocr_par' dir='ltr' id='par_1_94' title="bbox 460 4622 2064 4704">
     <span class='ocr_line' id='line_1_94' title="bbox 460 4622 2064 4704; baseline 0.002 -20"><span class='ocrx_word' id='word_1_760' title='bbox 460 4626 711 4684; x_wconf 89' lang='lat' dir='ltr'>Simonis</span> <span class='ocrx_word' id='word_1_761' title='bbox 738 4623 969 4678; x_wconf 90' lang='lat' dir='ltr'>Iscariot</span> <span class='ocrx_word' id='word_1_762' title='bbox 985 4622 1173 4692; x_wconf 85' lang='lat' dir='ltr'>(Joan.</span> <span class='ocrx_word' id='word_1_763' title='bbox 1203 4640 1320 4688; x_wconf 85' lang='lat' dir='ltr'>xm,</span> <span class='ocrx_word' id='word_1_764' title='bbox 1347 4628 1457 4693; x_wconf 79' lang='lat'>2).»</span> <span class='ocrx_word' id='word_1_765' title='bbox 1494 4627 1559 4678; x_wconf 88' lang='lat' dir='ltr'>Et</span> <span class='ocrx_word' id='word_1_766' title='bbox 1589 4630 1673 4681; x_wconf 90' lang='lat' dir='ltr'>est</span> <span class='ocrx_word' id='word_1_767' title='bbox 1695 4647 1799 4685; x_wconf 87' lang='lat' dir='ltr'>vox</span> <span class='ocrx_word' id='word_1_768' title='bbox 1832 4633 2064 4704; x_wconf 84' lang='lat' dir='ltr'>Capitis,</span> 
     </span>
    </p>
   </div>
   <div class='ocr_carea' id='block_1_95' title="bbox 463 4711 2070 4784">
    <p class='ocr_par' dir='ltr' id='par_1_95' title="bbox 463 4711 2070 4784">
     <span class='ocr_line' id='line_1_95' title="bbox 463 4711 2070 4784; baseline 0.005 -12"><span class='ocrx_word' id='word_1_769' title='bbox 463 4717 533 4772; x_wconf 91' lang='lat' dir='ltr'>de</span> <span class='ocrx_word' id='word_1_770' title='bbox 592 4711 1066 4784; x_wconf 81' lang='lat' dir='ltr'>multiplicatione</span> <span class='ocrx_word' id='word_1_771' title='bbox 1122 4715 1595 4782; x_wconf 87' lang='lat' dir='ltr'>persequentium</span> <span class='ocrx_word' id='word_1_772' title='bbox 1654 4734 1711 4770; x_wconf 90' lang='lat' dir='ltr'>se</span> <span class='ocrx_word' id='word_1_773' title='bbox 1751 4720 1871 4775; x_wconf 88' lang='lat' dir='ltr'>sine</span> <span class='ocrx_word' id='word_1_774' title='bbox 1902 4739 2070 4780; x_wconf 89' lang='lat' dir='ltr'>causa</span> 
     </span>
    </p>
   </div>
   <div class='ocr_carea' id='block_1_96' title="bbox 463 4799 2070 4871">
    <p class='ocr_par' dir='ltr' id='par_1_96' title="bbox 463 4799 2070 4871">
     <span class='ocr_line' id='line_1_96' title="bbox 463 4799 2070 4871; baseline 0.004 -11"><span class='ocrx_word' id='word_1_775' title='bbox 463 4802 798 4860; x_wconf 86' lang='lat' dir='ltr'>admirative</span> <span class='ocrx_word' id='word_1_776' title='bbox 825 4799 1071 4871; x_wconf 83' lang='lat' dir='ltr'>agentis,</span> <span class='ocrx_word' id='word_1_777' title='bbox 1140 4815 1257 4852; x_wconf 90' lang='lat' dir='ltr'>non</span> <span class='ocrx_word' id='word_1_778' title='bbox 1316 4804 1377 4853; x_wconf 92' lang='lat' dir='ltr'>ut</span> <span class='ocrx_word' id='word_1_779' title='bbox 1420 4802 1758 4865; x_wconf 85' lang='lat' dir='ltr'>admiretur.</span> <span class='ocrx_word' id='word_1_780' title='bbox 1792 4826 1923 4864; x_wconf 88' lang='lat' dir='ltr'>cum</span> <span class='ocrx_word' id='word_1_781' title='bbox 1968 4815 2070 4867; x_wconf 90' lang='lat' dir='ltr'>Dei</span> 
     </span>
    </p>
   </div>
   <div class='ocr_carea' id='block_1_97' title="bbox 461 4886 2068 4966">
    <p class='ocr_par' dir='ltr' id='par_1_97' title="bbox 461 4886 2068 4966">
     <span class='ocr_line' id='line_1_97' title="bbox 461 4886 2068 4966; baseline 0.005 -18"><span class='ocrx_word' id='word_1_782' title='bbox 461 4891 835 4965; x_wconf 88' lang='lat' dir='ltr'>dispositione</span> <span class='ocrx_word' id='word_1_783' title='bbox 866 4888 1007 4942; x_wconf 89' lang='lat' dir='ltr'>sciat</span> <span class='ocrx_word' id='word_1_784' title='bbox 1028 4904 1147 4941; x_wconf 90' lang='lat' dir='ltr'>esse</span> <span class='ocrx_word' id='word_1_785' title='bbox 1166 4886 1549 4955; x_wconf 88' lang='lat' dir='ltr'>futurum,sed</span> <span class='ocrx_word' id='word_1_786' title='bbox 1571 4894 1705 4963; x_wconf 86' lang='lat' dir='ltr'>quia</span> <span class='ocrx_word' id='word_1_787' title='bbox 1726 4903 1914 4966; x_wconf 86' lang='lat' dir='ltr'>posset</span> <span class='ocrx_word' id='word_1_788' title='bbox 1936 4900 2068 4956; x_wconf 90' lang='lat' dir='ltr'>inde</span> 
     </span>
    </p>
   </div>
   <div class='ocr_carea' id='block_1_98' title="bbox 459 4975 2069 5055">
    <p class='ocr_par' dir='ltr' id='par_1_98' title="bbox 459 4975 2069 5055">
     <span class='ocr_line' id='line_1_98' title="bbox 459 4975 2069 5055; baseline -0.002 -19"><span class='ocrx_word' id='word_1_789' title='bbox 459 4980 699 5055; x_wconf 90' lang='lat' dir='ltr'>quilibet</span> <span class='ocrx_word' id='word_1_790' title='bbox 725 4976 1020 5032; x_wconf 88' lang='lat' dir='ltr'>admirari.</span> <span class='ocrx_word' id='word_1_791' title='bbox 1085 4975 1270 5041; x_wconf 85' lang='lat' dir='ltr'>Quod,</span> <span class='ocrx_word' id='word_1_792' title='bbox 1323 4980 1383 5029; x_wconf 89' lang='lat' dir='ltr'>ut</span> <span class='ocrx_word' id='word_1_793' title='bbox 1410 4981 1675 5034; x_wconf 89' lang='lat' dir='ltr'>ostendat</span> <span class='ocrx_word' id='word_1_794' title='bbox 1706 4984 1844 5054; x_wconf 91' lang='lat' dir='ltr'>quid</span> <span class='ocrx_word' id='word_1_795' title='bbox 1878 5004 1941 5040; x_wconf 79' lang='lat' dir='ltr'>ex</span> <span class='ocrx_word' id='word_1_796' title='bbox 1974 4987 2069 5043; x_wconf 69' lang='lat' dir='ltr'>illa</span> 
     </span>
    </p>
   </div>
   <div class='ocr_carea' id='block_1_99' title="bbox 458 5064 2067 5143">
    <p class='ocr_par' dir='ltr' id='par_1_99' title="bbox 458 5064 2067 5143">
     <span class='ocr_line' id='line_1_99' title="bbox 458 5064 2067 5143; baseline 0.006 -20"><span class='ocrx_word' id='word_1_797' title='bbox 458 5067 855 5143; x_wconf 88' lang='lat' dir='ltr'>persecutione</span> <span class='ocrx_word' id='word_1_798' title='bbox 887 5064 960 5118; x_wconf 91' lang='lat' dir='ltr'>sit</span> <span class='ocrx_word' id='word_1_799' title='bbox 994 5067 1372 5131; x_wconf 87' lang='lat' dir='ltr'>assecuturus,</span> <span class='ocrx_word' id='word_1_800' title='bbox 1417 5084 1489 5120; x_wconf 90' lang='lat' dir='ltr'>ne</span> <span class='ocrx_word' id='word_1_801' title='bbox 1521 5070 1886 5127; x_wconf 87' lang='lat' dir='ltr'>credentibus</span> <span class='ocrx_word' id='word_1_802' title='bbox 1920 5076 1977 5131; x_wconf 90' lang='lat' dir='ltr'>in</span> <span class='ocrx_word' id='word_1_803' title='bbox 2009 5096 2067 5132; x_wconf 91' lang='lat' dir='ltr'>se</span> 
     </span>
    </p>
   </div>
   <div class='ocr_carea' id='block_1_100' title="bbox 457 5153 1955 5224">
    <p class='ocr_par' dir='ltr' id='par_1_100' title="bbox 457 5153 1955 5224">
     <span class='ocr_line' id='line_1_100' title="bbox 457 5153 1955 5224; baseline 0.003 -11"><span class='ocrx_word' id='word_1_804' title='bbox 457 5155 762 5213; x_wconf 88' lang='lat' dir='ltr'>admiratio</span> <span class='ocrx_word' id='word_1_805' title='bbox 796 5154 987 5224; x_wconf 87' lang='lat' dir='ltr'>aliqua</span> <span class='ocrx_word' id='word_1_806' title='bbox 1019 5153 1398 5223; x_wconf 90' lang='lat' dir='ltr'>relinquatur.</span> <span class='ocrx_word' id='word_1_807' title='bbox 1450 5155 1516 5208; x_wconf 87' lang='lat' dir='ltr'>Et</span> <span class='ocrx_word' id='word_1_808' title='bbox 1544 5157 1651 5211; x_wconf 90' lang='lat' dir='ltr'>hoc</span> <span class='ocrx_word' id='word_1_809' title='bbox 1675 5159 1751 5212; x_wconf 91' lang='lat' dir='ltr'>sic</span> <span class='ocrx_word' id='word_1_810' title='bbox 1785 5162 1918 5216; x_wconf 89' lang='lat' dir='ltr'>dicit</span> <span class='ocrx_word' id='word_1_811' title='bbox 1944 5182 1955 5218; x_wconf 94' lang='lat'>:</span> 
     </span>
    </p>
   </div>
   <div class='ocr_carea' id='block_1_101' title="bbox 440 5239 2068 5313">
    <p class='ocr_par' dir='ltr' id='par_1_101' title="bbox 440 5239 2068 5313">
     <span class='ocr_line' id='line_1_101' title="bbox 440 5239 2068 5313; baseline 0.007 -18"><span class='ocrx_word' id='word_1_812' title='bbox 440 5266 443 5269; x_wconf 57' lang='grc' dir='ltr'><em>ν</em></span> <span class='ocrx_word' id='word_1_813' title='bbox 524 5244 774 5309; x_wconf 84' lang='lat' dir='ltr'>Domine,</span> <span class='ocrx_word' id='word_1_814' title='bbox 796 5241 926 5313; x_wconf 84' lang='lat' dir='ltr'>quid</span> <span class='ocrx_word' id='word_1_815' title='bbox 953 5239 1296 5310; x_wconf 79' lang='lat' dir='ltr'>multiplicati</span> <span class='ocrx_word' id='word_1_816' title='bbox 1344 5248 1468 5293; x_wconf 73' lang='lat' dir='ltr'>sunt</span> <span class='ocrx_word' id='word_1_817' title='bbox 1513 5245 1608 5313; x_wconf 80' lang='lat' dir='ltr'>qui</span> <span class='ocrx_word' id='word_1_818' title='bbox 1647 5247 1906 5302; x_wconf 84' lang='lat' dir='ltr'>tribulant</span> <span class='ocrx_word' id='word_1_819' title='bbox 1936 5269 2017 5305; x_wconf 86' lang='lat' dir='ltr'>me</span> <span class='ocrx_word' id='word_1_820' title='bbox 2040 5255 2068 5306; x_wconf 88' lang='lat'><strong><em>?</em></strong></span> 
     </span>
    </p>
   </div>
   <div class='ocr_carea' id='block_1_102' title="bbox 457 5327 2065 5398">
    <p class='ocr_par' dir='ltr' id='par_1_102' title="bbox 457 5327 2065 5398">
     <span class='ocr_line' id='line_1_102' title="bbox 457 5327 2065 5398; baseline 0.005 -13"><span class='ocrx_word' id='word_1_821' title='bbox 457 5330 619 5398; x_wconf 81' lang='lat' dir='ltr'>Quid,</span> <span class='ocrx_word' id='word_1_822' title='bbox 652 5333 737 5384; x_wconf 90' lang='lat' dir='ltr'>est</span> <span class='ocrx_word' id='word_1_823' title='bbox 768 5329 995 5383; x_wconf 90' lang='lat' dir='ltr'>dicere:</span> <span class='ocrx_word' id='word_1_824' title='bbox 1030 5327 1194 5392; x_wconf 87' lang='lat' dir='ltr'>Cum,</span> <span class='ocrx_word' id='word_1_825' title='bbox 1226 5331 1285 5381; x_wconf 91' lang='lat' dir='ltr'>tu</span> <span class='ocrx_word' id='word_1_826' title='bbox 1318 5328 1508 5395; x_wconf 86' lang='lat' dir='ltr'>Pater,</span> <span class='ocrx_word' id='word_1_827' title='bbox 1542 5330 1617 5384; x_wconf 89' lang='lat' dir='ltr'>sis</span> <span class='ocrx_word' id='word_1_828' title='bbox 1641 5333 1916 5389; x_wconf 83' lang='lat' dir='ltr'>Dominus</span> <span class='ocrx_word' id='word_1_829' title='bbox 1943 5356 2065 5393; x_wconf 90' lang='lat' dir='ltr'>om-</span> 
     </span>
    </p>
   </div>
   <div class='ocr_carea' id='block_1_103' title="bbox 454 5415 2061 5494">
    <p class='ocr_par' dir='ltr' id='par_1_103' title="bbox 454 5415 2061 5494">
     <span class='ocr_line' id='line_1_103' title="bbox 454 5415 2061 5494; baseline 0.004 -18"><span class='ocrx_word' id='word_1_830' title='bbox 454 5421 639 5486; x_wconf 91' lang='lat' dir='ltr'>nium,</span> <span class='ocrx_word' id='word_1_831' title='bbox 673 5419 732 5472; x_wconf 88' lang='lat' dir='ltr'>in</span> <span class='ocrx_word' id='word_1_832' title='bbox 762 5432 944 5489; x_wconf 87' lang='lat' dir='ltr'>regno</span> <span class='ocrx_word' id='word_1_833' title='bbox 974 5420 1070 5470; x_wconf 90' lang='lat' dir='ltr'>tuo</span> <span class='ocrx_word' id='word_1_834' title='bbox 1103 5415 1183 5469; x_wconf 88' lang='lat' dir='ltr'>nil</span> <span class='ocrx_word' id='word_1_835' title='bbox 1210 5416 1415 5470; x_wconf 88' lang='lat' dir='ltr'>debeat</span> <span class='ocrx_word' id='word_1_836' title='bbox 1444 5434 1562 5471; x_wconf 90' lang='lat' dir='ltr'>esse</span> <span class='ocrx_word' id='word_1_837' title='bbox 1586 5421 2061 5494; x_wconf 88' lang='lat' dir='ltr'>temerarium,ad</span> 
     </span>
    </p>
   </div>
   <div class='ocr_carea' id='block_1_104' title="bbox 457 5503 2058 5583">
    <p class='ocr_par' dir='ltr' id='par_1_104' title="bbox 457 5503 2058 5583">
     <span class='ocr_line' id='line_1_104' title="bbox 457 5503 2058 5583; baseline 0.006 -20"><span class='ocrx_word' id='word_1_838' title='bbox 457 5508 595 5583; x_wconf 89' lang='lat' dir='ltr'>quid</span> <span class='ocrx_word' id='word_1_839' title='bbox 624 5508 883 5563; x_wconf 87' lang='lat' dir='ltr'>futurum</span> <span class='ocrx_word' id='word_1_840' title='bbox 908 5503 1213 5576; x_wconf 86' lang='lat' dir='ltr'>pecmisisti</span> <span class='ocrx_word' id='word_1_841' title='bbox 1239 5505 1393 5576; x_wconf 88' lang='lat' dir='ltr'>quod</span> <span class='ocrx_word' id='word_1_842' title='bbox 1417 5507 1921 5579; x_wconf 86' lang='lat' dir='ltr'>multiplicatisunt</span> <span class='ocrx_word' id='word_1_843' title='bbox 1950 5516 2058 5572; x_wconf 88' lang='lat' dir='ltr'>ini-</span> 
     </span>
    </p>
   </div>
   <div class='ocr_carea' id='block_1_105' title="bbox 2171 4381 3781 4457">
    <p class='ocr_par' dir='ltr' id='par_1_105' title="bbox 2171 4381 3781 4457">
     <span class='ocr_line' id='line_1_105' title="bbox 2171 4381 3781 4457; baseline 0.009 -25"><span class='ocrx_word' id='word_1_844' title='bbox 2171 4398 2297 4451; x_wconf 71' lang='lat' dir='ltr'>qua:</span> <span class='ocrx_word' id='word_1_845' title='bbox 2319 4381 2527 4435; x_wconf 89' lang='lat' dir='ltr'>dicitur</span> <span class='ocrx_word' id='word_1_846' title='bbox 2549 4399 2735 4451; x_wconf 88' lang='lat' dir='ltr'>mons,</span> <span class='ocrx_word' id='word_1_847' title='bbox 2765 4400 2832 4438; x_wconf 93' lang='lat' dir='ltr'>eo</span> <span class='ocrx_word' id='word_1_848' title='bbox 2856 4386 3010 4455; x_wconf 91' lang='lat' dir='ltr'>quod</span> <span class='ocrx_word' id='word_1_849' title='bbox 3031 4388 3146 4441; x_wconf 91' lang='lat' dir='ltr'>alta</span> <span class='ocrx_word' id='word_1_850' title='bbox 3177 4392 3233 4442; x_wconf 91' lang='lat' dir='ltr'>et</span> <span class='ocrx_word' id='word_1_851' title='bbox 3262 4406 3491 4446; x_wconf 88' lang='lat' dir='ltr'>summa</span> <span class='ocrx_word' id='word_1_852' title='bbox 3519 4392 3611 4457; x_wconf 89' lang='lat' dir='ltr'>sit,</span> <span class='ocrx_word' id='word_1_853' title='bbox 3634 4392 3781 4447; x_wconf 89' lang='lat' dir='ltr'>sicut</span> 
     </span>
    </p>
   </div>
   <div class='ocr_carea' id='block_1_106' title="bbox 2171 4470 3774 4547">
    <p class='ocr_par' dir='ltr' id='par_1_106' title="bbox 2171 4470 3774 4547">
     <span class='ocr_line' id='line_1_106' title="bbox 2171 4470 3774 4547; baseline 0.008 -25"><span class='ocrx_word' id='word_1_854' title='bbox 2171 4470 2306 4523; x_wconf 85' lang='lat' dir='ltr'>alibi</span> <span class='ocrx_word' id='word_1_855' title='bbox 2376 4470 2513 4523; x_wconf 89' lang='lat' dir='ltr'>dicit</span> <span class='ocrx_word' id='word_1_856' title='bbox 2562 4488 2574 4523; x_wconf 88' lang='lat'>:</span> <span class='ocrx_word' id='word_1_857' title='bbox 2639 4494 2667 4521; x_wconf 90' lang='grc'>‹‹</span> <span class='ocrx_word' id='word_1_858' title='bbox 2723 4473 2950 4528; x_wconf 84' lang='lat' dir='ltr'>Justitia</span> <span class='ocrx_word' id='word_1_859' title='bbox 3003 4480 3102 4529; x_wconf 88' lang='lat' dir='ltr'>tua</span> <span class='ocrx_word' id='word_1_860' title='bbox 3151 4477 3292 4532; x_wconf 91' lang='lat' dir='ltr'>sicut</span> <span class='ocrx_word' id='word_1_861' title='bbox 3336 4484 3565 4534; x_wconf 90' lang='lat' dir='ltr'>montes</span> <span class='ocrx_word' id='word_1_862' title='bbox 3603 4482 3774 4547; x_wconf 84' lang='lat' dir='ltr'>(Psal.</span> 
     </span>
    </p>
   </div>
   <div class='ocr_carea' id='block_1_107' title="bbox 2170 4558 3775 4640">
    <p class='ocr_par' dir='ltr' id='par_1_107' title="bbox 2170 4558 3775 4640">
     <span class='ocr_line' id='line_1_107' title="bbox 2170 4558 3775 4640; baseline 0.009 -30"><span class='ocrx_word' id='word_1_863' title='bbox 2170 4575 2328 4623; x_wconf 85' lang='lat' dir='ltr'>xxxv,</span> <span class='ocrx_word' id='word_1_864' title='bbox 2355 4558 2430 4628; x_wconf 88' lang='lat'>7),</span> <span class='ocrx_word' id='word_1_865' title='bbox 2457 4580 2483 4606; x_wconf 85' lang='grc'><strong>››</strong></span> <span class='ocrx_word' id='word_1_866' title='bbox 2519 4560 2605 4613; x_wconf 91' lang='lat' dir='ltr'>vel</span> <span class='ocrx_word' id='word_1_867' title='bbox 2649 4562 2912 4615; x_wconf 85' lang='lat' dir='ltr'>exaudiet</span> <span class='ocrx_word' id='word_1_868' title='bbox 2953 4579 3047 4617; x_wconf 91' lang='lat' dir='ltr'>me</span> <span class='ocrx_word' id='word_1_869' title='bbox 3085 4563 3155 4617; x_wconf 92' lang='lat' dir='ltr'>de</span> <span class='ocrx_word' id='word_1_870' title='bbox 3192 4571 3414 4635; x_wconf 83' lang='lat' dir='ltr'>monte,</span> <span class='ocrx_word' id='word_1_871' title='bbox 3452 4568 3509 4622; x_wconf 91' lang='lat' dir='ltr'>id</span> <span class='ocrx_word' id='word_1_872' title='bbox 3546 4572 3629 4622; x_wconf 87' lang='lat' dir='ltr'>est</span> <span class='ocrx_word' id='word_1_873' title='bbox 3671 4586 3775 4640; x_wconf 91' lang='lat' dir='ltr'>pro</span> 
     </span>
    </p>
   </div>
   <div class='ocr_carea' id='block_1_108' title="bbox 2170 4646 3780 4721">
    <p class='ocr_par' dir='ltr' id='par_1_108' title="bbox 2170 4646 3780 4721">
     <span class='ocr_line' id='line_1_108' title="bbox 2170 4646 3780 4721; baseline 0.009 -24"><span class='ocrx_word' id='word_1_874' title='bbox 2170 4662 2284 4705; x_wconf 84' lang='lat' dir='ltr'>me,</span> <span class='ocrx_word' id='word_1_875' title='bbox 2303 4646 2399 4715; x_wconf 90' lang='lat' dir='ltr'>qui</span> <span class='ocrx_word' id='word_1_876' title='bbox 2420 4664 2545 4700; x_wconf 87' lang='lat' dir='ltr'>sum</span> <span class='ocrx_word' id='word_1_877' title='bbox 2571 4664 2736 4701; x_wconf 86' lang='lat' dir='ltr'>mons</span> <span class='ocrx_word' id='word_1_878' title='bbox 2764 4653 2989 4704; x_wconf 79' lang='lat' dir='ltr'>sanctus</span> <span class='ocrx_word' id='word_1_879' title='bbox 3014 4652 3156 4721; x_wconf 80' lang='lat' dir='ltr'>ejus,</span> <span class='ocrx_word' id='word_1_880' title='bbox 3186 4653 3243 4707; x_wconf 93' lang='lat' dir='ltr'>id</span> <span class='ocrx_word' id='word_1_881' title='bbox 3274 4658 3357 4708; x_wconf 91' lang='lat' dir='ltr'>est</span> <span class='ocrx_word' id='word_1_882' title='bbox 3383 4655 3439 4709; x_wconf 92' lang='lat' dir='ltr'>in</span> <span class='ocrx_word' id='word_1_883' title='bbox 3477 4656 3780 4711; x_wconf 87' lang='lat' dir='ltr'>virtutibus</span> 
     </span>
    </p>
   </div>
   <div class='ocr_carea' id='block_1_109' title="bbox 2171 4735 3781 4816">
    <p class='ocr_par' dir='ltr' id='par_1_109' title="bbox 2171 4735 3781 4816">
     <span class='ocr_line' id='line_1_109' title="bbox 2171 4735 3781 4816; baseline 0.009 -30"><span class='ocrx_word' id='word_1_884' title='bbox 2171 4735 2438 4799; x_wconf 86' lang='lat' dir='ltr'>excelsus,</span> <span class='ocrx_word' id='word_1_885' title='bbox 2461 4737 2543 4788; x_wconf 87' lang='lat' dir='ltr'>vel</span> <span class='ocrx_word' id='word_1_886' title='bbox 2567 4736 2637 4790; x_wconf 90' lang='lat' dir='ltr'>de</span> <span class='ocrx_word' id='word_1_887' title='bbox 2659 4742 2856 4791; x_wconf 89' lang='lat' dir='ltr'>monte</span> <span class='ocrx_word' id='word_1_888' title='bbox 2879 4740 3164 4808; x_wconf 86' lang='lat' dir='ltr'>exaudiet,</span> <span class='ocrx_word' id='word_1_889' title='bbox 3195 4741 3255 4793; x_wconf 93' lang='lat' dir='ltr'>id</span> <span class='ocrx_word' id='word_1_890' title='bbox 3290 4747 3373 4796; x_wconf 86' lang='lat' dir='ltr'>est</span> <span class='ocrx_word' id='word_1_891' title='bbox 3406 4749 3643 4816; x_wconf 86' lang='lat' dir='ltr'>propter</span> <span class='ocrx_word' id='word_1_892' title='bbox 3668 4746 3781 4800; x_wconf 87' lang='lat' dir='ltr'>hoc</span> 
     </span>
    </p>
   </div>
   <div class='ocr_carea' id='block_1_110' title="bbox 2171 4822 3782 4903">
    <p class='ocr_par' dir='ltr' id='par_1_110' title="bbox 2171 4822 3782 4903">
     <span class='ocr_line' id='line_1_110' title="bbox 2171 4822 3782 4903; baseline 0.009 -29"><span class='ocrx_word' id='word_1_893' title='bbox 2171 4822 2325 4893; x_wconf 86' lang='lat' dir='ltr'>quod</span> <span class='ocrx_word' id='word_1_894' title='bbox 2356 4840 2463 4892; x_wconf 81' lang='lat' dir='ltr'>ego</span> <span class='ocrx_word' id='word_1_895' title='bbox 2506 4824 2730 4878; x_wconf 88' lang='lat' dir='ltr'>futurus</span> <span class='ocrx_word' id='word_1_896' title='bbox 2780 4843 2905 4879; x_wconf 90' lang='lat' dir='ltr'>sum</span> <span class='ocrx_word' id='word_1_897' title='bbox 2943 4844 3112 4882; x_wconf 87' lang='lat' dir='ltr'>mons</span> <span class='ocrx_word' id='word_1_898' title='bbox 3156 4833 3385 4885; x_wconf 88' lang='lat' dir='ltr'>sanctus</span> <span class='ocrx_word' id='word_1_899' title='bbox 3433 4833 3575 4903; x_wconf 87' lang='lat' dir='ltr'>ejus,</span> <span class='ocrx_word' id='word_1_900' title='bbox 3634 4833 3782 4888; x_wconf 90' lang='lat' dir='ltr'>sicut</span> 
     </span>
    </p>
   </div>
   <div class='ocr_carea' id='block_1_111' title="bbox 2170 4900 3777 4985">
    <p class='ocr_par' dir='ltr' id='par_1_111' title="bbox 2170 4900 3777 4985">
     <span class='ocr_line' id='line_1_111' title="bbox 2170 4900 3777 4985; baseline 0.009 -23"><span class='ocrx_word' id='word_1_901' title='bbox 2170 4908 2444 4979; x_wconf 86' lang='lat' dir='ltr'>scriptum</span> <span class='ocrx_word' id='word_1_902' title='bbox 2474 4900 2557 4964; x_wconf 56' lang='lat' dir='ltr'>est</span> <span class='ocrx_word' id='word_1_903' title='bbox 2587 4928 2598 4964; x_wconf 91' lang='lat'><strong>:</strong></span> <span class='ocrx_word' id='word_1_904' title='bbox 2631 4934 2657 4961; x_wconf 93' lang='grc'>‹‹</span> <span class='ocrx_word' id='word_1_905' title='bbox 2693 4912 2810 4966; x_wconf 86' lang='lat' dir='ltr'>Erit</span> <span class='ocrx_word' id='word_1_906' title='bbox 2838 4919 3194 4985; x_wconf 68' lang='lat' dir='ltr'>praeparatus</span> <span class='ocrx_word' id='word_1_907' title='bbox 3226 4934 3393 4974; x_wconf 90' lang='lat' dir='ltr'>mons</span> <span class='ocrx_word' id='word_1_908' title='bbox 3428 4920 3635 4975; x_wconf 90' lang='lat' dir='ltr'>domus</span> <span class='ocrx_word' id='word_1_909' title='bbox 3664 4924 3777 4976; x_wconf 90' lang='lat' dir='ltr'>D0-</span> 
     </span>
    </p>
   </div>
   <div class='ocr_carea' id='block_1_112' title="bbox 2170 4997 3781 5077">
    <p class='ocr_par' dir='ltr' id='par_1_112' title="bbox 2170 4997 3781 5077">
     <span class='ocr_line' id='line_1_112' title="bbox 2170 4997 3781 5077; baseline 0.01 -28"><span class='ocrx_word' id='word_1_910' title='bbox 2170 4997 2310 5050; x_wconf 89' lang='lat' dir='ltr'>mini</span> <span class='ocrx_word' id='word_1_911' title='bbox 2338 5015 2512 5068; x_wconf 89' lang='lat' dir='ltr'>super</span> <span class='ocrx_word' id='word_1_912' title='bbox 2534 4999 2803 5054; x_wconf 88' lang='lat' dir='ltr'>verticem</span> <span class='ocrx_word' id='word_1_913' title='bbox 2828 5004 3113 5057; x_wconf 88' lang='lat' dir='ltr'>montium</span> <span class='ocrx_word' id='word_1_914' title='bbox 3136 5004 3326 5071; x_wconf 70' lang='lat' dir='ltr'>(Mida.</span> <span class='ocrx_word' id='word_1_915' title='bbox 3347 5024 3420 5075; x_wconf 88' lang='lat' dir='ltr'>1v,</span> <span class='ocrx_word' id='word_1_916' title='bbox 3457 5008 3527 5077; x_wconf 85' lang='lat' dir='ltr'>l),</span> <span class='ocrx_word' id='word_1_917' title='bbox 3548 5030 3576 5057; x_wconf 83' lang='lat'>»</span> <span class='ocrx_word' id='word_1_918' title='bbox 3608 5009 3667 5064; x_wconf 91' lang='lat' dir='ltr'>id</span> <span class='ocrx_word' id='word_1_919' title='bbox 3694 5014 3781 5065; x_wconf 88' lang='lat' dir='ltr'>est</span> 
     </span>
    </p>
   </div>
   <div class='ocr_carea' id='block_1_113' title="bbox 2171 5084 3782 5157">
    <p class='ocr_par' dir='ltr' id='par_1_113' title="bbox 2171 5084 3782 5157">
     <span class='ocr_line' id='line_1_113' title="bbox 2171 5084 3782 5157; baseline 0.009 -19"><span class='ocrx_word' id='word_1_920' title='bbox 2171 5084 2597 5139; x_wconf 88' lang='lat' dir='ltr'>munimentum</span> <span class='ocrx_word' id='word_1_921' title='bbox 2624 5088 2795 5142; x_wconf 90' lang='lat' dir='ltr'>totius</span> <span class='ocrx_word' id='word_1_922' title='bbox 2812 5090 3093 5157; x_wconf 71' lang='lat' dir='ltr'>Ecclesiae,</span> <span class='ocrx_word' id='word_1_923' title='bbox 3110 5093 3253 5147; x_wconf 90' lang='lat' dir='ltr'>sicut</span> <span class='ocrx_word' id='word_1_924' title='bbox 3270 5111 3440 5149; x_wconf 91' lang='lat' dir='ltr'>mons</span> <span class='ocrx_word' id='word_1_925' title='bbox 3453 5097 3782 5153; x_wconf 88' lang='lat' dir='ltr'>munimen-</span> 
     </span>
    </p>
   </div>
   <div class='ocr_carea' id='block_1_114' title="bbox 2168 5175 3778 5255">
    <p class='ocr_par' dir='ltr' id='par_1_114' title="bbox 2168 5175 3778 5255">
     <span class='ocr_line' id='line_1_114' title="bbox 2168 5175 3778 5255; baseline 0.01 -32"><span class='ocrx_word' id='word_1_926' title='bbox 2168 5175 2290 5225; x_wconf 90' lang='lat' dir='ltr'>tum</span> <span class='ocrx_word' id='word_1_927' title='bbox 2324 5177 2407 5225; x_wconf 88' lang='lat' dir='ltr'>est</span> <span class='ocrx_word' id='word_1_928' title='bbox 2432 5175 2897 5245; x_wconf 82' lang='lat' dir='ltr'>confugientibus</span> <span class='ocrx_word' id='word_1_929' title='bbox 2930 5179 3002 5233; x_wconf 91' lang='lat' dir='ltr'>ad</span> <span class='ocrx_word' id='word_1_930' title='bbox 3032 5196 3091 5233; x_wconf 89' lang='lat' dir='ltr'>se</span> <span class='ocrx_word' id='word_1_931' title='bbox 3114 5180 3279 5251; x_wconf 87' lang='lat' dir='ltr'>juxta</span> <span class='ocrx_word' id='word_1_932' title='bbox 3304 5182 3441 5237; x_wconf 92' lang='lat' dir='ltr'>illud</span> <span class='ocrx_word' id='word_1_933' title='bbox 3482 5186 3778 5255; x_wconf 88' lang='lat' dir='ltr'>propheti-</span> 
     </span>
    </p>
   </div>
   <div class='ocr_carea' id='block_1_115' title="bbox 2167 5261 3774 5328">
    <p class='ocr_par' dir='ltr' id='par_1_115' title="bbox 2167 5261 3774 5328">
     <span class='ocr_line' id='line_1_115' title="bbox 2167 5261 3774 5328; baseline 0.009 -16"><span class='ocrx_word' id='word_1_934' title='bbox 2167 5277 2294 5312; x_wconf 90' lang='lat' dir='ltr'>cum</span> <span class='ocrx_word' id='word_1_935' title='bbox 2327 5277 2337 5312; x_wconf 94' lang='lat'>:</span> <span class='ocrx_word' id='word_1_936' title='bbox 2370 5279 2400 5311; x_wconf 92' lang='lat'><strong>«</strong></span> <span class='ocrx_word' id='word_1_937' title='bbox 2435 5261 2632 5315; x_wconf 82' lang='lat' dir='ltr'>Venite</span> <span class='ocrx_word' id='word_1_938' title='bbox 2663 5266 3038 5321; x_wconf 86' lang='lat' dir='ltr'>ascendamus</span> <span class='ocrx_word' id='word_1_939' title='bbox 3070 5269 3143 5323; x_wconf 92' lang='lat' dir='ltr'>ad</span> <span class='ocrx_word' id='word_1_940' title='bbox 3180 5272 3442 5324; x_wconf 89' lang='lat' dir='ltr'>montem</span> <span class='ocrx_word' id='word_1_941' title='bbox 3491 5272 3724 5327; x_wconf 89' lang='lat' dir='ltr'>Domini</span> <span class='ocrx_word' id='word_1_942' title='bbox 3761 5291 3774 5328; x_wconf 93' lang='lat'>:</span> 
     </span>
    </p>
   </div>
   <div class='ocr_carea' id='block_1_116' title="bbox 2167 5347 2555 5418">
    <p class='ocr_par' dir='ltr' id='par_1_116' title="bbox 2167 5347 2555 5418">
     <span class='ocr_line' id='line_1_116' title="bbox 2167 5347 2555 5418; baseline 0.005 -19"><span class='ocrx_word' id='word_1_943' title='bbox 2167 5347 2296 5416; x_wconf 79' lang='lat' dir='ltr'>(Isa.</span> <span class='ocrx_word' id='word_1_944' title='bbox 2328 5364 2386 5414; x_wconf 87' lang='grc' dir='ltr'>ιι,</span> <span class='ocrx_word' id='word_1_945' title='bbox 2418 5350 2490 5418; x_wconf 84' lang='grc'>3).</span> <span class='ocrx_word' id='word_1_946' title='bbox 2530 5371 2555 5397; x_wconf 82' lang='grc'>››</span> 
     </span>
    </p>
   </div>
   <div class='ocr_carea' id='block_1_117' title="bbox 2236 5438 3775 5516">
    <p class='ocr_par' dir='ltr' id='par_1_117' title="bbox 2236 5438 3775 5516">
     <span class='ocr_line' id='line_1_117' title="bbox 2236 5438 3775 5516; baseline 0.009 -27"><span class='ocrx_word' id='word_1_947' title='bbox 2236 5438 2300 5489; x_wconf 89' lang='lat' dir='ltr'>Et</span> <span class='ocrx_word' id='word_1_948' title='bbox 2322 5454 2548 5490; x_wconf 84' lang='lat' dir='ltr'>necesse</span> <span class='ocrx_word' id='word_1_949' title='bbox 2588 5442 2671 5491; x_wconf 88' lang='lat' dir='ltr'>est</span> <span class='ocrx_word' id='word_1_950' title='bbox 2705 5444 2763 5493; x_wconf 90' lang='lat' dir='ltr'>ut</span> <span class='ocrx_word' id='word_1_951' title='bbox 2800 5442 3084 5497; x_wconf 84' lang='lat' dir='ltr'>exaudiat.</span> <span class='ocrx_word' id='word_1_952' title='bbox 3115 5444 3257 5499; x_wconf 73' lang='lat' dir='ltr'>Nam</span> <span class='ocrx_word' id='word_1_953' title='bbox 3300 5464 3393 5516; x_wconf 88' lang='lat' dir='ltr'>ego</span> <span class='ocrx_word' id='word_1_954' title='bbox 3436 5447 3683 5515; x_wconf 78' lang='lat' dir='ltr'>dormivi,</span> <span class='ocrx_word' id='word_1_955' title='bbox 3712 5450 3775 5505; x_wconf 93' lang='lat' dir='ltr'>id</span> 
     </span>
    </p>
   </div>
   <div class='ocr_carea' id='block_1_118' title="bbox 2162 5525 3771 5607">
    <p class='ocr_par' dir='ltr' id='par_1_118' title="bbox 2162 5525 3771 5607">
     <span class='ocr_line' id='line_1_118' title="bbox 2162 5525 3771 5607; baseline 0.009 -29"><span class='ocrx_word' id='word_1_956' title='bbox 2162 5528 2245 5578; x_wconf 87' lang='lat' dir='ltr'>est</span> <span class='ocrx_word' id='word_1_957' title='bbox 2276 5525 2583 5593; x_wconf 88' lang='lat' dir='ltr'>dormiam,</span> <span class='ocrx_word' id='word_1_958' title='bbox 2618 5534 2666 5580; x_wconf 84' lang='lat' dir='ltr'>et</span> <span class='ocrx_word' id='word_1_959' title='bbox 2697 5536 2969 5598; x_wconf 82' lang='lat' dir='ltr'>separatus</span> <span class='ocrx_word' id='word_1_960' title='bbox 2994 5548 3131 5598; x_wconf 86' lang='lat' dir='ltr'>sum,</span> <span class='ocrx_word' id='word_1_961' title='bbox 3162 5532 3218 5587; x_wconf 90' lang='lat' dir='ltr'>id</span> <span class='ocrx_word' id='word_1_962' title='bbox 3245 5537 3328 5587; x_wconf 89' lang='lat' dir='ltr'>est</span> <span class='ocrx_word' id='word_1_963' title='bbox 3360 5537 3698 5607; x_wconf 85' lang='lat' dir='ltr'>seporabor,</span> <span class='ocrx_word' id='word_1_964' title='bbox 3718 5546 3771 5594; x_wconf 83' lang='lat' dir='ltr'>et</span> 
     </span>
    </p>
   </div>
  </div>
