4010 6032
308 349 414 407 649

1339 345 1699 407 EXPOSI’I‘IO
1736 344 1808 404 IN
1843 342 2178 404 PSALMOS.
2207 374 2276 388 --
2305 343 2500 402 PSAL.
2542 343 2611 402 IV

3529 349 3632 409 650

305 475 438 544 post
464 470 562 544 qui
590 487 624 528 a
653 489 748 528 me
775 472 1134 539 exaudiatur,
1185 472 1477 534 exsurrexi,
1519 471 1579 525 id
1609 473 1695 525 est
1727 486 1920 524 exsur-
1948 471 2004 532 Α
2025 467 2212 536 tico,id
2225 470 2312 522 est
2324 467 2394 522 de
2419 464 2891 522 remuneratione
2913 465 3052 523 boni
3071 465 3278 540 operis.
3301 466 3630 526 Attribuen-

309 579 468 632 gam.
499 563 565 616 Et
589 563 736 618 bene
755 562 928 617 dicit:
965 563 1086 616 Non
1117 578 1376 631 surgam,
1409 559 1511 614 sed
1557 575 1868 630 exsurgam
1901 575 1916 626 ;

306 633 371 719 9
401 651 460 704 id
489 655 574 704 est
591 655 750 704 extra
772 651 1018 705 aliorum
1045 649 1463 704 surrectionem
1499 665 1754 720 surgam.
1797 648 1924 702 Glo-

311 737 520 793 riosior
541 739 698 793 enim
719 755 817 794 ero
839 740 1058 794 cunctis
1078 738 1200 794 aliis
1220 738 1672 808 resurgentibus.
1689 738 1796 792 Per
1811 737 1921 791 hoc

313 827 470 898 quod
488 826 1119 895 dicitdonniam,innuit
1139 826 1275 899 quia
1297 843 1415 881 non
1433 827 1608 897 longa
1625 825 1736 880 erit
1761 841 1920 880 mors

307 915 428 991 illa,
457 916 556 970 sed
593 915 664 970 ad
703 917 931 983 horam,
967 917 1118 971 unde
1142 915 1319 988 possit
1344 915 1455 970 cito
1489 914 1742 981 excitari,
1775 914 1921 968 sicut

303 1003 512 1076 aliquis
542 1003 612 1058 de
641 1004 1011 1060 dormitione.
1038 1005 1146 1059 Per
1166 1005 1274 1059 hoc
1295 1003 1451 1076 quod
1471 1003 1607 1058 dicit
1622 1009 1918 1074 separatus,

301 1091 500 1148 innuit
518 1093 675 1164 quod
703 1109 838 1148 cum
870 1093 1061 1164 quiete
1094 1093 1224 1159 erit,
1254 1097 1313 1147 et
1345 1109 1476 1148 cum
1495 1091 1799 1147 securitate
1827 1109 1918 1146 re~

303 1181 925 1254 surgendi.Soporatus
942 1199 1194 1253 namque
1215 1181 1422 1236 dicitur
1452 1181 1548 1254 qui
1573 1197 1769 1236 secure
1792 1181 1922 1236 dor-

303 1271 436 1337 mit,
469 1272 556 1326 vel
572 1270 709 1342 quia
730 1271 952 1325 dixerat
977 1271 1258 1336 dormiam,
1284 1271 1341 1326 id
1366 1275 1453 1325 est
1482 1271 1718 1325 brevem
1767 1287 1921 1326 mor-

302 1363 427 1414 tem
459 1359 666 1430 patiar.
701 1359 781 1413 Ne
809 1362 1150 1430 putaremus
1179 1359 1334 1431 quod
1387 1375 1521 1413 mox
1569 1362 1915 1431 resurgeret,

303 1447 467 1502 addit
491 1465 505 1502 :
526 1446 819 1518 Soporatus
843 1447 1030 1514 ero,id
1047 1449 1132 1502 est
1150 1447 1573 1519 aliquantulum
1606 1446 1917 1504 dormiam.

305 1536 542 1591 Ostensa
577 1535 818 1590 utilitate
837 1553 941 1591 sua
962 1537 1033 1591 de
1057 1539 1246 1590 morte
1277 1553 1399 1603 sua,
1433 1535 1687 1590 ostendit
1717 1538 1776 1590 et
1793 1536 1919 1606 jam

301 1625 615 1680 utilitatem
645 1625 1068 1692 membrorum;
1097 1624 1174 1678 sic
1206 1625 1498 1698 dico,quia
1511 1624 1788 1680 Dominus
1801 1641 1918 1678 sus—

303 1715 510 1783 ceptor
538 1729 702 1767 mens
734 1713 862 1779 erit,
897 1713 956 1768 id
987 1716 1074 1768 est
1101 1713 1371 1784 suscipiet
1396 1729 1513 1780 me,
1543 1713 1600 1767 id
1629 1715 1713 1766 est
1760 1729 1918 1766 resu-

2023 555 2126 610 dus
2153 559 2235 610 est
2262 556 2465 622 David,
2496 555 2553 610 id
2601 559 2686 610 est
2729 556 2999 626 perfectae
3032 557 3322 626 Ecclesiae;
3377 577 3505 631 quae
3545 561 3630 615 est

2019 661 2200 698 manu
2232 644 2394 698 fortis
2423 647 2626 699 contra
2657 635 3334 714 diabolum.David,dico,
3369 647 3632 704 tendenti

2019 731 2081 786 in
2114 733 2315 798 finem,
2351 731 2408 786 id
2432 736 2516 787 est
2546 731 2606 786 in
2641 731 2952 799 Christum,
2989 733 3166 787 linem
3223 735 3544 806 prophetiae
3575 737 3636 790 et

2019 820 2184 892 legis.
2206 820 2465 876 Psalmus
2491 819 2698 874 dicitur
2722 820 3177 892 symphoniailla
3195 838 3322 893 quae
3349 839 3632 881 manuum

2021 908 2291 964 exercitio
2348 909 2414 962 fit
2451 909 2510 962 in
2569 909 2761 980 aliquo
2793 909 3179 965 instrumento
3231 911 3470 979 musico,
3503 929 3632 984 quae

2020 999 2188 1070 vulgo
2235 997 2456 1068 Luydas
2489 997 2712 1053 dicitur.
2750 1000 2818 1052 Et
2859 999 2993 1070 quia
3041 999 3364 1056 dilectabile
3415 1005 3520 1068 est,
3577 1005 3635 1059 et

2021 1103 2195 1159 opere
2227 1073 2289 1140 ﬁt
2318 1103 2620 1152 manuum,
2654 1103 2754 1158 pro
2787 1087 2941 1142 bono
2975 1105 3150 1160 opere
3181 1089 3448 1160 ponitur;
3477 1090 3634 1162 quod

2021 1191 2153 1229 cum
2181 1174 2450 1229 exercitio
2475 1191 2755 1229 manuum
2777 1175 2994 1230 factum
3014 1177 3190 1231 Ceum
3213 1177 3634 1234 delectat.Cau-

2019 1263 2200 1318 ticum
2245 1266 2442 1317 autem
2493 1263 2836 1336 symphonia
2876 1265 3103 1331 dicitur,
3163 1283 3275 1336 qua
3323 1266 3448 1322 viva
3494 1285 3631 1324 voce

2022 1367 2308 1424 expressa,
2356 1351 2540 1422 magis
2571 1369 2746 1422 quam
2779 1353 3000 1423 psalmo
3033 1353 3259 1408 animus
3289 1355 3626 1425 delectatur,

2022 1438 2268 1512 ideoque
2291 1456 2394 1511 pro
2423 1439 2896 1495 remuneratione
2925 1441 3120 1497 futura
3143 1460 3269 1514 quae
3286 1443 3505 1499 dulcior
3523 1447 3632 1503 erit

2023 1545 2198 1600 opere
2251 1529 2408 1582 bono
2440 1528 2695 1598 ponitur.
2731 1530 2797 1582 Et
2827 1532 2909 1582 est
2939 1547 3044 1584 vox
3075 1531 3330 1602 perfecta
3353 1533 3632 1603 Ecclesiae,

2021 1616 2310 1687 imprimis
2341 1617 2598 1672 minores
2653 1619 2918 1690 exemplo
2973 1619 3058 1674 sui
3104 1620 3448 1690 informans,
3487 1623 3634 1680 utin

2022 1704 2396 1759 tribulatione
2429 1722 2616 1772 orare,
2652 1706 2796 1760 sicut
2843 1709 2900 1760 et
2940 1707 3080 1779 ipsa,
3135 1725 3252 1763 non
3301 1715 3543 1778 cessent,
3576 1715 3635 1767 et

299 1801 528 1856 scitabit
555 1818 568 1855 :
601 1802 726 1854 Non
759 1802 949 1856 timebo
972 1802 1140 1855 millia
1159 1802 1351 1872 populi
1388 1801 1768 1856 circumdantis
1791 1817 1917 1864 .me,
1952 1795 2002 1852 B
2021 1794 2425 1860 exaudiantur,
2455 1793 2598 1848 sicut
2621 1794 2844 1866 etipsa;
2881 1799 3082 1867 postea
3104 1813 3237 1853 vero
3267 1797 3530 1854 infideles
3561 1801 3634 1857 ab

299 1889 362 1944 id
391 1893 479 1944 est
508 1905 686 1944 meos.
724 1891 832 1944 Per
862 1891 972 1944 hoc
1001 1890 1159 1961 quod
1197 1890 1335 1944 dicit
1361 1890 1530 1943 millia
1573 1890 1763 1961 populi
1820 1891 1922 1942 eir-

301 1977 624 2038 cumdantis,
645 1977 910 2048 designat
934 1979 1180 2032 multam
1199 1978 1324 2032 fore
1344 1981 1780 2049 persecutorum
1801 1980 1918 2032 tur-

298 2064 459 2120 bam.
496 2065 668 2129 Quasi
699 2065 854 2120 dicat
881 2081 894 2119 :
931 2065 1074 2128 Quia
1098 2081 1208 2136 ego
1239 2065 1368 2131 vici,
1402 2070 1460 2119 et
1488 2065 1603 2120 mei
1634 2066 1868 2121 vincent
1897 2082 1912 2133 ;

305 2169 426 2207 non
457 2153 676 2209 timebo
723 2169 794 2207 ne
827 2153 940 2208 mei
972 2153 1294 2208 vincantur.
1333 2153 1490 2208 Sicut
1539 2153 1676 2209 alibi
1729 2155 1866 2210 dicit
1898 2171 1911 2209 :

297 2259 333 2293 ε
365 2240 811 2312 Conﬁdite,quia
833 2257 942 2312 ego
961 2241 1064 2295 vici
1089 2241 1377 2296 mundum
1395 2226 1578 2312 (Joan.
1613 2243 1823 2313 xw,33)
1849 2259 1910 2296 ε»

303 2329 432 2384 dico
459 2346 472 2384 :
496 2330 620 2384 Non
638 2330 925 2386 timebo.Et
949 2329 1128 2400 utipsi
1147 2329 1488 2397 vincant,tu,
1515 2331 1682 2396 Deus,
1705 2331 1801 2402 qui
1815 2348 1916 2403 po-

300 2420 432 2472 tens
461 2435 542 2484 es,
577 2421 635 2472 et
665 2417 874 2472 videris
905 2417 1384 2490 persequentibus
1407 2418 1915 2488 impotens,exsur—

301 2505 459 2576 ge,id
471 2509 558 2560 est
575 2509 780 2577 potens
801 2507 1113 2578 appare.Et
1133 2505 1340 2560 salvum
1351 2507 1443 2576 fac
1466 2505 1632 2573 me,id
1649 2511 1734 2561 est
1755 2523 1916 2562 meos

302 2610 378 2647 ne
411 2593 622 2648 cedant
671 2593 948 2650 hostibus.
986 2595 1052 2648 Et
1095 2593 1338 2665 dignum
1368 2597 1485 2662 est;
1520 2611 1656 2649 nam
1688 2611 1747 2649 es
1772 2595 1916 2651 Deus

300 2681 536 2744 meus,id
552 2685 637 2736 est
655 2699 945 2748 meorum,
963 2685 1022 2736 et
1052 2699 1170 2736 non
1199 2682 1358 2738 alius.
1376 2683 1444 2737 Et
1467 2683 1577 2738 hoc
1604 2683 1789 2751 video,
1813 2701 1920 2756 per

299 2770 654 2826 contrariam
676 2771 1048 2837 sententiam,
1083 2771 1216 2842 quia
1262 2771 1504 2826 salvahis
1547 2788 1740 2840 meos;
1777 2789 1917 2827 nam

303 2859 566 2914 destrues
595 2858 954 2914 adversarios
1009 2859 1268 2914 Ostensio
1299 2876 1404 2931 per
1435 2859 1813 2917 contrarium.
1849 2861 1917 2914 Et

2019 1881 2359 1935 infidelitate
2379 1881 2451 1936 ad
2468 1882 2643 1936 [idem
2667 1883 2986 1937 revocantis
3015 1887 3072 1939 et
3099 1885 3172 1939 ad
3195 1885 3622 1958 paenitentiam,

2020 1973 2078 2024 et
2108 1971 2398 2024 malorum
2427 1971 2808 2026 cessationem
2842 1973 3174 2045 bonamque
3223 1975 3627 2045 operationem

2018 2058 2293 2125 vocantis,
2325 2061 2383 2112 et
2421 2058 2496 2112 sic
2523 2059 2595 2114 ad
2628 2077 2790 2131 spem
2836 2061 3322 2118 remunerationis
3369 2067 3632 2138 exemplo

2017 2163 2118 2202 suo
2153 2164 2249 2201 eos
2279 2146 2623 2204 inducentis.
2657 2149 2725 2202 Et
2749 2149 2860 2203 hoc
2889 2148 2967 2204 sic
2997 2147 3156 2204 dicit.

2125 2219 2227 2304 I0
2261 2234 2401 2290 Cum
2440 2239 2760 2305 invocarem,
2790 2239 3062 2292 exaudivit
3093 2257 3176 2293 me
3218 2239 3364 2296 Deus
3382 2241 3616 2313 justitiae

2018 2340 2167 2376 meae.
2203 2323 2366 2386 Quod
2393 2325 2471 2378 sic
2493 2325 2827 2396 exponitur:
2851 2326 2894 2380 Ο
2927 2343 3024 2382 vos
3057 2327 3330 2395 minores,
3360 2329 3621 2386 invocate

2019 2412 2202 2466 Deum
2236 2411 2294 2466 in
2331 2413 2704 2468 tribulatione
2733 2418 3012 2480 vestra,et
3043 2417 3466 2487 exaudiemini;
3494 2437 3631 2476 nam

2017 2519 2141 2556 cum
2173 2503 2473 2556 invocarem
2504 2504 2775 2558 exaudivit
2804 2505 2972 2567 me,id
2995 2508 3080 2558 est
3102 2507 3336 2575 audivit,
3367 2511 3630 2582 utimpe-

2019 2592 2260 2658 trarem,
2289 2589 2434 2644 Deus
2457 2591 2644 2663 opifex
2648 2593 2880 2662 justitiae
2902 2610 3050 2659 meae,
3068 2594 3128 2650 id
3151 2599 3235 2650 est
3266 2596 3362 2668 qui
3379 2597 3513 2653 fecit
3538 2617 3632 2656 me

2010 2677 2254 2750 justam,
2293 2682 2354 2732 ut
2381 2679 2556 2751 digna
2581 2697 2766 2734 essem
2789 2681 2862 2736 ad
2887 2683 3262 2740 audiendum.
3297 2686 3460 2742 Modo
3499 2687 3634 2743 facit

2019 2769 2431 2838 apostropham
2464 2769 2536 2822 ad
2567 2770 2752 2823 Deum
2783 2787 2849 2824 ex
2882 2771 3063 2826 nimia
3107 2772 3434 2842 affectione,
3467 2777 3628 2847 quasi

2019 2857 2236 2928 gratias
2265 2873 2462 2928 agens,
2493 2861 2550 2910 et
2575 2873 2869 2929 exponens
2899 2859 2958 2912 in
2987 2876 3100 2931 quo
3130 2877 3260 2915 eam
3318 2865 3624 2933 exaudivit,

300 2947 412 3002 hoc
440 2947 519 3001 sic
546 2947 716 3002 dicit:
752 2947 1201 3005 Salvabismeos.
1232 2949 1300 3002 Et
1327 2949 1435 3002 hoc
1467 2948 1603 3002 inde
1635 2948 1749 3003 scio
1780 2949 1916 3020 quia
1937 2931 1984 2990 ο
2018 2945 2145 2999 dico
2171 2944 2472 2998 exaudisti.
2527 2946 2596 3001 Et
2621 2963 2821 3000 verum
2859 2951 2974 3015 est;
3007 2965 3146 3002 nam
3203 2952 3258 3003 in
3294 2931 3632 3009 tribulatione

289 3038 621 3108 percussisti,
677 3036 736 3090 id
787 3036 1090 3108 percuties,
1147 3036 1362 3091 scilicet
1417 3037 1694 3103 destrues,
1751 3041 1809 3092 et
1857 3039 1916 3092 in

301 3141 547 3195 corpore
580 3128 637 3178 et
667 3124 726 3179 in
759 3124 978 3190 anima,
1010 3142 1185 3178 omnes
1213 3124 1548 3178 adversantes
1571 3125 1706 3178 mihi
1719 3125 1775 3179 in
1792 3141 1920 3196 pas-

301 3212 466 3268 sione
491 3215 602 3266 sine
630 3230 813 3280 causa,
838 3214 924 3266 vel
955 3213 1106 3279 mihi,
1143 3213 1203 3266 id
1234 3216 1318 3266 est
1346 3212 1512 3280 meis,
1545 3216 1603 3267 et
1651 3229 1770 3268 non
1825 3230 1915 3268 so-

299 3301 424 3354 lum
465 3299 743 3366 minores,
778 3300 880 3354 sed
927 3300 1106 3354 etiam
1127 3300 1305 3354 dentes
1346 3307 1710 3372 peccatorum,
1744 3301 1802 3356 id
1831 3304 1918 3355 est

296 3389 425 3442 illos
456 3389 554 3460 qui
581 3391 712 3442 sunt
745 3388 948 3443 dentes
1003 3389 1158 3442 inter
1202 3393 1558 3459 peccatores,
1600 3389 1662 3444 id
1692 3393 1778 3443 est
1831 3389 1918 3444 in-

297 3480 675 3548 corporantes
706 3477 964 3532 minores
993 3477 1052 3530 in
1087 3478 1328 3544 malum,
1361 3477 1504 3532 sicut
1537 3478 1736 3532 dentes
1769 3480 1913 3531 atte-

295 3569 434 3620 runt
465 3567 659 3620 cibum
683 3569 743 3620 ut
775 3566 1166 3638 incorporent.
1199 3564 1536 3634 Contrivisti,
1570 3565 1629 3619 id
1665 3569 1750 3620 est
1780 3583 1914 3621 con-

295 3657 468 3720 teres,
501 3655 558 3708 id
574 3658 661 3709 est
691 3655 948 3709 destrues
978 3671 1042 3708 ex
1074 3657 1220 3721 toto;
1246 3657 1353 3722 vel,
1377 3655 1575 3719 dentes,
1605 3653 1664 3708 id
1691 3658 1774 3708 est
1793 3671 1914 3710 cor-

293 3759 524 3798 rosores
555 3742 924 3796 detrahentes
956 3742 1197 3796 mihivel
1225 3741 1387 3798 meis.
1420 3743 1488 3796 Et
1515 3741 1650 3812 quia
1673 3759 1780 3812 pro
1798 3741 1912 3796 suis

297 3835 581 3895 oraverat,
635 3829 853 3884 diceret
883 3831 1086 3900 aliquis
1121 3847 1133 3884 :
1167 3831 1253 3884 Ad
1286 3829 1421 3902 quid
1452 3847 1557 3901 pro
1614 3831 1694 3884 eis
1725 3847 1856 3885 oras
1881 3829 1910 3884 ?

296 3937 434 3974 nam
465 3921 719 3990 possent,
739 3919 782 3972 si
816 3919 964 3972 bene
992 3919 1204 3986 vivant,
1241 3935 1345 3989 per
1376 3936 1435 3972 se
1463 3919 1761 3974 salvari.Et
1777 3919 1906 3976 ideo

295 4007 563 4078 adjungit
589 4024 601 4060 :
631 4007 958 4062 Necessario
993 4023 1094 4062 oro
1129 4009 1309 4061 Deum
1353 4011 1416 4061 ut
1447 4011 1739 4079 exsurgat;
1771 4025 1909 4062 nam

295 4096 521 4149 Domini
549 4101 623 4148 est
645 4095 808 4155 salus,
843 4095 900 4148 id
931 4099 1017 4149 est
1047 4096 1235 4149 nullus
1254 4095 1468 4166 poterit.
1490 4095 1694 4150 salvari
1722 4096 1793 4150 ab
1825 4096 1910 4150 in-

295 4181 698 4254 corporatione
730 4181 1121 4247 inimicorum,
1147 4182 1253 4237 nisi
1287 4199 1390 4254 per
1421 4199 1554 4237 eum
1583 4183 1680 4255 qui
1711 4184 1906 4238 Domi-

297 4288 404 4324 nus
432 4274 536 4337 est,
572 4273 780 4340 potens
815 4270 1004 4340 justos
1052 4273 1270 4326 salvare
1298 4275 1356 4326 et
1389 4272 1570 4325 malos
1601 4271 1902 4348 damnare.

292 4359 459 4413 Modo
489 4358 626 4413 facit
652 4358 725 4412 ad
755 4375 888 4412 eum
917 4359 1332 4430 apostrOpham
1363 4377 1428 4413 ex
1456 4359 1636 4414 nimia
1652 4359 1904 4413 affectio-

294 4463 390 4513 ne,
421 4447 500 4500 sic
531 4463 545 4500 :
581 4448 690 4500 Per
721 4449 776 4500 te
807 4450 892 4500 est
923 4448 1072 4502 salus
1094 4447 1164 4502 ab
1196 4447 1442 4502 inimicis
1491 4447 1550 4501 in
1599 4447 1710 4502 hoc
1735 4464 1905 4502 mun-

293 4535 390 4600 do,
425 4537 482 4588 et
507 4551 623 4614 non
652 4535 840 4588 solum
873 4535 1003 4602 hoc,
1027 4536 1126 4588 sed
1159 4536 1462 4602 benedictio,
1493 4535 1553 4590 id
1584 4539 1670 4591 est
1689 4539 1907 4591 aeterna

293 4623 688 4677 remuneratio
720 4625 962 4677 ventura
1017 4640 1174 4694 super
1209 4624 1469 4694 populum
1525 4630 1697 4691 tuum,
1730 4625 1788 4679 id
1823 4629 1907 4679 est

295 4715 536 4766 ventura
565 4711 636 4766 de
669 4711 1060 4782 superioribus
1093 4712 1152 4766 in
1176 4712 1285 4766 illis
1315 4713 1434 4784 qui,
1463 4713 1622 4785 prius
1652 4714 1751 4768 ﬁlii
1772 4731 1902 4785 per-

290 4798 544 4864 ditionis,
580 4803 714 4853 sunt
767 4799 942 4853 futuri
974 4801 1218 4870 populus
1247 4803 1396 4858 tuus.
1435 4801 1553 4854 Erit
1582 4809 1699 4868 tua,
1733 4801 1792 4855 id
1818 4805 1902 4857 est

289 4886 396 4956 p'er
437 4889 497 4941 te
529 4887 682 4954 data,
717 4887 860 4941 sicut
890 4887 1167 4959 scriptum
1202 4891 1287 4941 est
1319 4905 1332 4942 :
1365 4889 1546 4944 Nemo
1578 4893 1764 4960 potest
1809 4907 1903 4944 ve-

291 4975 419 5029 nire
445 4975 518 5028 ad
542 4991 660 5042 me,
693 4974 800 5029 nisi
826 4977 996 5029 Pater
1027 4992 1191 5030 meus
1233 4977 1472 5031 traxerit
1523 4976 1685 5032 iUum
1719 4977 1899 5049 (Joan.

293 5078 368 5118 Vl.
402 5061 516 5135 44).
554 5084 580 5112 u

828 5151 895 5203 IN
936 5151 1206 5207 PSALMU
1211 5153 1258 5208 Μ
1286 5154 1372 5208 IV.

363 5237 636 5310 Sequitur
661 5237 857 5294 titulus
887 5241 1072 5311 quarti
1107 5241 1312 5312 psalmi
1341 5259 1354 5310 ;
1385 5243 1480 5315 qui
1519 5243 1647 5297 talis
1682 5245 1802 5298 est:
1841 5242 1906 5297 In

290 5327 398 5396 ﬁne
421 5326 660 5396 psalmus
689 5329 888 5381 cantici
915 5328 1113 5384 David.
1143 5331 1248 5394 Qui
1274 5331 1349 5384 sic
1389 5331 1721 5402 exponitur:
1759 5331 1910 5385 Psal-

294 5431 431 5481 mus,
464 5415 752 5469 canticum
803 5416 973 5482 istud,
1025 5417 1081 5472 id
1139 5422 1219 5471 est
1273 5421 1544 5473 tractatus
1599 5423 1685 5473 est
1725 5419 1910 5473 dictus

295 5503 550 5572 psalmus
581 5503 810 5567 cantici,
839 5521 908 5558 eo
941 5505 1094 5574 quod
1144 5506 1544 5577 principaliter
1593 5510 1799 5560 tractat
1838 5508 1908 5561 de

297 5591 546 5662 psalmo,
581 5589 638 5644 id
669 5595 756 5645 est
779 5591 850 5646 de
879 5591 1032 5647 bono
1065 5597 1322 5663 opere,et
1351 5593 1685 5650 secundario
1702 5595 1764 5649 de
1783 5611 1910 5650 can-

621 5706 856 5763 Paraon.
905 5705 1057 5762 CLII.

2020 3033 2218 3104 positas
2251 3033 2493 3092 dilatasti
2537 3035 2690 3096 mihi,
2742 3035 2800 3088 id
2833 3038 2917 3089 est
2969 3036 3370 3092 dilatationem
3425 3041 3631 3097 dedisti

2018 3121 2184 3176 mihi.
2211 3121 2380 3185 Quasi
2404 3122 2556 3176 dicat
2585 3140 2597 3178 :
2629 3124 2771 3178 Cum
2800 3125 3140 3179 tribulantes
3173 3143 3287 3192 me,
3321 3132 3629 3200 angustam

2017 3209 2230 3263 vellent
2257 3212 2312 3262 et
2342 3225 2579 3280 parvam
2618 3211 2806 3266 facere
2833 3212 3120 3282 justitiam
3178 3231 3394 3282 meam,
3441 3217 3627 3274 fecisti

2018 3297 2343 3352 econtrario
2371 3315 2650 3370 magnam
2676 3303 2733 3354 et
2763 3301 3062 3356 dilatatam
3089 3319 3102 3369 ;
3159 3306 3216 3358 et
3250 3306 3330 3370 tu,
3359 3305 3456 3376 qui
3495 3307 3622 3375 jam

2017 3384 2314 3451 exaudisti,
2347 3387 2542 3439 exaudi
2595 3387 2807 3442 iterum
2855 3391 3147 3443 orationem
3178 3409 3370 3451 meam.
3431 3392 3490 3448 id
3541 3399 3626 3450 est

2014 3473 2158 3528 mihi
2191 3475 2415 3541 utilem,
2447 3479 2505 3529 et
2528 3492 2591 3529 ex
2616 3493 2748 3531 mea
2773 3477 3096 3533 intentione
3119 3483 3275 3534 recta
3305 3483 3626 3550 proceden-

2013 3567 2154 3629 tem,
2179 3566 2237 3616 et
2268 3565 2502 3635 exponit
2535 3565 2685 3618 unde
2718 3566 3000 3622 exaudiet.
3045 3566 3134 3622 Sic
3155 3568 3281 3624 dico
3312 3571 3525 3638 exaudi,
3568 3572 3621 3628 id

2013 3655 2098 3706 est
2139 3653 2383 3705 miserere
2407 3654 2528 3718 mei,
2563 3669 2635 3706 ne
2667 3653 2871 3706 cedam
2903 3654 3330 3724 tribulantibus,
3365 3661 3450 3712 vel
3485 3661 3622 3724 mei,

2011 3738 2072 3793 id
2101 3743 2186 3794 est
2215 3756 2477 3794 meorum
2511 3756 2582 3793 ne
2631 3740 2858 3796 cedant.
2895 3742 3004 3795 Per
3031 3743 3142 3796 hoc
3171 3746 3326 3815 quod
3353 3763 3483 3800 cum
3511 3749 3622 3803 rei-

2011 3827 2298 3882 teratione
2327 3829 2474 3893 orat,
2498 3827 2730 3881 instruit
2760 3827 3014 3883 minores
3036 3829 3389 3886 incessanter
3432 3851 3620 3902 orare,

2003 3915 2168 3987 juxta
2217 3915 2356 3969 illud
2403 3916 2662 3986 Apostoli
2697 3933 2709 3970 :
2740 3939 2766 3966 «
2803 3915 2936 3971 Sine
2981 3917 3407 3975 intermissione
3463 3927 3623 3978 orate

2010 4003 2064 4075 (Ι
2090 4004 2262 4058 Thess.
2288 4021 2338 4068 v,
2359 4001 2446 4075 7);
2473 4025 2500 4051 ››
2525 4006 2582 4058 et
2609 4003 2750 4058 illud
2775 4005 3062 4076 Evangelii
3097 4023 3110 4060 :
3147 4029 3174 4055 ‹‹
3211 4007 3381 4062 Orate
3418 4026 3490 4064 ne
3531 4011 3620 4066 in-

2009 4093 2170 4146 tretis
2216 4093 2276 4146 in
2313 4093 2696 4147 tentationcm
2758 4093 2913 4166 (Luc.
2948 4111 3080 4162 xxn,
3105 4095 3265 4166 20).»
3329 4099 3621 4155 Instructis

2009 4181 2330 4236 minoribus
2373 4181 2567 4251 paucis
2607 4181 2811 4249 verbis,
2855 4183 3292 4238 conversionem
3323 4186 3395 4240 ad
3421 4186 3624 4244 inlide-

2007 4270 2088 4324 les
2109 4269 2264 4336 facit,
2301 4269 2589 4324 instruens
2621 4287 2720 4325 eos
2749 4269 3004 4342 pluribus
3032 4271 3235 4338 verbis,
3279 4289 3408 4328 cum
3441 4277 3622 4346 majo-

2007 4357 2056 4411 ri
2083 4360 2291 4428 egeant
2321 4357 2699 4412 instructione
2732 4375 2908 4429 quam
2935 4359 3033 4430 qui
3051 4360 3466 4432 aliquantulum
3489 4369 3622 4420 sunt

2006 4445 2290 4509 instructi,
2325 4449 2382 4499 et
2415 4445 2572 4516 prius
2616 4447 2867 4500 ostendit
2897 4463 3045 4502 vana
3084 4465 3204 4504 esse
3239 4467 3367 4522 quas
3399 4439 3616 4520 colunt,

2008 4538 2290 4607 quantum
2314 4535 2386 4589 ad
2421 4535 2687 4606 gentiles,
2713 4539 2766 4588 et
2791 4537 3134 4591 mendacem
3167 4541 3616 4610 excusationem,

2007 4626 2292 4696 quantum
2327 4623 2398 4677 ad
2427 4623 2655 4677 Iudaeos
2689 4639 2700 4677 :
2739 4627 2796 4678 et
2821 4624 2900 4678 sic
2927 4625 3062 4680 dicit
3095 4643 3108 4680 :
3143 4625 3280 4682 Filii
3318 4631 3616 4696 hominum,

2006 4716 2114 4766 etc.
2151 4711 2316 4776 Quod
2330 4711 2406 4765 sic
2422 4711 2730 4782 exponitur
2759 4729 2770 4766 :
2798 4713 2914 4783 Ego
2935 4713 3061 4784 jam
3093 4716 3360 4774 exaudita
3389 4737 3540 4787 sum,
3561 4725 3619 4775 et

2006 4816 2122 4866 vos,
2146 4801 2191 4854 si
2217 4799 2482 4854 similiter
2508 4799 2854 4867 clamaretis,
2889 4801 3154 4856 similiter
3176 4805 3614 4863 exaudiremini.

2004 4890 2093 4956 Et,
2123 4906 2220 4943 VUS
2249 4889 2352 4958 ﬁlii
2380 4889 2677 4952 hominum,
2711 4907 2980 4962 usquequo
3021 4891 3181 4944 eritis
3220 4896 3380 4962 gravi
3421 4896 3618 4949 corde?

2005 4978 2121 5032 Hoc
2159 4977 2374 5031 dictum
2407 4981 2492 5031 est
2521 4977 2932 5044 communiter,
2967 4981 3024 5032 et
3051 4979 3260 5033 Judmis
3312 4984 3370 5034 et
3423 4984 3616 5052 genti—

2006 5066 2130 5120 bus.
2196 5066 2262 5118 Et
2292 5065 2440 5120 bene
2499 5065 2636 5120 dicit
2659 5066 2764 5134 ﬁlii
2787 5066 3080 5132 hominum,
3118 5067 3278 5138 quasi
3309 5068 3487 5124 dicat:
3508 5071 3618 5126 Vos

2007 5154 2102 5226 qui
2134 5171 2250 5208 non
2284 5171 2349 5207 ex
2381 5153 2806 5208 irrationalibus
2837 5154 3200 5222 animalibus,
3222 5157 3321 5211 sed
3347 5174 3412 5212 ex
3441 5159 3617 5214 ratio-

2009 5242 2232 5298 nalibus
2286 5242 2657 5313 processistis,
2709 5258 2776 5296 ex
2828 5241 3162 5297 hominibus
3216 5244 3449 5314 scilicet,
3497 5263 3642 5306 non.

2009 5335 2330 5386 creaturam
2365 5331 2465 5385 sed
2495 5329 2827 5386 Creatorem
2855 5331 3190 5386 colentibus.
3227 5334 3420 5390 Nullus
3437 5337 3615 5406 enim,

2009 5421 2184 5474 etiam
2217 5419 2450 5491 gentilis
2481 5421 2565 5471 est
2595 5418 2712 5488 qui,
2743 5435 2806 5472 ex
2831 5418 2940 5472 illis
2971 5419 3067 5490 qui
3101 5421 3200 5474 Dei
3230 5423 3490 5478 notitiam
3516 5426 3617 5480 ha-

2009 5509 2277 5573 buerunt,
2312 5509 2484 5577 longa
2518 5507 2648 5558 licet
2671 5507 2967 5577 sanguinis
2993 5508 3138 5562 serie
3173 5527 3288 5564 non
3337 5529 3623 5583 praecisae-

2010 5596 2174 5663 rit,ut
2189 5612 2252 5650 ex
2269 5596 2559 5650 Abraham
2577 5595 2826 5664 multi,et
2847 5595 2962 5651 Noe
2987 5597 3321 5672 ueterisque
3333 5600 3617 5662 ﬁdelibus.

3307 5719 3368 5776 2i
