4010 6032
415 371 512 435 6ὔί

1021 373 1078 433 S.
1120 375 1465 434 BRUNONIS
1502 375 2134 435 CARTHUSIANORUM
2172 377 2642 434 INSTITUTORIS
2683 377 2838 435 OPP.
2892 375 3071 436 PARS
3110 377 3133 434 Ι

3629 376 3734 437 652

414 496 483 552 Et
505 513 710 552 omnes
735 496 805 553 ab
830 497 1015 553 Adam
1049 502 1107 553 et
1128 500 1240 554 Eva
1265 499 1362 572 qui
1390 499 1489 555 Dei
1521 498 1787 554 notitiam
1808 499 2022 554 habue-
2048 503 2103 562 Α
2125 503 2246 554 tem
2276 517 2383 571 per
2413 499 2702 554 rationem
2729 503 2988 554 nostram
3019 502 3312 555 ostensum
3367 499 3470 555 est.
3506 498 3672 568 Nam,
3701 517 3736 556 ο
3797 480 3806 492 ’

411 589 567 642 runt.
601 587 668 640 Et
690 587 839 640 bene
869 586 1004 642 dicit
1033 606 1299 660 usquequo
1319 591 1480 658 gravi
1511 588 1850 658 corde,quasi
1879 587 2028 641 dice-

409 678 500 730 ret
529 691 540 728 :
587 675 694 728 Vos
721 675 818 746 qui
852 693 1028 748 usque
1051 677 1124 730 ad
1155 677 1468 732 adventum
1502 676 1707 732 Christi
1739 692 1910 746 grave
1926 692 2025 730 cor

411 767 469 818 et
492 763 548 818 in
573 763 817 818 terrenis
841 763 1172 835 depressum
1195 765 1492 831 habuistis,
1508 781 1772 836 usquequo
1795 764 2026 818 habebi-

410 851 567 916 tis,id
589 856 673 906 est
685 869 862 923 quare
879 853 1113 908 tandem
1131 856 1258 924 post
1279 855 1397 924 ejus
1419 855 1729 909 adventum
1751 869 1867 908 non
1893 870 2026 908 con-

409 939 744 994 vertimini?
777 941 842 994 Et
870 942 1104 1012 exponit
1134 942 1191 996 in
1223 941 1426 1012 quibus
1447 957 1617 1012 grave
1651 957 1749 996 cor
1773 941 2026 996 habeant

411 1043 542 1082 cum
570 1027 730 1081 addit
764 1043 776 1080 :
814 1027 922 1081 Vos
953 1031 1176 1098 gentes,
1241 1035 1298 1082 ut
1329 1030 1482 1101 quid,
1536 1030 1594 1084 id
1649 1034 1731 1084 est
1789 1037 2026 1102 propter

412 1131 587 1187 quam
619 1114 944 1183 utilitatem;
969 1115 1210 1186 diligitis
1238 1119 1555 1186 vanitatem,
1576 1117 1635 1172 id
1667 1123 1750 1172 est
1781 1119 2022 1173 adorare

409 1204 584 1270 idola,
617 1219 743 1274 quae
775 1220 922 1258 vana
951 1207 1083 1258 sunt
1114 1209 1171 1259 et
1195 1222 1370 1260 vacua
1420 1223 1454 1260 a
1493 1207 1704 1260 deitate
1735 1223 1910 1278 quam
1963 1206 2022 1260 in

411 1292 492 1347 eis
512 1309 631 1347 esse
663 1291 943 1347 creditis?
997 1294 1082 1358 Et,
1116 1309 1214 1348 vos
1254 1295 1458 1362 Judaei,
1505 1303 1565 1348 ut
1601 1295 1736 1367 quid
1777 1297 2024 1366 quaeritis

407 1381 769 1447 mendacium,
808 1381 864 1436 id
898 1385 982 1435 est
1013 1383 1438 1438 excusationem
1495 1384 1564 1437 de
1624 1384 2022 1438 incrudelitate

406 1469 880 1535 vestra,dicentes
905 1486 1020 1523 non
1043 1470 1338 1524 advenisse
1360 1471 1616 1526 Messiam
1635 1472 1662 1526 ?
1679 1472 1843 1536 Quod
1865 1488 2025 1526 men-

408 1557 634 1612 dacium
659 1560 762 1614 est.
799 1557 1010 1612 Scitote
1034 1557 1129 1612 illa
1157 1576 1277 1612 esse
1308 1559 1642 1626 vanitatem,
1677 1577 1708 1614 0
1738 1563 2024 1631 gentes,et

407 1645 837 1701 excusationem
869 1650 1118 1700 vestram
1152 1663 1273 1701 esse
1325 1649 1690 1716 mendacem,
1737 1665 1768 1703 ο
1819 1649 2018 1706 Judaei.

405 1733 485 1788 Et
529 1751 660 1788 cum
682 1735 1014 1801 hoc,scitote
1039 1737 1297 1806 quoniam
1327 1736 1618 1799 Dominus,
1642 1737 1698 1791 id
1715 1740 1800 1792 est
1831 1739 2018 1805 Pater,

2127 585 2552 657 Domine,super
2575 604 2688 654 nos,
2707 588 2764 642 id
2781 592 2867 642 est
2887 588 2946 642 in
2972 587 3273 660 superiori,
3292 587 3350 642 id
3379 589 3465 642 est
3490 587 3737 660 digniori

2125 680 2288 749 parte
2309 675 2574 743 nostri,in
2600 675 2798 731 anima
2817 677 3028 731 scilicet
3049 684 3123 731 est
3137 680 3429 745 signatum,
3458 676 3516 730 id
3529 680 3612 730 est
3635 677 3742 732 im-

2126 782 2384 837 pressum
2439 766 2634 832 lumen,
2687 766 2742 820 id
2806 769 2892 820 est
2950 766 3178 820 claritas
3227 766 3404 820 vultus
3445 768 3546 833 tui,
3569 766 3629 821 id
3659 770 3747 821 est

2125 853 2247 908 Filii
2269 853 2346 907 tui
2377 871 2390 920 ;
2413 855 2573 926 quasi
2592 854 2744 909 dicat
2765 871 2777 909 :
2803 854 2846 918 Ο
2858 854 2950 909 uia
2970 855 3279 909 rationales
3296 871 3492 908 sumus
3506 855 3580 908 ad
3593 854 3738 910 ima-

2126 941 2325 1010 ginem
2349 943 2596 1008 tuam,id
2613 947 2699 997 est
2723 943 2795 997 ad
2827 943 3068 998 modum
3083 941 3205 996 Filii
3226 942 3331 1009 tui,
3347 943 3440 1014 qui
3458 944 3741 998 estvultus

2124 1032 2255 1084 tuus
2284 1034 2339 1084 et
2375 1031 2570 1102 imago
2607 1034 2726 1099 tua,
2749 1031 2808 1086 id
2824 1035 2910 1085 est
2936 1030 3134 1084 similis
3159 1033 3218 1085 et
3233 1031 3468 1103 aequalis
3509 1031 3568 1086 in
3598 1031 3739 1090 divi-

2125 1119 2412 1186 nitate,ita
2423 1119 2579 1190 quod
2593 1120 2650 1174 in
2667 1121 2824 1174 nullo
2843 1120 2913 1174 sit
2931 1119 3240 1187 dissimilis,
3270 1125 3328 1176 et
3341 1121 3490 1175 bene
3511 1120 3648 1175 dicit
3663 1122 3741 1174 si-

2123 1215 2348 1276 gnatum
2382 1224 2487 1278 per
2517 1208 2979 1264 similitudinem.
3004 1208 3148 1262 Nam
3168 1208 3312 1263 sicut
3335 1209 3584 1280 sigillum
3607 1224 3738 1263 cum

2125 1295 2198 1350 sit
2239 1295 2454 1367 imago,
2506 1313 2651 1351 certe
2688 1297 3031 1368 impressum
3067 1297 3314 1368 ﬁguram
3344 1298 3451 1352 sibi
3487 1298 3734 1352 similem

2124 1383 2203 1438 ibi
2235 1385 2422 1455 ponit,
2452 1402 2580 1456 quae
2603 1389 2801 1440 tamen
2832 1386 2892 1439 in
2917 1385 3108 1458 aliquo
3136 1385 3428 1440 dissimilis
3448 1387 3637 1452 est,ita
3651 1402 3742 1440 ra-

2123 1471 2421 1528 tionalitas
2453 1475 2746 1528 mentibus
2775 1475 2986 1528 nostris
3013 1479 3098 1529 est
3130 1476 3409 1546 impressa
3434 1475 3508 1530 ad
3537 1475 3736 1530 simili-

2124 1561 2388 1616 tudinem
2418 1562 2978 1618 rationahtatis‘Filii
3021 1563 3142 1630 Dei,
3172 1563 3268 1634 qui
3300 1565 3484 1618 vultus
3513 1567 3598 1618 est
3626 1565 3735 1619 Pa-

2122 1650 2244 1704 tris.
2276 1653 2343 1705 Et
2364 1651 2498 1723 quia
2525 1652 2824 1707 rationalis
2871 1669 3020 1719 sum,
3071 1653 3263 1706 dedisti
3303 1653 3542 1708 (mitium
3593 1654 3734 1709 mihi

2124 1755 2240 1794 non
2273 1743 2662 1807 terrenorum,
2711 1739 2809 1794 sed
2843 1757 3038 1796 rerum
3091 1741 3456 1796 existentium
3496 1745 3552 1795 in
3581 1742 3737 1796 corde

406 1823 503 1896 qui
535 1839 666 1877 cum
701 1823 773 1878 sit
799 1823 1096 1890 Dominus,
1126 1829 1329 1894 potens
1345 1828 1429 1879 est
1457 1825 1534 1880 ad
1559 1842 1692 1880 eum
1709 1825 2020 1881 miriﬁcan-
2040 1825 2090 1883 B
2121 1845 2257 1890 meo,
2287 1829 2343 1883 id
2372 1833 2456 1884 est
2478 1847 2605 1902 qua:
2633 1847 2739 1901 ego
2772 1845 2940 1900 spero
2973 1833 3028 1884 in
3052 1831 3350 1897 cordemeo,
3371 1835 3725 1886 aeternorum

406 1911 568 1980 dum,
599 1911 944 1980 miriﬁcavit,
974 1911 1032 1966 id
1061 1915 1145 1966 est
1173 1913 1386 1968 mirum
1401 1913 1536 1968 fecit
1559 1913 1876 1976 miraculis,
1895 1933 2016 1968 san-

406 2007 551 2056 ctum
579 2017 756 2069 suum,
791 2001 848 2055 id
871 2004 956 2054 est
987 2001 1190 2056 Filium
1226 2019 1418 2068 suum,
1441 2003 1538 2073 qui
1559 2004 2020 2058 antonomastice

409 2089 618 2144 dicitur
645 2093 874 2144 sanctus
915 2089 1056 2160 ejus.
1093 2091 1161 2144 Et
1193 2091 1302 2145 hoc
1339 2090 1544 2145 effectu
1572 2092 1669 2146 tali
1703 2094 1890 2162 potest
1929 2109 2018 2146 os-

403 2177 566 2231 tendi
599 2177 756 2248 quod
785 2193 916 2231 vere
947 2193 1081 2232 eum
1139 2179 1502 2247 miriﬁcavit;
1567 2195 1705 2232 nam
1752 2179 2021 2234 Dominus

406 2265 576 2320 Pater
601 2264 850 2318 exaudiet
881 2282 962 2319 me
981 2282 1099 2318 cum
1161 2266 1476 2334 clamavero,
1511 2266 1569 2321 id
1593 2272 1678 2320 est
1707 2271 1863 2322 recta
1886 2284 2017 2340 pos-

408 2353 938 2408 tulationeoravero
964 2353 1035 2407 ad
1049 2355 1337 2420 eum,sicut
1359 2355 1633 2426 scriptum
1659 2359 1774 2409 est:
1799 2355 2020 2419 «Quod-

411 2457 638 2512 cunque
655 2440 932 2512 petieritis
963 2443 1194 2496 Patrem
1220 2459 1279 2495 ιη
1320 2443 1560 2497 nomine
1593 2459 1747 2511 meo,
1782 2444 1879 2496 fiet
1919 2461 2016 2499 vo-

405 2530 494 2586 bis
517 2528 702 2601 (Joan.
731 2546 841 2596 XIV,
879 2529 1024 2601 13).»
1039 2529 1137 2583 Vel
1162 2529 1243 2584 ita
1274 2529 1421 2598 dico,
1451 2530 1586 2602 quia
1613 2531 2019 2599 miriﬁcavit,id

411 2621 497 2672 est
517 2616 830 2672 Dominum
863 2617 1129 2672 omnium
1161 2617 1512 2689 fecit,etipse
1531 2618 1712 2678 factus
1741 2619 2018 2674 Dominus

408 2705 724 2762 secundum
757 2706 912 2776 quod
938 2705 1136 2773 homo,
1160 2705 1445 2760 exaudivit
1473 2710 1711 2773 me,etc.
1738 2709 1872 2762 Post
1895 2725 2021 2762 ora-

407 2795 630 2850 tionem
653 2793 1040 2850 conversionis
1070 2795 1304 2848 instruit
1335 2811 1430 2849 eos
1485 2795 1557 2850 ad
1591 2797 2015 2867 paenitentiam,

409 2887 468 2940 et
498 2883 569 2939 ad
601 2883 976 2939 cessationem
1007 2900 1039 2937 a
1059 2883 1226 2937 malis
1257 2887 1313 2937 et
1337 2883 1553 2938 bonam
1577 2885 1976 2954 operationem
2001 2903 2014 2953 ;

404 2972 483 3027 sic
513 2971 638 3026 dico
661 2969 948 3041 imprimis
977 2972 1182 3033 scitote,
1216 2973 1324 3024 etc.
1371 2971 1438 3024 Et
1465 2971 1543 3026 sic
1575 2973 1888 3027 irascimini
1927 2990 2020 3028 vo-

401 3061 510 3128 bis,
556 3060 616 3114 id
640 3063 726 3114 est
746 3059 1146 3132 paenitentiam
1175 3059 1384 3114 habete
1427 3059 1498 3114 de
1525 3063 1870 3132 perpetratis
1899 3079 2016 3116 sce-

405 3149 640 3216 leribus,
673 3151 730 3202 et
783 3151 928 3220 post,
962 3147 1128 3201 nolite
1147 3165 1390 3218 peccare,
1433 3152 1490 3202 et
1533 3149 1666 3220 quia
1719 3149 2018 3205 indeﬁnite

407 3237 630 3292 dixerat
651 3237 812 3290 nolite
831 3253 1072 3306 peccare,
1102 3239 1160 3289 et
1191 3237 1300 3291 hoc
1347 3236 1702 3306 impossibile
1730 3243 1814 3292 est
1840 3257 1854 3300 ;
1891 3241 2016 3294 nul-

402 3326 492 3381 lus
518 3328 604 3380 est
631 3324 789 3378 enim
820 3323 917 3395 qui
951 3325 1155 3378 saltem
1183 3323 1243 3378 in
1277 3324 1723 3394 cogitationibus
1745 3343 1861 3380 non
1892 3345 2020 3400 pec-

405 3416 516 3480 cet,
545 3415 609 3466 ut
648 3413 898 3466 Joannes
941 3411 1053 3465 ait:
1087 3411 1143 3466 Si
1193 3411 1506 3466 dixerimus
1553 3413 1687 3484 quia
1717 3419 2017 3486 peccatum

406 3517 526 3556 non
559 3500 862 3568 habemus,
895 3499 1278 3571 nosmetipsos
1293 3500 1635 3566 seducimus,
1655 3505 1710 3555 et
1731 3503 1936 3558 veritas
1956 3504 2016 3557 in

405 3591 574 3648 nobis
603 3607 722 3648 non
747 3594 830 3646 est
861 3589 922 3662 (I
938 3590 1104 3644 Jaan.
1125 3608 1164 3653 ι,
1190 3590 1266 3661 8),
1306 3613 1332 3640 ››
1365 3592 1736 3648 determinat.
1787 3593 1876 3648 Sic
1933 3595 2015 3649 di-

407 3697 474 3736 co
505 3697 518 3736 :
551 3679 738 3735 Nolite
757 3695 999 3752 peccare,
1037 3682 1094 3734 et
1126 3679 1262 3751 quia
1305 3697 1338 3734 a
1364 3680 1712 3751 cogitatione
1745 3683 2018 3754 peccandi

408 3769 662 3842 nequitis
691 3784 933 3834 cessare,
964 3769 1168 3822 saltem
1227 3770 1656 3840 compungimini
1703 3786 1776 3824 ne
1821 3788 2018 3842 perve-

405 3857 578 3914 niatis
600 3857 674 3912 ad
704 3873 1049 3912 consensum
1078 3857 1148 3912 de
1176 3855 1264 3910 his
1289 3857 1499 3912 illicitis
1547 3876 1666 3930 quae
1707 3859 1916 3927 dicitis,
1961 3860 2019 3914 id

405 3949 493 4002 est
517 3945 780 4018 cogitatis
810 3946 873 4000 in
894 3946 1144 4000 cordibus
1170 3946 1379 4013 vestris,
1425 3946 1640 4000 scilicet
1697 3949 1754 4000 et
1801 3947 1860 4000 in
1910 3947 2020 4002 illis

407 4034 678 4091 cordibus
708 4050 834 4104 quae
859 4035 998 4087 tunc
1020 4036 1152 4087 sunt
1167 4033 1375 4088 cubilia
1405 4033 1684 4100 ferarum,
1705 4033 1764 4088 id
1790 4037 1874 4089 est
1905 4035 2021 4090 dia-

405 4123 696 4178 bolorum.
731 4120 949 4175 Cubilia
977 4119 1137 4180 enim
1163 4120 1396 4192 proprie
1416 4125 1550 4176 sunt
1577 4122 1854 4177 ferarum.
1886 4124 2020 4190 Post

401 4211 516 4266 hoc
545 4207 776 4264 instruit
809 4224 908 4263 eos
957 4208 1032 4262 ad
1076 4209 1294 4262 bonam
1339 4211 1776 4280 operationem;
1825 4195 1840 4282 I
1880 4195 1896 4282 I
1941 4211 2018 4267 sic

405 4297 534 4354 dico
567 4314 580 4352 :
609 4296 932 4352 Irascimini
957 4303 1007 4351 et
1027 4296 1196 4350 nolite
1219 4314 1466 4368 peccare,
1505 4303 1562 4352 et
1591 4299 1670 4353 sic
1717 4295 2019 4369 sacriﬁcate

2041 3114 2088 3172 C

2125 1917 2341 1972 scilicet
2365 1918 2692 1986 bonorum;
2724 1919 2804 1973 illi
2827 1921 3020 1973 autem
3053 1919 3148 1990 qui
3180 1919 3377 1974 dicunt
3407 1937 3420 1972 :
3455 1919 3586 1986 Quis
3649 1938 3730 1975 os-

2125 2005 2296 2058 tendit
2322 2006 2471 2058 nobis
2512 2007 2646 2060 bona
2671 2007 2699 2060 ?
2719 2008 3044 2061 econtrario
3074 2007 3345 2062 ltetantur
3374 2007 3432 2062 in
3464 2007 3724 2063 terrenis.

2122 2091 2267 2146 Nam
2299 2093 2644 2164 multiplicati
2681 2102 2824 2162 sunt,
2872 2094 2931 2148 id
2961 2097 3045 2148 est
3075 2094 3452 2166 multiplicem
3510 2095 3730 2150 habent

2121 2181 2383 2236 laetitiam
2416 2183 2856 2253 provenientem
2888 2201 2919 2236 a
2949 2185 3134 2254 fructu
3158 2185 3424 2254 frumenti
3449 2190 3498 2236 et
3531 2185 3647 2237 vini
3676 2190 3728 2238 et

2121 2269 2224 2323 olei
2245 2272 2350 2332 sui,
2383 2273 2440 2324 et
2473 2272 2620 2325 bene
2659 2271 2796 2325 dicit
2825 2274 2938 2338 sui;
2989 2288 3126 2326 nam
3155 2272 3295 2326 illud
3326 2288 3444 2326 non
3477 2288 3580 2344 pro
3608 2273 3726 2328 Deo

2122 2361 2427 2428 erogantes
2457 2358 2560 2412 sibi
2601 2362 2788 2413 totum
2819 2359 3090 2415 retinent.
3113 2359 3178 2412 Et
3197 2375 3302 2430 per
3329 2360 3430 2412 has
3457 2362 3574 2414 tres
3595 2375 3729 2431 par-

2119 2448 2206 2499 tes
2233 2446 2331 2499 dat
2361 2446 2799 2516 intelligendum
2838 2464 2959 2502 esse
2987 2447 3185 2502 omnia
3223 2451 3472 2513 terrena,
3501 2450 3560 2502 et
3589 2447 3725 2518 quia

2121 2534 2343 2588 dixerat
2373 2534 2566 2588 dedisti
2591 2535 2830 2588 lmtitiam
2857 2537 2912 2588 in
2942 2536 3095 2589 corde
3123 2552 3256 2602 meo,
3283 2535 3518 2606 exponit
3562 2535 3724 2606 cujus

2119 2623 2204 2676 rei
2231 2622 2303 2676 sit
2333 2621 2428 2676 illa
2453 2622 2650 2677 laetitia
2681 2623 2778 2689 sic,
2803 2623 2908 2694 ipsi
2941 2623 3281 2694 multiplicati
3321 2631 3445 2677 sunt
3465 2643 3496 2676 a
3519 2625 3726 2693 fructu,

2120 2714 2236 2768 etc.
2267 2711 2396 2766 Mihi
2428 2727 2560 2765 vero
2587 2711 2780 2766 dedisti
2803 2712 3045 2766 laetitiam
3085 2712 3219 2766 inde
3251 2712 3405 2784 quod
3430 2727 3538 2782 ego
3565 2711 3623 2765 in
3645 2712 3731 2766 fu-

2119 2801 2250 2853 turo
2282 2799 2568 2865 dormiam,
2603 2803 2659 2854 ct
2713 2816 2840 2871 pro,
2868 2801 2926 2854 id
2959 2803 3044 2854 est
3074 2802 3394 2871 requiescam
3423 2817 3457 2853 a
3481 2816 3732 2870 praesen-

2119 2887 2270 2942 tibus
2301 2887 2786 2954 tribulationibus,
2823 2888 3036 2960 positus
3067 2891 3122 2942 in
3131 2906 3286 2958 pace,
3309 2893 3504 2942 etnon
3533 2890 3730 2958 inpace

2120 2976 2538 3043 commutabili,
2572 2977 2672 3030 sed
2721 2977 2994 3031 tendente
3044 2977 3102 3030 in
3155 2977 3366 3049 ipsum,
3416 2977 3475 3030 id
3529 2980 3614 3030 est
3665 2977 3726 3032 in

2120 3067 2439 3118 aeternum:
2469 3065 2612 3118 sicut
2642 3065 2916 3136 scriptum
2977 3069 3062 3120 est
3109 3082 3120 3118 :
3175 3089 3202 3114 ‹‹
3248 3065 3550 3137 Absterget
3579 3067 3727 3120 Deus

2121 3169 2360 3208 omnem
2388 3155 2704 3224 lacrymam
2737 3155 2808 3208 ab
2841 3153 3018 3208 oculis
3040 3154 3587 3224 sanctorum,etjam
3606 3171 3726 3209 non

2121 3241 2229 3296 erit
2259 3241 2504 3312 amplius
2537 3257 2723 3313 neque
2757 3243 2960 3308 luctus,
2995 3258 3183 3313 neque
3211 3243 3448 3306 clamor,
3489 3241 3586 3296 sed
3621 3257 3727 3296 nec

2121 3330 2268 3384 ullus
2299 3329 2482 3394 dolor,
2517 3329 2792 3400 quoniam
2820 3331 3012 3400 priora
3037 3329 3724 3402 trausierunt(Apoc.xxi,

2119 3417 2196 3490 4).
2228 3439 2255 3466 ››
2275 3417 2543 3490 Sequitur
2577 3435 2588 3472 :
2621 3421 2880 3490 quoniam
2912 3426 2990 3480 tu,
3023 3419 3277 3487 Domine,
3309 3422 3417 3473 etc.
3453 3419 3616 3483 Quod
3647 3418 3728 3473 sic

2119 3507 2438 3574 continuat,
2473 3507 2598 3562 dico
2631 3508 2783 3578 quod
2813 3509 3125 3580 quiescam,
3161 3512 3216 3562 et
3267 3509 3376 3563 hoc
3407 3508 3536 3563 ideo
3588 3508 3726 3580 quia

2117 3597 2228 3650 hoc
2257 3597 2444 3650 solum
2491 3611 2679 3668 spero,
2719 3599 2776 3650 et
2810 3597 2918 3650 hoc
2963 3597 3039 3650 sic
3095 3596 3233 3650 dicit
3260 3597 3723 3668 tequipollenter,

2119 3686 2376 3756 quoniam
2419 3692 2496 3751 tu,
2523 3684 2776 3745 Domine,
2825 3685 2884 3738 id
2913 3687 2998 3740 est
3045 3688 3127 3752 tu,
3183 3685 3278 3756 qui
3331 3689 3537 3757 potens
3578 3703 3638 3741 es
3668 3687 3728 3740 et

2121 3773 2401 3828 Dominus
2421 3774 2706 3828 omnium.
2745 3770 3114 3839 Constituisti,
3159 3773 3218 3828 id
3257 3778 3342 3828 est
3371 3774 3608 3828 ﬁrmum
3637 3774 3725 3830 fe-

2121 3860 2266 3924 cisti,
2309 3878 2390 3914 me
2442 3862 2504 3914 in
2550 3878 2638 3932 spe
2682 3861 3056 3929 singulariter,
3117 3861 3173 3914 id
3212 3865 3296 3915 est
3353 3861 3412 3915 in
3466 3861 3574 3916 hac
3624 3879 3725 3934 spe

2121 3949 2420 4020 singulari,
2479 3953 2541 4003 ut
2573 3949 2713 4004 nihil
2762 3966 3012 4022 sperem,
3067 3949 3210 4004 nihil
3263 3953 3461 4022 optem
3513 3954 3727 4022 praeter

2119 4041 2197 4092 te.

2662 4127 2730 4180 IN
2761 4126 3086 4182 PSALMUM
3114 4127 3173 4180 V.

2191 4215 2462 4288 Sequitur
2491 4215 2690 4271 titulus
2717 4215 2904 4287 quinti
2925 4217 3070 4271 Psal.
3091 4215 3186 4287 qui
3205 4213 3332 4270 talis
3348 4215 3544 4270 estzIn
3563 4216 3725 4284 ﬁnem

2109 4320 2213 4374 pro
2228 4321 2289 4358 ea
2306 4322 2424 4376 quae
2445 4304 2813 4358 haereditamn
2861 4305 3222 4376 consequitur.
3275 4303 3480 4359 Psalm.
3515 4303 3719 4359 David.

404 4386 758 4455 sacriﬁcium,
791 4388 964 4441 antea
982 4385 1138 4440 enim
1167 4403 1284 4442 non
1315 4387 1574 4458 possetis.
1607 4388 1674 4441 Et
1699 4404 1816 4444 non
1846 4391 2014 4446 sacri-
2036 4397 2090 4457 D
2118 4392 2210 4448 hic
2233 4391 2412 4446 mittit
2458 4409 2563 4448 nos
2629 4391 2702 4446 ad
2754 4391 3054 4446 historiam
3111 4390 3357 4445 duarum
3413 4391 3723 4446 mulierum

403 4475 594 4546 ﬁcium
621 4477 944 4542 taurorum,
971 4474 1071 4530 sed
1094 4476 1426 4545 sacriﬁcium
1443 4477 1704 4547 justitia’,
1739 4476 1795 4532 id
1816 4481 1901 4533 est
1929 4483 2019 4534 ta-

405 4563 462 4619 le
486 4561 830 4618 sacriﬁcium
861 4563 1015 4634 quod
1046 4563 1220 4618 faciat
1247 4580 1344 4618 vos
1363 4564 1567 4636 justos,
1618 4566 1837 4622 bonam
1871 4567 2016 4623 scili-

409 4653 502 4706 cet
521 4651 888 4707 devotionem
922 4654 980 4706 et
1001 4651 1424 4723 operationem.

479 4741 548 4795 Et
573 4740 704 4796 ideo
719 4746 960 4812 separate
983 4741 1046 4796 in
1073 4739 1332 4808 Domino,
1360 4742 1418 4798 id
1437 4745 1521 4798 est
1549 4761 1711 4816 spem
1744 4761 2016 4802 remune-

405 4828 645 4884 rationis
659 4829 868 4884 habete
885 4828 945 4884 in
962 4829 1232 4886 Domino.
1265 4831 1332 4884 Et
1357 4835 1556 4902 postea
1573 4849 1644 4886 ne
1663 4850 1824 4904 spem
1852 4834 2018 4889 amit-

407 4917 561 4984 tatis,
614 4935 687 4972 ne
717 4917 838 4972 sitis
869 4918 940 4972 de
981 4917 1088 4972 illis
1143 4919 1337 4973 multis
1397 4919 1494 4990 qui
1543 4921 1704 4974 multi
1767 4923 2010 4978 dicunt:

297 5053 306 5071 ,
411 5005 548 5074 Quis
579 5006 810 5061 ostendit
851 5007 1004 5060 nobis
1047 5007 1230 5062 bona?
1288 5006 1452 5070 Quod
1492 5011 1578 5062 est
1635 5009 1824 5064 dicere
1859 5029 1871 5064 :
1906 5011 2014 5066 Vos

409 5095 712 5151 Christiani
741 5095 924 5150 dicitis
947 5111 1065 5150 esse
1087 5099 1302 5150 aeterna
1321 5097 1494 5163 bona,
1520 5097 1618 5152 sed
1635 5098 1761 5169 quis
1775 5099 2011 5163 habens,

408 5183 815 5238 demonstrans
840 5183 898 5237 in
919 5199 978 5237 se
1001 5183 1294 5238 visibiliter
1313 5183 1408 5237 illa
1427 5185 1580 5252 bona,
1614 5189 1801 5256 potest
1820 5191 2010 5242 osten-

408 5270 546 5326 dere
591 5288 694 5343 per
735 5271 845 5324 hoc
877 5271 1042 5325 nobis
1086 5287 1288 5326 revera
1313 5287 1432 5325 esse
1462 5272 1559 5328 illa
1592 5274 1724 5326 bona
1749 5275 2010 5344 ?.\'ullus,

407 5361 638 5413 ostenso
671 5357 779 5412 hoc
806 5359 960 5430 quod
992 5359 1226 5430 quidam
1259 5358 1518 5414 infideles
1547 5361 1732 5414 dicunt
1765 5380 1776 5414 :
1810 5366 1864 5416 et
1896 5381 2012 5418 non

411 5463 530 5502 esse
552 5445 766 5500 scilicet
785 5449 1002 5500 aeterna
1039 5447 1212 5514 bona,
1247 5447 1383 5501 dicit
1408 5465 1464 5503 se
1493 5466 1606 5503 non
1641 5449 1872 5504 credere
1919 5451 2014 5508 illa

413 5527 531 5586 non
563 5549 705 5594 esse,
739 5535 802 5586 ut
833 5534 904 5587 ad
935 5534 1057 5588 hch
1110 5536 1395 5608 speranda
1443 5537 1584 5592 alios
1625 5541 1906 5609 attrahat;
1936 5542 2014 5596 sic

410 5618 515 5692 ipsi
545 5620 751 5674 dicunt.
787 5621 980 5675 Nullus
1027 5626 1214 5693 potest
1245 5625 1550 5681 ostendere
1584 5627 1682 5684 eis.
1715 5627 1884 5684 Nobis
1919 5647 2016 5685 au-

2117 4480 2384 4547 Abrahze,
2444 4495 2692 4551 quarum
2734 4495 2850 4533 una
2890 4479 3123 4549 expulsa
3151 4481 3237 4532 est
3265 4479 3338 4532 ab
3363 4477 3722 4547 haereditate,

2117 4570 2272 4641 Agar
2297 4569 2551 4635 scilicet;
2593 4570 2774 4623 altera
2802 4583 2935 4622 vero
2967 4567 3370 4622 hereditatem
3418 4570 3725 4630 consecuta

2119 4661 2224 4726 est,
2253 4658 2394 4713 Sara
2414 4657 2696 4712 videlicet.
2729 4659 2840 4712 Per
2876 4659 3032 4727 Agar
3074 4656 3287 4728 quippe
3322 4655 3587 4710 ancillam
3621 4655 3724 4728 Sy-

2119 4763 2370 4820 nagoga,
2403 4763 2532 4818 quae
2557 4746 2763 4801 timore
2789 4745 2971 4800 servili
3003 4745 3115 4816 legi
3129 4743 3724 4799 carnaliterobediens

2116 4836 2244 4904 fuit,
2275 4835 2634 4907 exprimitur.
2667 4837 2773 4889 Per
2787 4835 2967 4889 lilium
2985 4833 3196 4906 quippe
3213 4835 3383 4905 Agar,
3411 4831 3538 4887 falsi
3564 4831 3724 4888 Chri-

2115 4923 2282 4978 stiani
2310 4927 2365 4977 et
2404 4923 2680 4990 haeretici,
2708 4923 2826 4994 qui,
2862 4923 3004 4977 sicut
3039 4921 3367 4993 Synagoga,
3397 4921 3626 4992 sapiunt
3653 4911 3723 4975 ea

2114 5029 2241 5084 quae
2271 5012 2456 5067 carnis
2487 5016 2639 5080 sunt,
2677 5012 2771 5083 qui
2796 5015 2989 5065 tamen
3023 5011 3120 5064 Dei
3183 5027 3324 5063 uxor
3377 5010 3632 5076 fuerunt,
3666 5009 3720 5063 ei

2113 5101 2326 5155 scilicet
2352 5101 2410 5154 in
2440 5101 2768 5172 cognitione
2795 5099 3107 5170 conjuncti.
3136 5099 3272 5152 Ethi
3293 5099 3364 5153 ab
3381 5097 3720 5152 haereditate

2114 5189 2314 5261 gloriae
2349 5189 2620 5259 perennis
2653 5190 3034 5259 depellentur,
3077 5187 3221 5242 sicut
3263 5186 3539 5258 scriptum
3591 5190 3716 5240 est:

2116 5302 2141 5325 ‹‹
2168 5278 2318 5348 Ejice
2345 5278 2894 5344 ancillam,etﬁlium
2913 5278 3034 5347 ejus
3057 5274 3216 5348 (Gen.
3235 5291 3346 5338 XXI,
3374 5277 3468 5340 l0;
3489 5272 3612 5328 Gal.
3641 5290 3716 5342 ιν,

2115 5365 2266 5437 30).»
2301 5368 2410 5421 Per
2435 5366 2633 5420 Sararn
2661 5383 2794 5420 vero
2829 5369 2885 5420 et
2914 5365 3096 5419 filium
3144 5364 3264 5434 ejus
3311 5361 3556 5416 Ecclesia
3583 5377 3718 5416 cum

2113 5453 2241 5509 filiis
2279 5455 2392 5510 suis
2413 5455 2772 5527 exprimitur,
2806 5471 2934 5526 quae
2960 5454 3017 5508 in
3051 5453 3242 5506 futuro
3273 5453 3490 5504 aeterna
3532 5449 3720 5520 gloria

2112 5543 2560 5600 haereditabitur.
2584 5544 2798 5597 Titulus
2827 5558 2960 5596 vero
2991 5541 3069 5594 sic
3085 5539 3390 5610 exponitur
3421 5555 3433 5592 :
3469 5537 3720 5593 Psalmus

2114 5635 2208 5687 ista
2269 5631 2639 5687 ullribuendus
2719 5638 2791 5684 est
2860 5629 3087 5695 David;
3166 5627 3222 5681 id
3283 5630 3385 5696 est,
3445 5624 3718 5698 perfectae
