4014 6030
185 416 287 473 653
1231 407 1589 467 EXPOSITIO
1626 408 1696 464 IN
1734 404 2071 466 PSALMOS.
2103 436 2173 448 —
2203 406 2399 465 PSAL.
2436 404 2482 464 ν
2936 450 2941 451 ν
3403 409 3508 473 654

188 538 449 594 Ecclesiae
482 536 716 593 tendenti
752 536 808 591 in
835 535 1016 607 ﬁnem,
1050 532 1108 590 id
1139 536 1225 590 est
1264 534 1325 588 in
1364 534 1673 601 Christum,
1706 531 1804 605 qui
1825 534 1882 596 Α
1904 533 2072 599 tunc,
2093 532 2307 588 scilicet
2330 531 2603 604 iniquitas
2625 533 2929 605 repugnet,
2967 549 3074 588 non
3109 550 3160 589 es
3196 532 3370 591 volens
3411 537 3512 592 ini-

190 628 339 695 ﬁnis,
364 628 423 683 id
453 631 540 681 est
568 625 851 680 terminus
876 627 960 679 est
994 623 1315 694 justorum;
1356 622 1502 677 citra
1544 639 1717 694 quem
1749 626 1808 677 et
1906 623 2202 693 quitatem;
2230 622 2496 693 iniquum
2524 622 2682 677 enim
2708 626 2856 677 esset
2885 623 2929 677 si
2957 640 3051 677 me
3071 626 3125 678 te
3138 625 3345 693 solum,
3367 625 3511 681 sicut

189 721 337 773 ultra
362 735 534 790 quem
554 732 726 770 nemo
733 716 1022 785 justorum
1037 712 1312 780 consistit,
1335 712 1435 766 sed
1456 712 1515 766 in
1544 729 1634 778 eo,
1642 712 1808 782 juxta
1906 713 2105 781 petere
2123 710 2326 777 debeo,
2343 714 2639 780 petentem
2672 728 2789 765 non
2808 711 3164 778 admitteres,
3181 715 3236 766 et
3257 730 3361 784 per
3373 730 3511 768 con-

187 808 548 877 Apostolum,
588 827 613 853 ‹‹
645 802 797 858 Multi
832 818 1010 856 unum
1044 817 1251 872 corpus
1280 817 1474 855 sumus
1504 800 1563 855 in
1584 801 1805 855 Christo
1908 800 2151 853 trarium
2184 799 2393 854 iterum
2425 803 2581 854 certa
2609 818 2757 865 sum,
2803 801 2936 871 quia
2979 802 3160 855 astabo
3203 809 3254 856 et
3296 804 3510 871 videbo;

191 896 247 967 (Ι
265 895 392 951 Cor.
432 911 529 961 xu,
554 893 665 963 20),
696 914 724 941 ››
775 891 953 946 David
998 890 1147 956 dico,
1199 891 1386 944 oranti
1429 906 1532 961 pro
1568 906 1636 944 ea
1676 906 1805 961 quas
1908 904 2043 942 nam
2085 905 2250 959 neque
2280 889 2568 958 malignus,
2603 889 2661 942 id
2691 893 2774 943 est
2811 890 3076 944 Judaicus
3124 894 3367 962 populus
3414 892 3512 963 qui

186 983 589 1059 hiereditatem
615 984 846 1036 aeterna:
871 979 1071 1051 patriae
1094 979 1490 1050 consequitur:
1509 994 1661 1032 nunc
1681 973 1800 1049 spe,
1906 977 2194 1048 malignus
2223 981 2326 1043 est,
2350 978 2407 1031 id
2442 981 2526 1031 est
2558 977 2763 1031 sterilis
2788 995 2822 1031 a
2850 979 3024 1044 bono,
3068 980 3328 1033 habitabit
3351 981 3514 1051 juxta

186 1073 537 1144 quandoque
570 1077 951 1125 consecutura
992 1086 1076 1136 re,
1107 1068 1285 1144 idest
1314 1085 1419 1139 per
1446 1084 1525 1121 se.
1558 1067 1671 1121 Sed
1701 1083 1805 1138 per
1908 1073 1974 1132 te,
1990 1066 2047 1120 id
2079 1070 2164 1120 cst
2188 1083 2303 1120 non
2333 1066 2441 1119 crit
2464 1067 2647 1120 hmres
2666 1067 3018 1121 hatreditatis
3039 1072 3269 1123 aeternas
3298 1074 3509 1137 tecum,

182 1142 296 1218 hoc
323 1160 478 1232 quod
500 1159 666 1231 ponit
689 1176 791 1229 pro
828 1176 887 1212 ea
930 1175 1049 1229 quae
1099 1142 1114 1227 Ι
1137 1143 1200 1228 2
1220 1156 1583 1211 haereditatem
1618 1172 1805 1210 conse-
1904 1154 2049 1209 sicut
2079 1158 2314 1209 testatus
2338 1172 2416 1208 es.
2439 1178 2466 1203 «
2492 1155 2844 1209 Auferetura
2864 1155 3022 1211 vobis
3044 1172 3290 1227 regnum
3310 1158 3429 1227 Dei,
3454 1162 3513 1215 et

182 1252 393 1323 quitur,
427 1248 583 1320 quod
600 1248 793 1301 innuit
818 1264 921 1319 per
949 1246 1306 1300 contrarium
1333 1244 1506 1299 aliam
1530 1262 1652 1299 esse
1673 1262 1801 1315 quae

181 1355 305 1394 non
332 1339 737 1408 consequetur,
758 1336 815 1388 id
844 1338 929 1388 est
959 1335 1330 1405 Synagogam
1362 1338 1420 1388 et
1437 1335 1608 1389 falsos
1640 1333 1799 1387 Chri-

179 1426 403 1480 stianos
428 1430 485 1479 et
515 1424 835 1489 haereticos,
866 1421 1119 1476 intendit
1150 1439 1282 1477 vero
1327 1422 1385 1475 in
1426 1423 1535 1476 hoc
1576 1423 1797 1491 psalmo

183 1513 441 1568 Ecclesia
465 1528 629 1567 orare
655 1513 855 1577 Deum,
880 1513 940 1564 ut
952 1511 1187 1565 tandem
1217 1511 1374 1563 illam
1401 1508 1797 1565 haereditatem

184 1602 464 1672 consequi
496 1600 690 1671 possit.
710 1600 913 1653 Postea
943 1616 1074 1653 vero
1101 1597 1363 1652 enuntiat
1375 1612 1433 1650 se
1449 1595 1794 1650 haereditan-

185 1690 350 1756 dam,
387 1689 510 1743 illos
540 1690 734 1742 autem
767 1685 1133 1756 expellendos
1163 1701 1303 1750 esse,
1333 1686 1390 1737 et
1412 1683 1542 1737 ideo
1564 1684 1641 1737 sic
1671 1687 1799 1739 orat

174 1781 241 1831 ut
266 1794 329 1831 se
362 1792 482 1830 non
512 1775 632 1830 sola
664 1775 1000 1845 operatione
1033 1777 1089 1826 et
1120 1770 1604 1843 cogitatione,sed
1621 1771 1796 1825 etiam

1904 1242 2137 1296 dabitur
2151 1243 2309 1312 genti
2328 1243 2560 1297 facienti
2579 1244 2927 1314 fructusejus
2951 1243 3296 1314 (Matthxxr,
3318 1246 3404 1317 43)
3433 1264 3445 1301 :
3477 1268 3506 1297 »

1901 1347 2067 1400 neque
2096 1330 2304 1399 injusti,
2336 1331 2393 1385 id
2423 1336 2508 1385 est
2534 1331 2660 1385 falsi
2684 1331 2988 1385 Christiani
3008 1333 3103 1404 qui
3129 1333 3199 1388 ab
3229 1333 3305 1403 inj
3318 1335 3510 1390 ustitia

1901 1434 2002 1471 sua
2049 1434 2165 1471 non
2204 1419 2504 1485 desistunt,
2554 1421 2944 1489 permanebunt
2983 1428 3106 1475 ante
3153 1423 3326 1476 oculos
3370 1430 3507 1487 tuos,

1898 1504 1957 1561 id
1982 1510 2067 1560 est
2088 1510 2222 1561 ante
2253 1508 2621 1578 prmsentiam
2652 1509 3081 1563 tuam.Venient
3108 1511 3342 1581 quidem
3370 1515 3507 1568 ante

1898 1597 1955 1649 te
1987 1595 2060 1648 ad
2084 1595 2389 1665 judicium,
2423 1597 2525 1650 sed
2560 1614 2666 1650 non
2708 1588 3131 1667 permanebunt,
3178 1599 3235 1654 id
3272 1604 3356 1655 est
3410 1602 3508 1659 diu

1900 1684 2219 1738 manebunt
2245 1687 2378 1739 ante
2408 1685 2776 1756 praesentiam
2808 1690 2989 1751 tuam,
3041 1687 3185 1741 sicut
3228 1690 3506 1760 scriptum

1899 1774 2003 1827 est.
2036 1794 2063 1821 «
2090 1773 2344 1827 Tollatur
2374 1773 2585 1844 impius
2617 1791 2687 1828 ne
2732 1773 2920 1828 videat
2956 1776 3203 1845 gloriam
3234 1778 3334 1832 Dei
3366 1778 3500 1852 (Isa.

180 1881 324 1919 voce
337 1863 655 1918 exercendo
673 1862 955 1931 majorem
975 1878 1113 1931 erga
1126 1862 1309 1915 Deum
1324 1858 1689 1913 affectionem
1700 1859 1787 1913 ha-

1896 1877 2040 1926 τινι,
2079 1862 2187 1930 10).
2224 1881 2250 1908 ››
2276 1914 2279 1921 η

180 1953 340 2017 beat,
370 1951 618 2022 Ideoque
649 1968 707 2005 se
732 1948 1210 2013 haereditandam,
1234 1948 1360 2002 illos
1381 1950 1575 2001 autem
1606 1948 1794 2001 exbaz-

177 2040 474 2095 redandos
488 2056 608 2093 esse
634 2038 956 2104 denuntiat,
979 2041 1041 2091 ut
1066 2037 1144 2090 sic
1168 2052 1266 2090 eos
1295 2035 1364 2090 ab
1398 2034 1675 2105 injustitia
1692 2050 1795 2109 sua.

174 2130 463 2195 retrahat,
497 2131 554 2182 et
582 2129 692 2200 hoc
723 2127 799 2181 sic
827 2126 985 2181 dicit.
1500 2142 1501 2145 ‘

256 2217 433 2271 Verba
456 2234 592 2277 mea,
612 2215 670 2270 id
690 2218 774 2269 est
789 2231 915 2287 qua:
937 2230 1085 2268 vana
1100 2216 1157 2267 et
1183 2211 1640 2285 pbantasmatica
1670 2228 1789 2267 nou

169 2310 331 2372 sunt,
363 2306 462 2360 sed
494 2304 630 2359 talia
659 2304 851 2376 qualia
877 2318 985 2374 ego
1016 2302 1276 2374 proferre
1304 2302 1508 2368 debeo,
1539 2317 1604 2354 ex
1634 2304 1790 2355 recta

170 2394 504 2449 intentione
531 2391 921 2464 procedentia,
942 2391 1160 2445 auribus
1181 2392 1413 2460 percipe,
1442 2389 1501 2443 id
1517 2392 1603 2443 est
1632 2389 1785 2455 audi,

168 2483 443 2538 Domine.
480 2480 645 2546 Quod
671 2480 807 2535 dicit.
847 2480 1066 2533 auribus
1090 2480 1321 2549 percipe,
1355 2478 1426 2532 ad
1466 2478 1787 2532 humanum

170 2570 422 2625 modum
454 2569 612 2636 dicit,
645 2568 805 2641 quasi
837 2568 990 2622 dicat
1021 2567 1153 2621 audi
1188 2570 1250 2620 ut
1274 2566 1603 2636 impetrem.
1636 2566 1787 2619 Bene

171 2660 339 2725 dicit,
368 2659 616 2725 Domine,
651 2674 780 2713 cum
824 2659 1013 2728 posset
1057 2655 1269 2722 dicere,
1306 2670 1534 2725 sponse,
1578 2657 1640 2709 ut
1680 2655 1786 2709 hu-

173 2748 380 2803 milior
409 2747 501 2814 sit,
522 2747 683 2818 quasi
706 2746 892 2800 dicat:
916 2744 1021 2808 Qui
1041 2744 1320 2800 Dominus
1337 2759 1501 2798 meus
1523 2760 1602 2809 es,
1631 2743 1790 2812 cujus

170 2838 507 2893 voluntates
532 2834 675 2889 meis
699 2833 1091 2888 voluntatibus
1122 2847 1421 2903 praapono.
1437 2830 1650 2903 thuia
1665 2847 1787 2885 ver-

168 2926 268 2982 bis
292 2940 516 2996 nequeo
538 2940 768 2994 semper
798 2939 985 2988 orare,
1012 2921 1055 2975 si
1093 2921 1401 2991 aliquando
1432 2921 1586 2975 bona
1625 2921 1791 2975 devo-

168 3014 339 3070 tione
365 3028 624 3075 oravere,
645 3011 879 3079 intellige
901 3010 1183 3064 clamorem
1226 3026 1422 3075 meum,
1456 3008 1512 3062 id
1553 3012 1637 3063 est
1666 3023 1792 3079 gra-

165 3107 300 3157 tam
315 3102 461 3155 habe
476 3100 633 3155 illam
648 3098 1015 3155 devotionem
1031 3114 1158 3169 quas
1170 3102 1227 3152 te
1241 3100 1368 3151 orat
1381 3096 1792 3151 sicutintensus
1810 3139 1856 3197 Ο

166 3193 421 3255 clamor,
447 3193 502 3243 et
528 3192 587 3241 ut
614 3188 788 3241 verba
804 3203 936 3241 mea
952 3186 1139 3257 magis
1158 3185 1458 3257 magisque
1477 3184 1651 3256 digna
1675 3184 1792 3239 sint

166 3284 278 3335 tua
308 3276 697 3341 exauditione,
729 3275 957 3341 intende,
989 3274 1047 3329 id
1080 3278 1165 3327 est
1189 3274 1574 3328 intentionem
1601 3274 1693 3340 da,
1730 3273 1789 3327 id

166 3369 264 3422 est
288 3364 776 3437 perseverantiam
828 3365 942 3416 voci
971 3364 1227 3415 orationis
1270 3379 1417 3424 meae,
1449 3361 1509 3416 id
1551 3365 1635 3416 est
1666 3361 1788 3416 voci

166 3471 326 3511 mea:
355 3452 567 3519 oranti,
603 3456 660 3507 et
688 3452 917 3509 merito.
948 3452 1092 3505 Nam
1131 3467 1230 3504 rex
1268 3468 1452 3517 meus,
1492 3450 1551 3504 id
1579 3452 1665 3504 est
1693 3466 1788 3504 me

164 3532 351 3615 regis,
368 3542 553 3595 habeo
576 3558 671 3595 me
695 3556 812 3595 non
844 3540 1157 3593 secundum
1186 3555 1434 3609 regnum
1460 3537 1793 3603 meum,sed

164 3629 493 3687 secundum
526 3644 773 3699 regnum
809 3629 991 3693 tuum,
1037 3632 1087 3679 et
1121 3626 1267 3679 Deus
1296 3643 1457 3679 meus.
1491 3626 1615 3679 Non
1663 3641 1791 3680 sum

168 3717 378 3775 deillis
404 3739 431 3767 ‹‹
466 3732 713 3787 quorum
745 3717 893 3769 Deus
925 3718 1122 3769 venter
1151 3717 1239 3768 est
1265 3713 1486 3783 (Philip.
1509 3729 1593 3779 ιιι,
1627 3712 1734 3784 19),
1759 3734 1790 3763 ››

166 3824 297 3862 non
333 3805 529 3859 aufero
564 3805 754 3858 locum
787 3802 984 3857 deitati
1013 3806 1125 3856 tua:
1156 3801 1213 3855 in
1248 3817 1364 3866 me,
1397 3801 1557 3872 quasi
1589 3800 1740 3855 dicat
1772 3817 1785 3855 :

164 3895 362 3951 Debes
391 3891 534 3946 mihi
562 3890 944 3963 acquiescere,
975 3889 1109 3961 quia
1134 3890 1318 3943 habeo
1348 3905 1442 3943 me
1472 3889 1788 3943 secundum

163 3984 317 4038 velle
338 3986 522 4047 tuum,
544 3997 661 4034 non
676 3979 994 4034 secundum
1020 3994 1237 4032 meum.
1255 3977 1525 4033 Oratione
1543 3978 1711 4043 facta,
1727 3993 1787 4032 se

157 4069 589 4127 exaudiendam
621 4067 907 4133 enuntiat,
933 4066 1011 4120 sic
1046 4082 1058 4120 :
1088 4066 1223 4120 Dico
1266 4069 1483 4136 percipe
1525 4066 1782 4134 intellige,

157 4164 220 4214 et
254 4174 461 4212 revera
488 4173 645 4209 mane
675 4155 922 4209 exaudies
952 4171 1127 4207 vocem
1150 4171 1343 4215 meam,
1384 4154 1441 4207 id
1491 4157 1575 4208 est
1602 4154 1661 4207 in
1691 4154 1782 4207 die

150 4246 363 4320 judicii
398 4244 553 4316 quod
585 4245 803 4297 clarum
838 4244 947 4297 erit
975 4247 1035 4296 ut
1062 4260 1238 4309 mane,
1272 4242 1530 4312 perﬁcies
1553 4242 1782 4312 petitio-

156 4352 303 4389 nem
338 4349 552 4397 meam,
586 4348 618 4386 o
653 4334 799 4385 Deus
827 4332 923 4402 qui
958 4335 1163 4401 potens
1200 4347 1279 4396 es,
1317 4330 1405 4383 cui
1438 4346 1530 4384 me
1560 4346 1780 4384 servam

1966 1949 2110 2003 Vere
2142 1967 2247 2003 non
2260 1950 2671 2020 permanebunt,
2711 1967 2845 2005 nam
2877 1954 2939 2005 tu
2978 1952 3135 2005 odisti
3172 1955 3230 2008 et
3270 1970 3500 2026 semper

1895 2038 2084 2093 oderis
2101 2055 2277 2093 omnes
2293 2040 2388 2110 qui
2405 2046 2695 2108 operantur
2711 2042 3067 2112 iniquitatem,
3098 2058 3214 2096 non
3241 2044 3337 2114 qui
3366 2061 3502 2115 ope-

1892 2126 2001 2180 rati
2033 2130 2166 2180 sunt
2194 2129 2251 2180 et
2274 2130 2657 2193 cessaverunt,
2690 2129 2790 2183 sed
2816 2131 2913 2200 qui
2938 2137 3224 2199 aperantur
3244 2133 3499 2202 quandiu

1889 2214 2584 2285 vivunt,perseveranter;
2616 2219 2673 2271 et
2702 2219 2765 2269 tu
2782 2216 2971 2286 perdes
3001 2219 3058 2271 et
3087 2217 3145 2272 in
3174 2234 3413 2291 corpore
3440 2225 3500 2277 et

1889 2301 1947 2356 in
1988 2302 2185 2357 anima
2214 2320 2390 2357 omnes
2433 2306 2529 2375 qui
2567 2303 2859 2374 loquuntur
2904 2306 3258 2374 mendacium,
3306 2308 3367 2363 id
3411 2312 3497 2365 est

1887 2391 2177 2459 haeresim,
2193 2391 2398 2463 quibus
2411 2410 2528 2447 non
2546 2392 3039 2465 sufficitcogitare,
3070 2394 3177 2448 nisi
3194 2397 3498 2466 proferant

1889 2495 2011 2545 ore,
2036 2496 2151 2534 non
2172 2480 2268 2551 qui
2292 2480 2465 2535 locuti
2494 2483 2629 2535 sunt
2648 2485 2705 2535 et
2728 2486 3091 2552 respuerant,
3114 2483 3216 2538 sed
3235 2485 3332 2555 qui
3361 2503 3494 2544 cum

1886 2568 2314 2644 perseverantia
2331 2569 2641 2640 loquuntur,
2658 2573 2715 2625 et
2729 2570 2863 2641 quia
2876 2570 3323 2628 indeterminate
3336 2574 3389 2629 di
3400 2593 3494 2631 xe-

1888 2658 1979 2710 rat
2008 2656 2363 2723 mendacium,
2389 2674 2520 2711 cum
2550 2658 2733 2711 multa
2762 2658 3067 2712 mendacia
3093 2659 3336 2716 venialia
3356 2663 3492 2734 sint,

1890 2743 2325 2799 determinatde
2347 2744 2553 2815 quibus
2584 2745 2957 2800 mendacibus
2973 2746 3255 2813 intendat,
3274 2749 3492 2806 faciens

1890 2833 2301 2903 apostropham
2328 2833 2400 2886 ad
2448 2818 2463 2902 I
2486 2816 2548 2902 3
2580 2833 2870 2887 auditores
2897 2836 2957 2889 ut
2980 2834 3106 2889 illos
3126 2852 3161 2889 a
3186 2838 3491 2894 mendacio

1890 2918 1985 2975 illo
2018 2920 2311 2974 deterreat
2335 2939 2349 2988 ;
2382 2921 2459 2974 sic
2487 2920 2634 2987 dico,
2661 2921 2793 2993 quia
2814 2922 3017 2992 perdet
3046 2926 3103 2977 et
3132 2940 3332 2980 verum
3364 2931 3448 2983 est
3475 2946 3490 2996 ;

1891 3024 2027 3061 nam
2062 3008 2350 3076 dominus,
2384 3009 2443 3062 id
2475 3011 2559 3062 est
2587 3009 2681 3063 ille
2699 3008 3080 3079 quidominus
3102 3015 3187 3067 est
3209 3015 3266 3066 et
3288 3017 3494 3085 potens

1890 3099 1948 3149 et
1969 3097 2173 3166 justus,
2202 3097 2598 3163 abominabat,
2617 3097 2673 3151 id
2689 3100 2773 3151 est
2798 3101 2913 3152 tam
2945 3098 3319 3156 vehementer
3334 3119 3491 3158 exse-

1891 3185 2090 3251 crabit,
2126 3186 2281 3256 quod
2310 3202 2416 3239 nec
2447 3186 2745 3240 hominem
2806 3202 2925 3240 esse
2969 3189 3279 3257 reputabit,
3311 3192 3492 3247 virum

1890 3272 2197 3327 etfusorem
2222 3274 2576 3343 sanguinum,
2608 3272 2667 3328 id
2698 3276 2784 3327 est
2814 3273 2975 3328 illum
3004 3276 3345 3333 mendacem
3396 3279 3493 3351 qui

1890 3364 1974 3415 est
2001 3361 2087 3414 vir
2116 3362 2463 3433 sanguinum
2496 3361 2794 3428 cifusor,id
2824 3365 2908 3416 est
2929 3363 3023 3433 qui
3048 3366 3131 3417 est
3161 3363 3497 3423 interfector

1889 3450 2218 3516 hominum,
2250 3453 2308 3504 et
2337 3450 2572 3520 exponit
2602 3450 2847 3521 qualiter
2876 3451 3211 3508 interfector
3241 3455 3330 3523 sit,
3364 3473 3496 3513 cum

1891 3538 2051 3593 addit
2074 3555 2086 3591 :
2108 3538 2183 3593 Et
2200 3538 2457 3604 dolosam,
2474 3538 2533 3591 id
2560 3542 2645 3592 est
2677 3542 2734 3591 et
2752 3539 2913 3593 illum
2940 3542 3121 3594 virum
3141 3546 3493 3613 sanguinum,

1892 3626 2018 3681 dico
2051 3627 2148 3697 qui
2196 3626 2468 3680 interﬁcit
2514 3626 2807 3696 proximos
2839 3644 2969 3681 suos
3018 3629 3150 3684 dolo
3188 3632 3496 3690 verborum

1891 3731 2147 3782 suorum,
2182 3714 2239 3769 id
2270 3718 2356 3768 est
2384 3714 2587 3768 haeresi
2627 3731 2746 3768 sua.
2777 3716 2846 3768 Et
2872 3733 2991 3770 non
3013 3717 3150 3771 dicit
3166 3722 3497 3787 sanguinth

1891 3818 1958 3858 eo
1989 3803 2143 3874 quod
2171 3801 2513 3872 sanguinem
2541 3801 2931 3868 eﬂ'undat,sed
2954 3803 3091 3874 quia
3115 3804 3497 3861 interficitsic-

1890 3894 1953 3946 ut
1980 3891 2073 3945 ille
2104 3890 2199 3962 qui
2242 3890 2585 3961 sanguinem
2615 3889 2876 3955 effundit,
2911 3893 2968 3944 et
2996 3891 3143 3945 bene
3174 3894 3338 3962 ponit
3376 3912 3494 3951 non

1886 3980 2188 4036 hominem
2211 3979 2309 4033 sed
2340 3980 2540 4044 virum,
2577 3995 2707 4032 cum
2742 3978 2815 4033 ad
2845 3978 2953 4033 hoc
2992 3980 3260 4035 omnibus
3283 3981 3494 4037 viribus
3569 4033 3572 4037 .

1886 4068 2104 4124 nitatur
2132 4071 2192 4121 ut
2222 4066 2540 4121 mentiatur
2567 4084 2581 4134 ;
2611 4069 2669 4120 et
2690 4066 2897 4120 merito
2928 4067 3296 4137 singulariter
3314 4071 3494 4126 virum

1886 4156 2069 4228 ponit,
2094 4171 2225 4209 cum
2251 4155 2549 4225 pluraliter
2575 4171 2779 4208 omnes
2808 4154 3107 4225 posuisset,
3143 4160 3204 4210 ut
3229 4159 3497 4215 ostendat

1885 4243 1942 4297 in
1965 4244 2072 4297 hoc
2099 4243 2253 4314 quod
2290 4243 2601 4296 mendaces
2630 4246 2781 4309 sunt,
2816 4259 2992 4297 unam
3040 4260 3291 4299 massam
3331 4264 3492 4316 esse;

1883 4348 2012 4385 cum
2035 4334 2227 4384 autem
2258 4330 2328 4383 de
2371 4330 2457 4383 his
2483 4330 2635 4384 dicat
2649 4330 2838 4401 perdes
2874 4334 2932 4383 et
2969 4331 3394 4401 abominabitur,
3438 4340 3495 4391 et

158 4426 292 4495 feci,
315 4420 594 4493 quoniam
628 4436 735 4488 ego
770 4422 827 4471 et
850 4436 951 4473 oro
985 4424 1043 4472 et
1072 4419 1232 4471 orabo
1264 4418 1781 4490 perseveranterad
1802 4421 1854 4477 D
1883 4421 1952 4475 dc
1980 4419 2103 4473 aliis
2165 4418 2384 4472 dixerat
2428 4436 2534 4471 non
2570 4419 2862 4484 habitabit,
2911 4437 3029 4474 non
3081 4424 3489 4491 permanebunt,

159 4518 219 4568 te
255 4509 738 4584 promerendum,
775 4525 891 4562 non
925 4508 996 4561 ad
1025 4507 1241 4577 aliquid
1272 4510 1586 4573 terrenum,
1620 4507 1781 4577 quasi

162 4601 323 4656 dicat
358 4615 369 4652 :
407 4597 551 4661 Quia
584 4598 805 4666 postulo
841 4595 993 4665 quod
1018 4596 1303 4664 postulare
1332 4594 1535 4659 debeo,
1558 4598 1613 4648 te
1641 4594 1783 4647 scili-

162 4693 277 4743 cet.
323 4685 619 4742 Cumdicit
664 4702 818 4737 mane
839 4682 1104 4748 craudies,
1152 4681 1341 4735 innuit
1372 4682 1506 4752 quia
1550 4682 1607 4735 in
1656 4682 1779 4751 ipso

165 4774 456 4849 principio
476 4772 584 4827 diei
610 4771 810 4843 judicii
832 4771 1169 4841 petitionem
1185 4771 1308 4840 ejus
1329 4769 1602 4839 perficiet.
1620 4770 1779 4824 Mane

163 4879 424 4934 namque
438 4861 784 4933 principium
803 4864 887 4913 est
906 4860 1040 4924 diei,
1059 4861 1117 4912 et
1135 4859 1369 4929 exponit
1384 4858 1453 4912 de
1474 4874 1587 4930 quo
1616 4875 1781 4912 exau-

164 4952 328 5007 diet?
345 4950 436 5004 Sic
469 4950 594 5003 dico
622 4947 888 5010 exaudies,
921 4951 978 5002 et
1007 4947 1087 5000 sic
1130 4964 1303 5013 mane,
1338 4946 1396 4999 id
1443 4949 1529 5001 est
1567 4946 1657 5000 die
1682 4946 1775 5015 ju-

162 5038 297 5094 dicii
327 5037 531 5103 astabo,
572 5036 630 5090 id
660 5039 745 5090 est
770 5052 1023 5106 praesens
1047 5051 1147 5089 ero
1182 5034 1278 5088 tibi
1314 5033 1598 5106 corporali
1628 5050 1774 5105 prte-

159 5127 375 5192 sentia,
405 5124 719 5180 secundum
752 5124 890 5178 illud
921 5141 931 5177 :
960 5148 985 5172 ‹‹
1012 5123 1116 5177 Ubi
1146 5139 1252 5193 ego
1285 5121 1560 5188 sum,illic
1589 5125 1647 5176 et
1668 5122 1776 5176 mi-

162 5218 350 5272 nister
404 5230 567 5268 meus
610 5212 720 5267 erit
758 5211 944 5277 (Joan.
990 5229 1084 5277 xu,
1111 5214 1217 5277 26),
1251 5232 1278 5259 »
1308 5215 1364 5265 et
1409 5210 1584 5264 illud:
1619 5232 1646 5259 ‹‹
1680 5210 1781 5265 Co-

162 5301 435 5360 hagredes
477 5304 671 5354 autem
716 5300 923 5354 Christi
971 5298 1150 5371 (Rom.
1193 5315 1314 5367 vui,
1363 5300 1468 5369 l7),
1499 5317 1530 5350 »
1564 5301 1623 5352 et
1661 5314 1780 5353 non

169 5394 363 5448 solum
411 5389 611 5455 astabo,
650 5388 750 5441 sed
790 5387 969 5441 videbo
1002 5390 1059 5441 te
1099 5386 1245 5441 facie
1286 5387 1354 5440 ad
1394 5386 1600 5440 faciem
1621 5386 1787 5455 juxta

172 5479 518 5554 Apostolum
549 5494 560 5530 :
587 5500 613 5525 «
661 5476 929 5531 Videmus
973 5492 1125 5530 nunc
1168 5492 1272 5546 per
1306 5477 1620 5545 speculum,
1654 5476 1789 5529 tunc

177 5572 379 5624 autem
407 5565 550 5621 facie
591 5564 664 5618 ad
706 5564 913 5618 faciem
960 5562 1015 5635 (Ι
1040 5561 1166 5617 Cor.
1212 5580 1328 5627 xm,
1363 5566 1465 5627 12].
1501 5582 1532 5615 ›>
1560 5565 1616 5617 et
1657 5562 1791 5619 inde

181 5658 301 5714 scio
334 5655 491 5731 quod
521 5654 725 5721 astabo,
756 5653 1031 5726 quoniam
1053 5670 1184 5708 cum
1207 5651 1281 5708 sis
1302 5653 1451 5707 Deus
1470 5656 1529 5709 et
1548 5656 1671 5733 tua:
1696 5669 1798 5713 na.-

1880 4507 2069 4561 innuit
2100 4524 2198 4560 eos
2223 4507 2449 4577 gravius
2480 4523 2598 4560 esse
2631 4506 2974 4576 puniendos.

1953 4595 2095 4649 Cum
2138 4611 2272 4649 vero
2306 4594 2602 4664 subjungit
2635 4611 2648 4647 :
2681 4594 2801 4662 Ego
2835 4602 3013 4648 autem
3046 4597 3306 4666 introibo,
3347 4605 3481 4668 etc.,

1881 4683 2034 4737 idem
2064 4686 2147 4735 est
2186 4682 2340 4753 quod
2374 4682 2633 4751 superius
2674 4682 2862 4752 posuit
2896 4684 3079 4737 verbis
3130 4686 3253 4740 aliis
3287 4704 3300 4741 :
3334 4706 3490 4743 mane

1879 4771 2081 4832 astabo,
2112 4778 2160 4823 et
2186 4770 2391 4825 videbo.
2425 4769 2535 4823 Sed
2562 4769 2696 4840 quia
2731 4770 2950 4825 dixerat
3001 4789 3060 4825 se
3102 4774 3403 4830 astituram
3431 4782 3491 4833 et

1877 4858 2127 4913 visuram
2155 4862 2390 4931 propter
2422 4858 2631 4912 merita
2660 4875 2780 4925 sua,
2815 4859 2948 4930 quia
2978 4860 3191 4915 scilicet
3228 4866 3286 4917 et
3327 4868 3482 4920 recte

1877 4950 1936 5002 et
1965 4948 2101 5019 quid
2133 4947 2417 5001 orandum
2440 4950 2584 5014 erat,
2607 4948 2844 5013 orabat;
2876 4949 3086 5018 repetit
3115 4952 3178 5005 ut
3217 4953 3486 5007 ostendat

1878 5053 1936 5090 se
1968 5053 2085 5090 non
2112 5039 2349 5107 propter
2379 5035 2589 5089 merita
2619 5039 2864 5102 tantum,
2888 5036 2987 5090 sed
3014 5053 3117 5107 per
3144 5037 3241 5092 Dei
3264 5039 3485 5095 miseri-

1879 5123 2134 5177 cordiam
2158 5122 2333 5176 etiam
2354 5122 2699 5177 intraturam
2728 5139 2739 5174 :
2765 5125 2821 5175 et
2843 5122 2949 5175 hoc
2963 5120 3041 5174 sic
3063 5122 3201 5176 dicit
3245 5124 3483 5179 dolosum

1880 5212 2284 5266 abominabitur
2304 5210 2595 5277 Dominus,
2623 5227 2715 5279 ego
2765 5217 2942 5263 autem
2988 5210 3228 5265 introibo
3286 5213 3349 5266 in
3394 5214 3486 5268 do-

1881 5318 2026 5355 mum
2050 5306 2217 5367 tuam,
2246 5299 2303 5353 id
2332 5302 2416 5352 est
2461 5299 2520 5352 in
2571 5298 2887 5353 Jerusalem
2933 5297 3262 5375 cmlestem;
3312 5302 3491 5356 confi-

1887 5388 2028 5442 dens
2077 5389 2137 5441 in
2192 5386 2543 5441 multitudine
2594 5386 2976 5440 misericordiae
3022 5391 3149 5454 tuae,
3198 5387 3263 5443 id
3311 5391 3395 5441 est
3434 5389 3495 5443 in

1888 5474 2187 5544 multiplici
2213 5473 2606 5528 misericordia
2636 5474 2754 5537 tua,
2811 5491 2925 5529 non
2974 5470 3036 5525 in
3083 5472 3226 5528 meis
3283 5474 3508 5528 meritis

1894 5565 2113 5627 tamen,
2146 5564 2203 5615 et
2226 5564 2285 5615 ut
2315 5561 2552 5616 introire
2586 5558 2817 5631 possim
2847 5561 2937 5618 hic
2968 5559 3122 5630 prius
3170 5562 3416 5617 existens
3445 5563 3515 5616 in

1900 5652 2110 5719 timore,
2139 5652 2199 5705 et
2221 5664 2339 5706 non
2387 5648 2596 5719 servili,
2627 5646 2732 5704 sed
2797 5662 2913 5723 tuo,
2940 5647 3001 5705 id
3029 5651 3115 5705 est
3153 5648 3215 5708 in
3256 5650 3411 5709 casto
3441 5646 3533 5707 ti‘
