4010 6032
452 406 555 471 6353

1061 403 1118 465 S.
1161 392 1506 464 BRUNONIS
1548 396 2179 461 CARTHUSIANORUM
2216 394 2689 455 INSTITUTORIS
2730 396 2884 453 OPP.
2927 391 3106 451 PARS
3144 391 3167 447 Ι

3668 393 3774 462 656

456 555 621 596 more
657 555 669 594 :
702 536 798 610 qui
832 539 962 591 tuus
995 536 1098 599 est,
1127 533 1186 587 id
1218 535 1302 586 est
1328 530 1428 584 tibi
1468 530 1633 584 valde
1688 531 1926 600 gratus;
1991 521 2138 581 ad-A
2164 524 2485 579 tribuentes
2501 539 2630 581 eam
2654 520 2896 597 glOriam
2922 545 3039 583 non
3064 525 3167 582 sibi
3192 523 3291 581 sed
3313 524 3435 582 tibi.
3459 524 3652 582 Omnes
3676 530 3780 601 qui

456 630 619 683 orabo
641 633 715 690 te,
742 626 954 680 faciens
972 628 1025 677 te
1050 625 1253 686 Deum,
1273 623 1436 674 etme
1451 621 1803 682 creaturam;
1826 616 2060 669 veniens

458 718 528 772 ad
557 716 807 787 templum
837 720 1077 768 sanctum
1120 718 1273 763 tuum
1296 707 1712 779 recipiendum,
1752 705 1812 759 id
1861 706 1946 757 est
1994 704 2066 758 ad

459 822 666 877 corpus
697 807 883 868 tuum,
905 801 1059 873 quod
1084 802 1168 853 est
1190 801 1450 852 sanctum
1482 796 1765 865 templum
1796 792 2064 847 Deitatis:

454 896 544 948 vel
591 894 670 946 ita
709 892 945 945 veniens
1002 888 1075 942 ad
1121 888 1228 940 hoc
1272 885 1425 956 quod
1472 884 1578 937 sim
1619 885 1880 937 sanctum
1924 884 2071 934 tem-

456 983 619 1055 plum
678 984 839 1033 tuum
890 978 1055 1047 juxta
1105 974 1441 1045 Apostolum
1500 990 1513 1026 :
1576 994 1602 1020 ‹‹
1648 969 1880 1024 Nescitis
1935 967 2068 1039 quia

459 1071 748 1140 templum
766 1066 863 1122 Dei
892 1062 1097 1134 estis(l
1132 1060 1259 1116 Cor.
1304 1078 1377 1128 vi,
1407 1063 1491 1128 19,
1512 1060 1550 1131 ).
1573 1082 1599 1109 ››
1644 1061 1709 1113 Et
1726 1062 1785 1111 ut
1805 1058 1894 1111 hic
1915 1058 2068 1109 recte

457 1160 699 1214 adorem
732 1159 788 1209 et
832 1155 908 1208 sic
940 1153 1252 1217 introeam,
1281 1167 1312 1204 0
1362 1148 1626 1215 Domine,
1675 1162 1769 1201 me
1814 1145 2066 1217 positum

455 1248 547 1302 hic
579 1264 590 1300 :
621 1248 677 1299 in
697 1246 917 1315 justitia
950 1249 1042 1295 tua
1068 1240 1255 1305 deduc,
1290 1238 1348 1292 id
1390 1241 1475 1291 est
1506 1237 1613 1291 duc
1660 1236 1730 1289 de
1770 1235 1977 1288 virtute
2006 1232 2065 1286 in

455 1334 748 1399 virtutem,
764 1335 823 1384 et
841 1334 901 1384 ut
919 1328 1121 1384 deduci
1142 1325 1351 1398 possim
1372 1324 1575 1393 dirige,
1593 1324 1651 1377 id
1677 1326 1761 1376 est
1784 1322 2065 1375 directam

451 1424 543 1479 fac
574 1423 631 1479 in
659 1423 965 1491 conspectu
998 1432 1151 1480 meo,
1176 1414 1231 1467 id
1256 1417 1341 1467 est
1371 1413 1429 1465 in
1452 1412 1911 1465 consideratione
1936 1424 2067 1462 mea

452 1513 605 1568 viam
635 1513 815 1574 tuam,
849 1508 905 1561 id
939 1508 1022 1559 est
1072 1502 1325 1557 divinam
1358 1501 1711 1571 Scripturam
1745 1502 1903 1551 tuam
1936 1514 2063 1568 quae

454 1618 557 1675 per
590 1604 644 1654 te
678 1598 813 1652 data
842 1594 1007 1649 nobis
1052 1596 1137 1646 est
1181 1591 1272 1644 via
1310 1589 1442 1643 ﬁdei
1471 1608 1484 1655 ;
1536 1588 1697 1659 quasi
1736 1587 1905 1641 dicat.
1939 1586 2062 1639 Non

454 1688 756 1761 permittas
773 1700 867 1738 me
890 1683 949 1736 in
967 1682 1062 1735 illa
1081 1679 1329 1745 deviare,
1347 1678 1445 1731 sed
1470 1682 1688 1730 rectum
1708 1676 2063 1729 intellectum

452 1777 511 1832 in
546 1793 614 1831 ea
641 1776 716 1830 da
757 1772 898 1828 mihi
932 1789 944 1825 :
979 1775 1037 1825 et
1065 1771 1172 1823 hoc
1220 1784 1322 1822 oro
1358 1774 1578 1838 propter
1620 1767 1858 1818 inimicos
1902 1780 2061 1824 meos,

2168 619 2410 688 diligunt
2440 638 2627 673 nomen
2672 628 2841 687 tuum,
2889 620 2946 676 id
2989 625 3073 675 est
3117 622 3211 692 qui
3259 637 3374 675 non
3421 621 3629 675 timent
3668 639 3776 693 pro

2169 713 2321 765 mala
2348 712 2698 766 conscientia
2729 730 2829 766 sua
2860 713 2966 766 hoc
3018 711 3171 782 quod
3212 711 3490 766 Dominus
3524 715 3627 766 est.
3666 711 3778 767 Sed

2168 800 2410 868 diligunt
2439 818 2629 853 nomen
2653 798 2823 868 tuum,
2853 801 2909 854 id
2932 803 3016 855 est
3051 802 3158 855 hoc
3186 801 3341 873 quod
3373 801 3648 857 Dominus
3690 818 3771 869 es,

2169 893 2227 943 et
2252 890 2423 958 digne
2452 889 2897 958 gloriabuntur;
2938 891 3195 961 quoniam
3237 896 3292 941 tu
3334 889 3429 961 qui
3461 890 3647 960 justus
3688 906 3770 956 es,

2167 980 2374 1048 potens
2407 980 2464 1030 et
2496 976 2820 1030 misericors
2854 993 2865 1030 :
2899 977 3162 1031 benedices
3176 977 3349 1047 justo,
3381 976 3439 1030 id
3469 979 3555 1030 est
3601 981 3771 1031 aeter-

2168 1081 2307 1119 nam
2338 1064 2805 1119 benedictionem
2850 1064 2930 1119 eis
2961 1065 3261 1135 impendes
3295 1082 3306 1118 :
3341 1068 3399 1119 et
3442 1065 3589 1119 bene
3636 1065 3772 1119 dicit

2156 1153 2328 1224 justo,
2366 1170 2483 1208 non
2507 1154 2675 1224 justis
2706 1170 2718 1207 :
2755 1157 2817 1207 ut
2846 1154 3112 1208 ostendat
3143 1168 3323 1207 unum
3354 1150 3491 1225 quid
3514 1151 3573 1206 in
3605 1170 3662 1207 se
3688 1153 3772 1207 fu-

2165 1244 2360 1295 turum
2390 1241 2535 1296 sicut
2582 1243 2884 1314 Apostolus
2938 1242 3108 1296 dicit:
3143 1264 3170 1292 «
3203 1241 3547 1296 Occuremus
3589 1240 3645 1295 in
3687 1242 3766 1296 vi-

2166 1347 2297 1385 rum
2337 1331 2657 1402 perfectum
2686 1330 2903 1401 (Eplies.
2950 1347 3025 1399 1v,
3064 1330 3146 1401 t3)
3177 1349 3191 1399 ;
3225 1351 3251 1379 »
3283 1331 3407 1386 dico
3438 1331 3572 1403 quia
3626 1331 3771 1386 bene—

2164 1421 2327 1487 dices,
2345 1425 2399 1474 et
2426 1424 2487 1475 ut
2507 1421 2665 1493 digni
2691 1420 2866 1475 simus
2888 1421 2961 1474 ibi
2985 1421 3450 1476 benedictionem
3477 1422 3762 1492 recipere:

2165 1510 2313 1563 Deus
2340 1510 2433 1580 qui
2460 1514 2663 1579 potens
2694 1527 2751 1563 es
2776 1512 3049 1565 coronasti
3081 1528 3193 1577 nos,
3218 1510 3275 1564 id
3312 1514 3398 1564 est
3434 1510 3769 1565 circumcin-

2165 1597 2290 1650 xisti
2322 1615 2426 1652 nos
2466 1599 2556 1652 hic
2598 1606 2657 1652 ut
2707 1606 2856 1654 scuto
2901 1600 3045 1653 bonae
3080 1602 3372 1670 vopmtatis
3421 1607 3544 1666 tiae,
3585 1600 3645 1654 id
3683 1603 3769 1653 est

2163 1684 2317 1739 bona
2344 1688 2635 1742 voluntate
2673 1690 2788 1750 tua,
2830 1688 3222 1743 misericordia
3255 1688 3465 1743 scilicet
3504 1695 3562 1741 ut
3598 1695 3764 1755 scuto,

2164 1772 2221 1827 id
2250 1778 2334 1827 est
2356 1776 2417 1828 ut
2439 1775 2509 1829 sit
2533 1776 2696 1830 nobis
2733 1776 3185 1839 munimentum,
3218 1777 3359 1831 sicut
3392 1781 3609 1832 scutato
3642 1795 3766 1831 scu-

453 1865 549 1937 qui
581 1863 722 1918 mihi
763 1861 1127 1924 insidiantur,
1161 1860 1223 1911 ut
1254 1856 1480 1909 deviare
1506 1854 2064 1923 faciant,etpropter

2172 1865 2287 1915 tum
2335 1863 2765 1918 munimentum
2800 1868 2903 1919 est.
2950 1865 3112 1929 Quod
3157 1865 3312 1932 dicit,
3356 1867 3622 1920 coronasti
3649 1883 3762 1932 nos,

449 1952 713 2008 inimicos
751 1950 880 2004 ideo
912 1965 1045 2015 oro;
1097 1947 1349 2017 quoniam
1399 1961 1455 1997 in
1497 1960 1584 1996 ore
1624 1960 1804 1996 eorum
1850 1957 1954 1993 non
1991 1946 2064 1993 est

448 2044 664 2108 veritas,
692 2040 753 2093 id
785 2042 869 2093 est
910 2036 1052 2091 faisa
1089 2036 1424 2104 loquuntur,
1463 2036 1520 2085 et
1567 2032 1674 2085 hoc
1720 2030 1869 2094 ideo,
1931 2027 2065 2099 quia

449 2148 540 2184 cor
568 2146 748 2184 eorum
777 2143 997 2191 vanum,
1046 2123 1104 2177 id
1143 2124 1227 2176 est
1257 2120 1418 2175 vanis
1456 2119 1896 2191 cogitationibus
1940 2117 2062 2189 ple-

450 2234 594 2273 num
623 2234 634 2270 :
656 2217 893 2288 propter
911 2211 1275 2283 arogantiam
1297 2209 1454 2263 enim
1488 2211 1549 2261 ut
1574 2207 1808 2261 subtiles
1830 2205 2061 2259 videan-

448 2309 565 2373 tur,
592 2305 735 2359 falsa
765 2303 835 2357 de
864 2303 980 2356 Deo
1027 2301 1362 2370 loquuntur,
1398 2300 1456 2350 et
1485 2312 1617 2349 cum
1648 2310 1763 2349 non
1795 2294 1866 2347 sit
1895 2293 1953 2347 in
1982 2294 2062 2347 eis

448 2395 677 2461 veritas,
707 2408 825 2447 non
852 2391 1038 2444 solum
1090 2404 1148 2442 se
1192 2385 1562 2451 interficiunt,
1603 2384 1702 2437 sed
1747 2390 1937 2453 guttur
1974 2399 2059 2435 eo-

447 2501 568 2538 rum
594 2488 667 2536 est
682 2487 875 2553 patens
912 2477 1230 2548 sepulcrum,
1292 2475 1349 2528 id
1398 2478 1483 2528 est
1531 2490 1633 2544 per
1673 2489 1873 2527 vocem
1933 2488 2059 2543 quae

448 2570 712 2644 procedit
737 2569 807 2623 de
822 2571 1053 2640 gutture
1065 2581 1267 2619 eorum
1283 2566 1414 2617 sunt
1430 2560 1847 2633 comparabiles
1870 2561 2058 2631 sepul-

448 2678 545 2715 cro
566 2657 806 2731 patenti.
837 2656 995 2711 Sicut
1028 2653 1185 2707 enim
1209 2652 1533 2722 sepulcrum
1566 2652 1725 2720 patet
1764 2652 1825 2702 ut
1855 2665 2061 2720 corpus

448 2752 748 2819 receptum
762 2748 928 2818 putre
941 2747 997 2797 et
1017 2742 1262 2797 fetidum
1282 2740 1486 2806 faciat;
1508 2739 1585 2793 ita
1602 2742 1659 2792 et
1682 2754 1881 2793 eorum
1909 2738 2062 2791 mala

450 2837 716 2893 doctrina
746 2837 906 2906 patet
931 2835 993 2885 ut
1018 2831 1272 2884 insontes
1314 2829 1373 2883 in
1401 2829 1731 2898 exemplum
1776 2826 1856 2879 sui
1916 2825 2061 2880 reci-

455 2926 638 2999 piant,
675 2928 734 2979 et
775 2923 957 2978 fazdos
998 2920 1249 2975 reddant
1284 2936 1296 2973 :
1333 2923 1390 2972 et
1435 2922 1498 2972 ut
1543 2917 1840 2987 sepulcrum
1874 2922 2065 2989 patens

452 3020 644 3072 essent
666 3013 824 3085 prius
839 3011 1066 3081 agebant
1086 3009 1259 3063 dolose
1284 3008 1480 3077 linguis
1504 3009 1633 3068 suis,
1673 3006 1731 3060 id
1767 3008 1851 3059 est
1879 3005 2063 3059 verbis

453 3105 567 3161 suis
592 3102 986 3158 immiscentes
1016 3099 1173 3170 prius
1204 3097 1505 3151 veritatem
1550 3095 1803 3161 falsitati,
1840 3098 1900 3148 ut
1927 3093 2062 3147 faci-

450 3194 559 3250 lius
582 3191 934 3263 deciperent.
960 3186 1028 3241 Et
1055 3186 1191 3259 quia
1216 3187 1358 3239 tales
1380 3188 1532 3250 sunt,
1567 3201 1600 3239 o
1639 3186 1805 3249 Deus,
1848 3182 1941 3253 qui
1970 3182 2061 3252 ju-

451 3284 571 3336 stus
595 3280 770 3351 judex
799 3294 858 3331 es
891 3275 1136 3346 :judica,
1162 3274 1220 3327 id
1257 3276 1342 3327 est
1392 3273 1607 3327 damna
1650 3272 1812 3337 illos;
1861 3275 1917 3324 et
1958 3270 2065 3323 hoc

455 3385 573 3423 non
605 3370 690 3421 est
719 3362 1082 3435 imprecatio,
1112 3361 1212 3415 sed
1244 3360 1447 3413 divinae
1469 3359 1704 3429 justitiaa
1732 3358 2020 3413 concessio
2050 3376 2063 3425 ;

456 3456 593 3528 quia
618 3455 692 3509 ad
720 3454 830 3507 hoc
860 3451 995 3505 facit
1028 3453 1089 3504 ut
1126 3466 1225 3503 eos
1254 3450 1561 3514 exterreat,
1605 3450 1662 3501 et
1701 3447 1936 3518 exponit
1965 3463 2069 3519 per

455 3548 648 3617 partes
678 3540 971 3613 quomodo
1000 3536 1221 3609 judicet
1253 3552 1266 3590 :
1300 3536 1391 3590 hic
1418 3535 1629 3590 scilicet
1681 3536 1949 3589 decidant
1998 3536 2070 3591 de

459 3632 614 3686 malo
640 3630 699 3683 in
732 3629 950 3682 malum
974 3625 1291 3680 secundum
1318 3624 1474 3695 quod
1499 3623 1632 3677 alibi
1660 3623 1867 3678 dicitur
1891 3641 1951 3678 :«
1965 3623 2073 3688 Qui

458 3720 518 3775 in
542 3718 805 3774 sordibus
827 3719 933 3782 est,
969 3715 1260 3770 sordescat
1281 3713 1466 3767 adhuc
1485 3712 1678 3783 (Apoc.
1707 3730 1836 3770 xxn.
1879 3715 1958 3776 Hl
1999 3729 2010 3766 :
2044 3734 2071 3761 »

462 3812 521 3864 et
546 3807 650 3861 iste
678 3822 839 3860 casus
871 3820 986 3858 non
1020 3802 1129 3857 erit
1158 3820 1191 3856 a
1222 3801 1433 3856 duritia
1481 3805 1600 3867 tua,
1635 3801 1732 3855 sed
1773 3818 1807 3855 a
1853 3801 2072 3872 cogita-

464 3896 715 3953 tionibus
746 3910 947 3949 eorum
976 3890 1255 3962 pessimis,
1289 3892 1346 3944 et
1380 3890 1437 3943 in
1468 3889 1658 3944 futuro
1690 3891 1907 3959 expelle
1934 3907 2076 3946 eosa

466 4000 648 4055 regno
675 3985 803 4036 tuo:
830 3980 985 4052 quod
1007 3979 1111 4033 sibi
1133 3977 1584 4049 praesumptione
1605 3995 1705 4031 sua
1732 3978 2074 4046 attribuunt,

468 4076 527 4128 et
547 4074 655 4126 hoc
684 4087 802 4124 non
825 4067 1139 4123 secundum
1174 4069 1334 4119 tuam
1363 4065 1815 4131 inclementiam,
1849 4064 1945 4121 sed
1989 4085 2076 4122 se-

471 4159 724 4213 cundum
746 4156 1151 4209 multitudinem
1179 4156 1508 4224 impietatum
1528 4170 1730 4221 eorum,
1755 4154 1814 4208 id
1839 4160 1919 4209 est
1948 4156 2076 4212 ideo

471 4246 607 4319 quia
626 4246 836 4299 multas
864 4243 1191 4315 impietates
1217 4242 1563 4308 habuerunt,
1600 4246 1657 4297 et
1699 4260 1827 4297 vere
1870 4247 2078 4301 multas

469 4336 826 4400 habuerunt;
856 4333 988 4403 quia
1019 4334 1366 4384 irritaverant
1398 4338 1465 4398 te,
1494 4331 1551 4385 id
1600 4336 1684 4385 est
1728 4349 1857 4387 cum
1901 4334 2078 4390 dulcis

2164 1964 2267 2019 per
2298 1950 2733 2005 similitudinem
2755 1953 3302 2024 dieitpatronorum,
3319 1954 3413 2025 qui
3430 1970 3765 2027 Oppressum

2164 2042 2226 2093 ut
2257 2039 2505 2110 eripiant
2544 2041 2775 2095 scutatis
2797 2043 3073 2096 militibus
3105 2046 3405 2108 coronant,
3438 2043 3497 2097 id
3530 2046 3613 2097 est
3655 2042 3765 2097 cir-

2164 2143 2291 2181 cum
2304 2128 2443 2181 dant
2468 2145 2482 2195 ;
2508 2129 2585 2182 ita
2610 2133 2667 2184 et
2689 2130 2940 2184 Christus
2967 2135 3027 2185 ut
3058 2132 3130 2186 ab
3164 2131 3418 2186 hostibus
3458 2131 3767 2186 visibilibus

2164 2217 2220 2269 et
2250 2215 2625 2271 invisibilibus
2655 2222 2837 2285 eruat,
2874 2219 3283 2275 misericordias
3309 2235 3423 2274 suae
3460 2236 3564 2274 nos
3590 2220 3766 2273 virtu-

2162 2302 2314 2357 tibus
2339 2303 2658 2359 circumdat
2685 2309 2741 2359 et
2770 2307 2978 2361 munit.

2697 2395 2764 2447 IN
2798 2394 3119 2450 PSALMUM
3149 2397 3235 2450 VI.

2234 2480 2502 2553 Sequitur
2540 2482 2736 2537 titulus
2780 2485 2939 2552 sexti,
2983 2486 3059 2539 sic
3095 2503 3106 2539 :
3147 2486 3205 2539 In
3250 2488 3407 2555 ﬁnem
3441 2489 3495 2540 in
3524 2489 3771 2541 carmini-

2169 2570 2260 2624 bus
2277 2587 2380 2640 pro
2412 2578 2598 2624 octava
2611 2573 2852 2643 psalmus
2872 2574 3053 2628 David
3083 2592 3099 2628 :
3130 2575 3290 2639 Quod
3331 2576 3407 2630 sic
3443 2576 3767 2647 exponitur,

2163 2660 2416 2729 psalmus
2449 2660 2553 2713 iste
2590 2662 2989 2716 attribuendus
3016 2662 3212 2727 David,
3246 2664 3303 2717 id
3333 2668 3419 2718 est
3444 2664 3771 2736 pcnnitenti,

2165 2746 2261 2818 qui
2289 2747 2444 2817 prius
2480 2764 2513 2800 a
2544 2748 2771 2802 diabolo
2812 2767 2916 2821 per
2946 2755 3245 2821 peceatum
3286 2746 3604 2824 superatus,
3648 2755 3775 2806 tan-

2166 2833 2301 2888 dem
2333 2834 2543 2889 iterum
2575 2836 2806 2890 etfeetus
2838 2842 2923 2891 est
2963 2840 3157 2904 David,
3192 2840 3249 2894 id
3285 2844 3367 2895 est
3392 2859 3553 2894 manu
3589 2841 3770 2910 fortis,

2166 2936 2425 2993 pugnare
2452 2940 2643 2977 rursus
2672 2924 2976 2979 intendens
2993 2931 3193 2981 contra
3214 2928 3505 2982 diabolum
3535 2946 3549 2983 :
3574 2930 3772 3000 etjam

2167 3010 2561 3065 desiderabilis
2579 3014 2693 3066 Deo
2716 3030 2820 3085 per
2849 3015 3249 3084 paenitentiam
3276 3032 3286 3070 :
3313 3017 3485 3071 David
3511 3017 3636 3071 dico
3667 3024 3776 3070 ten-

2165 3097 2327 3152 dendi
2355 3101 2409 3152 in
2435 3100 2614 3168 ﬁnem,
2642 3100 2699 3154 id
2728 3104 2811 3155 est
2846 3101 2902 3155 in
2949 3102 3235 3157 Christum
3278 3103 3338 3158 in
3388 3105 3765 3171 carminibus,

2166 3186 2223 3239 id
2257 3190 2341 3240 est
2370 3203 2474 3257 per
2504 3189 2837 3260 laudes,per
2868 3191 2974 3245 hoc
2994 3192 3204 3246 scilicet
3238 3195 3391 3265 quod
3423 3193 3618 3248 laudat
3638 3211 3774 3247 eum

2168 3275 2513 3345 pcenitentia
2537 3280 2592 3329 et
2622 3278 2776 3331 bona
2799 3281 3134 3348 operatione
3161 3298 3280 3348 sua,
3313 3281 3369 3336 id
3401 3285 3484 3335 est
3514 3282 3773 3336 laudabi-

2168 3364 2283 3417 lem
2308 3381 2441 3417 eum
2470 3366 2739 3420 ostendit.
2769 3368 3129 3423 Carminibus
3148 3370 3272 3425 dico
3292 3371 3540 3441 actispro
3565 3378 3775 3437 octava,

2170 3450 2229 3504 id
2260 3454 2343 3505 est
2371 3453 2626 3507 contuitu
2671 3458 2902 3509 aeternae
2944 3457 3170 3527 quietis,
3206 3476 3332 3529 quas
3372 3459 3563 3513 futura
3602 3464 3687 3513 est
3718 3459 3779 3514 in

2172 3542 2373 3593 octava
2400 3540 2512 3603 die,
2550 3540 2607 3595 id
2644 3543 2813 3596 estin
2850 3544 2942 3598 die
2973 3545 3173 3615 judicii
3211 3564 3224 3613 ;
3259 3551 3317 3601 et
3368 3547 3590 3601 videtur
3640 3548 3781 3602 illud

2173 3626 2330 3681 idem
2366 3629 2662 3699 negotium
2696 3630 2752 3684 in
2788 3632 2894 3686 hoc
2921 3635 3139 3703 psalmo
3173 3652 3291 3688 esse
3324 3636 3477 3706 quod
3519 3635 3576 3688 in
3620 3653 3785 3707 supc-

2175 3715 2336 3770 riori.
2372 3718 2482 3770 Pro
2515 3721 2733 3773 eeterna
2765 3737 3017 3792 namque
3045 3723 3233 3792 quiete
3278 3726 3487 3777 tractat
3528 3725 3784 3795 psalmus

2177 3807 2419 3876 uterque
2449 3822 2462 3860 :
2494 3806 2551 3859 in
2580 3807 2688 3861 hoc
2702 3812 2900 3863 tamen
2916 3811 3220 3865 differunt:
3247 3812 3401 3883 quod
3422 3813 3478 3866 in
3501 3813 3785 3886 superiori

2178 3890 2519 3962 ﬁdelesjam
2553 3895 2689 3949 certi
2732 3913 2835 3966 pro
2868 3897 2964 3952 illa
3003 3900 3273 3953 orantzin
3299 3902 3405 3955 hoc
3443 3918 3575 3955 vero
3611 3902 3789 3973 poeni-

2179 3981 2306 4032 tens
2330 3980 2405 4033 de
2451 3983 2698 4051 peccatis
2742 3986 2941 4039 dolens
2980 3988 3340 4057 perpetratis,
3382 3989 3674 4060 suspirans
3714 3990 3787 4044 ad

2179 4067 2363 4138 ipsam
2393 4069 2645 4139 quietem
2660 4089 2834 4142 quam
2850 4090 2906 4126 se
2924 4075 3088 4128 malis
3102 4076 3318 4129 meritis
3338 4076 3488 4130 videt
3508 4076 3786 4144 amisisse,

2180 4160 2308 4210 orat
2336 4156 2633 4213 humiliter
2663 4179 2770 4233 pro
2801 4179 3036 4217 suorum
3068 4164 3405 4219 delictorum
3447 4166 3788 4219 remissione

2179 4262 2275 4298 SIC.

2250 4335 2497 4402 Domine,
2527 4339 2615 4393 cui
2656 4356 2748 4393 me
2784 4356 3007 4393 servum
3052 4357 3156 4411 per
3183 4341 3578 4413 poznitcntiam
3615 4342 3788 4409 facio,

470 4440 618 4477 esses
650 4421 989 4476 naturaliter
1009 4420 1466 4474 amaricaverunt
1509 4422 1565 4473 te
1610 4422 1812 4489 Deum,
1855 4440 1984 4478 cum
2019 4427 2079 4479 tu
2101 4433 2153 4491 D
2178 4443 2242 4479 ne
2270 4428 2324 4478 in
2345 4428 2534 4495 furore
2567 4435 2657 4481 tuo
2689 4446 2886 4496 arguas
2938 4446 3037 4491 me,
3079 4449 3243 4502 neque
3286 4434 3339 4484 in
3373 4435 3455 4485 ira.
3495 4440 3586 4485 tua
3622 4434 3790 4485 corri-

470 4511 770 4577 Dominus,
804 4509 909 4580 ipsi
942 4525 1074 4563 vero
1103 4508 1245 4562 servi
1268 4512 1475 4563 essent.

540 4600 709 4654 Facta
729 4598 1118 4664 concessione,
1143 4602 1269 4652 orat
1291 4614 1393 4667 per
1421 4598 1684 4654 ﬁdelibus
1706 4600 1816 4655 suis
1836 4601 2078 4657 haeredi-

465 4688 658 4742 tandis
692 4673 907 4758 I4sic,
933 4686 1037 4757 ipsi
1065 4687 1442 4757 expellantur,
1475 4691 1531 4741 et
1562 4690 1884 4744 econtrario
1902 4691 2076 4743 laeten-

467 4775 841 4830 turinfuturo
864 4790 1043 4829 omnes
1063 4776 1158 4844 qui
1172 4781 1405 4843 sperant,
1437 4793 1555 4830 non
1589 4777 1646 4831 in
1690 4794 1747 4831 se
1772 4779 1868 4832 sed
1900 4778 1959 4832 in
1991 4782 2070 4833 te.

464 4864 635 4919 Facta
660 4863 920 4918 oratione
946 4862 1210 4916 enuntiat
1229 4862 1483 4917 futurum
1507 4881 1626 4918 esse
1649 4865 1803 4936 quod
1842 4870 1988 4933 orat,
2014 4870 2074 4921 ut

463 4952 660 5007 fideles
689 4968 820 5005 suos
854 4951 1037 5023 magis
1087 4951 1157 5005 ad
1203 4954 1649 5022 exspectandum
1697 4955 1981 5024 hortetur,
2015 4960 2073 5011 et

461 5038 723 5094 inﬁdeles
752 5039 963 5093 intuitu
992 5039 1161 5108 hujus
1192 5040 1403 5093 lmtitia:
1426 5041 1499 5094 ad
1526 5043 1955 5098 conversionem
1985 5047 2071 5098 at-

460 5129 689 5182 trahat:
726 5127 854 5181 dico
908 5128 1170 5194 laetentur,
1219 5128 1373 5199 quod
1409 5144 1539 5183 vere
1577 5130 1703 5197 erit,
1742 5148 1872 5185 vere
1905 5134 2072 5185 exsul-

458 5217 650 5270 tabant
677 5218 733 5269 et
764 5232 879 5270 non
913 5216 1170 5281 horarie;
1202 5217 1299 5271 sed
1324 5219 1378 5269 in
1403 5225 1680 5282 aeternum,
1722 5221 1778 5272 et
1820 5221 2025 5275 merito
2052 5239 2065 5289 ;

457 5303 592 5374 quia
614 5307 676 5357 tu
704 5304 1014 5359 inhabitans
1044 5308 1096 5357 in
1133 5308 1224 5371 eis,
1252 5305 1307 5359 id
1350 5308 1433 5359 est
1481 5306 1708 5360 deitatis
1748 5312 1859 5361 tua),
1896 5309 2068 5362 clari-

457 5393 639 5444 tatem
670 5390 930 5445 eﬂ‘undes
961 5391 1018 5445 in
1051 5410 1168 5459 eos,
1204 5393 1346 5447 sicut
1386 5392 1516 5446 alibi
1550 5392 1756 5446 dicitur
1784 5410 1795 5446 :
1824 5394 2065 5457 Quando

457 5479 567 5532 erit
596 5480 743 5533 Deus
777 5478 975 5534 omnia
1008 5480 1066 5534 in
1099 5481 1365 5536 omnibus
1394 5479 1448 5553 (Ι
1479 5479 1603 5535 Cor.
1636 5498 1723 5548 xv,
1748 5481 1838 5553 28)
1868 5486 1924 5536 et
1948 5500 2064 5538 non

454 5582 662 5637 parum
708 5568 1091 5636 exsultabunt,
1150 5571 1247 5625 sed
1277 5570 1672 5640 gloriabuntur,
1722 5569 1777 5623 id
1827 5574 1911 5625 est
1958 5589 2063 5644 pro

456 5654 712 5709 maxima
729 5655 913 5726 gloria
934 5657 1270 5729 gaudebunt
1304 5675 1315 5715 :
1351 5662 1410 5713 et
1438 5659 1545 5713 hoc
1574 5659 1636 5713 in
1669 5665 1715 5712 te
1744 5675 1861 5714 non
1881 5677 1959 5729 se,
1986 5666 2064 5723 at,-

2167 4517 2296 4585 pias
2323 4533 2439 4580 me;
2498 4516 2656 4587 quasi
2699 4516 2851 4570 dicat
2880 4534 2891 4570 :
2925 4518 3045 4572 Non
3078 4520 3394 4574 reformido
3429 4521 3663 4591 quidem
3698 4522 3789 4575 hic

2177 4602 2642 4657 tribulationibus
2670 4604 2855 4674 argui,
2883 4608 2940 4658 et
2990 4606 3197 4677 corripi
3232 4625 3244 4661 :
3280 4625 3415 4661 nam
3468 4609 3786 4663 secundum

2179 4689 2551 4745 Salomoucm
2572 4709 2584 4745 :
2606 4716 2630 4739 ‹‹
2649 4692 2830 4754 Quem
2859 4693 3579 4768 diligitDominuscorripit
3594 4697 3783 4769 (Prov.

2178 4796 2259 4844 Ill,
2291 4779 2398 4850 12).
2432 4800 2459 4827 ››
2497 4780 2794 4850 Siquidem
2825 4804 2851 4831 ‹‹
2881 4782 3133 4852 flagellat
3160 4786 3305 4838 Deus
3338 4802 3574 4838 omnem
3605 4786 3787 4841 filium

2178 4884 2351 4938 quem
2376 4867 2577 4937 recipit
2601 4868 2765 4937 (Hel).
2788 4886 2881 4935 xu,
2907 4870 2992 4939 6);
3025 4891 3053 4921 »
3085 4875 3141 4925 et
3172 4872 3305 4926 alibi
3348 4890 3361 4927 :
3397 4893 3427 4925 ‹‹
3469 4873 3573 4937 Qui
3607 4875 3791 4944 parcit

2175 4956 2350 5026 virga}
2372 4956 2493 5009 odit
2525 4956 2704 5009 ﬁlium
2735 4959 2924 5021 (Prov.
2951 4976 3066 5025 xm,
3102 4963 3185 5020 24)
3217 4978 3228 5013 :
3268 4982 3293 5008 υ
3323 4961 3421 5015 sed
3448 4962 3555 5015 hoc
3588 4979 3692 5016 oro
3727 4967 3790 5017 ut

2174 5061 2279 5097 non
2313 5061 2529 5112 arguas,
2564 5044 2622 5098 id
2654 5049 2736 5097 est
2768 5046 3073 5100 convincas
3104 5051 3161 5101 ct
3191 5048 3458 5102 ostendas
3498 5067 3591 5104 me
3636 5052 3789 5105 mala

2174 5131 2373 5186 fecisse
2403 5149 2507 5203 per
2548 5131 2806 5187 furorem
2842 5138 3002 5187 tuum
3043 5135 3183 5188 mihi
3224 5137 3464 5203 illatum,
3490 5138 3547 5191 id
3580 5142 3663 5192 est
3687 5155 3791 5209 per

2174 5225 2452 5275 aeternam
2487 5221 2897 5285 vindictam,et
2927 5222 3061 5294 quia
3092 5224 3258 5277 multi
3290 5227 3787 5296 nonz‘nfm‘orcsed

2174 5311 2229 5361 in
2263 5312 2365 5375 ira,
2391 5309 2546 5363 idest
2573 5308 2630 5361 in
2665 5309 2937 5363 diuturna
2962 5326 3130 5381 poma
3156 5314 3487 5383 purgatoria
3515 5332 3691 5386 usque
3725 5315 3784 5371 in

2173 5398 2326 5453 diem
2345 5397 2545 5469 judicii
2571 5397 2903 5468 punientur,
2922 5402 3058 5453 tunc
3080 5402 3316 5455 tandem
3341 5405 3779 5461 evasuri.Addit:

2169 5488 2357 5560 Neque
2379 5489 2433 5540 in
2466 5489 2547 5540 ira
2593 5494 2705 5553 tua,
2730 5485 2787 5540 id
2815 5490 2918 5553 est,
2953 5487 3009 5541 in
3039 5488 3133 5543 illa
3155 5486 3425 5546 diuturna
3462 5510 3635 5564 pcena
3663 5514 3779 5549 cor-

2172 5580 2336 5647 ripias
2368 5594 2468 5639 me,
2490 5575 2643 5630 idem
2674 5578 2759 5628 est
2792 5575 2881 5630 hic
2908 5577 3182 5648 corripias
3211 5582 3267 5632 et
3298 5580 3387 5632 hic
3415 5598 3651 5652 arguas;
3680 5585 3779 5638 sed

2170 5669 2414 5724 miserere
2442 5667 2565 5734 mei,
2600 5666 2769 5731 Deus,
2810 5664 2868 5718 id
2900 5668 2984 5718 est
3010 5683 3139 5720 cum
3174 5668 3566 5725 misericordia
3589 5672 3649 5727 in
3669 5672 3779 5727 hoc
