4014 6030
291 233 396 287 657

1321 236 1676 294 EXPOSlTlO
1715 239 1783 293 IN
1823 238 2158 296 PSALMOS.
2192 273 2259 281 ——
2289 242 2482 298 PSAL.
2517 243 2582 297 Ν

3509 250 3614 307 658

281 351 506 405 mundo
539 369 634 406 me
667 352 909 424 ﬂagellis
937 355 1280 410 transitoriis
1302 374 1477 429 argue
1497 361 1809 431 etcorripe.
1837 362 1902 414 Et
1925 367 1978 423 Α
1999 362 2283 431 laboravi;
2309 363 2441 434 quia
2466 363 2646 418 oculus
2678 380 2840 430 meus,
2858 363 2914 416 id
2933 367 3016 417 est
3031 363 3416 420 consideratio
3444 383 3612 422 men-

268 441 515 494 ’necesse
548 444 634 494 est
663 445 726 495 ut
751 443 861 496 hoc
883 460 1046 498 orem
1070 461 1084 512 ;
1113 447 1371 516 quoniam
1395 449 1640 516 inﬁrmus
1670 467 1809 516 sum,
1841 451 1899 504 id

278 531 368 580 est
397 527 620 596 debilis,
656 547 774 585 non
801 535 1006 600 potens
1037 549 1140 604 per
1161 549 1252 588 me
1265 537 1457 590 sanari
1487 539 1602 601 ;vel
1631 538 1894 606 inﬁrmus,

278 613 340 669 id
371 619 458 671 est
483 633 636 690 aeger
666 619 724 672 in
757 620 1024 690 peccatis,
1058 624 1116 675 et
1145 622 1281 692 quia
1300 624 1616 678 conturbata
1641 633 1766 678 sunt
1781 643 1895 680 ossa

277 719 419 771 mea,
449 705 507 760 id
525 709 612 760 est
630 707 764 778 quia
783 708 928 764 adeo
947 727 1074 763 sum
1094 709 1359 764 inﬁrmus
1395 713 1549 783 quod
1573 713 1748 768 etiam
1781 732 1895 770 ossa

271 811 414 860 mea,
449 793 506 849 id
535 800 620 850 est
642 796 880 851 virtutes
905 815 1031 870 qua:
1058 802 1192 852 sunt
1209 799 1488 854 fortitudo
1513 802 1897 869 animae,sicut

273 897 406 936 ossa
431 884 688 956 corporis
714 885 1017 940 fortitudo:
1202 895 1326 941 sunt
1364 890 1701 957 conturbata,
1731 892 1789 946 id
1811 895 1896 946 est

276 969 510 1042 penitus
541 972 765 1042 perdita
797 976 856 1026 et
883 974 1203 1030 annihilata
1217 981 1452 1048 propter
1471 983 1740 1048 peccata;
1761 998 1894 1034 sana

273 1076 382 1121 me,
412 1059 662 1128 Domine,
684 1062 820 1133 quia
850 1063 1035 1118 bonus
1063 1065 1321 1120 medicus
1344 1083 1404 1119 es
1438 1069 1496 1120 et
1529 1072 1772 1138 potens;
1803 1071 1894 1124 vel

275 1147 358 1202 sic
397 1149 768 1204 continuatur
801 1167 814 1204 :
846 1151 1091 1220 inﬁrmus
1118 1171 1256 1220 sum,
1283 1154 1342 1208 id
1369 1157 1454 1208 est
1485 1171 1588 1225 per
1633 1174 1726 1212 me
1773 1174 1891 1212 non

275 1238 489 1306 potens
517 1237 728 1291 sanari.
759 1239 826 1292 Et
857 1239 986 1294 ideo
1009 1257 1141 1294 sana
1173 1259 1275 1303 me,
1302 1242 1552 1310 Domine,
1572 1245 1669 1315 qui
1687 1247 1892 1315 potens

275 1338 338 1377 es
361 1341 374 1391 ;
410 1327 470 1378 et
499 1342 728 1381 necesse
751 1331 838 1382 est
859 1331 919 1381 ut
948 1329 1055 1382 hoc
1074 1346 1260 1384 orem.
1285 1329 1556 1397 Quoniam
1575 1334 1891 1388 conturbata

269 1419 401 1465 sunt
429 1429 542 1467 ossa
571 1431 706 1482 mea,
735 1414 792 1470 id
824 1419 910 1470 est
939 1416 1175 1472 virtutes
1200 1436 1214 1486 ;
1249 1419 1422 1474 debes
1440 1421 1583 1474 mihi
1605 1421 1888 1488 misereri,

269 1499 412 1570 quia
442 1501 720 1557 Dominus
742 1519 907 1559 meus
921 1521 1002 1572 es,
1022 1507 1080 1559 et
1097 1522 1204 1576 ego
1223 1506 1488 1562 infirmus
1509 1525 1658 1562 sum.
1677 1510 1743 1563 Et
1759 1509 1888 1564 ideo

264 1586 508 1644 adhuc:
560 1589 704 1654 Quia
741 1593 926 1645 anima
965 1610 1080 1646 mea
1112 1594 1326 1647 turbata
1375 1601 1449 1648 est
1497 1596 1667 1661 valde,
1717 1597 1774 1650 id
1805 1599 1889 1650 est

2000 447 2071 502 tis
2104 467 2270 518 mete,
2321 452 2564 504 turbatus
2600 458 2692 518 est,
2739 451 2796 504 id
2838 455 2922 504 est
2974 456 3374 526 compunctus,
3414 459 3472 508 et
3502 457 3613 510 hoc

1997 539 2257 608 superius
2287 540 2642 606 dixit-aliter,
2677 540 2775 596 sic.
2807 539 2884 593 Et
2916 541 3100 593 anima
3133 557 3248 594 mea
3293 543 3507 596 turbata
3536 553 3610 599 est

1996 625 2168 692 valde,
2197 626 2296 680 sed
2325 628 2397 681 ob
2443 627 2554 680 hoc
2592 627 2822 699 repetit,
2861 630 2922 680 ut
2953 627 3128 681 addat
3158 645 3336 699 quare
3369 631 3614 686 turbat-us

1996 720 2090 779 est,
2115 714 2239 768 dico
2273 715 2519 768 turbatus
2543 723 2636 782 est,
2678 732 2806 786 quae
2844 715 3096 770 turbatio
3157 717 3434 786 processit
3463 735 3496 773 a
3521 720 3612 789 fu-

1997 816 2114 854 rore
2146 804 2265 869 tuo,
2305 803 2361 856 id
2405 807 2487 856 est
2528 820 2562 858 a
2602 803 2952 874 cogitatione
3003 803 3234 870 furoris,
3280 803 3342 857 id
3380 808 3465 860 est
3494 805 3614 862 vin-

1963 953 1976 963 .
1998 887 2165 943 dictae
2195 895 2510 962 perpetuae,
2542 891 2677 962 quia
2719 891 2996 946 timebam
3039 891 3300 946 furorem
3341 891 3526 960 illum,
3553 898 3612 949 et

1995 975 2106 1030 hoc
2137 977 2265 1032 ideo
2291 978 2425 1050 quia
2456 981 2763 1044 inveteravi,
2799 979 2855 1032 id
2878 981 2964 1032 est
3007 979 3078 1032 de
3109 979 3362 1034 novitate
3401 980 3610 1036 Christi

1995 1063 2056 1117 in
2081 1081 2194 1135 qua
2221 1065 2376 1134 prius
2410 1081 2592 1132 eram,
2627 1066 2686 1119 in
2719 1069 3062 1120 vetustatem
3088 1065 3225 1120 Adae
3255 1067 3454 1136 cecidi,
3471 1068 3610 1124 exis-

1993 1153 2122 1206 tens
2155 1154 2290 1206 inter
2318 1170 2494 1207 omnes
2517 1156 2756 1208 inimicos
2785 1171 2942 1220 meos,
2972 1170 3091 1208 non
3123 1153 3275 1208 inter
3298 1155 3604 1226 quosdam,

1991 1239 2096 1294 sed
2131 1241 2284 1296 inter
2313 1257 2517 1296 omnes
2546 1242 2788 1297 visibiles
2818 1242 3030 1296 scilicet
3061 1245 3118 1296 et
3158 1242 3488 1311 invisibiles,
3521 1243 3608 1299 in-

1993 1329 2084 1381 ter
2107 1329 2245 1383 vitia
2271 1347 2400 1401 quee
2431 1347 2526 1385 me
2557 1347 2796 1402 peccare
2844 1331 3130 1397 fecerunt,
3177 1335 3235 1385 et
3273 1336 3604 1403 peccatores

1993 1415 2091 1486 qui
2118 1433 2212 1470 me
2245 1417 2416 1470 minis
2447 1419 2534 1472 vel
2565 1418 2857 1472 blanditiis
2888 1418 2972 1472 vel
3007 1419 3160 1472 malo
3208 1418 3470 1490 exemplo
3501 1435 3602 1474 suo

1992 1519 2028 1556 a
2056 1505 2145 1558 via
2161 1505 2400 1576 justitiaa
2432 1513 2862 1561 revocaverunt.
2910 1507 3173 1560 Perfecta
3215 1505 3604 1563 satisfactione

1991 1595 2050 1646 et
2088 1593 2158 1646 de
2190 1594 2527 1649 remissione
2559 1611 2808 1662 securus,
2843 1611 2909 1648 ex
2932 1594 3113 1648 nimia
3137 1595 3336 1650 laetitia
3351 1599 3606 1666 apostro-

265 1679 599 1746 conpuncta
655 1679 904 1748 peccatis
945 1680 1079 1745 suis,
1136 1683 1194 1734 et
1242 1689 1320 1748 tu,
1369 1681 1619 1750 Domine,
1666 1684 1756 1738 cui
1790 1701 1884 1739 me
1913 1688 1964 1746 B
1989 1681 2168 1751 pham
2201 1681 2274 1736 ad
2299 1683 2492 1736 hostes
2521 1682 2770 1736 visibiles
2798 1681 2954 1749 facit,
2997 1681 3192 1736 dicens
3223 1698 3296 1736 ne
3337 1683 3603 1738 laborent

265 1778 502 1817 servum
529 1764 660 1831 feci,
685 1783 950 1838 usquequo
977 1768 1206 1823 dilferes
1231 1771 1512 1824 consolari
1532 1771 1886 1826 remittendo

265 1855 510 1920 peccata
529 1853 556 1907 ?
579 1853 748 1917 Quasi
777 1855 929 1910 dicat
953 1873 965 1910 :
992 1857 1115 1912 Noli
1148 1857 1244 1912 diu
1280 1858 1531 1926 differre,
1555 1861 1655 1914 sed
1675 1863 1760 1930 (ex
1797 1861 1884 1916 ni-

260 1939 385 1994 mio
401 1940 686 1996 desiderio
705 1945 1031 2016 suspensive
1067 1945 1348 2015 dicit)noli
1377 1947 1608 2002 differre
1641 1949 1739 2003 sed
1755 1967 1880 2003 con-

259 2034 467 2081 vertere
485 2045 590 2099 per
619 2029 872 2100 gratiam
919 2031 988 2086 ad
1039 2048 1156 2099 me,
1201 2049 1544 2088 conversum
1582 2035 1654 2090 ad
1686 2039 1742 2089 te
1783 2053 1886 2107 per

260 2115 694 2185 paenitentiam,
723 2125 772 2171 et
813 2119 972 2188 eripe,
1024 2118 1082 2172 id
1132 2123 1216 2174 est
1257 2121 1310 2175 vi
1352 2123 1586 2176 extrahe
1622 2123 1881 2178 animam

260 2219 465 2258 meam
491 2221 525 2258 a
555 2205 824 2276 peccatis,
859 2210 918 2260 et
944 2209 1074 2277 post
1095 2207 1303 2261 salvum
1330 2227 1412 2262 me
1433 2211 1545 2280 fac,
1575 2211 1881 2266 restituens

257 2307 362 2346 me
381 2291 440 2344 in
461 2291 748 2362 justitiam
772 2292 828 2346 in
844 2309 958 2364 qua
977 2309 1139 2348 eram
1157 2299 1468 2367 antequam
1482 2301 1603 2352 tam
1627 2299 1880 2370 graviter

257 2395 592 2450 peccaram,
625 2381 811 2434 ethoc
839 2397 957 2435 non
981 2385 1220 2454 propter
1236 2384 1445 2439 merita
1461 2402 1610 2452 mea,
1631 2387 1729 2440 sed
1755 2404 1878 2457 pro-

247 2474 384 2537 pter
411 2467 826 2522 misericordiam
847 2475 1016 2535 tuam,
1038 2469 1173 2540 quia
1189 2472 1532 2526 naturaliter
1550 2474 1874 2529 misericors

261 2571 348 2622 es,
380 2558 438 2608 et
469 2571 574 2626 ego
607 2571 724 2610 non
755 2573 884 2610 sum
929 2557 1114 2612 adhuc
1153 2557 1211 2611 in
1253 2563 1464 2626 morte,
1503 2561 1652 2614 bene
1685 2565 1875 2632 potest

253 2642 406 2696 mihi
428 2643 1013 2714 medicinaimpendi,
1033 2645 1091 2700 id
1119 2650 1340 2700 estnon
1365 2665 1490 2702 sum
1515 2649 1577 2702 in
1601 2649 1871 2721 despera-

255 2731 427 2785 tione
458 2731 868 2804 misericordia:
903 2737 1036 2800 tuae,
1083 2737 1140 2788 et
1171 2735 1280 2790 hoc
1309 2735 1519 2805 probat
1551 2753 1584 2790 a
1616 2739 1736 2792 toto
1768 2737 1866 2792 sic.

329 2817 598 2885 Quoniam
629 2838 734 2875 non
766 2827 842 2875 est
867 2823 924 2874 in
952 2828 1138 2888 morte,
1170 2821 1231 2876 id
1260 2826 1345 2876 est
1377 2823 1438 2877 in
1469 2825 1870 2896 desperatione

257 2906 560 2975 dicendus,
600 2912 695 2982 qui
741 2925 886 2963 meor
931 2911 1020 2976 sit,
1061 2909 1122 2964 id
1153 2914 1240 2964 est
1270 2912 1368 2978 tui,
1400 2911 1460 2964 id
1503 2915 1588 2966 est
1615 2913 1712 2984 qui
1746 2930 1868 2968 me-

251 3011 392 3050 mor
423 3000 509 3052 est
538 2997 946 3052 misericordia;
977 3001 1124 3066 tuas;
1173 3002 1232 3052 et
1276 3015 1383 3069 ego
1427 3016 1659 3055 memor
1693 3018 1821 3056 sum
1851 3018 1865 3056 ε

249 3086 505 3158 ideoque
535 3103 652 3141 non
683 3103 810 3142 sum
836 3087 894 3140 in
923 3089 1136 3153 morte,
1167 3090 1225 3140 et
1253 3087 1409 3158 quod
1435 3089 1624 3142 nullus
1640 3105 1868 3145 memor

252 3173 425 3230 estin
457 3179 666 3242 morte,
713 3174 967 3230 ostendit
1005 3191 1109 3246 per
1145 3175 1472 3245 oppositam
1515 3177 1864 3232 sententiam

249 3261 332 3317 sic
359 3279 373 3316 :
403 3279 542 3316 nam
571 3263 695 3334 quis
727 3261 945 3334 positus
973 3263 1030 3314 in
1060 3262 1292 3331 inferno,
1336 3262 1394 3317 id
1443 3267 1528 3318 est
1558 3264 1617 3318 in
1662 3265 1862 3336 despe-

247 3349 500 3418 ratione,
527 3366 640 3421 qua
664 3349 926 3420 pervenit
946 3349 1018 3404 ad
1044 3349 1362 3417 infernum,
1393 3352 1728 3419 conﬁtebitur
1745 3353 1860 3420 tibi,

243 3437 308 3492 id
343 3441 430 3492 est
457 3437 714 3492 laudabit
746 3440 802 3491 te
833 3437 904 3492 de
931 3437 1327 3492 misericordia
1355 3441 1454 3492 tua
1479 3439 1506 3492 ‘l
1537 3439 1751 3493 Nullus.
1769 3439 1864 3494 Se-

245 3523 799 3596 quiturzLaboravi,
839 3527 948 3579 etc.
992 3524 1106 3580 Sed
1151 3527 1230 3579 sic
1273 3525 1644 3579 continuatur
1678 3543 1690 3580 :
1725 3527 1860 3581 Dico

227 3613 408 3684 quod
439 3612 614 3667 debes
643 3612 926 3680 misereri,
959 3613 1087 3668 ideo
1119 3612 1249 3684 quia
1283 3615 1466 3666 animo
1491 3630 1607 3666 mea
1635 3621 1710 3667 est
1735 3631 1860 3668 con-

169 3749 178 3754 .
247 3700 489 3767 turbata,
513 3700 570 3755 id
591 3705 677 3756 est
695 3704 1044 3772 compuncta
1067 3718 1080 3754 :
1101 3703 1160 3754 et
1177 3717 1296 3756 non
1319 3701 1505 3755 solum
1528 3701 1637 3755 hoc
1649 3702 1856 3769 habeo,

249 3788 354 3842 sed
382 3805 490 3860 ego
519 3789 642 3858 jam
671 3791 726 3842 in
754 3791 956 3858 gemitu
986 3789 1204 3859 positus
1232 3789 1486 3843 laboravi
1518 3788 1578 3842 in
1601 3789 1856 3859 jejuniis,

243 3875 472 3946 vigiliis,
501 3880 558 3931 et
589 3875 712 3930 aliis
741 3875 1247 3942 satisfactionibus,
1279 3878 1337 3930 et
1367 3876 1428 3929 in
1458 3875 1567 3929 hoc
1608 3877 1859 3932 ostendit

243 3979 304 4016 se
328 3963 454 4033 jam
488 3962 672 4034 magis
697 3962 940 4034 dignum
970 3963 1332 4018 exauditione
1365 3979 1377 4017 :
1403 3963 1588 4035 magis
1601 3964 1759 4018 enim
1774 3969 1858 4020 est

233 4049 367 4120 jam
399 4050 708 4116 laborasse,
736 4067 912 4122 quam
939 4049 1304 4105 solummode
1336 4051 1642 4122 gemuisse,
1677 4055 1734 4106 et
1754 4052 1851 4106 ad-

241 4139 358 4194 huc
397 4137 606 4206 lavabo,
656 4138 715 4193 id
750 4141 836 4192 est
887 4138 1144 4210 purgabo
1205 4138 1394 4192 lectum
1431 4155 1626 4206 meum,
1668 4140 1730 4194 id
1774 4143 1858 4196 est

1991 1785 2126 1823 eum
2159 1770 2406 1842 amplius
2425 1787 2715 1837 revocare,
2751 1770 2886 1842 quia
2925 1785 3045 1824 non
3081 1772 3374 1841 poterunt,
3407 1774 3465 1825 et
3493 1771 3601 1826 hoc

1987 1856 2065 1910 sic
2095 1857 2230 1911 dicit
2265 1874 2277 1910 :
2309 1859 2424 1929 Ego
2451 1857 2608 1927 prius
2637 1857 2950 1912 inveteravi
2975 1857 3129 1910 inter
3155 1873 3272 1925 vos,
3295 1861 3353 1912 et
3372 1854 3500 1912 ideo
3515 1875 3600 1912 sa-

1985 1944 2276 1999 tisfaciens
2298 1946 2455 2000 oravi
2481 1949 2663 2001 Deum
2691 1949 2754 2000 ut
2774 1963 2867 2000 me
2889 1948 3140 2012 sanaret,
3169 1948 3227 1998 et
3245 1945 3466 2000 sanavit
3491 1963 3505 2013 ;
3539 1949 3598 2001 et

1987 2031 2118 2088 ideo
2151 2050 2246 2088 vos
2277 2051 2454 2090 omnes
2485 2038 2578 2107 qui
2612 2035 2908 2106 operamini
2949 2034 3308 2105 iniquitatem,
3341 2050 3459 2088 non
3495 2033 3594 2104 qui
3651 2076 3656 2080 .

1986 2122 2206 2192 Operati
2233 2123 2365 2176 estis
2395 2127 2453 2178 et
2481 2123 2788 2196 quievistis,
2814 2121 2916 2176 sed
2943 2121 3041 2193 qui
3073 2121 3258 2175 adhuc
3279 2123 3592 2192 operamini,

1987 2212 2044 2263 et
2069 2213 2332 2282 exemplo
2365 2215 2550 2266 vestro
2600 2227 2695 2265 me
2737 2226 3006 2265 revocare
3052 2209 3245 2276 vultis,
3277 2210 3524 2264 discedite
3557 2227 3592 2265 a

1981 2314 2082 2364 me,
2107 2298 2164 2351 id
2195 2303 2280 2353 est
2301 2303 2516 2354 cessate
2541 2317 2636 2354 me
2659 2315 2928 2354 revocare
2943 2298 3306 2364 omnimodo,
3334 2298 3468 2369 quia
3487 2315 3589 2352 ne-

1981 2383 2246 2454 quibitis;
2274 2403 2410 2440 nam
2438 2386 2722 2451 Dominus,
2755 2385 2842 2440 cui
2877 2401 2972 2438 me
3013 2400 3240 2439 servum
3270 2383 3400 2450 feci,
3430 2400 3591 2437 exau-

1977 2469 2131 2537 divit,
2161 2471 2218 2526 id
2249 2475 2335 2527 est
2363 2472 2579 2528 audivit
2603 2473 3082 2544 utimpetrarem,
3107 2488 3281 2528 vocem
3295 2473 3584 2540 ﬂetusmei,

1978 2556 2037 2611 id
2067 2563 2153 2612 eSt
2185 2559 2514 2632 orationem
2547 2578 2722 2632 quam
2753 2560 3008 2614 fecicum
3039 2561 3178 2613 ﬂetu
3191 2575 3348 2626 meo,
3376 2559 3590 2614 scilicet

1973 2647 2314 2716 procedenti
2355 2631 2372 2718 I
2395 2631 2458 2718 6
2481 2665 2545 2702 ex
2565 2631 2735 2719 culpa
2763 2663 2914 2702 mea.

2045 2731 2346 2787 Exaudivit
2382 2735 2647 2788 Dominus
2675 2735 3090 2805 deprecationem
3111 2751 3303 2798 meum,
3316 2733 3581 2792 Dominus

1971 2823 2268 2874 orationem
2315 2839 2487 2876 meum
2510 2825 2752 2892 suscepit.
2795 2823 2862 2875 Et
2910 2822 3019 2875 hoc
3059 2825 3147 2876 ter
3183 2823 3411 2894 repetit,
3444 2824 3581 2895 quia

1972 2923 2092 2978 prae
2123 2908 2306 2962 nimia
2329 2910 2529 2964 laetitia
2559 2926 2676 2964 non
2704 2908 2912 2962 sufﬁcit
2945 2908 2998 2962 ei
3029 2909 3208 2962 semel
3239 2909 3450 2964 dicere.
3477 2911 3576 2966 Vel

1970 2999 2211 3064 possunt
2234 2997 2358 3050 haec
2385 2997 2495 3050 tria
2519 2997 2744 3052 diversa
2773 3012 2894 3050 esse
2923 2995 3000 3049 sic
3025 3012 3038 3049 :
3061 2995 3370 3052 Exaudivit
3388 2997 3579 3053 Domi-

1969 3098 2069 3134 nus
2096 3099 2270 3138 vocem
2307 3087 2466 3152 ﬂetus
2511 3085 2640 3152 mei,
2683 3083 2826 3138 dans
2869 3085 3240 3154 peccatorum
3287 3085 3580 3140 remissio-

1968 3187 2105 3224 nem
2133 3189 2146 3237 ;
2179 3173 2464 3226 exaudivit
2499 3172 2768 3226 Dominus
2803 3171 3227 3242 deprecationem
3272 3189 3466 3240 meam,
3515 3177 3580 3228 ut

1965 3257 2180 3314 iterum
2227 3278 2344 3314 non
2385 3260 2694 3328 caderem;
2726 3260 2996 3314 Dominus
3051 3261 3349 3314 orationem
3404 3277 3578 3318 meam

1963 3351 2212 3420 suscepit,
2237 3350 2521 3420 justitiam
2555 3367 2750 3404 meam
2777 3349 2918 3404 mihi
2947 3349 3273 3417 restituens,
3317 3351 3451 3422 quia
3469 3367 3576 3424 pro

1965 3452 2024 3490 se
2047 3438 2232 3492 oravit
2261 3441 2320 3491 et
2348 3439 2647 3492 exauditus
2676 3441 2761 3492 est
2794 3455 2806 3492 :
2841 3441 2970 3492 orat
2999 3439 3183 3492 Deum
3210 3440 3274 3492 ut
3312 3455 3409 3492 eos
3435 3455 3572 3494 con-

1961 3523 2106 3576 verti
2137 3525 2209 3578 ad
2237 3527 2565 3596 exemplum
2593 3526 2678 3580 sui
2705 3525 2896 3590 faciat,
2930 3525 3066 3596 quia
3095 3541 3200 3597 per
3221 3542 3281 3580 se
3321 3525 3575 3581 converti

1963 3616 2280 3681 nequeunt,
2313 3616 2372 3666 et
2400 3613 2510 3667 hoc
2537 3613 2613 3666 sic
2636 3612 2773 3666 dicit
2801 3629 2813 3666 :
2842 3612 2986 3676 Quia
3012 3629 3106 3666 me
3133 3612 3410 3667 exaudisti
3442 3631 3572 3668 eru-

1959 3696 2292 3753 bescentem
2324 3703 2381 3753 et
2410 3703 2867 3766 convertentem,
2899 3702 2961 3752 ut
2989 3698 3253 3752 similiter
3277 3715 3374 3754 eos
3399 3717 3569 3755 exau-

1961 3789 2101 3853 dias,
2135 3805 2168 3843 ο
2206 3789 2374 3854 Deus,
2405 3803 2507 3857 per
2539 3791 2595 3842 te
2625 3787 2952 3852 erubescant,
2986 3785 3043 3838 id
3065 3789 3149 3838 est
3177 3788 3568 3841 verecundan-

1959 3880 2053 3930 tnr
2083 3875 2154 3930 de
2185 3877 2419 3947 peccato
2449 3893 2572 3942 suo,
2611 3891 2787 3928 omnes
2827 3874 3048 3928 inimici
3088 3873 3216 3938 mei,
3259 3879 3308 3926 et
3355 3881 3570 3930 contur-

1962 3965 2150 4018 bentur
2180 3965 2526 4027 vehementer,
2585 3963 2643 4018 id
2693 3966 2778 4017 est
2808 3963 3294 4032 compungantur,
3338 3965 3396 4014 et
3437 3965 3568 4034 post

1957 4059 2334 4107 convertantur
2364 4053 2437 4108 ad
2469 4057 2524 4107 te
2556 4050 2895 4124 paenitentia
2923 4053 2982 4105 et
3010 4049 3416 4119 satisfactione,
3437 4051 3564 4106 dico

1957 4141 2282 4208 erubescant,
2317 4143 2374 4195 et
2403 4141 2480 4196 sic
2507 4141 2633 4195 dico
2666 4140 2972 4193 erubescant
2997 4137 3164 4205 valde,
3183 4153 3301 4192 non
3320 4154 3564 4209 parum;

241 4226 660 4282 conscientiam
691 4242 906 4294 meam,
935 4226 1153 4293 ﬂendo,
1187 4225 1461 4281 incedens
1481 4245 1584 4298 per
1620 4229 1858 4297 singulas
1879 4251 1930 4308 D
1957 4233 2012 4284 ct
2033 4229 2324 4296 velociter,
2353 4246 2470 4283 non
2505 4229 2688 4282 tarde.
2723 4227 2828 4292 Qui
2873 4226 3030 4280 enim
3077 4226 3343 4298 promisit
3381 4226 3566 4281 indul-

239 4321 440 4382 nocles,
471 4315 530 4370 id
569 4319 655 4369 est
674 4330 778 4385 per
803 4330 1006 4368 omnes
1019 4316 1214 4368 noctes
1237 4331 1251 4382 ;
1279 4330 1395 4368 non
1425 4331 1530 4385 per
1547 4318 1739 4386 partes
1756 4333 1857 4371 n0-

239 4403 447 4471 ctium,
495 4403 552 4457 id
597 4405 682 4456 est
720 4401 1032 4456 recordans
1062 4402 1422 4473 singularum
1473 4403 1753 4470 noctium,
1795 4404 1854 4458 id

237 4494 328 4547 est
350 4495 741 4563 peccatorum,
761 4507 887 4562 qua:
904 4490 976 4544 ad
993 4493 1224 4544 noctem
1248 4490 1484 4557 ducunt,
1508 4489 1580 4544 ad
1603 4494 1852 4544 mortem

237 4579 459 4634 scilicet
481 4583 784 4644 aeternam,
799 4581 857 4633 et
868 4594 972 4648 pro
997 4593 1346 4650 unoquoque
1365 4581 1600 4650 peccato
1627 4577 1851 4633 dellebo

237 4671 302 4722 et
327 4666 694 4733 satisfaciam,
717 4669 777 4720 et
801 4665 879 4720 sic
896 4665 1156 4737 purgabo
1179 4665 1611 4732 conscientiam,
1635 4682 1850 4734 meam,

238 4771 370 4826 qua:
401 4755 690 4826 hucusque
721 4754 875 4810 fmda
903 4753 1030 4820 fuit,
1077 4757 1134 4807 et
1167 4758 1295 4825 post
1337 4755 1542 4824 rigabo.
1577 4754 1636 4809 id
1667 4759 1752 4809 est
1781 4755 1853 4808 ir-

239 4841 434 4913 rigam
463 4842 674 4896 faciam
712 4846 770 4897 ct
808 4842 1059 4896 fertilem
1098 4842 1386 4896 bonarum
1433 4843 1850 4915 cogitationum

238 4931 360 4984 Deo
383 4947 400 4994 ;
424 4937 652 4984 stratum
665 4947 859 4997 meum,
875 4929 933 4983 id
959 4932 1043 4983 est
1055 4929 1466 4984 conscientiam
1490 4947 1703 4996 meam,
1721 4947 1847 5002 quae

236 5018 532 5088 hucusque
564 5018 727 5073 arida
743 5019 923 5072 fuitet
947 5017 1152 5072 sterilis
1173 5017 1313 5072 dum
1334 5020 1485 5073 male
1507 5019 1844 5090 cogitarem.

240 5105 466 5161 Stratus
495 5122 629 5161 vero
661 5109 720 5160 et
747 5107 926 5160 iectus
953 5105 1107 5160 idem
1153 5110 1286 5160 sunt
1333 5106 1445 5162 hic.
1487 5107 1850 5162 Conscientia

239 5211 376 5249 vero
405 5211 507 5266 per
550 5193 987 5249 similitudinem
1033 5193 1241 5248 dicitur
1281 5195 1460 5249 lectus
1516 5200 1573 5250 et
1618 5199 1846 5252 stratus.

241 5282 402 5337 Sicut
425 5280 582 5336 enim
611 5273 760 5335 lecto
789 5298 961 5336 sanus
998 5281 1326 5353 requiescit,
1369 5299 1523 5354 aeger
1562 5299 1695 5338 vero
1748 5284 1852 5338 mi-

247 5370 404 5424 nime
435 5370 725 5442 quiescere
759 5373 985 5440 potest;
1017 5369 1098 5424 ita
1128 5373 1185 5422 et
1213 5371 1563 5425 conscientia
1590 5372 1756 5428 bonis
1795 5377 1853 5427 et

225 5457 489 5542 requies,
523 5458 690 5514 malis
717 5474 852 5514 vero
879 5461 1238 5514 tormentum
1264 5461 1320 5512 et
1337 5459 1612 5528 anxietas,
1637 5462 1695 5514 et
1721 5461 1852 5516 ideo

1955 4318 2212 4389 gentiam
2235 4316 2559 4388 poenitenti,
2591 4333 2709 4371 non
2740 4314 3050 4388 spopondit
3071 4314 3224 4369 diem
3248 4315 3563 4369 crastinum

1955 4404 2334 4458 dissimulanti
2366 4405 2629 4476 (Gnaeos.
2665 4403 2852 4459 hom-il.
2893 4407 2956 4457 12
2985 4403 3048 4456 in
3079 4401 3346 4474 Evang.),
3381 4404 3438 4456 et
3464 4419 3564 4457 no-

1955 4492 2196 4546 tandum
2229 4491 2384 4562 quod
2417 4490 2546 4544 ideo
2585 4489 2901 4544 introducit
2925 4489 3212 4560 propheta
3249 4489 3341 4544 hic
3376 4490 3560 4562 pomi-

1953 4580 2174 4633 tentem
2203 4581 2491 4643 orantem,
2523 4581 2584 4630 ut
2613 4593 2718 4631 nos
2749 4577 2995 4630 instruat
3022 4575 3324 4647 poenitere,
3367 4580 3425 4631 et
3453 4593 3560 4648 pro

1953 4666 2201 4736 peccatis
2233 4669 2294 4719 ut
2323 4665 2722 4736 impetremus,
2762 4681 2950 4719 orare.

2464 4753 2530 4808 ΙΝ
2562 4753 2886 4808 PSALMUM
2923 4753 3034 4806 VII.

2028 4841 2240 4897 Titulus
2279 4841 2530 4913 septimi.
2573 4840 2642 4894 In
2684 4843 2845 4910 ﬁnem
2867 4841 3108 4912 psalmus
3152 4839 3360 4902 David,
3402 4857 3556 4911 quem

1947 4931 2189 4984 cantavit
2206 4929 2546 5000 Dominopro
2568 4930 2740 4984 verbis
2767 4927 2939 4984 Clausi
2963 4929 3075 4998 ﬁlii
3101 4928 3331 4983 Jemini.
3362 4928 3430 4981 Et
3459 4927 3556 4982 ubi

1947 5019 2226 5073 habemus
2243 5017 2336 5072 hic
2357 5019 2419 5073 in
2444 5019 2625 5087 ﬁnem,
2643 5017 2862 5072 Hebraei
2878 5015 3323 5070 habentvictori.
3339 5014 3558 5069 Titulus

1947 5105 2053 5161 iste
2083 5107 2155 5162 ab
2169 5105 2494 5161 auctoribus
2511 5106 2731 5160 diverse
2746 5104 3041 5176 accipitur,
3063 5102 3378 5158 secundum
3398 5103 3558 5158 enim

1947 5195 2332 5266 Augustinum
2393 5194 2709 5266 ﬁguraliter
2765 5192 3149 5248 introducitur
3192 5192 3432 5246 historia
3487 5191 3564 5245 de

1951 5283 2141 5350 Chusi,
2173 5283 2271 5356 qui
2301 5284 2596 5355 quondam
2627 5298 2762 5336 cum
2794 5281 3043 5336 Absalon
3074 5281 3133 5335 in
3163 5280 3572 5352 persecutione

1954 5373 2129 5427 Dav1d
2160 5390 2424 5440 manens,
2446 5373 2550 5446 ipsi
2573 5371 2754 5426 David
2769 5372 2967 5429 onmia
2987 5371 3224 5426 consilia
3243 5371 3495 5425 Absalon
3523 5361 3590 5418 ei

1957 5461 2222 5517 nocitura
2251 5461 2586 5517 mandabat.
2617 5459 2844 5521 Dicitur
2856 5463 3049 5516 autem
3079 5459 3239 5516 idem
3255 5457 3422 5514 Chusi
3445 5469 3611 5506 cnn-
