4010 6032
377 243 482 301 659

979 244 1037 301 S.
1078 242 1422 301 BRUNONIS
1464 234 2095 301 CARTHUSIANORUM
2130 234 2597 298 INSTITUTORIS
2638 239 2791 295 OPP.
2834 237 3011 295 PARS
3060 238 3084 293 Ι

3584 243 3699 299 δθο

374 365 569 420 silium
597 363 935 436 Achitophel
969 366 1123 436 quod
1139 365 1405 420 Absaloni
1429 365 1667 420 dederat
1691 363 1987 434 dissipasse
2008 368 2064 426 Α
2096 366 2185 418 ret
2204 379 2337 418 eum
2359 379 2371 416 :
2390 362 2467 417 sic
2488 361 2672 415 libera
2698 375 2812 425 me,
2832 376 2896 412 ne
2912 365 2969 412 ut
2993 358 3094 425 leo,
3120 357 3176 412 id
3209 362 3292 413 est
3321 360 3585 416 Judaicus
3598 378 3703 433 po-

380 451 468 511 (ΙΙ
488 451 621 521 Reg.
655 469 787 518 xvn,
811 451 890 524 7),
920 453 1301 524 persequendi
1329 453 1543 507 scilicet
1571 456 1794 524 patrem
1820 467 1987 505 suum

381 558 486 614 per
512 542 756 607 deserta,
791 545 848 595 et
872 542 1187 596 secundum
1218 543 1621 613 Augustinum,
1648 542 1815 596 Chusi
1833 542 1991 594 silem

384 632 524 685 tium
538 630 1074 700 interpretatur,sed
1089 632 1243 703 quod
1255 632 1375 702 subj
1387 650 1460 685 un
1468 631 1639 701 gitur,
1645 632 1729 699 ﬁli
1734 631 1987 696 Memini,

382 735 500 773 non
522 719 668 772 bene
684 706 907 773 videtur
925 719 997 773 ad
1015 720 1311 774 historiam
1326 719 1818 786 accedere,scribit
1831 720 1989 773 enim

380 806 582 861 beatus
607 806 985 877 Hieronymus
1008 808 1168 861 illum
1202 808 1368 862 Chusi
1406 808 1735 861 Arachitem
1794 807 1984 875 fuisse,

381 910 502 949 non
530 894 711 949 filium
729 894 939 949 Jemini
965 912 975 948 :
997 896 1379 966 Augustinum
1399 896 1591 949 dicens
1613 912 1728 949 non
1752 896 1897 949 bene
1930 895 1987 948 in

381 981 624 1036 historia
644 983 1217 1053 prospexisse,scrihit
1237 984 1412 1037 etiam
1432 983 1588 1037 idem
1609 983 1988 1054 Hieronymus

383 1068 442 1121 in
464 1069 571 1123 hoc
587 1069 821 1124 nomine
840 1071 993 1141 quod
1016 1071 1073 1124 in
1096 1072 1204 1125 hoc
1231 1072 1395 1126 titulo
1409 1076 1513 1138 est,
1531 1088 1704 1126 unam
1738 1072 1991 1125 litteram

385 1157 538 1228 apud
556 1158 822 1213 Hebraeos
844 1176 984 1226 esse,
1005 1177 1131 1231 quae
1150 1160 1209 1213 in
1233 1161 1468 1215 nomine
1494 1161 1642 1214 illius
1668 1160 1764 1231 qui
1796 1160 1855 1213 in
1876 1160 1989 1213 his-

382 1246 533 1300 toria
561 1246 770 1317 legitur
802 1264 919 1303 non
955 1248 1243 1314 scribitur,
1276 1250 1591 1303 secundum
1633 1248 1789 1321 quod
1824 1248 1993 1302 Chusi

382 1334 641 1405 [Ethiops
671 1335 1105 1407 interpretatur,
1140 1339 1198 1390 et
1237 1340 1323 1390 est
1353 1336 1444 1390 hic
1479 1337 1647 1391 Chusi
1691 1336 1993 1408 appellati-

383 1438 522 1476 vum
543 1439 661 1477 non
682 1424 1003 1496 proprium.
1043 1424 1199 1480 Sicut
1224 1426 1283 1478 in
1316 1425 1556 1480 historia
1576 1425 1679 1478 etsi
1711 1425 1789 1479 sic
1825 1424 1994 1478 Chusi

386 1510 717 1582 accipiatur,
740 1513 899 1567 nulla
918 1513 1152 1567 historia
1170 1513 1424 1568 fortassis
1439 1513 1839 1577 introducitur,
1864 1527 1995 1567 cum

385 1599 576 1653 nullus
597 1599 765 1654 Chusi
807 1600 955 1654 filius
1000 1601 1211 1655 Jemini
1253 1601 1309 1654 in
1342 1601 1581 1655 historia
1610 1603 1852 1672 legatur,
1888 1600 1995 1654 nisi

2090 453 2256 523 pulus
2275 450 2546 505 frendens
2577 450 2635 501 in
2667 465 2761 502 me
2786 449 2949 502 utleo
2973 464 3235 518 quaerens
3258 466 3430 520 quem
3459 450 3698 505 devoret

2094 540 2153 611 (I
2179 542 2322 596 Pctr.
2352 556 2404 605 v,
2435 540 2507 605 8),
2539 538 2771 609 quando,
2798 536 2853 590 id
2882 541 2965 590 est
2996 537 3326 607 aliquando,
3367 541 3543 609 rapiat
3578 540 3701 592 ani-

2088 647 2234 685 mam
2260 647 2427 683 meam
2456 628 2526 681 de
2558 629 2711 681 bono
2743 627 3034 697 proposito
3058 642 3158 680 suo
3190 630 3251 679 ut
3281 627 3385 681 sibi
3433 629 3702 698 incorpo-

2089 722 2179 773 ret
2213 718 2369 772 :vult
2397 716 2553 771 enim
2592 715 2664 769 ad
2696 716 2801 768 hoc
2834 729 2928 767 me
2960 730 3186 785 cogere,
3210 717 3273 768 nt
3293 732 3385 769 me
3413 715 3702 786 denegem

2088 805 2191 859 tibi
2216 804 2596 876 personaliter
2627 803 2879 869 unitum;
2913 800 3055 855 sicut
3087 802 3144 855 in
3172 802 3479 872 Evangelio
3501 820 3513 856 :
3537 826 3563 852 ‹‹
3600 802 3698 857 Se-

2090 894 2342 948 cundum
2370 893 2559 962 legem
2596 891 2766 944 debet
2792 891 2940 944 mori
2973 889 3106 961 quia
3136 888 3318 943 ﬁlium
3349 890 3448 944 Dei
3481 908 3539 945 se
3564 891 3703 944 fecit

2091 981 2275 1055 (Joan.
2306 998 2415 1046 XIX,
2449 982 2525 1050 7).
2556 999 2583 1027 η
2619 979 2776 1045 Dico,
2803 978 3009 1032 salvum
3052 994 3133 1032 me
3162 978 3255 1046 fac
3291 985 3339 1031 et
3379 978 3564 1043 libera,
3601 979 3704 1032 sed

2090 1070 2297 1124 merito
2328 1084 2459 1122 meo
2490 1085 2502 1121 :
2538 1067 2668 1120 ideo
2694 1066 2906 1120 scilicet
2927 1065 3131 1137 quiain
3152 1069 3205 1119 te
3230 1066 3472 1137 speravi,
3489 1070 3545 1120 et
3572 1066 3699 1118 dum

2090 1159 2200 1212 hoc
2222 1160 2306 1212 est
2325 1157 2479 1228 quod
2501 1172 2608 1226 ego
2631 1155 2818 1208 adhuc
2837 1170 3003 1225 spero
3023 1155 3176 1225 quod
3202 1171 3310 1207 non
3339 1161 3415 1207 est
3444 1155 3583 1207 alius
3613 1155 3709 1225 qui

2093 1262 2189 1301 me
2219 1245 2470 1311 redimat,
2499 1244 2556 1297 id
2589 1247 2675 1297 est
2703 1244 2929 1309 liberat,
2957 1259 3122 1313 neque
3153 1244 3248 1312 qui
3274 1243 3477 1295 salvum
3511 1244 3703 1313 faciat:

2099 1338 2157 1388 et
2185 1334 2285 1388 tali
2313 1332 2641 1388 conditione
2674 1348 2776 1387 oro
2806 1334 2886 1397 te,
2913 1330 3143 1384 Domine
3162 1331 3310 1386 Deus
3328 1348 3473 1385 meus
3491 1333 3574 1384 :si
3603 1331 3713 1400 feci

2098 1422 2258 1488 istud,
2280 1422 2337 1476 id
2359 1424 2445 1476 est
2458 1436 2689 1474 causam
2709 1420 2870 1474 istius
2883 1419 3318 1489 persecutionis,
3344 1422 3400 1474 et
3429 1419 3565 1491 quia
3585 1420 3706 1490 ipse

2096 1527 2230 1565 vere
2267 1510 2483 1564 fecerat
2508 1511 2620 1563 tale
2653 1507 2792 1579 quid
2818 1507 2972 1578 quod
2991 1507 3225 1578 quidem
3244 1511 3367 1562 erat
3392 1509 3561 1578 hujus
3576 1523 3708 1579 per-

2098 1599 2405 1653 secutionis
2441 1614 2611 1652 causa
2646 1596 2779 1650 licet
2826 1612 2943 1650 non
2994 1596 3225 1662 idonea,
3271 1596 3464 1650 dicens
3506 1612 3566 1650 se
3608 1594 3710 1649 Dei

386 1686 537 1741 forte
569 1703 674 1758 per
698 1689 805 1741 hoc
839 1689 1245 1760 appellativum
1288 1706 1507 1743 nomen
1547 1690 1606 1743 in
1651 1690 1819 1744 Chusi
1862 1688 1995 1743 Saul
2019 1690 2068 1749 B
2099 1686 2544 1757 filium,etquod
2567 1686 2792 1739 Iudaeos
2813 1685 2883 1738 de
2912 1686 3131 1755 templo
3151 1685 3445 1754 expulerat
3476 1682 3710 1737 dicens:

388 1775 717 1847 accipiatur,
744 1776 840 1847 qui
861 1776 1069 1846 injuste
1082 1780 1409 1847 persecutus
1431 1777 1721 1832 estDavid.
1743 1776 1849 1840 Qui
1864 1776 1996 1830 Saul

387 1878 520 1917 vere
546 1862 653 1917 fuit
679 1863 868 1929 Chusi,
898 1864 954 1917 id
977 1865 1351 1937 estzEthiops,
1375 1865 1539 1936 niger
1559 1865 1771 1919 scilicet
1790 1865 1849 1917 in
1866 1880 1994 1935 pec-

389 1950 562 2019 catis;
587 1950 729 2005 sicut
755 1952 1013 2023 z‘EthiOps
1038 1953 1097 2005 in
1125 1969 1365 2025 corpore
1386 1954 1553 2025 niger
1571 1957 1674 2009 est.
1697 1950 2009 2017 Quietiam‘

387 2037 599 2109 legitur
624 2054 743 2092 esse
772 2038 915 2107 ﬁlius
939 2039 1159 2106 Jemini,
1193 2041 1252 2095 id
1283 2045 1367 2095 est
1412 2041 1711 2112 Benjamin
1744 2040 1814 2094 de
1848 2040 1999 2095 tribu

389 2124 514 2194 ejus
544 2128 747 2179 natus:
778 2126 1080 2196 Benjamin
1113 2133 1305 2182 autem
1340 2129 1494 2199 prius
1522 2129 1703 2183 dictus
1722 2133 1806 2182 est
1836 2151 1864 2179 (ι
1897 2131 1998 2183 Be-

389 2212 531 2267 noni
562 2211 724 2282 (Gen.
759 2230 917 2279 xxxv,
957 2216 1063 2285 £8),
1102 2216 1297 2270 »idest
1328 2217 1476 2270 ﬁlius
1503 2217 1735 2284 doloris,
1758 2234 1824 2272 eo
1846 2216 2002 2288 quod

390 2299 642 2371 inpartu
672 2301 793 2371 ejus
819 2316 936 2370 pra:
970 2303 1168 2357 dolore
1200 2306 1387 2358 mater
1406 2305 1527 2374 ejus
1543 2305 1751 2359 Rachel
1770 2308 2004 2359 mortua

394 2389 481 2442 est
512 2404 525 2441 :
560 2388 801 2442 mutavit
831 2392 1025 2443 autem
1048 2393 1213 2462 pater
1241 2392 1362 2462 ejus
1376 2408 1612 2459 nomen,
1643 2409 1850 2447 vocans
1868 2408 2002 2447 eum

393 2474 699 2546 Benjamin
736 2480 974 2547 propter
1004 2478 1349 2533 affinitatem
1394 2480 1564 2547 vocis,
1598 2482 1657 2536 id
1694 2485 1779 2535 est
1817 2481 2003 2535 filium

396 2563 665 2632 dexteras,
696 2581 763 2620 eo
797 2564 952 2637 quod
977 2584 1111 2621 eum
1142 2584 1259 2640 prae
1283 2570 1501 2623 caeteris
1532 2569 1833 2641 diligebat,
1853 2573 1909 2624 et
1931 2570 2005 2624 ad

395 2651 519 2722 ejus
548 2651 843 2707 dexteram
860 2671 1234 2726 sempereum
1253 2657 1451 2711 sedere
1482 2657 1748 2712 faciebat.
1774 2657 2006 2729 Legitur

394 2754 532 2794 vero
562 2740 623 2794 in
653 2740 892 2796 historia
922 2743 1077 2813 quod
1106 2743 1414 2814 aliquando
1464 2745 1565 2798 filii
1596 2744 1899 2816 Benjamin
1926 2744 2007 2798 di-

398 2829 606 2882 cuntur
623 2828 891 2895 Jeminei,
920 2829 1229 2901 aliquando
1263 2836 1320 2885 et
1349 2832 1449 2886 filii
1472 2832 1702 2887 Jemini.
1744 2834 1852 2887 Per
1872 2832 2005 2886 Saul

2103 1778 2373 1830 «Domus
2404 1791 2536 1828 mea
2567 1775 2774 1828 domus
2823 1772 3100 1826 orationis
3146 1773 3440 1827 vocabitur
3485 1770 3708 1829 (Matth.

2095 1881 2209 1931 ιιι,
2248 1863 2357 1933 13),
2393 1883 2421 1911 ››
2457 1862 2600 1917 sicut
2643 1862 2777 1916 alibi
2823 1861 3064 1915 dicitur:
3101 1884 3125 1911 «
3160 1862 3321 1915 Zelus
3347 1861 3552 1915 domus
3594 1864 3705 1914 tua:

2100 1952 2353 2007 comedit
2382 1968 2473 2005 me
2503 1950 2672 2012 (Psal.
2707 1967 2893 2015 vam,
2933 1949 3041 2022 10),
3080 1971 3105 1997 ››
3154 1949 3333 2015 addit,
3367 1949 3493 2003 dico
3522 1950 3573 2002 si
3600 1949 3710 2018 feci

2099 2040 2266 2104 istud,
2311 2040 2367 2094 id
2410 2043 2495 2093 est
2534 2040 2584 2093 si
2622 2040 2893 2110 iniquitas
2931 2048 3005 2091 est
3044 2039 3108 2091 in
3146 2037 3417 2105 manibus,
3449 2037 3506 2091 id
3532 2040 3619 2091 est
3651 2036 3711 2088 in

2102 2128 2370 2199 operibus
2422 2127 2592 2194 meis;
2645 2127 2910 2180 manibus
2955 2126 3111 2179 enim
3155 2141 3508 2197 operamur;
3553 2124 3715 2195 quasi

2102 2216 2294 2271 dicat:
2327 2214 2381 2269 Si
2425 2215 2678 2286 aliquam
2724 2214 3087 2285 iniquitatem
3137 2213 3245 2267 feci
3293 2230 3396 2285 pro
3444 2229 3559 2284 qua
3598 2212 3707 2265 sim

2105 2304 2312 2377 dignus
2334 2303 2618 2376 persequi,
2654 2306 2711 2357 et
2734 2306 2797 2356 ut
2826 2302 2999 2356 etiam
3020 2302 3160 2356 illud
3184 2318 3540 2367 removeam,
3560 2300 3716 2373 quod

2105 2392 2339 2447 liberius
2361 2392 2515 2445 inter
2544 2391 2812 2445 homines
2842 2390 3085 2456 videtur,
3113 2389 3222 2444 hoc
3256 2390 3503 2444 scilicet:
3529 2390 3580 2443 si
3600 2389 3715 2443 red-

2105 2480 2230 2535 didi
2254 2479 2398 2533 mala
2425 2478 2843 2535 retribuentibus
2867 2479 3028 2545 mihi,
3071 2478 3130 2532 id
3161 2481 3247 2532 est
3274 2478 3483 2533 Iudicis
3512 2476 3717 2548 quibus

2107 2583 2215 2638 ego
2246 2568 2431 2620 multa
2459 2567 2615 2621 bona
2634 2581 2810 2636 opera
2832 2565 2938 2619 feci
2961 2565 3086 2637 :qui
3107 2566 3247 2619 mihi
3266 2567 3418 2619 mala
3439 2564 3718 2619 retribue-

2106 2658 2265 2721 runt,
2289 2658 2423 2708 tunc
2440 2670 2547 2725 ego
2571 2654 2779 2720 inanis,
2794 2653 2852 2707 id
2873 2657 2956 2707 est
2977 2654 3211 2708 inanem
3232 2654 3451 2708 habens
3468 2669 3650 2725 spem,
3670 2652 3717 2707 si

2105 2744 2216 2799 hoc
2239 2746 2324 2797 est
2350 2742 2558 2796 merito
2586 2758 2738 2807 meo,
2761 2758 2877 2795 non
2906 2742 3073 2812 culpa
3102 2744 3220 2809 tua,
3248 2742 3491 2796 decidam
3517 2742 3585 2794 ab
3606 2741 3720 2795 ini-

2107 2833 2269 2887 micis
2297 2833 2449 2897 meis,
2480 2830 2537 2884 id
2568 2833 2653 2884 est
2684 2846 2717 2883 a
2745 2846 2844 2900 spe
2875 2829 3246 2884 inimicorum
3271 2846 3557 2885 meorum.
3581 2828 3719 2899 Spe-

400 2915 1126 2989 quippequiDavidinique
1150 2921 2009 2991 persequebatur,Judaicuspo-
2031 2972 2074 2991 η
2110 2938 2176 2976 ro
2210 2920 2365 2974 enim
2395 2922 2526 2989 post
2554 2922 2808 2972 mortem
2840 2933 3034 2972 meam
3071 2918 3353 2990 quosdam
3394 2919 3463 2972 de
3505 2916 3717 2971 Judaeis

399 3004 494 3076 pul
504 3021 585 3069 us,
607 3004 699 3075 qui
716 3004 918 3059 Christi
939 3010 1270 3077 persecutor
1283 3008 1491 3078 injuste
1508 3009 1633 3075 fuit,
1651 3009 2004 3080 designatur.

477 3090 805 3146 Secundum
833 3093 1248 3166 Hieronymum
1273 3096 1505 3166 quidem
1528 3097 1724 3151 titulus
1739 3097 1816 3150 sic
1836 3114 2009 3177 expo-

403 3178 562 3233 nitur
596 3196 609 3233 :
643 3179 890 3235 Psalmus
919 3183 1030 3247 iste,
1054 3181 1113 3235 id
1131 3186 1215 3236 est
1247 3183 1440 3249 verba,
1465 3200 1591 3255 quae
1619 3185 1679 3238 in
1712 3186 1821 3238 hoc
1864 3189 2010 3239 trac-

406 3270 533 3321 tatu
559 3267 981 3340 intelliguntur,
1006 3270 1399 3325 attribuuntur
1428 3272 1671 3339 Christo,
1695 3273 1791 3343 qui
1814 3289 2015 3327 revera

410 3356 497 3408 est
526 3355 723 3422 David,
743 3361 1107 3425 perseveranti
1133 3361 1189 3411 in
1216 3360 1396 3427 ﬁnem,
1425 3360 1483 3414 id
1516 3364 1599 3414 est
1631 3361 1687 3414 in
1714 3361 2013 3415 victoriam

412 3459 488 3497 ne
514 3442 678 3496 cedat
726 3445 1186 3512 persecutoribus
1230 3447 1440 3501 timore
1496 3449 1698 3502 mortis
1732 3465 1743 3503 :
1778 3449 2018 3503 victoria

414 3530 571 3585 enim
601 3530 732 3585 ﬁnis
763 3535 848 3586 est
902 3533 1057 3588 belli.
1115 3533 1282 3600 Quem
1329 3535 1623 3603 Psalmum,
1656 3537 1715 3592 id
1762 3540 1848 3591 est
1891 3554 2018 3609 qua:

413 3618 588 3674 verba
614 3620 783 3691 hujus
812 3621 1017 3692 psalmi
1052 3624 1301 3677 cantavit
1326 3624 1606 3680 Dominus
1625 3625 1789 3680 Patri
1818 3625 1876 3680 in
1899 3644 2022 3699 pas-

416 3706 598 3776 sione,
632 3708 691 3763 id
717 3712 804 3764 est
832 3726 963 3764 cum
1016 3712 1270 3767 maxima
1322 3713 1702 3769 delectatione
1760 3714 2017 3786 protulit,

416 3795 560 3851 sicut
588 3800 826 3853 cantans
850 3815 981 3853 cum
1020 3798 1398 3856 delectatione
1426 3802 1647 3873 profert
1671 3819 1869 3870 voces;
1894 3802 2020 3857 dico

418 3888 675 3954 cantavit,
709 3889 900 3943 ethoc
930 3905 1035 3959 pro
1072 3890 1258 3944 verbis
1305 3890 1472 3944 Chusi
1502 3890 1559 3945 id
1612 3895 1697 3945 est
1744 3908 1849 3962 pro
1893 3908 2026 3946 con-

418 3974 569 4029 tuitu
607 3975 917 4030 verborum
963 3975 1129 4029 Chusi
1180 3977 1280 4029 filii
1318 3977 1549 4031 Jemini.
1603 3979 1713 4031 Pro
1761 3979 2026 4049 passione

421 4064 635 4117 scilicet
667 4080 678 4117 :
709 4081 836 4134 qum
863 4064 914 4117 ei
946 4065 1188 4134 contigit
1215 4080 1318 4134 per
1364 4065 1537 4119 verba
1578 4066 1795 4120 Iudaici
1831 4066 2027 4139 populi

425 4151 518 4224 qui
553 4152 736 4206 dictus
764 4155 849 4206 est
874 4150 1064 4212 Chusi,
1094 4151 1145 4204 id
1179 4153 1553 4223 estzEthiops,
1584 4154 1750 4225 niger
1766 4155 2029 4211 videlicet

2028 2972 2076 3031 C

2113 3012 2171 3064 et
2195 3008 2462 3080 gentibus
2494 3006 2634 3060 mihi
2660 3021 2764 3076 per
2806 3006 3280 3076 praedicationem
3319 3007 3715 3076 apostolorum

2113 3094 2571 3169 incorporandos
2600 3111 2740 3160 esse,
2769 3098 2827 3148 et
2856 3094 2925 3148 de
2956 3094 3053 3148 illa
3081 3110 3180 3164 spe
3208 3094 3492 3160 decidam,
3515 3097 3572 3148 et
3599 3111 3718 3148 non

2115 3188 2301 3242 solum
2333 3185 2441 3239 hoc
2468 3184 2686 3238 malum
2709 3182 2781 3236 sit
2810 3182 2983 3249 mihi;
3030 3183 3131 3236 sed
3170 3182 3346 3237 etiam
3392 3183 3536 3237 illud
3568 3182 3727 3252 quod

2117 3277 2299 3330 multo
2326 3274 2487 3345 pejus
2515 3275 2599 3326 est
2629 3271 2947 3341 contingat,
2982 3270 3195 3325 scilicet
3220 3287 3233 3325 :
3253 3271 3729 3342 persequaturini—

2117 3365 2310 3428 micas,
2354 3361 2413 3415 id
2443 3363 2529 3414 est
2554 3359 2819 3413 Iudaicus
2849 3360 3111 3430 populus,
3162 3360 3405 3413 animam
3444 3375 3636 3424 meam,
3670 3362 3730 3412 et.

2120 3453 2201 3507 ita
2230 3450 2385 3522 quod
2416 3453 2477 3503 ut
2528 3447 2948 3517 comprehendat,
2996 3447 3055 3500 id
3097 3450 3181 3501 est
3230 3447 3561 3517 incorporet
3595 3463 3726 3501 eam

2121 3539 2248 3603 sibi,
2284 3536 2439 3608 quod
2479 3536 2770 3605 hucusque
2820 3534 3007 3587 facere
3053 3550 3169 3587 non
3217 3534 3425 3604 potuit,
3463 3540 3511 3587 et
3558 3536 3730 3589 vitam

2121 3644 2315 3693 meam,
2341 3626 2397 3679 id
2422 3628 2509 3679 est
2535 3624 2793 3677 animam
2821 3638 3037 3689 meam,
3073 3639 3200 3694 quae
3250 3624 3456 3677 coelum
3500 3624 3607 3691 est,
3643 3623 3731 3678 di-

2123 3715 2343 3787 gnitate
2373 3711 2595 3766 virtutis
2615 3712 2897 3776 conculcet,
2916 3710 2973 3764 id
2997 3713 3082 3764 est
3118 3711 3224 3765 sibi
3267 3711 3547 3781 subjiciat,
3585 3713 3643 3764 et
3674 3727 3730 3765 se

2125 3804 2462 3860 inferiorem
2494 3799 2667 3853 faciat
2697 3815 2709 3852 :
2742 3797 3027 3854 Consulcet
3053 3798 3178 3853 dico
3207 3801 3264 3852 in
3287 3805 3484 3852 terram
3519 3797 3729 3853 deduc-

2127 3898 2270 3959 tam,
2305 3890 2362 3945 id
2388 3889 2558 3943 estin
2584 3891 2837 3954 terrena,
2873 3890 2934 3941 ut
2962 3887 3327 3942 solummodo
3361 3891 3593 3942 terrena
3649 3904 3733 3942 sa-

2130 3983 2251 4055 piat
2266 3982 2322 4034 et
2344 3977 2535 4049 cupiat
2552 3976 2693 4030 sicut
2713 3992 3113 4041 menseorum,
3127 3982 3179 4031 et
3197 3976 3426 4045 gloriam
3450 3993 3641 4043 meam,
3674 3976 3733 4031 id

2131 4075 2217 4126 est
2238 4068 2483 4141 gloriam
2505 4064 2937 4119 resurrectionis
2961 4081 3105 4119 mea:
3125 4080 3299 4135 quam
3322 4068 3606 4135 exspecto,
3642 4064 3733 4118 de-

2129 4159 2289 4212 ducat
2304 4159 2359 4209 in
2363 4154 2495 4226 pulv
2506 4170 2662 4219 erem,
2678 4152 2735 4206 id
2749 4154 2954 4217 est,me
2974 4152 3069 4223 qui
3083 4152 3363 4223 gloriosus
3375 4168 3495 4206 esse
3511 4167 3735 4222 exspec-

424 4241 485 4297 in
515 4240 778 4316 peccatis,
812 4239 994 4293 dictus
1020 4241 1214 4292 tamen
1242 4239 1390 4294 filius
1416 4241 1646 4308 Jemini,
1680 4242 1737 4297 id
1768 4246 1870 4310 est,
1892 4244 2025 4299 dex-
2049 4252 2102 4311 D
2129 4252 2189 4303 to
2212 4247 2271 4300 in
2288 4242 2726 4307 resurrectione,
2753 4240 3011 4295 detineat
3037 4240 3094 4293 in
3122 4242 3331 4307 morte,
3367 4244 3424 4294 et
3462 4240 3541 4294 sic
3563 4239 3737 4295 faciat

424 4335 552 4403 trae,
584 4326 900 4384 secundum
932 4327 1211 4397 quosdam
1256 4344 1594 4398 conversos;
1635 4332 1734 4403 qui
1774 4334 2029 4388 salvandi

445 4401 632 4489 |7in
668 4415 759 4471 die
790 4414 992 4487 judicii
1041 4414 1142 4468 filii
1185 4416 1308 4484 Dei,
1350 4420 1407 4471 et
1446 4418 1520 4472 ad
1566 4401 1863 4475 dexteram
1908 4423 2030 4493 ejus

427 4507 617 4562 erunt.
652 4506 720 4559 Et
743 4509 829 4558 est
858 4520 959 4559 vox
992 4503 1048 4557 in
1081 4504 1189 4559 hoc
1208 4506 1434 4560 Psalmo
1458 4507 2027 4579 Dominicihominis,

426 4610 532 4665 pro
563 4592 842 4647 membris
873 4590 1088 4645 orantis
1133 4595 1190 4645 et
1230 4609 1333 4664 pro
1390 4597 1876 4666 persecutoribus;
1911 4616 2030 4654 non

425 4680 821 4753 imprecative,
849 4679 949 4733 sed
977 4681 1296 4735 cencessive
1327 4683 1571 4753 agentis.
1619 4685 1743 4740 Non
1774 4690 1837 4740 ut
1868 4687 1937 4741 de
1972 4705 2031 4743 se

423 4771 514 4827 vel
544 4770 615 4825 de
648 4768 924 4823 membris
942 4768 1218 4839 ambigat,
1246 4769 1345 4823 sed
1374 4774 1434 4824 ut
1454 4788 1559 4826 nos
1584 4772 1642 4825 in
1660 4774 2030 4831 tribulatione

426 4876 592 4916 orare
624 4856 885 4923 instruat,
912 4859 970 4910 et
998 4856 1105 4910 hoc
1134 4857 1211 4911 sic
1243 4857 1397 4912 dicit.

495 4946 762 5013 Domine,
790 4945 1037 4999 Verbum
1074 4945 1214 4998 mihi
1248 4948 1626 5016 personaliter
1651 4949 1896 5017 unitum,
1932 4951 2028 5021 qui

424 5053 556 5092 cum
585 5036 657 5089 sis
684 5034 805 5088 aliis
831 5034 999 5100 Deus,
1031 5036 1226 5087 tamen
1253 5035 1399 5088 Deus
1423 5052 1583 5090 meus
1610 5054 1687 5104 es,
1708 5038 1765 5091 id
1790 5039 2026 5092 estmihi

424 5124 610 5196 magis
635 5124 801 5189 Deus,
836 5125 888 5176 in
918 5129 966 5175 te
992 5112 1109 5175 non
1140 5122 1200 5175 in
1233 5122 1345 5176 alio
1365 5127 1574 5193 speravi
1602 5141 1848 5195 semper.
1876 5128 2026 5181 Prae-

422 5212 610 5268 tensio
626 5212 836 5277 meriti,
853 5214 909 5264 et
926 5211 1060 5283 quia
1072 5211 1129 5264 in
1148 5214 1202 5265 te
1215 5213 1456 5281 speravi,
1471 5213 1676 5266 salvum
1693 5232 1773 5267 me
1784 5216 1897 5283 fac,
1919 5232 2033 5269 res-

420 5301 635 5357 tituens
653 5300 1149 5354 immortalitatem
1164 5303 1219 5353 et
1232 5299 1309 5353 im
1318 5301 1869 5370 passibilitatem.Me
1882 5304 2026 5371 dico;

425 5391 759 5462 exemptum
780 5405 843 5443 ex
853 5388 1095 5442 omnibus
1097 5390 1436 5460 persequenti
1440 5389 1529 5443 bus
1542 5407 1645 5453 me,
1661 5394 1716 5444 et
1734 5391 1888 5460 prius
1911 5392 2033 5446 libe-

426 5496 489 5539 ra
510 5495 611 5553 me,
625 5478 799 5535 ethoc
817 5478 1298 5552 praeposteratum
1311 5481 1414 5549 est,
1443 5481 1505 5536 ut
1527 5478 1703 5536 addat
1722 5479 1873 5537 unde
1889 5479 2028 5539 libe-

2131 4333 2325 4391 reduci
2343 4333 2400 4387 in
2414 4332 2795 4402 pulverem,et
2809 4329 2919 4383 hoc
2932 4331 3116 4383 totum
3133 4329 3217 4382 est
3229 4344 3293 4382 ac
3304 4327 3348 4381 si
3368 4327 3585 4383 diceret
3605 4344 3617 4382 :
3636 4330 3739 4383 De-

2131 4426 2233 4481 bes
2253 4440 2346 4477 me
2364 4423 2605 4476 liberare
2634 4419 2920 4473 etsalvum
2947 4418 3157 4483 facere,
3188 4419 3322 4488 quia
3347 4416 3407 4471 in
3438 4420 3496 4471 te
3516 4417 3738 4489 speravi

2132 4527 2362 4582 semper
2391 4512 2449 4563 et
2478 4524 2596 4563 non
2623 4507 2681 4561 in
2704 4505 2836 4571 alio,
2870 4508 2927 4559 et
2956 4506 3142 4560 adhuc
3170 4521 3360 4577 spero,
3403 4522 3590 4576 neque
3631 4505 3742 4560 feci

2132 4599 2496 4671 iniquitatem
2526 4612 2630 4667 pro
2662 4612 2775 4667 qua
2800 4594 3006 4665 dignus
3035 4609 3218 4648 essem
3246 4592 3665 4663 persecutione.

2204 4688 2397 4757 Neque
2450 4684 2659 4739 reddidi
2706 4681 3114 4737 retribucntibus
3162 4683 3300 4735 mihi
3327 4680 3490 4747 mala,
3519 4686 3578 4735 et
3608 4681 3739 4737 ideo

2134 4793 2251 4831 non
2277 4790 2404 4829 sum
2437 4772 2643 4843 dignus
2677 4774 2737 4823 ut
2777 4787 2870 4824 me
2924 4772 3321 4841 persequatur,
3366 4770 3441 4824 sic
3483 4772 3545 4823 ut
3580 4786 3741 4824 com-

2132 4862 2454 4936 prehendat
2481 4863 2536 4914 et
2564 4860 2878 4924 conculcet,
2909 4862 2965 4912 et
2998 4858 3245 4928 gloriam
3264 4875 3455 4911 meam
3472 4857 3527 4912 in
3544 4859 3740 4930 pulve-

2131 4970 2258 5007 rem
2289 4951 2552 5013 deducat,
2571 4948 2696 5002 dico
2715 4948 2915 5013 libera,
2938 4948 3156 5001 salvum
3181 4947 3267 5000 fac
3291 4963 3358 5000 ex
3389 4962 3741 5018 persequen-

2132 5041 2284 5095 tibus
2312 5041 2370 5092 et
2392 5037 2525 5108 quia
2544 5053 2636 5090 me
2659 5038 3099 5108 persequuntur,
3118 5052 3151 5089 o
3169 5034 3312 5089 Deus
3333 5035 3426 5105 qui
3451 5034 3743 5104 impotens

2132 5128 2340 5182 videris
2356 5126 2436 5179 eis
2450 5126 2475 5179 ,Ι
2484 5125 2678 5191 udacis,
2693 5141 2928 5192 exsurge,
2954 5123 3010 5178 id
3029 5128 3111 5177 est
3133 5126 3338 5194 potens
3350 5138 3563 5193 appara
3581 5124 3635 5175 in
3657 5125 3741 5176 ira

2138 5225 2251 5282 tua,
2284 5215 2342 5269 id
2364 5217 2449 5267 est
2479 5214 2535 5266 in
2569 5212 2817 5266 vindicta
2847 5215 2946 5265 tua
2980 5211 3037 5265 in
3071 5227 3168 5265 eos
3207 5209 3544 5274 exercenda,
3568 5210 3627 5262 in
3652 5226 3743 5263 ex-

2136 5302 2444 5359 ceecatione
2477 5300 2662 5355 cordis
2693 5298 2923 5365 scilicet,
2953 5302 3009 5352 et
3042 5314 3155 5352 non
3184 5299 3368 5353 solum
3410 5298 3469 5351 in
3502 5298 3587 5352 ira
3619 5301 3738 5365 tua,

2135 5391 2237 5447 sed
2271 5390 2447 5445 etiam
2468 5388 2722 5455 exaltare,
2756 5386 2814 5441 id
2845 5390 2929 5441 est
2958 5390 3162 5457 potens
3197 5403 3413 5458 appare
3456 5387 3511 5440 in
3547 5385 3742 5455 ﬁnibus

2132 5481 2469 5539 inimicorum
2497 5492 2733 5534 meorum
2773 5474 3117 5533 auferendis.
3169 5474 3336 5540 Quod
3382 5477 3468 5532 est
3498 5472 3689 5532 dicere
3722 5494 3737 5537 :
