4014 6030
327 337 423 390 661

1348 338 1702 397 EXPOSITIO
1739 341 1809 398 IN
1850 339 2185 403 PSALMOS.
2219 374 2289 384 —-
2319 342 2514 401 PSAL.
2550 346 2642 402 VII

3540 355 3648 411 662

324 455 558 511 Exczeca
588 471 686 512 eos
714 456 773 511 in
792 460 1009 525 mente,
1026 461 1083 514 et
1112 459 1202 515 fac
1225 459 1305 514 eis
1325 460 1538 516 auferri
1568 461 1713 517 ﬁnes
1733 461 1934 535 patriae
1958 467 2012 526 Α
2033 480 2166 518 sum
2194 468 2279 519 est
2295 463 2485 535 (Jacob
2508 482 2545 531 ι,
2585 464 3024 538 17).»Sequitur:
3047 468 3637 536 Consummetur,etc.

323 561 550 620 eorum,
568 549 627 599 et
646 545 723 599 sic
755 550 957 618 potens
979 545 1038 601 in
1056 548 1307 602 vindicta
1336 566 1571 620 appare,
1596 554 1654 603 et
1684 552 1791 605 hoc
1814 568 1930 607 non

339 616 443 704 I8
475 638 559 688 est
590 616 949 705 imprecatio,
985 636 1084 691 sed
1115 636 1291 690 divini
1339 616 1541 707 judicii
1597 640 1677 705 (ut
1715 639 1930 709 justum

320 737 464 790 esse,
495 722 632 776 illud
661 723 824 777 nobis
874 723 1098 793 innuat)
1122 726 1433 780 concessio.
1464 727 1929 782 Postconcessio-

319 827 459 864 nem
484 811 686 865 divinae
702 812 938 883 justitiee
975 813 1033 867 in
1055 813 1485 882 inimicos,orat
1512 832 1615 885 pro
1651 815 1928 869 membris

314 898 417 952 sic:
442 901 504 953 In
520 899 786 955 inimicos
804 918 1023 970 exsurge
1036 904 1091 954 in
1111 904 1213 967 ira,
1245 907 1302 956 et
1320 920 1351 957 e
1375 904 1664 958 contrario
1683 904 1756 958 ad
1787 920 1928 973 opus

314 1004 521 1042 eorum
554 989 651 1059 qui
682 1005 798 1043 non
832 992 963 1043 sunt
993 989 1213 1044 inimici
1241 992 1340 1045 sed
1381 992 1662 1063 discipuli,
1686 1007 1926 1062 exsurge

310 1074 376 1129 in
410 1076 705 1143 auxilium,
740 1080 794 1129 in
818 1085 1105 1148 praecepto,
1134 1079 1193 1133 id
1226 1083 1310 1133 est
1336 1080 1394 1133 in
1428 1080 1759 1135 obedientia
1783 1096 1927 1150 prae-

308 1164 485 1235 cepti,
518 1165 660 1236 quod
692 1166 964 1219 mandasti
1000 1166 1081 1220 eis
1128 1184 1232 1237 per
1260 1185 1374 1234 me,
1419 1172 1482 1222 ut
1511 1185 1570 1222 se
1603 1168 1815 1223 scilicet
1844 1168 1927 1221 in-

309 1251 499 1306 vicem
512 1252 843 1325 diligant,et
866 1255 1071 1309 tollant
1083 1272 1314 1310 crucem
1337 1273 1524 1322 suam,
1541 1260 1598 1310 et
1611 1259 1926 1328 sequantur

306 1356 410 1395 me
441 1339 665 1407 (Matth.
700 1359 808 1408 xvr,
848 1342 960 1411 24).
994 1345 1071 1397 Ac
1119 1344 1165 1397 si
1200 1344 1380 1399 dicat:
1413 1346 1635 1415 Adjuva
1665 1362 1762 1400 eos
1789 1345 1922 1399 mit-

309 1429 494 1483 tendo
506 1432 706 1484 sanctu
717 1430 1057 1500 uiSpiritum
1072 1435 1135 1485 ut
1154 1432 1372 1503 possint
1389 1433 1622 1487 obedire
1638 1436 1923 1504 praecepto

310 1519 416 1571 tuo
430 1533 533 1587 per
554 1534 648 1571 me
663 1518 959 1573 mandato:
980 1522 1042 1573 ut
1068 1523 1121 1573 te
1146 1520 1386 1590 diligant
1401 1524 1459 1574 et
1476 1538 1570 1575 me
1589 1525 1921 1592 sequantur,

2033 553 2188 624 quod
2218 553 2294 608 sic
2321 556 2658 609 continuat:
2722 555 2844 610 Dixi
2870 557 3134 627 superius
3165 574 3177 611 :
3229 558 3432 614 Libera
3459 577 3554 614 me
3588 564 3645 615 et

2032 642 2249 696 salvum
2279 644 2387 706 fac,
2433 646 2490 696 et
2518 646 2716 713 postea
2770 644 3108 715 interposui,
3140 646 3243 700 sed
3276 663 3393 701 non
3426 647 3506 701 sic
3539 664 3641 704 oro

2029 730 2231 784 salvari
2250 734 2305 784 et
2340 730 2573 785 liberari
2606 736 2667 786 ut
2707 733 2854 787 mori
2872 733 3120 803 fugiam,
3150 734 3252 789 sed
3273 738 3335 789 ut
3365 750 3637 791 consum-

2031 819 2303 885 metur,id
2341 822 2424 872 est
2444 820 2774 891 perﬁciatur
2795 821 2851 873 in
2881 838 2974 875 me
3004 823 3251 893 nequitia
3272 831 3637 893 peccatorum,

2028 904 2218 959 dando
2250 924 2343 960 me
2365 907 2422 959 in
2450 912 2720 962 mortem.
2750 907 2920 963 Etsic
2940 909 3147 980 diriges
3156 910 3387 980 justum,
3410 926 3506 965 me
3536 911 3640 965 sci-

2025 992 2179 1061 licet,
2220 995 2277 1048 id
2339 998 2424 1048 est
2455 996 3061 1052 directum.ostendes
3114 1000 3359 1068 gloriose
3403 998 3640 1054 resusci-

2026 1081 2202 1136 tando
2218 1086 2275 1136 et
2296 1099 2465 1153 super
2482 1085 2652 1138 caelos
2671 1086 2999 1153 exaltando,
3014 1086 3438 1158 mumdumque
3452 1086 3643 1157 subju-

2023 1170 2240 1240 gando,
2267 1172 2361 1241 qui
2385 1172 2558 1226 modo
2580 1172 2738 1227 dicor
2757 1172 2999 1244 injustus
3020 1178 3078 1228 et
3097 1173 3240 1245 legis
3255 1174 3550 1229 distortor.
3570 1175 3641 1228 Et

2022 1274 2154 1312 vere
2183 1259 2408 1329 diriges.
2454 1260 2597 1315 Nam
2629 1264 2691 1315 tu
2754 1279 2814 1316 es
2842 1269 3108 1325 scrutans,
3170 1263 3232 1317 id
3291 1265 3378 1317 est
3428 1261 3634 1317 sciens.

2024 1347 2218 1411 corda,
2244 1347 2303 1401 id
2327 1351 2411 1401 est
2448 1349 2853 1419 cogitationes,
2884 1358 2934 1404 et
2982 1368 3150 1416 renes,
3175 1350 3233 1404 id
3251 1354 3336 1404 est
3354 1349 3638 1422 operatio-

2026 1451 2128 1486 nes
2155 1436 2241 1488 vel
2272 1435 2702 1503 delectationes,
2722 1442 2778 1491 et
2804 1455 2937 1492 cum
2951 1456 3155 1493 omnes
3182 1438 3562 1509 cogitationes
3578 1440 3637 1492 et

2024 1522 2391 1592 operationes
2423 1525 2506 1577 vel
2569 1524 2978 1580 delectationes
3033 1526 3193 1593 scias,
3240 1529 3296 1580 et
3342 1541 3500 1580 meas
3527 1525 3637 1580 scis

311 1608 376 1658 et
411 1605 535 1659 aliis
558 1607 731 1660 verba
761 1607 890 1661 vita}
911 1607 1250 1677 praedicent,
1286 1612 1343 1663 et
1372 1610 1595 1663 caeteris
1626 1609 1922 1676 obediant,
1954 1598 1971 1605 Χ
2018 1608 2201 1679 justas
2226 1626 2381 1677 e=se;
2418 1614 2475 1665 et
2496 1611 2625 1681 ideo
2658 1613 2878 1685 dirigis,
2909 1617 2966 1667 et
3004 1631 3133 1668 vere
3163 1613 3428 1668 scrutatis
3458 1613 3635 1668 corda

308 1710 445 1765 quin
472 1695 551 1748 eis
585 1696 849 1768 prarcepi,
872 1699 931 1749 et
958 1697 1004 1751 si
1025 1698 1406 1752 exsurrexeris
1437 1714 1541 1769 per
1571 1698 1927 1770 praedicatio-

2025 1702 2082 1751 et
2106 1714 2292 1752 renes.
2329 1700 2475 1754 Deus
2526 1700 2683 1755 enim
2714 1718 2791 1756 es.
2822 1703 2944 1755 Non
3002 1702 3129 1757 ideo
3162 1703 3325 1773 ponit
3369 1708 3633 1770 scrutam,

308 1799 449 1837 nem
482 1800 704 1837 eorum.
727 1787 1043 1853 Synagoga,
1078 1784 1136 1838 id
1162 1789 1247 1839 est
1276 1786 1672 1857 congregatio,
1695 1787 1922 1856 populo-
1945 1787 1995 1845 B
2025 1787 2180 1857 quod
2208 1788 2426 1859 aliquid
2457 1789 2613 1844 enim
2649 1795 2915 1859 oporteat
2945 1791 3208 1858 scrutari,
3241 1791 3442 1845 omnia
3475 1790 3633 1844 enim

302 1888 434 1924 rum
453 1871 801 1925 circumdabit
840 1879 908 1933 te,
938 1872 995 1925 id
1027 1876 1111 1926 est
1138 1874 1246 1927 erit
1268 1874 1327 1927 in
1371 1874 1763 1928 familiaritate
1790 1874 1923 1929 fidei

303 1961 448 2024 tuae,
483 1964 540 2013 et
570 1960 718 2015 bene
748 1959 886 2014 dicit
905 1961 1250 2031 populorum,
1279 1962 1455 2016 etiam
1487 1962 1531 2015 si
1560 1962 1633 2016 ad
1664 1964 1813 2016 solos
1827 1964 1921 2017 Ju-

305 2047 467 2102 dieos
497 2048 818 2103 referatur:
869 2050 1034 2103 multi
1060 2051 1217 2106 enim
1269 2052 1490 2122 populi,
1522 2051 1580 2105 id
1610 2055 1696 2106 est
1728 2053 1922 2105 multae

304 2137 494 2191 turbas
523 2138 836 2193 Judeorum
862 2156 1147 2194 conversae
1171 2143 1303 2193 sunt
1329 2157 1343 2206 ;
1378 2140 1455 2193 sic
1470 2144 1532 2194 ut
1565 2158 1678 2195 una
1694 2140 1784 2194 die
1816 2140 1925 2195 tria

308 2225 533 2279 millia:
566 2226 677 2281 alia
703 2243 838 2282 vero
861 2227 1116 2299 quinque
1146 2228 1622 2300 milliagleguntur
1652 2245 1925 2284 conversa

301 2312 483 2367 fuisse
513 2313 664 2386 (Act.
698 2331 759 2379 ιι,
783 2315 861 2386 li).
888 2315 1176 2386 Sequitur.

379 2400 459 2455 Et
478 2409 699 2472 propter
725 2403 863 2458 hanc
884 2407 937 2457 in
964 2404 1154 2471 altum,
1171 2408 1305 2471 etc.,
1325 2406 1481 2477 quod
1505 2405 1583 2459 sic
1600 2405 1917 2460 continuat:

315 2491 432 2546 dixi
461 2492 617 2563 quod
644 2493 935 2563 Synagoga
968 2494 1319 2549 circumdabit
1348 2503 1416 2559 te,
1449 2502 1498 2549 et
1533 2502 1754 2566 propter
1783 2496 1921 2551 hanc

315 2577 690 2651 Synagogam
713 2598 831 2637 non
853 2584 1038 2637 solum
1053 2587 1293 2654 propter
1327 2584 1632 2655 discipulos
1653 2585 1921 2652 regredere

307 2669 367 2721 in
386 2666 579 2733 altum,
602 2685 635 2722 o
647 2669 896 2724 Verbum
909 2671 985 2735 ,id
998 2674 1084 2726 est
1103 2671 1161 2725 in
1180 2671 1516 2727 altissimam
1530 2672 1919 2742 mqualitatem

307 2756 515 2810 Patris.
544 2757 669 2811 Non
695 2759 848 2828 quod
877 2758 953 2812 ibi
996 2775 1225 2831 semper
1265 2777 1380 2815 non
1407 2760 1600 2825 fuerit,
1632 2760 1731 2814 sed
1764 2760 1919 2815 idem

310 2847 397 2899 est
423 2861 486 2899 ae
513 2846 555 2899 si
604 2846 848 2901 diceret:
875 2848 955 2900 Tu
987 2848 1082 2918 qui
1124 2851 1256 2903 ante
1279 2850 1485 2903 saecula
1514 2849 1665 2902 Patri
1685 2850 1919 2918 aequalis

308 2933 573 2988 exstitisti
594 2938 654 2989 et
670 2935 997 3001 exstas,illis
1024 2936 1184 3007 (quia
1217 2954 1309 2991 me
1340 2937 1601 2991 tribulari
1636 2937 1915 3007 permitis:

2023 1875 2147 1939 scit,
2180 1877 2279 1929 sed
2313 1876 2445 1947 quia
2475 1879 2851 1932 scrutantium
2884 1883 2969 1933 est
3006 1879 3173 1945 scire,
3218 1879 3455 1950 ponitur
3480 1896 3630 1933 scru-

2026 1968 2143 2015 tans
2173 1980 2277 2034 pro
2300 1968 2485 2020 sciens.
2523 1967 2708 2021 Renes
2735 1966 2895 2037 ponit
2928 1983 3030 2038 pro
3091 1966 3522 2038 operationibus
3542 1968 3631 2021 vel

2024 2050 2499 2107 delectationibus
2523 2072 2534 2108 :
2560 2055 2693 2125 quia
2712 2056 2943 2109 renibus
2956 2054 3395 2124 generationem
3424 2070 3628 2125 opera-

2024 2155 2176 2207 mur,
2211 2148 2268 2193 et
2296 2141 2371 2195 ibi
2404 2142 2780 2196 delectamur.

2096 2226 2522 2300 Quiasaperius
2551 2230 2771 2284 dixerat
2802 2247 2815 2284 :
2849 2230 3045 2283 Judica
3071 2247 3154 2283 me
3168 2230 3457 2284 secundum
3458 2229 3624 2299 justi-

2027 2317 2161 2369 tium
2184 2301 2200 2385 Ι
2222 2299 2559 2385 Qnieamme
2579 2321 2878 2389 putaretur
2889 2321 3233 2388 arroganter
3245 2334 3366 2371 esse
3384 2316 3624 2385 dictum,

2022 2404 2275 2458 ostendit
2299 2405 2585 2474 justitiam
2613 2423 2774 2459 suam
2806 2406 2955 2459 bene
2982 2406 3388 2475 promeruisse,
3412 2407 3476 2459 ut
3490 2421 3626 2460 eum

2020 2491 2272 2561 adjuvet,
2300 2495 2356 2546 et
2384 2493 2490 2547 hoc
2506 2493 2680 2548 dicit:
2712 2495 2864 2547 Bene
2896 2494 3045 2559 dico,
3080 2510 3112 2548 ο
3160 2493 3450 2549 auditores
3477 2510 3492 2560 ;
3518 2492 3626 2545 Ju-

2019 2579 2139 2633 dica
2167 2597 2249 2633 me
2273 2581 2561 2633 secundum
2598 2582 2878 2651 justitiam
2902 2599 3095 2648 meam,
3127 2598 3263 2635 nam
3294 2581 3628 2651 adjutorium

2018 2655 2195 2722 meum
2226 2676 2301 2722 est
2318 2669 2531 2739 justum
2561 2688 2591 2721 a
2622 2669 2875 2735 Domino,
2906 2670 2964 2725 id
2997 2674 3083 2724 est
3088 2669 3110 2738 j
3123 2671 3312 2723 ustum
3335 2670 3420 2722 est
3451 2671 3512 2722 ut
3531 2684 3628 2724 me

2020 2755 2276 2826 adjuvet,
2342 2758 2438 2828 qui
2492 2756 2770 2810 Dominus
2823 2757 2993 2810 salvos
3047 2758 3186 2826 facit
3263 2764 3425 2811 rectos
3448 2756 3622 2811 corde.

2022 2842 2280 2897 Ostensio
2315 2862 2349 2897 a
2402 2843 2636 2898 minori.
2690 2843 2857 2907 Quasi
2899 2843 3098 2897 dicat:
3144 2843 3625 2915 Quandoquidem

2020 2947 2226 2985 omnes
2240 2935 2425 2985 rectos
2440 2933 2612 2986 corde
2626 2933 2809 2986 salvos
2827 2932 2981 2998 facit,
3012 2932 3109 3002 qui
3141 2930 3501 3002 indigniores
3529 2947 3625 2987 me

307 3022 445 3094 quia
474 3022 773 3094 inaequalis
800 3023 1055 3095 videris,)
1088 3025 1327 3079 ostende
1358 3028 1415 3080 te
1455 3041 1574 3079 esse
1610 3027 1916 3096 aqualem,
1946 3069 1992 3127 Ο
2018 3022 2172 3085 sunt,
2209 3021 2390 3073 multo
2423 3019 2606 3089 magis
2628 3020 2850 3089 jUStum
2905 3022 2990 3072 est
3021 3022 3082 3072 ut
3110 3035 3206 3072 me
3232 3019 3485 3090 adjuvet,
3515 3020 3628 3073 sal-

434 3111 444 3122 ι
608 3113 621 3127 1
911 3113 926 3127 Ἰ
1065 3114 1085 3127 n
1155 3113 1165 3123 ο
1268 3114 1282 3127 1
1442 3117 1451 3127 ι
1529 3114 1539 3124 ι
1597 3113 1627 3127 n
2018 3123 2148 3127 _____-
2184 3107 2229 3127 Ρ»
2251 3106 2439 3127 ,2--3Α
2529 3106 2797 3127 D-____:l.__
2844 3106 2974 3127 nn---
3039 3106 3195 3127 3,..1---
3279 3110 3358 3127 ΔιΔ
3415 3106 3485 3127 ΠΛ
3518 3123 3615 3127 η---

305 3128 406 3165 me
431 3111 490 3165 in
524 3113 692 3167 czelos
723 3113 1030 3168 ascendere
1059 3113 1326 3169 faciendo
1350 3131 1364 3181 ;
1401 3117 1462 3168 ut
1491 3114 1571 3168 eis
1596 3113 1917 3185 Synagogae

304 3198 520 3253 scilicet
542 3202 601 3255 et
621 3200 929 3271 discipulis,
970 3202 1333 3256 Paracletum
1366 3201 1580 3266 mittas,
1614 3205 1671 3256 et
1702 3201 1782 3256 sic
1813 3218 1917 3272 per

306 3288 705 3343 ascensionem
732 3305 926 3343 meam
958 3292 1247 3345 revertere
1272 3290 1329 3343 in
1355 3291 1537 3344 altum
1550 3290 1748 3360 gloria:
1780 3293 1913 3357 tum,

302 3375 365 3429 id
395 3378 481 3429 est
504 3376 600 3447 qui
660 3376 909 3431 creditus
958 3394 1018 3431 es
1045 3394 1080 3431 a
1110 3378 1408 3449 prophetis
1450 3377 1760 3448 multisque
1791 3378 1915 3433 aliis

301 3462 569 3518 fidelibus
597 3465 851 3535 mqualis,
894 3470 953 3521 et
983 3466 1159 3520 modo
1217 3481 1334 3520 non
1362 3466 1613 3520 crederis
1654 3467 1911 3537 aequalis,

301 3552 610 3605 reostende
633 3555 688 3606 te
700 3554 981 3624 aequalem
997 3570 1138 3618 esse,
1161 3557 1218 3607 et
1233 3553 1311 3607 sic
1331 3556 1616 3608 revertere
1634 3553 1691 3608 in
1707 3556 1883 3608 altum
1895 3596 1910 3621 ,

305 3641 372 3692 ut
398 3640 761 3695 Paracletum
796 3641 878 3695 eis
903 3631 1118 3694 mittas.
1155 3640 1319 3705 Quod
1379 3644 1572 3694 autem
1607 3641 1865 3711 sequitur
1896 3658 1907 3694 :

300 3727 569 3781 Dominus
586 3728 801 3797 judicat
822 3729 1065 3798 populos,
1081 3728 1374 3783 conversio
1405 3732 1489 3782 est
1509 3729 1581 3782 ad
1602 3729 1911 3795 auditores,

305 3819 374 3869 ut
397 3816 662 3870 ostendat
692 3816 852 3886 quasi
888 3834 921 3870 a
954 3819 1073 3870 toto
1090 3834 1149 3870 se
1181 3817 1546 3871 liberandum
1583 3833 1702 3870 esse
1730 3821 1787 3871 et
1811 3817 1916 3870 sa]-

302 3903 578 3970 vandum,
610 3906 667 3957 et
692 3904 769 3957 sic
792 3904 1123 3959 continuat:
1158 3905 1270 3959 Oro
1319 3904 1551 3959 liberari
1581 3909 1639 3959 et
1664 3905 1867 3960 salvari
1895 3921 1910 3972 ;

302 3991 462 4063 quod
493 4006 622 4044 vere
644 3991 772 4045 erit.
802 3992 947 4045 Nam
972 3992 1262 4057 Dominus,
1291 3992 1557 4058 Verbum,
1583 3992 1787 4061 judicat
1810 4009 1912 4062 po-

289 4078 455 4151 pulos
479 4094 685 4133 omnes
716 4079 860 4133 sicut
871 4080 1172 4149 judicandi
1200 4082 1367 4134 sunt:
1388 4080 1447 4134 in
1472 4080 1742 4151 mquitate
1772 4081 1914 4135 scili-

301 4167 413 4237 cej,
446 4169 505 4221 et
535 4183 628 4221 me
684 4166 745 4221 in
784 4168 1055 4238 aequitate
1080 4167 1364 4238 judicabit
1396 4168 1693 4223 liberando
1728 4173 1784 4223 et
1810 4170 1914 4224 sal-

298 4255 516 4321 vando,
547 4254 864 4310 secundum
893 4254 1049 4326 quod
1106 4256 1239 4309 alibi
1272 4255 1477 4310 dicitur
1500 4274 1512 4310 :
1535 4280 1562 4305 ‹‹
1597 4257 1721 4310 Non
1755 4257 1912 4312 enim

2018 3123 2154 3161 vum
2180 3106 2466 3161 faciendo.
2529 3106 2799 3177 Sequitur
2830 3106 2975 3160 Deus
3021 3106 3215 3176 judex,
3272 3110 3382 3160 etc.
3415 3106 3489 3161 Et
3514 3123 3623 3175 non

2015 3195 2468 3262 conversi,etc.Et
2492 3196 2578 3247 est
2604 3194 2886 3248 secundus
2910 3211 3103 3248 versus
3134 3194 3290 3265 prius
3319 3194 3621 3266 legendus,

2017 3282 2112 3354 qui
2141 3282 2219 3336 sic
2245 3282 2632 3336 continuatur.
2679 3283 2823 3346 Quia
2852 3282 3075 3337 dixerat
3104 3300 3116 3337 :
3176 3280 3626 3339 Consummetur

2016 3371 2293 3441 nequitia,
2326 3371 2464 3425 facit
2494 3372 2909 3442 apostropham
2936 3371 3011 3425 ad
3066 3371 3218 3443 ipsos
3270 3375 3622 3441 peccatores,

2014 3458 2253 3512 hortans
2284 3462 2346 3511 ut
2374 3458 2778 3529 paenitentiam
2810 3462 2987 3530 agant
3008 3459 3077 3513 de
3110 3459 3369 3531 nequitia
3398 3458 3515 3526 illa,
3548 3475 3623 3515 ne

2014 3546 2163 3599 Deus
2195 3546 2374 3600 vibret
2408 3545 2466 3599 in
2496 3564 2594 3601 eos
2622 3548 2901 3617 gladium.
2935 3548 3090 3602 Hanc
3110 3564 3243 3602 vero
3271 3546 3623 3602 exhortatio-

2014 3649 2150 3686 nem
2180 3633 2316 3686 facit
2338 3650 2442 3704 pro
2476 3634 2823 3705 quibusdam
2870 3634 3189 3689 salvandis:
3222 3639 3280 3689 et
3312 3638 3373 3689 ut
3403 3651 3508 3688 nos
3535 3633 3623 3693 in-

2013 3723 2196 3774 struat
2222 3737 2388 3775 orare
2417 3737 2519 3791 pro
2546 3722 2815 3787 inimicis,
2848 3722 2994 3776 sicut
3024 3722 3178 3776 idem
3225 3721 3286 3775 in
3314 3721 3623 3792 Evangelio

2014 3808 2179 3862 dicit:
2212 3831 2239 3857 ‹‹
2260 3808 2430 3863 Orate
2455 3826 2558 3880 pro
2588 3810 3022 3879 perseqentibus
3052 3812 3110 3863 et
3140 3809 3627 3863 calumniantibus

2012 3913 2133 3963 vos,
2173 3899 2234 3949 ut
2268 3896 2386 3949 sitis
2425 3896 2523 3949 filii
2583 3897 2768 3950 Patris
2819 3896 2987 3951 vestri
3056 3896 3153 3968 qui
3206 3896 3265 3949 in
3320 3896 3473 3950 caelis
3534 3900 3624 3953 est

2014 3982 2239 4057 (Matth.
2270 4002 2321 4050 v,
2352 3984 2466 4056 44).
2496 4006 2521 4031 ››
2551 3985 2618 4037 Et
2647 3985 2724 4038 sic
2779 3985 3079 4039 continuat
3113 4001 3125 4038 :
3160 3984 3275 4038 dixi
3304 3999 3317 4037 :
3365 3982 3623 4039 Consum-

2013 4080 2187 4127 metur
2199 4073 2533 4144 nequitia,et
2547 4090 2677 4127 vere
2692 4089 2928 4128 consum
2939 4072 3209 4127 mabitur.
3219 4073 3285 4125 Et
3300 4089 3372 4128 ne
3385 4076 3622 4144 propter

2014 4160 2507 4232 nequitiamillam
2527 4159 3209 4232 pereatis,convertimini
3234 4159 3569 4230 paenitendo
3600 4178 3615 4230 ;

2015 4267 2154 4305 nam
2184 4250 2296 4304 nisi
2349 4251 2589 4303 conversi
2634 4250 2879 4319 fueritis,
2933 4248 3180 4317 gladium
3228 4266 3406 4315 suum,
3448 4248 3509 4303 id
3535 4253 3620 4304 est

300 4345 477 4398 Pater
498 4343 723 4413 judicat
755 4360 1132 4415 quemquam,
1156 4344 1256 4398 sed
1273 4360 1448 4398 omne
1455 4344 1737 4414 judicium
1757 4345 1914 4399 dedit
1941 4365 1993 4422 D
2014 4338 2324 4392 vindictam
2352 4355 2535 4404 suam,
2564 4339 2819 4405 vibravit,
2850 4338 2907 4391 id
2936 4341 3021 4391 est
3047 4338 3272 4409 parabit
3297 4354 3468 4408 super
3498 4354 3618 4407 vos,

299 4431 446 4487 Filio
477 4430 661 4501 (Joan.
692 4448 744 4497 v,
778 4430 926 4502 22).»
944 4432 1085 4486 Cum
1104 4449 1238 4488 vero
1256 4432 1411 4498 dicit,
1430 4432 1625 4502 judico
1644 4449 1742 4499 me,
1778 4437 1910 4500 etc.,

302 4519 717 4590 apostropham
738 4519 874 4573 facit
902 4519 977 4573 ad
1000 4519 1245 4574 Verbum
1274 4519 1377 4574 sibi
1402 4519 1778 4590 personalifer
1793 4522 1915 4576 uni-

302 4612 468 4662 tum:
502 4608 580 4662 sic
610 4608 1086 4679 quandoquidam
1100 4609 1343 4680 papulos
1375 4624 1578 4662 omnes
1604 4608 1914 4679 judicas,ut

291 4696 595 4768 judicandi
623 4699 774 4763 sunt,
833 4699 892 4751 et
921 4713 1014 4751 me
1046 4696 1264 4767 judica,
1300 4697 1566 4763 Domine,
1596 4699 1911 4754 secundum

300 4784 462 4857 quod
487 4784 822 4840 innocentia
875 4801 1005 4840 mea
1064 4785 1388 4857 promeruit
1417 4788 1474 4838 et
1497 4786 1720 4856 justitia
1760 4804 1911 4855 mea,

300 4874 522 4929 faciens
554 4875 764 4929 scilicet
789 4876 1177 4945 resurgere,et
1198 4874 1256 4928 in
1286 4875 1493 4929 coelum
1509 4875 1840 4943 ascendere,
1857 4880 1914 4931 et

297 4963 589 5019 mundum
622 4966 751 5033 post
794 4980 888 5017 me
940 4963 1099 5018 abire
1137 4980 1149 5017 :
1185 4967 1244 5017 et
1274 4963 1383 5018 hoc
1412 4963 1491 5017 sic
1519 4964 1679 5018 estin
1712 4964 1858 5019 libro
1895 4983 1907 5019 :

295 5051 507 5106 Judica
538 5069 637 5119 me,
653 5052 905 5119 Domine,
920 5048 1209 5105 secundum
1219 5052 1506 5121 justitiam
1530 5070 1721 5120 meam,
1754 5061 1802 5106 et
1835 5057 1913 5108 in-

294 5142 607 5194 nocentiam
638 5158 830 5203 meam,
880 5142 947 5195 Et
975 5142 1123 5195 bene
1183 5141 1320 5197 dicit
1348 5159 1540 5208 meam,
1592 5142 1914 5213 specialiter

298 5229 463 5285 enim
493 5233 619 5285 erat
644 5230 836 5300 ipsius,
869 5246 1000 5284 cum
1027 5231 1214 5285 nullus
1242 5247 1277 5285 a
1306 5232 1421 5286 Deo
1447 5231 1633 5302 justus
1654 5236 1713 5285 et
1742 5232 1912 5286 inno-

296 5335 461 5385 cens,
496 5320 552 5372 et
578 5319 837 5390 quamvis
891 5319 1080 5373 dicam
1105 5318 1387 5389 justitiam
1437 5323 1495 5374 et
1517 5320 1914 5375 innocentiam

302 5421 524 5472 meam,
552 5410 746 5461 tamen
778 5424 933 5477 super
972 5425 1073 5473 me,
1101 5407 1160 5460 id
1191 5411 1275 5461 est
1323 5408 1393 5462 de
1433 5408 1712 5480 superiori
1765 5409 1913 5463 datae

300 5497 458 5563 sunt,
485 5495 542 5550 id
561 5496 645 5549 est
667 5494 737 5549 de
760 5495 860 5550 Dei
886 5495 1261 5567 dispositione
1275 5496 1458 5567 juxta;
1479 5497 1618 5551 illud
1642 5517 1653 5550 :
1686 5519 1713 5545 «
1732 5497 1915 5553 Omne

308 5585 514 5643 datum
537 5584 846 5659 optimum,
865 5588 922 5640 et
936 5601 1110 5642 omne
1131 5585 1351 5641 donum
1380 5585 1700 5655 perfectum
1725 5586 1920 5643 desur—

2015 4429 2072 4480 et
2105 4426 2333 4480 merito.
2366 4426 2510 4479 Nam
2540 4425 2659 4497 ipse
2680 4425 2852 4495 judex
2861 4426 3044 4495 justus
3072 4442 3187 4481 non
3219 4425 3431 4496 poterit
3460 4425 3620 4482 vobis

2014 4530 2133 4569 non
2156 4513 2473 4568 retribuere
2497 4514 2653 4584 quod
2696 4513 2937 4583 dignum
2972 4514 3099 4569 erit.
3148 4515 3214 4568 Et
3241 4514 3405 4584 fortis
3435 4517 3519 4569 est
3544 4514 3621 4570 ad

2014 4602 2122 4656 hoc
2152 4601 2500 4666 faciendum,
2535 4602 2680 4655 sicut
2721 4618 2824 4672 per
2869 4603 3096 4673 Moysen
3130 4602 3297 4656 dicit:
3335 4603 3499 4656 «Non
3533 4604 3619 4657 est

2015 4689 2112 4761 qui
2137 4690 2207 4743 de
2237 4706 2414 4743 manu
2445 4706 2577 4743 mea
2598 4690 2774 4759 possit
2801 4707 3003 4745 eruere
3036 4689 3221 4763 (Deut.
3252 4708 3421 4757 xxxn,
3454 4689 3564 4763 39).
3584 4710 3614 4741 »

2014 4779 2081 4832 Et
2108 4794 2238 4831 vere
2269 4778 2430 4831 fortis
2457 4780 2609 4831 estet
2634 4778 2996 4848 justus,nam
3026 4781 3173 4835 Deus
3203 4783 3308 4834 est.
3340 4781 3620 4850 thuam-

2013 4867 2092 4922 vis
2115 4866 2304 4937 justus
2325 4869 2383 4919 et
2436 4866 2620 4935 fortis,
2676 4870 2875 4922 tamen
2914 4870 3133 4938 patiens
3178 4872 3281 4935 est,
3316 4868 3374 4921 id
3400 4871 3484 4922 est
3513 4884 3615 4940 pa-

2014 4956 2222 5009 tienter
2251 4971 2347 5008 vos
2378 4958 2711 5026 exspectans
2734 4972 2806 5010 ne
2840 4955 3425 5026 pereatis,sicutidem
3446 4954 3612 5010 dicit:

2014 5067 2039 5094 ‹‹
2076 5044 2215 5097 Nolo
2248 5046 2496 5096 martem
2546 5043 2883 5115 peccatoris,
2929 5043 3030 5098 sed
3074 5048 3136 5097 ut
3165 5044 3533 5097 convertatur
3559 5046 3617 5098 et

2013 5132 2163 5187 vivat
2188 5130 2401 5203 (Ezech.
2436 5149 2624 5200 xxxm,
2664 5132 2808 5203 11).»
2865 5134 2931 5186 Et
2962 5148 3091 5185 vere
3150 5131 3393 5202 patiens.
3456 5130 3620 5185 Nun-

2013 5222 2143 5292 quid
2167 5223 2319 5277 enim
2344 5224 2613 5289 irascitur,
2640 5222 2697 5275 id
2728 5224 2814 5275 est
2866 5220 3187 5292 punitnos:
3222 5222 3279 5275 in
3312 5218 3415 5286 ira,
3435 5220 3493 5275 id
3533 5223 3621 5275 est

2014 5308 2073 5363 in
2101 5310 2469 5388 vindictaper
2480 5309 2831 5377 diessingulos
2848 5326 2977 5364 cum
2994 5309 3106 5364 hoc
3128 5323 3570 5381 promereamur
3604 5326 3619 5365 :

2017 5408 2185 5472 Quasi
2213 5408 2394 5462 dicat:
2420 5407 2533 5460 Nisi
2560 5405 2789 5477 patiens
2838 5410 3008 5473 esset,
3044 5406 3211 5461 nobis
3240 5422 3344 5479 per
3371 5405 3630 5477 singulos

2018 5495 2140 5551 dies
2168 5496 2524 5550 irasceretur.
2578 5495 2643 5547 Et
2688 5496 2751 5547 ut
2797 5513 2914 5551 non
2956 5495 3219 5551 habeatis
3265 5495 3635 5551 occasionem

2019 5584 2277 5656 gladium
2290 5583 2591 5653 evadendi,
2615 5580 2723 5637 nisi
2744 5584 3191 5657 convertamini,
3226 5583 3439 5643 tetendit
3456 5582 3645 5652 hic,id
