4014 6030
400 282 502 338 663

1004 278 1061 333 S.
1104 272 1448 333 BRUNONIS
1488 269 2120 330 CARTHUSIANORUM
2154 263 2625 324 INSTITUTORIS
2674 266 2830 323 OPP.
2873 264 3051 322 PARS
3095 267 3118 321 Ι

3620 265 3735 323 664

399 403 485 456 est
514 399 731 471 aptavit
755 416 943 453 arcum
964 416 1141 463 suum,
1164 397 1221 451 id
1248 399 1331 451 est
1350 396 1708 466 Scripturam
1735 408 1897 446 novre
1927 392 2006 446 le-
2036 390 2246 456 Adica,
2279 392 2364 443 et:
2412 394 2744 443 convertctur
2764 388 2914 441 dolor
2959 390 3013 441 in
3054 392 3213 457 caput
3244 387 3376 457 ejus.
3411 387 3476 440 Et
3508 388 3571 441 ut
3602 386 3734 441 haec

399 489 485 561 gis
511 491 569 544 et
594 488 833 555 Veteris,
879 505 1007 560 quas
1054 487 1512 542 comminaretur
1544 487 1795 538 mortem
1842 487 2010 536 as'er-

399 594 537 631 nam
570 594 686 631 non
719 575 1150 648 paenitentibus,
1193 574 1336 628 sicut
1362 590 1524 627 arcus
1558 572 1817 625 intensus
1851 586 2006 624 mor—

398 667 520 718 tem
547 665 804 719 minatur
834 663 1327 736 persequentibus.
1345 663 1411 715 Et
1426 677 1541 715 non
1575 659 1819 713 tetendit
1848 658 1904 711 in
1921 673 2010 712 oc-

401 753 576 819 culto,
603 752 704 806 sed
732 751 956 821 paravit
986 752 1170 817 illum,
1202 750 1259 803 id
1314 753 1418 815 est,
1467 747 1658 819 posuit
1687 747 1747 800 in
1780 748 2005 817 aperto,

401 840 546 894 sicut
575 839 730 893 ailibi
752 839 987 893 dicitur:
1007 860 1036 891 <‹
1056 841 1117 893 In
1146 855 1383 893 omnem
1408 841 1622 891 terram
1641 835 1813 889 exivit
1838 850 2010 887 sonus

402 943 605 981 eorum
621 926 791 998 (Psal.
816 944 968 991 xvm,
1003 927 1078 995 5).
1106 948 1133 973 ››
1166 927 1233 979 Et
1263 926 1409 979 bene
1441 923 1604 995 ponit
1634 922 1873 987 tetendit,
1907 937 2011 991 per

401 1013 860 1068 similitudinem.
882 1014 1047 1069 Sicut
1070 1012 1225 1067 enim
1259 1029 1476 1068 cornua
1504 1028 1667 1066 arcus
1698 1010 1853 1082 prius
1882 1011 2007 1064 lon-

399 1101 618 1172 ginqua
647 1118 680 1155 a
712 1092 790 1167 se,
825 1101 1165 1155 intendente
1198 1101 1415 1155 chorda
1442 1100 1908 1171 apprOpinquare
1937 1097 2011 1151 vi-

402 1187 612 1242 dentur
638 1206 651 1243 :
688 1188 767 1242 ita
794 1189 921 1243 dure
946 1190 1122 1259 leges,
1152 1206 1279 1259 qua:
1308 1190 1479 1259 longe
1507 1188 1829 1242 distantesa
1854 1203 1913 1240 se
1928 1185 2008 1239 vi—

403 1275 1115 1347 debantur,perChristum
1136 1277 1240 1331 sibi
1256 1276 1786 1348 appropinquantes
1813 1278 1867 1329 et
1880 1291 2009 1328 con-

401 1363 604 1418 cordes
624 1366 789 1419 factae
803 1367 955 1419 sunt.
978 1364 1111 1419 Dico
1136 1380 1323 1419 arcum
1364 1364 1585 1418 tetendit
1610 1371 1659 1417 et
1674 1366 1923 1434 paravit:
1953 1365 2011 1417 et

399 1454 465 1505 ut
491 1452 640 1506 bene
672 1467 836 1506 arcus
866 1452 959 1506 ille
992 1452 1488 1518 manifestaretur,
1512 1454 1733 1522 paravit
1765 1454 1819 1505 in
1848 1469 1927 1519 eo,
1951 1450 2010 1507 id

401 1541 488 1593 est
516 1538 783 1593 instruxit
811 1542 869 1594 et
899 1539 1113 1606 docuit,
1144 1557 1269 1593 vasa
1299 1542 1504 1603 mortis,
1538 1541 1595 1593 id
1622 1542 1707 1593 est
1758 1540 1885 1594 illos
1911 1540 2008 1611 qui

399 1628 535 1681 sunt
559 1643 690 1681 vasa
723 1627 947 1695 mortis,
980 1628 1191 1682 scilicet
1254 1627 1660 1699 praedicatores
1697 1645 1709 1681 :
1742 1627 1838 1699 qui
1872 1632 2011 1683 sunt

400 1732 535 1770 vasa
553 1715 977 1786 prmdicationis
992 1733 1005 1771 :
1022 1734 1149 1787 quae
1170 1732 1325 1770 mors
1339 1720 1551 1796 estnon
1575 1717 2010 1790 recipientibus,

400 1806 651 1858 testante
676 1804 947 1875 Apostolo
964 1820 977 1857 :
994 1804 1171 1857 «Aliis
1192 1821 1387 1858 sumus
1402 1805 1549 1859 odor
1565 1805 1770 1861 vitiein
1788 1807 1967 1861 vitam
1994 1825 2006 1861 :

401 1891 524 1945 aliis
555 1891 699 1946 odor
720 1892 922 1946 mortis
949 1892 1007 1945 in
1037 1897 1287 1946 mortem
1316 1892 1405 1964 (II
1432 1890 1559 1947 Cor.
1596 1911 1653 1959 ιι,
1699 1894 1806 1964 19).
1837 1915 1863 1943 ››

472 1980 541 2032 Et
571 1979 694 2050 ipsa
726 1997 857 2034 vasa
890 1982 1062 2050 eﬂecit
1104 1983 1346 2049 sagittas,
1382 1981 1440 2034 id
1473 1985 1558 2035 est
1588 1982 1722 2035 fecit
1748 1983 2011 2037 efﬁcaces

405 2067 659 2138 sagittas.
687 2068 755 2121 Et
784 2084 900 2121 non
928 2068 1000 2121 ad
1038 2070 1277 2135 malum,
1299 2069 1399 2122 sed
1424 2085 1572 2136 suas,
1598 2069 1654 2123 id
1686 2074 1770 2123 est
1796 2070 1868 2124 ad
1901 2070 2010 2124 uti-

403 2154 626 2208 litatem
662 2154 747 2208 sui
778 2155 1039 2209 efﬁcaces
1061 2155 1121 2208 in
1139 2156 1449 2209 ardentibus
1479 2157 1591 2210 ﬁde
1618 2161 1676 2210 et
1707 2158 2009 2211 cliaritate.

404 2240 570 2305 Quod
599 2246 685 2296 est
724 2242 914 2296 dicere
941 2259 953 2296 :
987 2243 1178 2296 Faciet
1203 2260 1300 2298 eos
1323 2244 1682 2314 sagittantes,
1704 2244 1761 2298 id
1778 2248 1863 2298 est
1889 2261 2016 2314 per-

401 2328 681 2383 cutientes
709 2328 768 2383 in
798 2330 951 2384 bono
984 2330 1245 2384 doctrina
1265 2347 1385 2397 sua,
1418 2332 1639 2386 futuros
1670 2332 1938 2385 ardentes
1954 2333 2014 2387 in

401 2416 517 2470 ﬁde
543 2419 601 2470 et
629 2417 926 2472 charitate.
954 2418 1097 2481 Quia
1113 2418 1373 2488 superius
1404 2424 1668 2474 oraverat
1700 2420 1927 2474 liberari
1959 2423 2016 2474 et

402 2504 606 2559 salvari
638 2509 850 2575 posset,
885 2508 1092 2576 quaerit
1132 2507 1284 2561 unde
1318 2524 1377 2560 se
1409 2512 1627 2561 orasset
1669 2508 1922 2572 liberari,
1958 2511 2016 2562 et

401 2591 514 2646 hoc
546 2592 812 2664 exponit:
857 2592 969 2648 Oro
1001 2593 1255 2660 liberari,
1282 2597 1337 2648 et
1364 2610 1493 2648 ecce
1551 2595 1609 2648 in
1651 2611 1902 2665 praesens
1930 2597 2015 2649 est

405 2679 559 2733 unde
588 2696 681 2734 me
714 2684 980 2751 oporteat
1009 2682 1263 2735 liberari.
1309 2683 1452 2735 Nam
1476 2683 1743 2737 Judaieus
1768 2684 2015 2754 populus

395 2770 641 2839 parturit
656 2768 997 2838 injustitiam,
1028 2769 1087 2823 id
1113 2774 1199 2825 est
1221 2771 1446 2825 laborat
1468 2771 1742 2841 perﬁcere
1764 2774 2013 2825 mortem

406 2871 629 2923 meam;
656 2856 811 2927 quod
852 2856 1129 2928 injustum
1161 2861 1279 2912 est:
1316 2875 1380 2912 ac
1409 2859 1851 2912 similitudinem
1885 2875 2012 2912 mu-

404 2943 558 2998 lieris
589 2944 978 3016 parturientis,
1012 2946 1070 3000 id
1099 2950 1203 3013 est,
1267 2951 1329 2999 ut
1361 2947 1547 3018 pariat
1574 2947 1907 3003 laborantis.
1948 2948 2017 3001 Et

2110 478 2310 534 omnia
2342 479 2505 544 ﬁant,
2532 494 2563 532 ο
2592 474 3217 545 auditores,Conﬁtebor
3244 475 3719 542 Domino,Verbo,

2110 568 2169 623 id
2198 571 2282 622 est
2312 568 2509 621 laudes
2564 566 2614 621 ei
2674 567 2884 640 dicam,
2943 566 3230 619 secundum
3278 566 3555 635 justitiam
3610 565 3735 634 ejus

2110 656 2255 710 mihi
2278 656 2497 721 datam,
2534 655 2592 709 id
2628 659 2731 721 est,
2771 654 3090 708 secundum
3124 669 3461 708 mensuram
3484 652 3735 722 justitiaa

2111 745 2430 799 conﬁtebor
2451 743 2533 798 ei:
2558 743 2702 798 sicut
2732 760 2826 797 me
2854 743 3075 796 czeteris
3094 742 3403 813 justiorem
3432 741 3569 795 fecit
3598 758 3733 795 om-

2111 833 2298 899 nibus,
2330 833 2411 886 ita
2431 833 2628 887 laudes
2653 848 2823 902 agam
2844 831 2894 885 ei
2930 847 3048 902 prie
3077 830 3368 884 omnibus.
3394 830 3463 883 Et
3484 846 3603 884 non
3638 846 3736 884 so-

2108 922 2229 975 lum
2257 921 2596 985 conﬁtebor,
2629 920 2728 973 sed
2749 920 2921 973 etiam
2943 919 3197 989 psallam,
3228 917 3287 971 id
3309 922 3395 972 est
3408 919 3562 971 bene
3589 934 3737 989 ope—

2109 1010 2285 1064 rabor
2316 1011 2522 1062 nomini
2546 1008 2788 1073 Domini,
2823 1007 2882 1062 id
2926 1011 3011 1061 est
3043 1007 3116 1061 ad
3150 1007 3438 1061 honorem
3470 1005 3737 1060 nominis

2112 1096 2372 1151 Domini:
2407 1096 2680 1150 exhibens
2725 1111 2819 1149 me
2872 1111 3097 1148 servum
3148 1096 3205 1148 et
3235 1094 3424 1164 ipsum
3453 1095 3641 1147 Deum
3675 1097 3738 1147 et

2122 1185 2331 1239 merito
2360 1184 2431 1238 ad
2461 1185 2745 1239 honorem
2772 1182 3023 1237 nominis
3055 1181 3286 1237 Domini
3307 1182 3732 1236 altissz'mi.Nam

2120 1272 2430 1327 altissimus
2459 1275 2564 1339 est,
2587 1271 2799 1325 scilicet
2827 1271 3105 1325 Dominus
3130 1270 3523 1324 dominorum.
3574 1270 3732 1323 Psal-

2120 1361 2239 1415 lere
2276 1360 2515 1431 proprie
2546 1359 2753 1415 dicitur
2784 1375 3065 1413 manuum
3095 1357 3433 1430 Operatione
3487 1357 3548 1411 in
3579 1357 3735 1429 psal-

2117 1450 2271 1504 terio
2293 1448 2601 1517 modulari,
2634 1449 2880 1518 ideoque
2922 1464 3027 1519 pro
3050 1446 3294 1517 operari
3325 1446 3580 1517 ponitur.

2631 1537 2699 1590 IN
2731 1536 3056 1591 PSALMUM
3084 1536 3221 1590 VllI.

2185 1624 2456 1698 Sequitur
2486 1626 2682 1680 titulus
2712 1625 2917 1680 octavi.
2964 1624 3035 1677 In
3064 1625 3223 1693 ﬁnem
3238 1641 3342 1695 pro
3374 1623 3732 1677 torcularibus

2041 1733 2076 1746 ’·
2101 1733 2341 1791 psatmus
2368 1715 2570 1770 David.
2614 1714 2777 1778 Quod
2808 1714 2887 1769 sic
2927 1712 3232 1784 exponitur
3262 1729 3275 1767 :
3334 1714 3594 1767 Psalmus
3621 1711 3731 1765 iste

2113 1802 2518 1857 attribuendus
2549 1802 2846 1869 estDavid,
2880 1802 2938 1855 id
2972 1805 3057 1855 est
3086 1802 3191 1871 ipsi
3223 1801 3523 1872 prophetae
3560 1801 3731 1852 :ten-

2112 1890 2273 1945 denti
2296 1890 2354 1944 in
2381 1890 2580 1956 ﬁnem,
2612 1889 2669 1944 id
2696 1893 2781 1944 est
2808 1890 2864 1943 in
2891 1890 3178 1945 Christum
3209 1906 3220 1943 :
3247 1890 3333 1943 vel
3363 1889 3421 1942 in
3450 1886 3732 1953 ﬁnem,id

2113 1975 2267 2030 estin
2291 1976 2709 2046 perfectionem
2728 1978 3038 2041 bonorum,
3061 1974 3237 2029 David
3252 1974 3380 2028 dico
3403 1974 3601 2045 agenti
3622 1989 3729 2043 pro

2113 2064 2513 2131 torcularibus,
2546 2065 2603 2119 id
2644 2068 2730 2118 est
2756 2080 2860 2136 pro
2883 2062 3563 2118 Ecclesia.Torcularibus
3593 2077 3729 2116 vero

2115 2150 2254 2204 dicit
2279 2152 2605 2221 pluraliter:
2640 2168 2744 2223 pro
2778 2151 2999 2206 duabus
3031 2150 3291 2205 Ecclesiis
3320 2151 3391 2205 de
3428 2149 3642 2205 Iudaeis
3675 2152 3734 2203 et

2117 2239 2420 2309 gentibus:
2464 2241 2551 2293 vel
2582 2256 2687 2311 pro
2756 2240 2954 2293 multis
3001 2238 3391 2310 singularibus
3440 2238 3727 2305 Eeclesiis,

2118 2343 2246 2398 quae
2278 2328 2547 2382 dicuntur
2572 2329 2881 2382 toreularia
2939 2345 3044 2399 per
3086 2326 3546 2382 similitudinem.
3583 2325 3730 2389 Quia

2116 2415 2262 2469 sicut
2289 2416 2349 2470 in
2381 2416 2653 2471 torculari
2684 2416 2882 2471 vinum
2912 2419 2971 2471 et
3003 2416 3258 2483 acinum,
3286 2416 3365 2469 sic
3390 2415 3448 2469 in
3474 2414 3727 2469 Ecclesia

2112 2503 2252 2558 boni
2300 2504 2551 2575 malique
2583 2505 2989 2560 continentur:
3026 2505 3122 2576 qui
3154 2504 3395 2559 tandem
3436 2503 3493 2557 in
3517 2502 3726 2573 judieii

2116 2593 2209 2647 die
2233 2594 2659 2663 separabuntur
2687 2594 2832 2648 sicut
2862 2595 3060 2648 vinum
3074 2594 3147 2648 ab
3179 2592 3377 2659 acino;
3405 2592 3571 2662 juxta
3587 2590 3729 2645 illud

2116 2681 2504 2735 Dominieum:
2525 2682 2805 2736 «Exibunt
2822 2682 3012 2753 angeli
3026 2686 3084 2736 et
3094 2681 3445 2751 separabunt
3457 2681 3645 2735 malos
3657 2679 3729 2734 de

2118 2769 2314 2823 medio
2335 2770 2625 2840 juslorum
2672 2769 2901 2840 (Matth.
2952 2786 3107 2836 nm,
3138 2772 3286 2835 49).»
3322 2769 3389 2822 Et
3408 2770 3495 2822 est
3526 2768 3586 2821 in
3619 2768 3728 2822 hoc

2112 2859 2339 2929 psalmo
2367 2875 2470 2913 vox
2498 2858 2731 2930 proprie
2747 2875 2851 2930 pro
2878 2858 3139 2913 contuitu
3152 2856 3413 2912 Ecclesia:
3439 2856 3650 2911 futura:
3668 2856 3728 2910 in

2117 2945 2220 3000 Dei
2251 2946 2417 3001 laude
2443 2963 2456 3000 :
2487 2949 2550 3000 ut
2579 2946 2721 3001 alios
2749 2963 2882 3001 eum
2924 2946 3161 3001 laudare
3188 2947 3453 3013 instruat,
3487 2946 3564 3000 sic
3596 2961 3730 3000 cum

405 3033 557 3087 hanc
588 3032 929 3104 injustitiam
947 3051 1062 3089 non
1083 3036 1170 3089 vel
1192 3052 1224 3089 a
1239 3036 1447 3090 merito
1465 3037 1712 3102 meo,vel
1735 3037 1806 3089 ab
1824 3036 2014 3089 alieno
2035 3013 2082 3072 C
2119 3033 2508 3089 admiratione
2526 3035 2978 3105 prorumpentis.

407 3120 668 3189 consilio,
711 3122 812 3176 sed
854 3122 973 3194 ipse
1001 3138 1106 3193 per
1135 3140 1193 3177 se
1221 3126 1454 3193 concepit
1498 3124 1555 3177 iu
1608 3124 1776 3177 eerde
1808 3140 1931 3190 suo,
1959 3123 2019 3178 id

409 3213 495 3264 est
520 3210 810 3281 cogitavit,
851 3211 1103 3278 dolorem,
1137 3211 1196 3266 id
1227 3215 1312 3265 est
1343 3216 1596 3267 mortem
1619 3230 1834 3277 meam,
1864 3211 2018 3267 unde

406 3297 695 3367 contingit
723 3297 803 3352 eis
844 3298 1029 3353 dolor.
1077 3300 1143 3352 Et
1175 3300 1310 3370 quia
1344 3300 1468 3370 jam
1519 3300 1785 3370 concepit
1815 3303 1870 3354 et
1901 3316 2019 3353 non

322 3444 327 3453 ,
407 3384 673 3456 parturit,
694 3387 923 3455 peperit,
948 3386 1005 3439 id
1035 3389 1122 3440 est
1165 3388 1413 3457 parient,
1450 3389 1805 3457 iniquitatem,
1840 3387 1897 3441 id
1937 3389 2021 3440 est

410 3474 664 3527 mortem
692 3488 888 3527 meam
943 3472 1138 3544 inique
1187 3475 1465 3545 perﬁciet.
1512 3476 1579 3528 Et
1626 3491 1730 3545 per
1753 3476 1860 3530 hoc
1888 3475 2023 3546 quia

419 3562 706 3632 concepit,
754 3566 813 3616 et
855 3563 1125 3634 parturit,
1185 3567 1241 3618 et
1297 3565 1524 3635 pariet:
1583 3564 1757 3620 locum
1814 3566 2024 3635 aperuit

408 3656 460 3703 et
489 3650 692 3720 eﬂ‘odit,
730 3650 789 3705 id
838 3654 923 3706 est
962 3651 1289 3707 efi‘odiendo
1352 3653 1594 3724 aperuit,
1630 3654 1690 3708 id
1722 3656 1807 3708 est
1854 3669 2018 3724 aper-

412 3740 539 3792 tum
591 3742 651 3793 et
704 3740 965 3811 amplum
1015 3740 1186 3795 fecit:
1220 3748 1270 3795 et
1310 3742 1516 3809 incidit,
1569 3742 1626 3796 id
1685 3744 1769 3796 est
1822 3745 2024 3813 postea

412 3826 646 3897 incidet,
682 3830 737 3881 in
792 3829 1026 3899 foveam,
1060 3829 1119 3883 id
1164 3833 1248 3883 est
1295 3829 1354 3883 in
1408 3832 1621 3897 lacum,
1666 3846 1833 3898 guam
1869 3830 2018 3898 fecit,

407 3912 468 3968 id
521 3919 607 3969 est
661 3933 835 3988 quem
897 3918 1120 3989 paravit
1164 3918 1324 3972 milii.
1388 3918 1553 3982 Quod
1629 3923 1715 3973 est
1780 3918 2018 3972 dicere:

409 4001 558 4066 Quia
584 4020 678 4058 me
709 4004 967 4059 detinere
1018 4006 1136 4059 vult
1168 4005 1227 4058 in
1254 4009 1462 4072 morte,
1513 4006 1713 4061 similis
1908 4005 2020 4059 erit

411 4089 708 4144 eﬁ'odienti
737 4092 926 4145 lacum
958 4095 1015 4145 et
1043 4095 1309 4162 apertum
1342 4093 1594 4159 facienti,
1616 4094 1672 4148 in
1703 4111 1881 4165 quem
1912 4094 2018 4148 ali-

411 4194 585 4251 quem
599 4178 957 4250 przecipitare
974 4179 1565 4250 intendit,etipsemet
1579 4182 1637 4236 in
1654 4183 1926 4237 eumdem
1944 4184 2021 4237 la-

410 4283 545 4321 cum
567 4266 736 4321 cadit.
762 4268 904 4321 Nam
928 4267 1025 4322 illa
1056 4283 1233 4336 mors,
1255 4286 1429 4341 quam
1445 4270 1587 4325 mihi
1610 4276 1796 4341 parat,
1830 4272 1941 4326 erit
1968 4271 2019 4326 ei

410 4370 581 4409 causa
602 4355 804 4423 ruinae;
827 4357 1130 4427 etexponit
1146 4357 1528 4429 apertioribus
1551 4359 2020 4415 similitudinibus

415 4443 571 4497 hunc
594 4459 787 4497 casum
808 4444 929 4515 ejus
944 4444 1051 4499 sic:
1089 4446 1229 4501 Vere
1254 4446 1468 4500 incidet
1506 4447 1565 4500 in
1592 4447 1840 4502 foveam.
1872 4449 2018 4502 Nam

408 4530 556 4587 dolor
579 4531 711 4601 ejus,
728 4532 786 4586 id
810 4535 894 4586 est
909 4534 1110 4587 mortis
1123 4534 1463 4606 supplicium
1484 4536 1637 4606 quod
1659 4534 1798 4589 mihi
1829 4540 2015 4607 parat,

408 4626 681 4674 convertet
708 4621 769 4674 in
795 4628 956 4691 caput
977 4622 1111 4692 ejus,
1141 4622 1199 4676 id
1231 4627 1316 4677 est
1346 4622 1403 4675 in
1422 4626 1678 4677 mentem
1709 4624 1861 4693 ejus:
1888 4641 2015 4695 quae

409 4706 540 4762 ideo
574 4710 985 4764 exczecabitur:
1029 4714 1085 4763 et
1107 4726 1223 4765 non
1248 4712 1434 4764 solum
1464 4713 1525 4765 in
1555 4719 1735 4782 caput,
1769 4712 1926 4766 idest
1956 4713 2014 4767 in

409 4799 692 4864 mentem,
714 4797 814 4852 sed
840 4798 1108 4869 iniquitas
1137 4799 1268 4869 ejus,
1302 4799 1361 4853 id
1394 4803 1479 4853 est
1501 4816 1670 4870 paena
1700 4799 2017 4872 iniquitatis

406 4886 549 4956 ejus,
580 4886 640 4941 id
666 4890 751 4941 est
780 4887 983 4941 mortis
1006 4904 1174 4955 mem,
1202 4887 1473 4942 descendet
1493 4890 1553 4943 in
1587 4890 1834 4943 verticem
1879 4890 2011 4959 ejus.

404 4974 473 5029 Et
503 4976 650 5030 bene
677 4975 814 5030 dicit
841 4977 903 5030 in
919 4977 1167 5031 verticem
1193 4995 1210 5030 :
1236 4976 1294 5031 in
1312 4976 1521 5031 vertice
1546 4977 2013 5049 namquejugum

398 5063 722 5137 ponisolet.
748 5065 816 5119 Et
842 5081 948 5136 pro
964 5064 1266 5136 iniquitate
1281 5083 1481 5120 eorum
1502 5066 1582 5120 eis
1614 5066 2009 5122 Romanorum

398 5152 611 5224 jugum
640 5152 1012 5223 imponetur;
1042 5154 1398 5225 quasidieat:
1430 5155 1554 5209 Non
1580 5155 1766 5209 solum
1799 5155 1871 5209 ob
1901 5157 2010 5212 hoc

400 5240 796 5308 excrecabitur,
824 5241 925 5297 sed
944 5242 1118 5297 etiam
1149 5244 1405 5298 servituti
1430 5242 1782 5313 subjicietur.
1814 5244 2011 5316 Sequi-

395 5329 530 5382 tur:
561 5327 883 5399 Conﬁtebor,
916 5333 975 5385 et
1006 5334 1131 5388 eiet.
1167 5332 1442 5403 Loquitur
1468 5332 1542 5386 ad
1600 5330 1911 5399 auditores,
1946 5337 2008 5387 ut

395 5431 497 5469 eos
526 5418 792 5473 conﬁteri
824 5422 882 5473 et
918 5420 1161 5491 psallere
1195 5420 1440 5474 Domino
1502 5419 1782 5473 instruat:
1817 5423 1876 5473 et
1927 5421 2004 5476 sic

396 5502 697 5562 continuat
721 5524 734 5562 :
768 5506 929 5581 Dixi,
960 5508 1176 5577 Libera,
1204 5507 1432 5565 Salvum
1455 5509 1568 5581 fac,
1601 5506 1874 5579 Exsurge,
1900 5508 2000 5566 Ju-

2190 3122 2420 3178 Domine
2472 3123 2741 3178 Dominus
2800 3131 2975 3177 noster
3019 3123 3287 3192 existens,
3320 3123 3379 3178 id
3436 3125 3523 3178 est
3551 3139 3732 3195 quem

2122 3227 2229 3266 nos
2242 3211 2345 3264 soli
2359 3212 2539 3266 Judaei
2558 3212 2960 3283 cognoscimus
2970 3228 3091 3266 esse
3107 3212 3418 3268 Dominum
3444 3214 3707 3267 nostrum
3717 3254 3733 3280 ,

2123 3302 2325 3370 gentes
2347 3300 2504 3354 enim
2537 3301 2799 3355 nondum
2828 3304 2884 3354 te
2917 3303 3272 3371 cognoscunt
3300 3316 3313 3354 :
3350 3298 3529 3366 Quam
3557 3300 3734 3354 admi-

2122 3386 2291 3440 rabile
2320 3394 2395 3441 est
2418 3388 2699 3455 futurum,
2736 3388 2797 3443 id
2825 3390 2912 3442 est
2941 3404 3075 3442 cum
3109 3391 3327 3459 quanta
3345 3387 3735 3442 admiratione

2124 3475 2467 3545 gloriosum,
2528 3493 2717 3530 nomen
2776 3483 2947 3530 tuum.
3015 3476 3131 3531 Hoc
3196 3476 3411 3529 scilicet
3462 3476 3621 3546 quod
3674 3479 3737 3530 tu

2124 3564 2405 3617 Dominus
2438 3565 2701 3619 omnium
2743 3581 2824 3631 es,
2875 3567 2931 3617 in
2985 3565 3230 3617 universa
3287 3570 3447 3630 terra,
3476 3563 3534 3617 id
3566 3564 3737 3618 estin

2126 3651 2395 3721 gentibus
2445 3652 2723 3707 universae
2772 3656 2945 3707 terra:
2965 3652 2993 3706 ‘?
3020 3655 3100 3706 Ac
3124 3652 3170 3705 si
3197 3651 3348 3706 dicat
3375 3668 3388 3705 :
3422 3650 3527 3715 Qui
3556 3652 3736 3707 modo

2125 3740 2492 3794 solummodo
2524 3741 2583 3794 in
2617 3740 2814 3795 Judaaa
2860 3743 3031 3795 notus
3061 3758 3140 3807 es,
3203 3740 3275 3794 ab
3333 3739 3525 3795 omnis
3574 3740 3738 3795 modi

2125 3827 2392 3895 gentibus
2413 3829 2777 3899 cognosceris
2802 3845 2816 3896 ;
2840 3829 3009 3899 juxta
3062 3828 3201 3882 illud
3228 3846 3240 3882 :
3277 3846 3311 3880 «
3344 3828 3558 3883 Omnes
3588 3845 3736 3899 gen-

2122 3916 2209 3968 tes
2239 3918 2313 3968 ad
2361 3920 2417 3969 te
2459 3921 2693 3970 current
2745 3916 2878 3988 (Isa.
2941 3934 3017 3985 iv,
3051 3918 3138 3984 5);
3170 3936 3197 3965 »
3235 3919 3294 3970 et
3324 3916 3498 3971 alibi:
3535 3939 3564 3965 ‹‹
3595 3916 3733 3971 0m-

2123 4019 2225 4057 nes
2255 4006 2458 4074 gentes
2488 4021 2858 4077 quascunque
2912 4004 3095 4059 fecisti
3150 4004 3386 4059 venient
3441 4007 3500 4058 et
3530 4004 3735 4061 adora-

2120 4090 2267 4145 bunt
2325 4109 2519 4148 coram
2576 4096 2654 4161 te,
2713 4094 2963 4149 Domine
3008 4094 3177 4157 (Psal.
3230 4109 3423 4161 Lxxxv,
3483 4095 3643 4159 9):»
3677 4099 3735 4149 et

2121 4182 2357 4251 exponit
2386 4183 2680 4253 quomodo
2721 4183 2821 4237 ﬁet
2849 4183 3212 4250 admirabile,
3247 4183 3364 4237 sic:
3400 4182 3536 4237 Dico
3567 4182 3726 4254 quod

2040 4300 2091 4358 D
2120 4270 2482 4338 admirabile,
2534 4275 2592 4326 et
2639 4273 2748 4327 hoc
2799 4273 2951 4340 ideo,
3012 4275 3271 4344 quoniam
3327 4272 3727 4341 magniﬁcentia

2119 4363 2234 4427 tua,
2290 4359 2348 4414 id
2401 4364 2485 4414 est
2544 4361 2711 4415 Filius
2762 4365 2913 4429 tuus,
2990 4362 3086 4433 qui
3134 4360 3462 4432 emphatiee
3523 4360 3730 4416 dicitur

2120 4447 2573 4517 magnificentia,
2634 4449 2852 4503 faciens
2911 4466 3043 4503 suos
3103 4450 3464 4521 magniﬁcos,
3525 4448 3728 4503 elevata

2117 4542 2211 4597 est,
2246 4536 2302 4589 id
2333 4540 2417 4590 est
2442 4538 2784 4592 exaltabitur
2830 4556 2986 4609 super
3036 4539 3204 4600 caelos,
3237 4538 3563 4593 materiales
3593 4556 3608 4605 ;
3641 4539 3727 4593 vel

2114 4639 2271 4692 super
2321 4624 2485 4693 caelos,
2521 4626 2579 4679 id
2622 4629 2709 4679 est
2751 4626 2970 4680 divinas
3028 4625 3367 4698 Scripturas,
3419 4642 3548 4697 quae
3594 4630 3727 4681 sunt

2117 4712 2247 4765 altae
2276 4718 2539 4783 respectu
2571 4714 2933 4769 saecularium
2969 4732 2981 4769 :
3015 4714 3162 4769 sicut
3215 4715 3340 4769 cceli
3365 4714 3460 4768 alti
3490 4717 3642 4784 sunt,
3669 4714 3726 4769 id

2115 4803 2204 4852 est
2223 4800 2392 4855 altior
2447 4802 2556 4855 erit
2606 4803 2664 4856 in
2723 4804 3029 4858 sanctitate
3081 4819 3257 4874 quam
3303 4802 3510 4856 divinae
3569 4801 3721 4855 Scri-

2114 4891 2298 4957 ptura:
2342 4892 2561 4945 testatae
2618 4891 2750 4945 sint.
2806 4892 2907 4946 Vel
2938 4909 3095 4962 super
3141 4892 3308 4957 caelos,
3341 4891 3401 4946 id
3439 4893 3525 4945 est
3553 4906 3725 4962 super

2112 4976 2422 5032 rationales
2453 4982 2760 5047 creaturas,
2793 4980 2852 5034 id
2906 4983 2992 5034 est
3039 4980 3269 5051 dignior
3292 4980 3403 5034 erit
3431 4978 3652 5049 angelis
3668 4982 3725 5032 et

2111 5063 2462 5134 hominibus,
2492 5068 2587 5139 qui
2620 5068 2779 5139 digni
2825 5071 2960 5122 sunt
3004 5085 3125 5141 prae
3175 5068 3299 5123 aliis
3324 5067 3671 5123 animalibus
3704 5083 3718 5122 :

2112 5150 2257 5207 sicut
2285 5155 2410 5209 cmli
2440 5158 2595 5210 terra
2650 5154 2947 5227 digniores
2985 5160 3138 5210 sunt.
3192 5156 3437 5227 ideoque
3475 5154 3601 5209 cceli
3632 5153 3720 5208 di-

2108 5246 2318 5296 cuntur
2350 5259 2362 5297 :
2398 5247 2457 5298 et
2487 5248 2550 5299 ut
2572 5249 2849 5315 appareat
2887 5244 3381 5316 magniﬁcentiam
3410 5247 3571 5298 tuam
3600 5243 3718 5298 ele-

2106 5330 2358 5386 vandam
2398 5349 2539 5400 esse,
2572 5334 2851 5404 perfecisti
2879 5332 3108 5400 laudem,
3157 5333 3216 5388 id
3265 5336 3350 5387 est
3398 5332 3716 5404 perfectam

2103 5415 2277 5473 facies
2296 5420 2551 5490 laudem,
2582 5439 2646 5475 ex
2661 5439 2750 5475 ore
2774 5421 3096 5491 infantium,
3125 5424 3184 5475 et
3198 5438 3313 5476 non
3344 5436 3717 5490 magnorum,

2103 5506 2203 5562 sed
2233 5511 2296 5563 ut
2325 5508 2590 5567 mirabile
2620 5510 2687 5566 ﬁt
2725 5519 2778 5567 et
2813 5510 3143 5582 lactentium,
3198 5509 3258 5566 id
3286 5512 3373 5566 est
3400 5525 3715 5582 parvorum
