4014 6030
205 294 334 348 665

1267 290 1622 348 EXPOSITIO
1661 292 1729 346 IN
1768 288 2103 351 PSALMOS.
2138 326 2208 335 —
2238 291 2432 350 PSAL.
2475 289 2538 345 IX

3446 292 3551 346 666

193 434 359 471 rum
516 414 737 488 quihoc
770 432 888 471 non
911 410 1241 472 habuerunt
1268 435 1299 471 a
1321 435 1400 484 se,
1447 418 1544 472 sed
1587 434 1620 471 a
1662 419 1839 472 sancti
1864 426 1917 483 Α
1944 437 2063 474 esse
2100 438 2111 474 :
2144 422 2396 492 quoniam
2430 420 2627 479 visitas,
2676 418 2733 471 id
2776 418 2859 469 est
2886 415 3137 469 visitabis
3184 432 3303 468 eum
3348 414 3405 469 in
3443 415 3554 468 hoc

197 505 480 576 Spiritus
500 504 859 576 operatione.
885 504 1047 568 Quod
1061 508 1146 558 est
1166 505 1352 559 dicere
1373 524 1384 560 :
1404 507 1475 560 Ut
1496 505 1839 560 convincen-

196 592 808 649 turJudaeiChristum
833 594 1326 664 magniﬁcentiam
1350 598 1505 648 tuam
1532 596 1737 661 esse,et
1755 611 1843 647 su-

197 700 326 755 per
341 682 524 738 caelos
536 681 907 735 elevandum:
928 698 1241 753 puerorum
1262 682 1506 736 infantia
1526 683 1703 736 sancti
1722 682 1842 752 Spi-

196 771 372 824 ritus
390 775 671 842 operante
686 770 893 841 gratia,
918 770 1017 825 tibi
1033 770 1425 825 testimonium
1464 788 1567 841 per
1590 771 1830 837 hibebit,

201 858 463 913 dicens:
486 880 513 907 ‹‹
544 858 815 912 Hosanna
831 858 948 912 ﬁlio
974 859 1147 913 David
1171 859 1399 924 (Matth.
1434 876 1545 924 xxx,
1573 863 1686 923 15).
1714 879 1744 909 »
1770 860 1837 913 Et

196 947 326 1001 hoc
352 946 517 1017 quod
539 946 848 1016 tuperﬁcies
874 946 1114 999 laudem:
1139 947 1312 1001 facies
1325 946 1839 1018 propterinimicos

196 1039 349 1089 tuos
383 1034 654 1088 Judmos:
690 1034 785 1104 qui
818 1037 875 1087 te
907 1034 1005 1088 Dei
1038 1036 1241 1089 Filium
1271 1052 1390 1089 esse
1418 1036 1789 1105 denegabunt
1823 1052 1835 1088 :

199 1126 272 1176 ut
308 1138 531 1176 eorum
566 1122 880 1176 infantium
924 1123 1175 1177 mirabili
1217 1124 1547 1179 testimonio
1581 1125 1841 1177 destruas

199 1210 533 1265 inimicum
566 1215 624 1265 et
663 1213 909 1265 ultorem
941 1212 1027 1265 vel
1059 1206 1537 1279 defensorem,‘id
1578 1215 1664 1265 est
1702 1229 1837 1266 con-

201 1299 427 1353 vincas
444 1299 808 1354 :mendacem
831 1316 951 1354 esse
974 1300 1225 1372 probans
1244 1302 1541 1355 Iudaicum
1560 1302 1838 1371 pollutum

202 1388 315 1459 qui
346 1387 627 1442 inimicus
652 1391 780 1442 tuus
812 1388 940 1455 erit,
957 1392 1015 1442 et
1031 1389 1184 1443 dicet
1204 1407 1261 1444 se
1286 1391 1531 1444 ultorem
1558 1394 1613 1443 et
1640 1389 1838 1442 defen-

204 1492 423 1531 sorem
453 1476 597 1547 legis
639 1494 774 1543 sum,
802 1478 966 1547 juxta
993 1478 1132 1531 illud
1167 1495 1179 1532 :
1216 1478 1397 1547 (Joan.
1432 1496 1503 1543 ιιι,
1538 1482 1646 1548 16).
1677 1496 1708 1528 <‹
1744 1477 1840 1529 Hic

202 1565 407 1620 homo
443 1582 560 1619 non
594 1570 679 1620 est
708 1584 742 1620 a
773 1568 888 1621 Deo
924 1584 935 1620 :
970 1566 1066 1638 qui
1108 1566 1423 1621 Sabbatum
1452 1585 1565 1621 non
1597 1566 1843 1620 custodit

206 1654 414 1726 (Joan.
475 1672 588 1716 xux,
637 1659 711 1719 '7).
748 1675 774 1702 ιι
823 1655 890 1708 Et
938 1654 1072 1709 alibi
1133 1655 1381 1710 dicitur:
1433 1677 1462 1707 «
1513 1656 1840 1710 Secundum

205 1745 420 1814 legem
450 1743 626 1796 debet
657 1743 827 1809 mori,
864 1743 997 1814 quia
1026 1743 1231 1797 Filium
1263 1744 1361 1798 Dei
1379 1761 1449 1805 se
1481 1745 1634 1798 fecit.
1669 1765 1695 1792 »

283 1832 356 1885 Et
390 1831 528 1886 ideo
569 1831 884 1885 elevabitur
929 1832 1380 1903 magniﬁcentia,
1433 1836 1685 1903 quoniam
1739 1849 1843 1903 per

204 1919 405 1991 ipsam
434 1919 941 1990 magniﬁcentiam
970 1919 1150 1973 videbo
1184 1937 1293 1992 ego
1323 1922 1468 1973 caelos
1503 1929 1635 1985 tuos,
1670 1920 1727 1973 id
1759 1924 1842 1974 est

202 2007 637 2079 praedicatores
662 2011 790 2062 tuos
838 2009 934 2079 qui
968 2012 1140 2062 erunt
1171 2009 1228 2063 in
1256 2009 1559 2064 virtutibus
1592 2008 1795 2062 excelsi
1827 2024 1839 2062 :

205 2096 321 2151 ho‘c
351 2100 447 2150 est
469 2110 580 2167 ego
609 2096 783 2150 modo
808 2096 972 2151 video
1001 2113 1119 2167 spe,
1144 2098 1493 2170 quandoque
1511 2098 1713 2151 videbo
1736 2113 1799 2150 re
1826 2112 1839 2149 :

204 2184 331 2239 visu
364 2182 593 2239 animae
612 2199 729 2238 non
761 2183 1016 2255 corporis
1032 2202 1136 2256 per
1152 2186 1649 2258 magniﬁcentiam
1682 2191 1840 2240 tuam

208 2274 515 2327 elevatam
567 2288 738 2343 super
777 2273 947 2327 ccelos
987 2277 1135 2341 tuos,
1182 2274 1241 2328 id
1285 2277 1369 2328 est
1413 2274 1837 2345 praedicatores.

207 2360 382 2416 Carlos
433 2361 571 2416 dico
607 2379 619 2415 :
665 2361 760 2433 qui
793 2364 963 2415 erunt
1009 2378 1165 2431 Opera
1195 2362 1483 2432 digitorum
1517 2370 1749 2429 tuorum,
1783 2362 1840 2417 id

209 2454 296 2505 est
325 2450 769 2505 constituentur
802 2466 908 2521 per
937 2451 1147 2521 digitos
1178 2455 1324 2519 tuos,
1352 2453 1410 2507 id
1440 2456 1525 2507 est
1553 2469 1656 2523 per
1687 2452 1841 2506 dona

207 2538 394 2592 sancti
422 2538 699 2609 Spiritus,
724 2538 821 2610 qui
842 2537 1050 2593 dicitur
1067 2539 1276 2609 digitus
1303 2558 1370 2594 eo
1402 2541 1556 2611 quod
1576 2557 1680 2611 per
1706 2555 1839 2593 eum

208 2626 386 2680 Pater
412 2630 718 2696 operatur,
743 2627 885 2682 sicut
901 2627 1105 2698 aliquis
1125 2644 1231 2698 per
1259 2627 1468 2697 digitos
1490 2644 1502 2681 :
1522 2627 1838 2681 secundum

209 2714 366 2784 quod
391 2714 454 2768 in
495 2714 801 2786 Evangelia
833 2715 1043 2769 dicitur
1071 2731 1083 2768 :
1118 2736 1145 2765 ‹‹
1169 2713 1230 2769 Si
1256 2714 1314 2768 in
1338 2715 1517 2787 digito
1546 2716 1645 2769 Dei
1675 2715 1839 2785 ejicio

211 2800 525 2857 damonia
555 2800 710 2875 (Luc.
739 2806 825 2869 Η,
854 2802 944 2875 20)
979 2825 1007 2852 »
1039 2820 1051 2857 :
1085 2806 1143 2857 et
1156 2818 1262 2873 per
1285 2804 1458 2858 caelos
1481 2803 1683 2857 videb‘o
1701 2820 1839 2858 con-

213 2889 371 2943 stitui
398 2891 635 2956 lunam,
668 2889 727 2945 id
764 2893 849 2945 est
888 2889 1270 2945 universalem
1307 2891 1613 2945 Ecclesiam
1650 2907 1662 2945 :
1710 2907 1839 2961 quae

216 2975 429 3031 dicitur
460 2978 623 3043 luna,
657 2994 724 3032 eo
756 2978 911 3049 quod
938 2978 1080 3033 sicut
1110 2980 1248 3034 luna
1276 2978 1587 3051 aliquando
1610 2978 1834 3032 videtur

217 3065 561 3121 decrescere
606 3065 665 3120 in
703 3069 965 3138 tempore
997 3067 1212 3122 scilicet
1264 3066 1696 3138 persecutionis,
1730 3066 1830 3120 ali-

216 3154 458 3225 quando
488 3170 627 3209 vero
656 3171 911 3209 crescere
942 3155 1002 3209 in
1035 3158 1297 3227 tempore
1321 3156 1491 3228 pacis.
1530 3157 1597 3209 Et
1626 3156 1837 3220 stellas,

217 3242 277 3297 id
316 3247 406 3298 est
454 3244 834 3316 particulares
876 3244 1169 3311 Ecclesias,
1199 3262 1326 3317 quae
1362 3262 1551 3316 parvae
1592 3249 1725 3299 sunt
1768 3244 1841 3299 ad

218 3334 728 3404 comparationem
761 3333 1092 3387 universalis
1120 3350 1131 3386 :
1156 3333 1299 3386 sicut
1329 3334 1504 3387 stellae
1522 3334 1594 3388 ad
1612 3349 1845 3403 compa-

219 3419 515 3475 rationem
541 3421 711 3474 lunze.
735 3420 892 3488 Quae,
916 3420 974 3474 id
1001 3424 1083 3474 est
1117 3421 1301 3475 lunam
1336 3429 1385 3476 et
1412 3422 1585 3475 stellas
1610 3424 1672 3475 tu
1695 3423 1841 3476 Deus

218 3507 488 3577 fundasti,
528 3508 587 3562 id
624 3512 709 3563 est
737 3508 1025 3576 fundabis,
1056 3509 1114 3563 id
1141 3513 1225 3564 est
1263 3526 1389 3580 quas
1422 3526 1539 3564 non
1570 3512 1844 3581 poterunt

222 3597 495 3652 constitui
528 3613 632 3669 per
663 3596 812 3667 ipsos
843 3599 1035 3665 caelos,
1058 3598 1160 3652 nisi
1196 3602 1249 3652 le
1279 3598 1724 3652 fundamentum
1746 3613 1844 3668 po-

223 3689 420 3754 nente,
469 3690 538 3741 ut
584 3685 663 3740 ait
699 3687 1000 3757 Apostolus
1038 3703 1050 3740 :
1098 3709 1125 3737 «
1172 3687 1636 3741 Fundamentum
1689 3686 1843 3740 aliud

226 3789 399 3829 nemo
432 3777 627 3845 potest
653 3791 869 3846 ponere
897 3777 1108 3845 praeter
1139 3774 1191 3829 id
1234 3775 1387 3846 quod
1420 3776 1671 3845 positum
1702 3776 1789 3827 est
1826 3790 1838 3827 :

227 3863 382 3932 quod
414 3866 506 3917 est
537 3862 790 3916 Christus
809 3861 861 3929 (Ι
887 3861 1012 3916 Cor.
1033 3880 1113 3928 ιιι,
1136 3866 1218 3917 ll.
1237 3884 1264 3912 ››
1292 3864 1356 3916 Et
1376 3863 1587 3917 iterum
1616 3863 1842 3934 :Neque

230 3950 324 4020 qui
353 3951 586 4021 plantat
614 3953 699 4005 est
734 3950 952 4021 aliquid
995 3967 1007 4005 :
1043 3967 1229 4022 neque
1277 3951 1373 4022 qui
1400 3951 1569 4022 rigat,
1615 3952 1711 4005 sed
1745 3952 1843 4022 qui

230 4035 664 4093 incrementum
697 4038 815 4107 dat,
850 4041 994 4093 Deus
1016 4038 1207 4111 (Ibid)
1242 4061 1270 4088 »
1303 4040 1510 4094 Videns
1541 4055 1675 4094 vero
1708 4054 1839 4110 pro-

230 4125 404 4195 pheta
434 4127 614 4182 coelos
641 4143 762 4181 esse
783 4128 1229 4195 constituendos,
1258 4131 1315 4182 et
1343 4129 1439 4183 Dei
1465 4128 1841 4200 magniﬁcen-

231 4210 372 4265 tiam
398 4214 744 4269 elevandam
778 4231 789 4267 :
829 4218 885 4269 et
916 4215 1023 4268 hoc
1054 4216 1241 4269 totum
1272 4220 1509 4286 propter
1539 4215 1841 4270 hominem

1944 509 2097 580 quod
2132 510 2377 561 minuisti
2412 524 2550 571 eum,
2588 505 2645 559 id
2691 506 2776 559 est
2812 503 3103 557 minorem
3146 503 3327 557 fecisti
3370 519 3503 556 eum
3535 517 3548 554 :

1931 598 2279 667 paulominus
2323 596 2389 648 ab
2429 595 2647 663 angelis.
2682 595 2759 646 Ac
2800 593 2845 646 si
2896 593 3088 646 dicat:
3124 591 3267 654 Quia
3316 593 3553 662 propter

1942 685 2242 739 hominem
2257 682 2664 737 redimendum
2680 698 2812 735 eum
2840 680 3062 751 angelis
3079 679 3367 733 minorem
3382 678 3556 732 facies

1941 773 2346 826 redimendum
2362 788 2494 824 eum
2510 770 2728 841 angelis
2744 770 3029 823 minorem
3048 767 3552 833 facies,mortalem

1940 861 2151 915 scilicet
2178 865 2234 914 et
2265 860 2614 929 passibilem,
2643 858 2893 911 visitabis
2914 874 3043 910 eum
3072 856 3322 909 educens
3342 854 3412 908 de
3433 854 3554 925 ipsa

1941 949 2291 1003 mortalitate
2319 952 2374 1001 et
2406 946 2799 1017 passibilitate.
2831 946 2896 998 Et
2915 944 3456 1016 exponitquomodo
3478 942 3555 997 vi-

1940 1037 2131 1091 sitabit
2162 1053 2291 1090 eum
2330 1037 2428 1088 sic.
2448 1036 2586 1087 Vere
2610 1034 2879 1087 visitabis.
2904 1034 3029 1087 Non
3057 1032 3368 1096 coronasti,
3390 1031 3444 1084 id
3469 1033 3556 1084 est

1940 1125 2243 1179 coronabis
2276 1140 2407 1176 eum
2438 1124 2609 1192 gloria
2645 1122 3076 1176 resurrectionis
3111 1138 3122 1175 :
3157 1124 3215 1175 et
3245 1122 3439 1173 honore
3461 1135 3556 1172 as-

1939 1213 2240 1267 censionis.
2272 1213 2366 1265 Vel
2416 1212 2609 1280 gloria,
2646 1212 2702 1265 id
2743 1214 2826 1264 est
2867 1211 3242 1265 illustratione
3290 1209 3550 1263 inferno-

1939 1318 2068 1356 rum
2094 1318 2105 1355 :
2136 1319 2201 1355 ex
2225 1301 2333 1353 hoc
2355 1300 2567 1354 scilicet
2586 1300 2737 1370 quod
2755 1316 2883 1352 cum
2908 1299 3222 1369 majestatis
3250 1298 3428 1369 gloria
3455 1297 3553 1352 de-

1940 1390 2175 1444 scendet
2206 1389 2276 1442 ad
2312 1389 2543 1442 inferos.
2578 1388 2651 1440 Et
2681 1389 2895 1454 honore,
2930 1387 2987 1441 id
3016 1390 3100 1440 est
3128 1387 3362 1441 victoria
3392 1402 3547 1441 mor-

1944 1479 2033 1543 tis,
2069 1482 2124 1532 et
2152 1480 2351 1549 postea
2379 1479 2722 1543 constituisti,
2756 1476 2813 1529 id
2861 1480 2943 1529 est
2981 1476 3291 1530 constitues
3317 1493 3433 1529 eum
3466 1493 3551 1529 su-

1931 1585 2033 1637 per
2079 1584 2236 1636 opera
2297 1584 2559 1619 manuum
2616 1572 2855 1627 tuarum,
2911 1565 2969 1617 id
3029 1581 3200 1635 super
3244 1564 3551 1618 rationales

1945 1650 2255 1721 creaturas,
2291 1672 2417 1726 quze
2453 1655 2722 1708 dicuntur
2742 1654 2843 1707 Dei
2867 1670 3039 1706 manu
3074 1656 3345 1724 operatus,
3378 1653 3434 1707 id
3468 1655 3552 1706 est

1865 1744 1916 1802 B
1944 1762 2062 1817 prae
2090 1744 2310 1797 caeteris
2343 1743 2554 1814 digna),
2589 1760 2716 1796 cum
2752 1742 2851 1796 Dei
2873 1759 3048 1795 manu
3080 1742 3342 1795 dicantur
3362 1741 3547 1795 factas.

1946 1834 2012 1886 Et
2042 1850 2159 1886 non
2185 1848 2366 1903 pauca
2397 1848 2611 1903 opera:
2641 1832 2739 1884 sed
2765 1834 2941 1884 omnia
2974 1846 3151 1901 opera
3177 1830 3462 1899 subjecisti,
3492 1829 3552 1883 id

1946 1926 2032 1976 est
2058 1920 2324 1990 subjicies
2356 1937 2369 1974 :
2416 1921 2513 1974 sub
2533 1920 2759 1989 pedibus
2788 1921 2918 1989 ejus,
2953 1918 3009 1972 id
3041 1922 3125 1971 est
3154 1919 3255 1972 sub
3281 1917 3549 1972 humani-

1946 2014 2061 2065 tate
2095 2011 2215 2081 ejus
2242 2025 2255 2063 :
2289 2009 2444 2080 quod
2471 2011 2555 2061 est
2581 2008 2774 2061 dicere
2807 2025 2819 2061 :
2854 2008 2979 2061 Non
3016 2008 3202 2061 solum
3234 2006 3550 2061 secundum

1945 2097 2229 2153 Deitatem
2253 2096 2565 2150 Dominum
2596 2095 2862 2150 omnium
2893 2112 3027 2149 eum
3059 2094 3419 2160 constituisti,
3452 2091 3553 2147 sed

1943 2184 2120 2239 etiam
2152 2184 2470 2238 secundum
2499 2183 2946 2237 humanitatem.
2964 2184 3031 2250 Et
3054 2184 3203 2237 bene
3224 2181 3555 2236 humanitas

1942 2274 2149 2328 dicitur
2323 2288 2441 2342 pes:
2459 2288 2590 2325 cum
2608 2271 2849 2326 inferior
2867 2271 3039 2325 fuerit
3053 2270 3438 2337 deitate,sicut
3452 2286 3552 2342 pes

1941 2363 2064 2417 aliis
2097 2361 2375 2415 membris
2406 2360 2647 2416 inferior
2673 2362 2851 2415 est.Et
2873 2362 2981 2417 hoc
3002 2362 3211 2434 probat
3235 2378 3268 2414 a
3296 2360 3554 2432 partibus

1939 2450 2039 2505 sic.
2074 2449 2301 2504 Scilicet
2331 2466 2447 2503 oves
2484 2450 2533 2503 ei
2565 2450 2849 2521 subjicies,
2884 2450 2942 2505 id
2992 2453 3074 2505 est
3123 2450 3253 2504 iltos
3292 2449 3389 2521 qui
3420 2451 3551 2504 sunt

1940 2554 2182 2596 summa:
2215 2538 2594 2608 simplicitatis
2625 2542 2682 2592 et
2712 2537 3077 2604 innocentiae,
3109 2539 3264 2592 velut
3284 2553 3416 2592 oves
3449 2553 3461 2590 :
3497 2538 3556 2589 et

1945 2628 2091 2682 boves
2110 2630 2401 2694 universas,
2432 2626 2491 2681 id
2517 2630 2602 2681 est
2624 2628 3028 2700 pradicatores
3060 2628 3158 2698 qui
3179 2627 3327 2681 bene
3356 2625 3550 2679 dicun-

1938 2719 2034 2770 tur
2058 2716 2249 2781 boves,
2284 2715 2343 2768 id
2374 2718 2457 2769 est
2501 2716 2825 2769 excolentes
2864 2715 3139 2782 minores,
3170 2717 3229 2768 et
3254 2714 3551 2786 pascentes

1941 2820 2039 2858 eos
2084 2802 2347 2857 doctrina
2384 2820 2486 2857 sua
2519 2820 2531 2857 :
2565 2804 2707 2857 sicut
2755 2804 2926 2858 boves
2959 2818 3131 2873 agros
3177 2803 3462 2867 excolunt,
3494 2803 3554 2855 et

1941 2893 2145 2947 vitulos
2187 2909 2316 2947 suos
2360 2893 2503 2946 lacte
2540 2895 2816 2962 pascunt:
2850 2892 3104 2962 insuper,
3152 2891 3210 2945 id
3259 2893 3343 2946 est
3372 2889 3549 2944 etiam

1934 2999 2130 3054 pecora
2159 2982 2337 3052 campi
2362 2980 2623 3052 subjicies
2654 2981 2725 3047 ei,
2759 2980 2816 3034 id
2845 2982 2930 3034 est
2950 2981 3318 3050 voluptuosos
3343 2978 3440 3050 qui
3469 2977 3551 3032 ita

1944 3073 2079 3126 sunt
2106 3069 2313 3125 intenti
2335 3068 2631 3140 voluptati,
2662 3071 2724 3122 ut
2764 3067 3049 3122 desideria
3090 3084 3192 3122 sua
3233 3067 3502 3137 expleant
3533 3082 3548 3121 :

1940 3159 2088 3213 sicut
2117 3174 2327 3230 pecora
2352 3158 2410 3211 in
2439 3173 2779 3228 camporum
2812 3156 3036 3228 pascuis
3080 3157 3459 3210 demorantur
3489 3158 3551 3209 ut

1940 3247 2124 3302 ventri
2178 3246 2444 3300 serviant.
2476 3248 2540 3299 Et
2571 3246 2779 3300 merito
2820 3246 3080 3315 voluptas
3135 3259 3341 3314 campo
3389 3258 3550 3298 com-

1941 3338 2199 3408 paratur,
2240 3351 2370 3389 cum
2403 3335 2597 3405 ampla
2628 3334 2699 3388 sit
2729 3335 2802 3389 ad
2851 3333 3040 3388 carnis
3081 3332 3364 3387 desideria
3392 3346 3550 3386 com-

1941 3424 2155 3496 plenda
2185 3441 2197 3477 :
2231 3425 2374 3478 sicut
2414 3440 2652 3494 campus
2678 3424 2904 3494 amplus
2934 3425 3038 3477 est.
3082 3423 3149 3476 Et
3176 3421 3412 3476 volucres
3441 3419 3556 3476 caeli

1941 3512 2227 3582 subjicies,
2290 3511 2326 3565 il
2381 3515 2468 3566 est
2521 3511 2647 3566 illos
2691 3512 2786 3583 qui
2842 3528 2946 3584 per
2988 3510 3269 3565 vanitates
3323 3509 3550 3565 irratio-

1942 3600 2211 3654 nabiliter
2241 3603 2524 3670 vagantur
2556 3616 2569 3653 :
2604 3600 2749 3654 sicnt
2781 3601 3039 3654 volucres
3068 3615 3172 3669 per
3213 3599 3441 3654 coelum.
3472 3597 3553 3652 Et

1932 3690 2101 3758 pisces
2120 3688 2303 3753 maris,
2333 3686 2391 3740 id
2418 3691 2502 3740 est
2520 3686 2771 3741 curiosos
2790 3686 2957 3756 hujus
2983 3685 3185 3739 mundi
3210 3701 3224 3739 :
3252 3684 3355 3756 ‘qui
3377 3700 3550 3739 mun-

1944 3776 2048 3830 dus
2096 3791 2255 3829 mare
2283 3774 2510 3841 dicitur,
2544 3790 2613 3828 eo
2646 3773 2801 3843 quod
2843 3772 3057 3827 crebris
3084 3771 3550 3826 tribulationibus

1945 3863 2261 3918 admodum
2305 3862 2482 3917 maris
2512 3861 2884 3933 inquietetur.
2921 3860 3136 3915 Curiosi
3166 3875 3323 3927 vero,
3363 3859 3422 3913 id
3464 3862 3551 3913 est

1942 3952 2111 4022 hujus
2163 3952 2367 4005 mundi
2422 3951 2635 4005 scilicet
2691 3948 2868 4016 avari,
2925 3947 3190 4003 dicuntur
3244 3946 3425 4018 pisces
3477 3962 3546 4003 eo

1943 4042 2118 4114 quod,
2150 4041 2294 4095 sicut
2336 4040 2520 4111 pisces
2551 4039 2608 4092 in
2651 4038 2938 4105 ﬂuctibus,
2974 4037 3049 4093 ita
3089 4038 3150 4092 in
3182 4036 3550 4092 saecularibus

1943 4133 2075 4184 sunt
2105 4128 2354 4201 depressi
2387 4127 2885 4183 sollicitudinibus.
2915 4126 3021 4191 Qui
3040 4126 3221 4199 pisces
3246 4125 3551 4197 perambu-

1942 4220 2083 4285 lant,
2126 4218 2184 4273 id
2224 4222 2308 4272 est
2364 4217 2580 4272 circum
2631 4220 2855 4283 natant,
2900 4215 3152 4284 semitas,
3200 4214 3259 4269 id
3304 4217 3392 4269 est
3432 4214 3552 4269 vias

232 4297 526 4357 futurum:
562 4304 715 4374 quod
736 4304 844 4357 vile
867 4306 923 4357 et
941 4302 1228 4373 abjectum
1252 4282 1563 4359 secundum
1585 4304 1843 4375 corporis
1872 4282 1918 4340 D
1944 4282 2141 4370 maris,
2173 4307 2232 4361 id
2261 4310 2346 4361 est
2377 4306 2615 4378 negotia
2644 4306 2814 4376 hujus
2843 4282 3033 4360 seaculi
3066 4322 3080 4359 :
3115 4282 3241 4376 quae
3285 4304 3389 4359 vias
3417 4306 3551 4358 sunt

236 4384 598 4446 debilitatem
628 4390 944 4458 videretur;
981 4396 1041 4445 ut
1069 4408 1203 4445 eum
1235 4408 1374 4463 erga
1400 4394 1580 4447 Deum
1614 4392 1843 4446 benivo-

234 4472 351 4528 lum
382 4479 707 4545 reddat,sic
729 4479 789 4533 in
821 4480 943 4550 ejus
969 4480 1199 4534 laudem
1232 4481 1839 4551 prorumpit.Quando

237 4563 469 4631 quidem
523 4567 955 4638 magniﬁcentia
990 4568 1305 4622 elevabitur
1347 4572 1404 4623 et
1446 4570 1572 4625 coeli
1628 4570 1840 4625 consti-

237 4651 470 4709 tuentur
502 4672 516 4710 :
547 4658 603 4709 et
631 4656 740 4709 hoc
769 4659 958 4709 totum
985 4656 1094 4710 erit
1120 4661 1358 4728 propter
1381 4658 1703 4712 hominem.

307 4738 451 4804 Quid
475 4750 551 4797 est
574 4744 746 4813 homo,
778 4744 834 4799 id
861 4747 945 4798 est
965 4762 1139 4817 quam
1165 4763 1443 4818 magnum
1467 4747 1605 4818 quid
1626 4747 1837 4802 homo.

238 4828 294 4879 et
317 4826 453 4884 inde
482 4832 591 4887 hoc
618 4836 805 4904 potest
841 4833 1016 4887 videri
1057 4835 1211 4905 quod
1254 4837 1313 4888 tu
1349 4852 1546 4889 memor
1574 4852 1643 4902 es,
1672 4835 1731 4889 id
1758 4839 1843 4888 est

240 4914 364 4981 eris,
402 4918 537 4987 ejus,
581 4920 640 4975 id
671 4924 755 4975 est
782 4921 879 4993 qui
911 4921 1059 4976 visus
1097 4939 1156 4976 es
1186 4939 1317 4976 eum
1357 4923 1626 4978 oblivioni
1663 4924 1840 4978 tradi-

239 5000 401 5067 disse,
443 5024 548 5078 per
576 5010 804 5082 culpam
834 5011 969 5065 Adae
995 5028 1007 5065 :
1036 5027 1265 5066 memor
1295 5012 1406 5066 eris
1436 5012 1483 5083 ej
1496 5029 1557 5066 us
1580 5029 1685 5083 per
1712 5013 1844 5067 obe-

240 5087 514 5151 dientiam
563 5098 788 5166 Christi,
834 5116 967 5154 eum
1009 5100 1402 5154 immortalem
1446 5101 1681 5160 faciens.
1711 5103 1845 5156 Post

239 5173 431 5234 laudes
460 5184 734 5255 hominis,
756 5187 937 5242 ﬁlium
968 5188 1223 5242 hominis
1254 5188 1437 5259 magis
1468 5189 1683 5257 laudat,
1707 5195 1768 5245 ut
1789 5191 1841 5245 ei

240 5269 433 5324 omnia
451 5273 706 5346 subjecta
738 5293 858 5331 esse
891 5276 1158 5331 ostendat
1196 5277 1274 5331 sic
1300 5277 1514 5331 dicens.
1545 5279 1683 5333 Dico
1714 5279 1844 5350 quid

238 5358 307 5404 est
334 5355 505 5413 homo.
540 5366 652 5418 Aut
686 5365 767 5419 ita
796 5365 1021 5436 dignius
1065 5381 1295 5435 possum
1328 5366 1537 5421 dicere.
1578 5365 1738 5433 Quid,
1782 5368 1841 5422 id

234 5444 316 5525 est
352 5461 532 5515 quam
577 5469 878 5524 magnum,
915 5453 1055 5525 quid
1097 5458 1181 5506 est
1215 5454 1357 5522 ﬁlius
1387 5455 1633 5520 hominis,
1667 5456 1725 5508 id
1757 5460 1842 5511 est

237 5524 513 5591 Christus:
551 5545 609 5597 et
632 5541 769 5598 inde
788 5542 1024 5615 probari
1048 5543 1159 5599 hoc
1181 5543 1371 5612 potest
1396 5559 1677 5615 magnum
1700 5545 1839 5616 quid

1940 4411 2045 4467 per
2084 4413 2224 4468 quas
2263 4396 2489 4450 venitur
2537 4396 2611 4450 ad
2649 4397 2870 4450 lucrum
2905 4396 3195 4450 saeculare.
3240 4394 3339 4448 Vel
3368 4392 3552 4465 pisces

1943 4486 2210 4540 dicuntur
2256 4485 2582 4556 philosophi
2623 4486 2791 4556 hujus
2840 4483 3052 4551 saeculi,
3095 4500 3163 4538 eo
3206 4481 3362 4554 quod
3402 4480 3548 4536 sicut

1910 4607 1913 4612 -
1941 4575 2120 4645 pisces
2151 4574 2209 4628 in
2236 4574 2403 4641 mari,
2433 4574 2512 4627 ita
2537 4572 2595 4626 in
2621 4573 2878 4627 smeulari
2901 4572 3140 4627 scientia
3164 4572 3549 4625 involvuntur.

1942 4664 2009 4718 Et
2036 4665 2183 4719 bene
2218 4663 2901 4734 dicunturperambulare
2923 4662 3158 4716 semitas
3181 4659 3376 4727 maris,
3391 4659 3450 4714 id
3467 4661 3555 4714 est

1941 4752 2174 4807 subtiles
2193 4753 2507 4807 sententias
2534 4752 2682 4806 illius
2697 4751 2948 4807 scientiae
2970 4750 3275 4806 saecularis.
3302 4749 3553 4804 Ostensis

1942 4841 2211 4895 omnibus
2248 4841 2508 4895 Ecclesiae
2555 4841 2835 4896 membris
2889 4840 3112 4896 Christo
3160 4836 3549 4909 subjiciendis,

1941 4928 2083 4983 sicut
2113 4948 2145 4983 a
2174 4931 2343 4985 laude
2371 4929 2585 5001 incepit
2609 4947 2621 4984 :
2657 4930 2736 4984 ita
2761 4929 2819 4984 in
2849 4930 3080 4984 laudem
3108 4926 3275 4980 ﬁnire
3301 4924 3554 4979 intendit

1943 5018 2324 5073 sicinfcrens:
2364 5019 2510 5090 Ergo
2544 5018 2678 5090 quia
2709 5034 2859 5085 oves,
2893 5021 3024 5083 etc.;
3048 5030 3177 5086 quin
3209 5014 3323 5067 dixi
3354 5010 3548 5066 Domi-

1945 5107 2071 5161 nico
2101 5107 2325 5162 homini
2364 5123 2467 5178 per
2506 5110 2562 5160 te
2593 5106 2966 5177 subjicientur
2998 5120 3010 5157 :
3044 5102 3275 5156 Domine
3301 5100 3548 5155 dominus

1942 5205 2134 5264 noster,
2168 5199 2226 5251 et
2256 5199 2381 5250 eaet.
2418 5197 2487 5250 Et
2510 5197 2618 5250 hoc
2650 5198 2711 5248 ut
2740 5192 2996 5266 superius
3021 5192 3348 5263 exponitur.

2463 5331 2532 5384 IN
2580 5328 2906 5385 PSALMUM
2958 5328 3023 5382 IX

2013 5455 2283 5526 Sequitur
2311 5455 2507 5511 titulus
2536 5455 2678 5526 psal.
2714 5455 2859 5513 noni
2889 5472 2900 5509 :
2934 5451 3001 5507 In
3026 5454 3185 5524 ﬁnem
3201 5468 3305 5526 pro
3337 5448 3555 5505 occultis

1939 5544 2060 5614 ﬁlii,
2078 5543 2319 5614 psalmus
2332 5543 2535 5613 David,
2548 5542 2707 5615 quod
2739 5547 2821 5605 sic
2838 5543 3160 5615 exponitur.
3174 5544 3435 5600 Psalmus
3449 5538 3556 5595 iste
