4010 6032
283 247 393 303 669

1309 238 1664 300 EXPOSITIO
1702 240 1771 298 IN
1809 241 2144 298 PSALMOS.
2177 271 2248 284 -—
2273 242 2470 300 PSAL.
2511 243 2576 300 IX

3497 255 3600 310 670

287 370 492 442 (Exod.
527 387 614 437 xv,
644 371 728 425 l8.
756 391 784 419 η
815 367 951 424 Dico
983 368 1139 442 quod
1170 369 1380 440 peribit
1412 370 1622 441 impius
1653 374 1710 424 et
1731 370 1807 423 sic
1821 369 1905 422 de-
1928 374 1983 432 Α
2003 369 2211 422 dicitur
2244 385 2255 423 :
2288 391 2316 419 ‹‹
2352 371 2554 423 Potum
2582 369 2741 424 dabit
2771 371 2934 426 nobis
2962 371 3021 426 in
3059 373 3324 445 lacrymis
3343 375 3402 430 in
3437 393 3601 433 mem

283 461 551 529 fecerunt,
595 459 654 514 id
701 461 787 512 est
850 460 1174 514 cessabunt.
1235 459 1303 512 In
1353 460 1514 528 ﬁnem
1572 459 1902 514 cessationis

287 551 573 620 quantum
622 547 829 602 cessari
877 551 1086 619 potest,
1148 549 1206 603 id
1257 553 1343 603 est
1391 566 1458 602 ex
1505 552 1628 604 toto
1679 549 1902 618 framea:-

285 639 512 702 inimici,
545 637 604 691 id
636 641 720 692 est
755 637 1156 692 tribulationes
1187 641 1243 692 et
1273 641 1566 692 tormenta
1599 655 1726 709 quia
1753 639 1898 692 sole-

283 726 662 800 bantini‘erre
697 726 858 780 mihi.
893 729 1001 781 Per
1029 728 1282 782 frameas
1325 727 1726 781 tribulationcs
1751 745 1900 782 mar-

281 816 804 886 tyriidenotantur:
831 816 964 888 quia
977 816 1212 870 frameis
1233 817 1397 871 multi
1415 817 1894 871 contribulantur.

279 902 360 958 Et
382 905 712 971 destruxtsti,
740 904 798 958 id
829 907 914 958 est
946 904 1202 958 destrues
1253 907 1511 970 civitates,
1554 905 1612 958 id
1644 908 1727 958 est
1757 923 1894 960 con-

282 993 629 1064 spirationes
644 1009 846 1048 eorum
870 1009 882 1046 :
899 995 961 1046 ut
978 995 1127 1047 ultra
1145 1011 1261 1048 non
1277 993 1608 1064 conspirant
1630 995 1896 1048 abversus

281 1098 400 1136 me.
434 1081 740 1136 Civitatem
769 1099 904 1136 vero
953 1082 1142 1136 dicere
1203 1083 1453 1136 solemus
1494 1082 1893 1138 collectionem

279 1171 539 1242 aliquam
561 1170 840 1236 virorum,
873 1173 936 1225 ut
963 1187 1078 1224 uno
1094 1169 1226 1240 jure
1272 1187 1330 1225 se
1364 1171 1619 1225 habeant
1677 1171 1896 1240 conspi-

276 1258 539 1314 rantium
569 1277 583 1314 :
615 1259 746 1314 ideo
769 1275 882 1330 quo
917 1275 1120 1314 eorum
1175 1259 1576 1314 multitudines
1625 1260 1894 1314 adversus

279 1347 593 1402 Ecclesiam
652 1349 715 1403 in
775 1363 956 1403 unum
1016 1348 1434 1418 conspirantes,
1494 1348 1749 1403 civitates
1809 1349 1892 1402 di-

279 1438 513 1491 cuntur.

203 1505 216 1512 ’
353 1523 499 1578 Cum
556 1541 692 1580 vero
763 1523 920 1591 dicit,
983 1528 1150 1596 periit
1220 1526 1502 1587 memoria,
1568 1528 1702 1590 etc.,
1761 1524 1897 1579 facit

280 1613 696 1684 apostropham
724 1613 796 1668 ad
823 1613 1114 1668 auditores
1145 1631 1156 1668 :
1205 1614 1345 1686 quia
1372 1617 1562 1686 posset
1613 1613 1790 1684 quaeri
1821 1631 1893 1668 an

2001 475 2132 512 sura
2162 457 2336 530 (Psal.
2372 475 2553 523 Lxxix,
2591 461 2664 528 6).
2704 481 2730 508 »

2072 547 2213 600 Cum
2253 565 2387 601 vero
2434 548 2570 601 dicit
2619 555 2667 601 et
2722 557 2948 620 sperent,
3003 545 3156 618 etc.,'
3193 554 3607 625 apostropham

1999 635 2134 688 facit
2165 635 2237 688 ad
2267 637 2448 691 Deum
2481 653 2652 690 orans
2670 654 2773 708 pro
2799 639 3209 695 minoribussic
3235 657 3246 694 :
3269 641 3604 709 Dico,Deus,

1999 722 2131 794 quia
2154 723 2438 793 judicabis
2467 725 2676 778 orbem
2707 727 2764 779 et
2797 729 3040 797 populos
3074 745 3086 782 :
3121 732 3178 782 et
3207 730 3389 782 factus
3416 745 3476 783 es
3514 747 3604 784 re-

1997 811 2242 882 fugium,
2277 815 2334 865 et
2363 815 2425 866 ut
2455 813 2513 866 in
2551 815 2740 866 futuro
2764 815 3121 884 judicentur,
3173 817 3244 870 ad
3279 815 3602 871 misericor-

1998 901 2154 954 diam
2186 905 2418 970 sperent
2439 901 2497 955 in
2521 906 2577 956 te
2609 919 2725 957 non
2756 903 2813 957 in
2843 905 3188 958 terreniszet
3218 904 3463 976 itaquod
3485 921 3603 959 non

1996 989 2268 1044 deficiant
2299 1007 2503 1045 omnes
2525 994 2622 1062 qui
2648 1000 2906 1046 noverunt
2934 1011 3124 1048 nomen
3157 1001 3307 1046 tuum
3333 1010 3349 1046 :
3377 997 3432 1047 te
3455 993 3600 1047 scili—

1993 1081 2084 1131 cet
2124 1093 2246 1130 esse
2291 1078 2596 1133 dominum
2639 1080 2901 1135 omnium
2939 1098 2950 1135 :
2985 1085 3044 1134 et
3085 1084 3386 1152 potentem
3414 1081 3600 1152 justos

1995 1167 2210 1220 salvare
2243 1169 2298 1219 et
2319 1165 2527 1236 impios
2555 1169 2819 1239 perdere.
2840 1169 2938 1224 Vel
2971 1185 3187 1224 nomen
3219 1174 3406 1236 tuum,
3436 1170 3495 1224 id
3515 1172 3602 1224 est

1991 1256 2050 1308 te
2082 1258 2366 1308 aeternum
2399 1273 2522 1309 esse
2543 1259 2754 1326 :utper
2777 1259 2834 1311 te
2865 1257 3010 1312 fiant
3035 1257 3235 1312 aeterni
3265 1274 3278 1311 :
3313 1261 3371 1312 et
3389 1256 3600 1327 repetit

1993 1359 2237 1397 causam
2259 1342 2386 1397 aliis
2413 1344 2601 1398 verbis
2611 1361 2716 1416 pro
2741 1363 2855 1416 qua
2885 1349 3010 1400 oret
3035 1362 3133 1400 eos
3163 1362 3414 1416 sperare.
3441 1345 3600 1401 Ideo-

1994 1448 2105 1502 que
2160 1430 2374 1484 scilicet
2429 1440 2677 1501 sperent:
2709 1433 2844 1504 quia
2890 1452 2996 1488 non
3041 1435 3366 1505 dereliquisti
3409 1449 3598 1506 neque

1995 1520 2360 1590 derelinques
2385 1524 2692 1590 querentes
2707 1525 2786 1588 te,
2803 1539 2918 1578 non
2937 1523 3266 1578 mundana:
3289 1524 3351 1577 in
3373 1523 3598 1593 adjutos

1995 1609 2142 1663 Deus
2165 1626 2178 1663 ε
2205 1607 2376 1672 Quasi
2404 1609 2659 1664 diceret:
2695 1612 2840 1664 Nam
2866 1612 3144 1666 Dominus
3192 1613 3456 1667 omnium
3487 1629 3546 1666 es
3578 1628 3592 1666 :

277 1704 430 1754 esset
457 1702 748 1772 periturus
776 1701 1007 1773 impius,
1051 1701 1194 1756 sicut
1219 1701 1460 1756 dixerat.
1491 1703 1558 1754 Et
1601 1702 1678 1754 sic
1709 1701 1891 1756 conti-
1915 1690 1966 1750 B
1993 1695 2252 1766 nihilque
2285 1696 2562 1766 injustum
2595 1697 2784 1752 facere
2815 1703 2980 1769 potes
3013 1717 3026 1753 :
3057 1703 3114 1754 et
3141 1701 3250 1754 hoc
3276 1701 3417 1756 illud
3439 1699 3594 1754 idem

274 1791 506 1844 nuatur:
537 1789 660 1844 Dixi
687 1791 831 1862 quod
855 1791 1148 1860 increpabis
1161 1798 1340 1860 gentes
1371 1798 1420 1843 et
1431 1791 1631 1860 peribit
1667 1793 1890 1861 impius:

273 1879 332 1930 et
361 1893 565 1932 verum
599 1877 746 1933 dico.
782 1878 925 1933 Nam
975 1897 1106 1934 vere
1151 1881 1322 1950 periit
1371 1881 1681 1948 memoriam
1711 1897 1892 1933 eorum

270 1963 644 2020 inimicorum
683 1984 802 2020 cum
853 1969 1049 2032 s0nitu,
1104 1967 1162 2022 id
1203 1971 1288 2022 est
1335 1967 1547 2039 peribit
1605 1968 1891 2022 memoria

271 2053 529 2108 nominis
561 2071 786 2122 eorum,
819 2055 878 2110 id
909 2057 1014 2121 est,
1067 2073 1368 2128 nunquam
1418 2057 1666 2126 amplius
1725 2056 1888 2126 impii

271 2140 557 2196 dicentur.
593 2142 660 2196 Et
682 2159 803 2196 cum
835 2144 1011 2197 sonitu
1035 2144 1263 2216 peribit,
1293 2143 1353 2198 id
1385 2146 1470 2197 est
1503 2161 1634 2198 cum
1665 2159 1885 2214 magno

267 2245 538 2285 rumore:
570 2231 703 2302 quia
723 2233 971 2286 multum
1001 2231 1419 2303 divulgabitur:
1440 2248 1558 2286 non
1577 2232 1687 2286 erit
1713 2233 1882 2285 clam.

263 2316 336 2372 Et
359 2321 489 2388 post
516 2317 781 2373 Dominus
806 2320 865 2374 in
893 2327 1170 2386 aeternum,
1203 2319 1260 2373 id
1283 2323 1369 2374 est
1403 2336 1632 2391 semper
1663 2323 1882 2387 manet,

265 2405 325 2460 id
361 2408 449 2460 est
477 2409 844 2477 permanebit
877 2407 936 2462 in
970 2407 1051 2463 eis
1075 2407 1389 2462 sicutidem
1415 2408 1582 2462 dicit:
1615 2409 1734 2462 «Ad
1750 2425 1882 2463 eum

264 2493 565 2549 veniemus
613 2499 670 2549 et
739 2496 1104 2550 mansionem
1165 2495 1317 2568 apud
1396 2511 1529 2549 eum
1607 2496 1882 2550 faciemus

271 2581 454 2653 (Joan.
488 2599 600 2650 xw,
633 2586 741 2646 23).
779 2605 806 2634 ι)
835 2585 902 2638 Et
936 2584 1058 2654 ipse
1087 2583 1184 2655 qui
1217 2584 1276 2638 in
1295 2584 1377 2638 eis
1397 2585 1763 2654 permanebit
1781 2585 1880 2654 ju-

262 2669 486 2736 dicabit,
519 2669 577 2725 id
608 2674 693 2725 est
722 2671 1120 2726 remunerabit
1174 2671 1232 2726 in
1293 2673 1508 2739 futuro,
1554 2675 1610 2726 in
1636 2675 1882 2742 (Pquitate

262 2759 442 2814 orbem
470 2767 642 2826 terrae,
678 2761 735 2816 id
767 2765 852 2816 est
882 2761 1008 2816 illos
1034 2760 1132 2833 qui
1173 2762 1350 2816 futuri
1379 2764 1530 2816 'sunt
1583 2779 1649 2816 ex
1677 2765 1833 2818 terra
1862 2779 1876 2817 :

265 2849 362 2920 qui
389 2849 565 2919 prius,
600 2849 813 2904 scilicet
835 2852 992 2904 terra
1033 2853 1199 2904 erant
1232 2851 1386 2904 orbis
1411 2849 1553 2920 ejus,
1586 2850 1642 2904 id
1675 2853 1760 2904 est
1790 2867 1882 2906 co-

259 2949 412 2990 rona
444 2937 566 3007 ejus
587 2937 644 2992 in
697 2938 935 2992 circuitu
967 2938 1108 3009 ejus.
1165 2937 1378 2992 Orbem
1425 2955 1557 2992 vero
1582 2938 1745 3008 ponit
1773 2955 1878 3009 pro
1899 2979 1946 3037 Ο

262 3039 508 3080 corona:
543 3025 679 3096 quia
709 3023 992 3080 rotundus
1023 3029 1128 3080 est.
1164 3024 1242 3079 Et
1262 3025 1506 3096 populos,
1549 3025 1606 3080 id
1652 3029 1737 3079 est
1788 3026 1877 3080 in-

261 3109 464 3167 ﬁdeles
485 3112 786 3184 judicabit,
824 3110 882 3168 id
917 3115 1002 3168 est
1040 3115 1438 3168 remunerabit
1462 3113 1519 3168 in
1545 3113 1788 3183 justitia,
1818 3114 1878 3168 id

267 3203 353 3254 est
375 3199 530 3270 juste
557 3201 886 3256 damnabit:
917 3205 974 3256 et
1004 3201 1048 3256 si
1081 3201 1288 3272 impius
1321 3201 1578 3256 videatur
1613 3219 1730 3256 non
1753 3203 1876 3272 jus-

263 3290 413 3342 tum.
447 3288 582 3343 Dico
603 3290 757 3362 quod
771 3290 1051 3360 judicabit
1074 3291 1275 3344 orbem
1301 3293 1490 3344 terrae:
1509 3294 1566 3344 et
1595 3292 1836 3362 populos
1861 3307 1872 3344 :

267 3378 324 3430 et
351 3377 578 3430 merito.
616 3378 759 3434 Nam
791 3381 897 3450 ipse
911 3381 1134 3450 paravit
1181 3379 1432 3432 thronum
1483 3395 1660 3444 suum,
1706 3379 1763 3434 id
1793 3383 1878 3434 est

254 3464 537 3536 judicium
568 3483 695 3520 sum
729 3483 743 3520 :
778 3469 833 3520 in
857 3467 1062 3537 judicio
1106 3467 1310 3521 mortis
1354 3483 1458 3538 pro
1503 3467 1686 3521 Patris
1737 3468 1874 3522 obe-

262 3551 482 3607 dientia
534 3554 894 3621 constitutus,
951 3554 1008 3609 id
1065 3557 1150 3608 est
1189 3555 1410 3626 judicio
1470 3555 1676 3610 mortis
1721 3557 1875 3627 quod

261 3644 465 3712 sponte
493 3642 662 3696 subiit
713 3659 726 3696 :
766 3643 940 3698 totius
975 3643 1178 3698 mundi
1210 3643 1494 3714 judicium
1541 3644 1646 3699 sibi
1681 3645 1872 3716 acqui-

261 3727 409 3794 sivit,
459 3730 730 3800 Apostolo
791 3733 1041 3785 testante
1090 3748 1102 3786 :
1169 3754 1197 3782 ‹‹
1256 3731 1510 3787 Christus
1555 3733 1760 3788 factus.
1790 3739 1876 3789 est

223 3841 237 3847 ~
263 3815 538 3870 obediens
569 3818 722 3872 Patri
755 3835 933 3890 usque
951 3819 1023 3874 ad
1059 3823 1312 3874 mortem
1349 3837 1362 3874 :
1389 3824 1626 3892 pr0pter
1649 3822 1874 3892 quodet

259 3905 408 3959 Deus
438 3905 706 3960 exaltavit
735 3906 897 3960 illum
924 3907 1154 3978 (Philip.
1195 3925 1255 3974 ιι,
1304 3909 1376 3978 8).
1409 3930 1435 3957 ››
1471 3910 1716 3980 Populos
1738 3910 1874 3964 dicit

259 3993 466 4059 malos,
497 3993 632 4065 quia
664 3995 828 4048 multi
861 3999 1030 4050 erunt
1055 3996 1126 4050 ad
1161 3998 1661 4068 comparationem
1687 3999 1871 4053 bono-

257 4097 411 4146 rum,
449 4081 584 4152 quia
615 4081 776 4136 illud.
812 4105 839 4133 «
868 4083 1021 4138 Multi
1049 4085 1258 4150 vocati,
1307 4085 1474 4154 pauci
1517 4102 1650 4140 vero
1709 4087 1873 4140 electi

260 4169 484 4241 (Matth.
521 4187 610 4237 xx,
645 4175 713 4226 22
734 4197 757 4224 η.
790 4193 817 4219 ››
840 4171 974 4226 Dico
1001 4172 1231 4243 quodin
1253 4173 1445 4227 futuro
1463 4173 1766 4243 judicabit.
1809 4175 1871 4228 Et

1993 1787 2078 1837 est
2108 1784 2262 1854 quod
2288 1785 2548 1854 superius
2565 1785 2734 1839 dixit:
2758 1787 2940 1841 factus
2956 1805 3016 1841 es
3045 1789 3331 1858 refugium
3353 1787 3594 1858 pauperi
3627 1849 3648 1864 ἱ

1992 1874 2222 1944 adjutor
2255 1872 2311 1926 in
2354 1874 2743 1928 tribulatione.
2765 1877 2898 1929 Post
2945 1877 3291 1940 orationem,
3333 1879 3590 1948 apostro-

1990 1963 2165 2032 pham
2183 1961 2319 2014 facit
2335 1961 2406 2016 ad
2427 1963 2702 2027 minores,
2729 1964 2967 2018 hortans
2994 1967 3054 2018 ut
3071 1965 3214 2019 sicut
3228 1965 3352 2034 ipsa
3372 1965 3588 2030 laudat,

1989 2051 2069 2104 ita
2086 2053 2144 2104 et
2156 2050 2262 2120 ipsi
2277 2051 2493 2104 faciant
2509 2091 2521 2104 .
2536 2051 2778 2124 Quando
2803 2053 3039 2124 quidem
3051 2053 3348 2124 judicabit,
3365 2057 3422 2106 et
3435 2053 3588 2108 refu-

1987 2139 2145 2211 gium
2177 2140 2233 2191 et
2273 2139 2504 2208 adjutor
2530 2142 2616 2192 est
2643 2121 2661 2192 ἶ
2695 2156 2792 2212 vos
2817 2121 3086 2195 minores
3101 2141 3314 2212 psallite
3335 2140 3588 2208 Domino,

1986 2227 2043 2280 id
2060 2231 2144 2280 est
2167 2227 2316 2281 bene
2337 2211 2808 2298 operamini
2827 2229 2900 2282 ad
2915 2211 3204 2284 honorem
3220 2229 3268 2299 ej
3279 2233 3426 2296 us,et
3443 2246 3588 2300 prte-

1985 2316 2173 2370 tendit
2195 2333 2308 2386 qua
2323 2316 2590 2382 utilitate,
2607 2316 2683 2369 sic
2704 2333 2716 2370 :
2735 2315 2844 2382 Qui
2861 2318 3069 2371 habitat
3085 2321 3140 2372 in
3169 2317 3486 2390 Sion,quod
3504 2323 3591 2374 est

1984 2421 2048 2460 ac
2065 2405 2274 2459 sidicat
2295 2421 2307 2458 :
2331 2403 2514 2467 Quiin
2535 2405 2806 2460 omnibus
2835 2405 2931 2476 qui
2980 2405 3118 2460 Sion
3153 2410 3306 2473 sunt,
3343 2407 3584 2476 habitat,

1981 2497 2040 2548 et
2069 2494 2126 2548 in
2173 2492 2332 2548 vobis
2361 2492 2643 2546 habitabit
2675 2493 2719 2546 si
2752 2492 2889 2547 Sion
2921 2493 3161 2560 fueritis,
3179 2494 3236 2548 id
3269 2498 3356 2549 est
3395 2512 3590 2566 specu-

1979 2585 2194 2639 latores
2223 2579 2424 2652 patrise
2457 2581 2721 2647 caelestis,
2742 2584 2800 2634 et
2827 2598 2944 2636 non
2982 2583 3167 2636 solum
3191 2583 3462 2653 psallatis,
3487 2584 3588 2639 sed
3653 2640 3658 2646 ,

1981 2674 2117 2725 inter
2143 2677 2340 2740 gentes,
2371 2667 2429 2722 id
2451 2668 2743 2740 gentiliter
2773 2668 3027 2724 viventes
3074 2669 3427 2726 incedentes.
3462 2671 3586 2726 An-

1979 2761 2224 2813 nuntiate
2261 2756 2342 2811 eis
2384 2755 2562 2809 studia
2613 2756 2748 2824 ejus,
2808 2756 2866 2810 id
2921 2759 3007 2810 est
3063 2757 3394 2813 affectiones
3449 2759 3584 2814 cha-

1978 2847 2164 2902 ritatis
2211 2847 2352 2918 ejus,
2404 2847 2619 2916 quanta
2663 2843 2876 2898 scilicet
2926 2845 3228 2900 affectione
3271 2863 3377 2902 nos
3415 2848 3581 2903 rede-

1979 2938 2106 3002 mit,
2144 2937 2474 3007 quantoque
2519 2933 2578 2985 in
2608 2932 2802 2986 futuro
2843 2933 3028 2988 bonos
3077 2936 3494 3003 remunerabit,
3525 2939 3585 2992 et

1978 3028 2124 3080 bene
2152 3025 2316 3097 ponit
2343 3021 2539 3075 studia.
2568 3021 2692 3076 Non
2719 3021 2876 3075 enim
2903 3021 3154 3076 redemit
3185 3040 3372 3095 neque
3387 3041 3582 3080 remu-

1979 3113 2206 3170 nerabit
2226 3111 2554 3178 temerarie,
2588 3111 2688 3164 sed
2712 3127 2928 3182 magno
2960 3111 3148 3166 studio
3179 3115 3351 3184 atque
3376 3115 3581 3185 poten-

1977 3203 2200 3258 tissima
2223 3201 2468 3256 ratione.
2507 3200 2573 3252 Et
2591 3199 2746 3254 bono
2775 3201 2962 3254 vestro
2997 3200 3250 3270 psalletis
3275 3204 3332 3254 et
3355 3219 3580 3257 annun-

1976 3289 2189 3344 tiabitis
2209 3307 2223 3357 ;
2247 3291 2499 3361 quoniam
2528 3289 2830 3342 recordatus
2853 3295 2948 3356 est,
2982 3289 3043 3344 id
3070 3293 3156 3344 est
3186 3292 3584 3348 recordabitur

1977 3380 2036 3434 in
2065 3379 2258 3434 futuro
2296 3381 2359 3432 ut
2393 3381 2745 3444 remunere't,
2789 3378 3059 3432 clamoris
3096 3393 3418 3450 pauperum
3451 3382 3510 3435 et
3537 3380 3584 3436 si

1977 3467 2154 3522 modo
2181 3467 2441 3520 videatur
2461 3465 2671 3519 oblitus
2693 3483 2836 3534 esse,
2867 3467 2926 3522 id
2947 3472 3032 3522 est
3059 3470 3458 3525 recordabitur
3493 3471 3580 3526 in-

1975 3559 2154 3610 tonsae
2203 3554 2480 3610 orationis
2523 3571 2886 3626 pauperum;
2932 3561 3171 3628 propter
3211 3575 3345 3614 eum
3391 3559 3577 3627 factae,

1975 3661 2103 3717 quae
2133 3643 2392 3715 procedit
2422 3659 2490 3695 ex
2518 3647 2676 3696 recta
2707 3643 3007 3699 ail‘ectione
3041 3650 3097 3699 et
3126 3647 3483 3716 operatione.

2045 3734 2113 3787 Et
2156 3731 2290 3803 quia
2331 3731 2551 3785 dixerat
2586 3731 2890 3784 recordatus
2935 3739 3029 3799 est,
3077 3734 3368 3789 videretur
3411 3735 3579 3790 alicui

1973 3839 2091 3877 non
2124 3823 2270 3876 bene
2303 3819 2526 3874 notanti
2547 3836 2682 3873 eum
2705 3819 2947 3874 oblitum
2967 3821 3156 3888 fuisse,
3176 3823 3306 3878 ideo
3323 3824 3580 3894 sequitur

1972 3909 2250 3964 correctio
2289 3907 2366 3960 sic
2412 3924 2424 3961 :
2471 3907 2604 3962 Dico
2647 3906 2951 3962 recordatus
2986 3916 3080 3974 est,
3121 3925 3228 3964 non
3267 3913 3464 3965 tamen
3501 3919 3580 3968 est

1971 3999 2165 4052 oblitus
2185 4011 2442 4066 unquam
2479 3996 2762 4049 clamorem
2788 4013 3091 4067 pauperum
3113 4015 3132 4064 ;
3153 3999 3253 4052 sed
3280 3997 3407 4055 ideo
3440 4000 3574 4070 dixi,

1973 4086 2106 4157 quia
2132 4085 2359 4139 videtur
2388 4083 2752 4154 quibusdam.
2783 4085 2848 4139 Et
2869 4086 3024 4156 quod
3047 4087 3462 4155 recordabitur,
3485 4105 3577 4144 re-

1973 4173 2334 4228 munerando
2367 4175 2655 4226 monstrat
2674 4173 2746 4226 ab
2768 4174 3031 4244 opposito
3064 4191 3196 4229 cum
3218 4175 3572 4248 interponit:

256 4257 348 4312 hic
375 4257 610 4312 interim
642 4258 824 4314 factus
847 4262 950 4326 est,
975 4259 1033 4314 id
1063 4263 1148 4314 est
1165 4260 1262 4314 ﬁet
1281 4261 1544 4315 Dominus
1574 4263 1868 4332 refugium,
1893 4266 1944 4324 D
1969 4261 2261 4333 Requirens
2283 4263 2616 4330 sanguinem,
2631 4261 2689 4315 id
2707 4264 2792 4315 est
2809 4265 3060 4318 mortem
3081 4280 3286 4322 eorum
3311 4266 3382 4321 de
3399 4283 3575 4323 manu

253 4345 313 4402 id
333 4349 420 4400 est
447 4347 739 4412 securitas,
759 4349 1009 4418 pauperi,
1048 4348 1108 4402 id
1135 4352 1220 4403 est
1251 4349 1332 4402 illi
1395 4348 1490 4419 qui
1533 4352 1697 4403 tanta
1737 4351 1869 4404 sub-

247 4432 520 4505 jectionis
546 4434 874 4490 humilitate
903 4452 962 4490 se
989 4452 1130 4507 erga
1155 4453 1288 4490 eum
1339 4437 1592 4504 habebit,
1653 4441 1870 4509 quanta

251 4538 474 4594 pauper
503 4525 567 4576 ut
597 4522 814 4594 aliquid
842 4523 1098 4596 acquirat
1129 4541 1270 4595 erga
1300 4524 1558 4580 divitem.
1586 4525 1684 4581 Vel
1726 4544 1865 4599 pau-

249 4609 396 4684 peri,
430 4609 489 4664 id
521 4613 605 4664 est
634 4610 712 4665 illi
759 4611 855 4682 qui
885 4612 942 4665 in
973 4612 1082 4666 hoc
1114 4613 1333 4668 mundo
1348 4617 1584 4685 propter
1599 4630 1865 4671 cumesse

249 4713 473 4770 pauper
500 4699 757 4770 elegerit.
789 4701 855 4754 Et
875 4716 993 4755 non
1009 4702 1194 4756 solum
1217 4702 1528 4772 refugium,
1551 4703 1610 4758 id
1632 4707 1716 4758 est
1727 4721 1865 4759 con-

248 4787 467 4840 stantes
497 4790 556 4840 et
585 4787 903 4858 intrepidos
934 4788 1150 4843 faciens
1181 4791 1362 4848 (multi
1397 4807 1649 4862 namque
1680 4793 1862 4847 haere-

165 4912 170 4916 -
251 4873 346 4928 tici
381 4874 439 4928 in
467 4875 935 4930 tribulationibus
965 4877 1248 4932 inutiliter
1276 4879 1647 4934 inveniuntur
1681 4881 1860 4936 intre-

247 4961 414 5034 pidi),
444 4963 544 5018 sed
574 4964 752 5018 etiam
778 4965 997 5034 adjutor
1029 4967 1085 5019 in
1109 4967 1467 5034 tribulatione,
1487 4969 1545 5022 id
1578 4973 1662 5024 est
1683 4986 1862 5040 agens

249 5051 472 5104 occulto
497 5051 716 5121 judicio
750 5051 906 5123 quod
937 5053 1058 5124 ipsa
1089 5055 1382 5110 tribulatio
1411 5056 1640 5127 adjuvet
1659 5074 1756 5111 eos
1787 5057 1860 5112 ad

247 5142 628 5208 augmentum
655 5140 872 5207 meriti,
905 5141 1049 5195 sicut
1077 5142 1353 5212 scriptum
1387 5147 1474 5198 est
1499 5161 1513 5199 :
1550 5144 1723 5200 Fiant
1751 5147 1860 5201 cla-

248 5227 415 5280 riores
423 5243 524 5296 per
571 5230 824 5282 exercitia
879 5229 1139 5283 laborum.
1192 5233 1254 5284 In
1304 5232 1675 5288 tribulatione
1735 5236 1861 5292 dico

249 5312 522 5386 disposita
553 5333 585 5370 a
611 5319 728 5372 Deo
759 5316 816 5370 in
851 5318 1400 5389 opportunitatibus,
1449 5321 1507 5376 id
1534 5329 1620 5378 cst
1661 5343 1862 5380 secun—

249 5401 390 5457 dum
415 5404 574 5476 quod
605 5408 1002 5476 opportunum
1036 5411 1140 5475 est,
1174 5411 1236 5462 ut
1250 5408 1370 5480 pati
1388 5411 1604 5482 possint
1627 5430 1702 5468 ne
1731 5414 1866 5468 deﬁ-

255 5490 418 5550 ciant
447 5491 495 5548 si
519 5492 672 5550 ultra
687 5493 930 5551 modum
955 5493 1130 5552 fuerit
1165 5513 1178 5553 :
1210 5497 1526 5554 secundum
1543 5501 1700 5574 quod
1729 5501 1866 5559 alibi

1968 4349 2282 4421 impiorum
2322 4351 2386 4402 ut
2437 4349 2660 4420 puniat,
2713 4349 2855 4404 sicut
2907 4351 3042 4406 alibi
3089 4352 3335 4408 dicitur.
3369 4376 3398 4405 ‹‹
3445 4353 3574 4411 Mihi

1967 4437 2302 4503 vindictam,
2333 4439 2392 4490 et
2440 4453 2547 4508 ego
2590 4437 2907 4493 retribuam
2955 4442 3144 4505 (Deut.
3193 4459 3360 4510 xxxn,
3404 4443 3573 4514 35),»

1969 4527 2124 4598 quod
2153 4528 2242 4580 est
2271 4541 2336 4579 ac
2361 4525 2406 4578 si
2439 4525 2654 4579 diceret
2685 4543 2696 4579 :
2733 4526 2876 4582 Cum
2907 4527 3116 4599 impios
3139 4535 3378 4602 propter
3392 4533 3575 4604 justp-

1965 4631 2097 4670 rum
2117 4614 2575 4686 persecutionem
2591 4615 2661 4668 sit
2679 4615 3365 4690 damnaturus,pauperes
3375 4622 3571 4694 utique

1965 4721 2071 4776 pro
2119 4721 2178 4758 se
2226 4702 2511 4774 patientes
2559 4705 2644 4756 est
2683 4709 3174 4762 remuneraturus.
3220 4710 3286 4763 Et
3331 4711 3570 4781 apponit

1963 4793 2151 4864 ipsum
2201 4793 2518 4846 clamorem
2565 4807 2886 4864 pauperum
2925 4796 3001 4851 sic
3053 4797 3284 4852 dicens:
3318 4798 3447 4852 Non
3495 4807 3570 4855 est

1962 4883 2158 4937 oblitus
2188 4881 2468 4935 clamorem
2495 4897 2820 4953 pauperum,
2853 4885 2949 4956 qui
2995 4887 3122 4940 talis
3169 4889 3271 4941 est.
3312 4887 3567 4945 Miserere

1958 4973 2082 5039 mei,
2116 4973 2363 5037 Domine,
2397 4970 2454 5024 id
2485 4973 2571 5024 est
2611 4972 3056 5028 misericorditer
3101 4975 3242 5028 mihi
3269 4977 3561 5048 retribue;

1962 5076 2092 5114 cum
2139 5060 2212 5113 sis
2245 5059 2523 5114 Dominus
2553 5059 2610 5112 in
2643 5060 2835 5126 rebus,
2871 5065 2928 5114 et
2957 5063 3153 5117 omnia
3180 5063 3380 5134 possis.
3401 5066 3469 5119 Et
3494 5083 3566 5122 ne

1963 5147 2109 5202 desit
2138 5165 2307 5202 causa
2331 5146 2760 5202 retributionis:
2789 5147 2939 5216 Vide,
2974 5150 3046 5204 ad
3075 5151 3182 5206 hoc
3216 5155 3278 5206 ut
3309 5151 3414 5208 tibi
3441 5157 3564 5226 pla-

1965 5240 2109 5304 ceat,
2133 5237 2506 5302 humilitatem,
2527 5237 2586 5291 id
2603 5239 2688 5289 est
2705 5237 3112 5306 dejectionem,
3143 5257 3314 5295 meam
3366 5243 3432 5297 de
3470 5247 3570 5300 ini-

1963 5327 2111 5379 micis
2137 5328 2264 5378 meis
2289 5324 2976 5390 illatam,tribulationem
3004 5327 3216 5382 scilicet
3255 5347 3432 5402 quam
3462 5350 3567 5404 pro

1963 5417 2020 5468 te
2046 5414 2255 5485 patior.
2289 5413 2422 5468 Dico
2447 5415 2690 5468 miserere
2727 5420 2807 5477 tu,
2837 5415 2935 5486 qui
2973 5419 3092 5470 tam
3127 5419 3330 5475 exultas
3357 5439 3440 5477 me
3479 5423 3568 5478 di-

1963 5505 2186 5578 gnitate
2216 5501 2382 5573 vitae;
2414 5517 2509 5559 me
2541 5501 2668 5560 dico
2687 5505 3275 5581 exemptumdeportis
3295 5513 3572 5587 mrtisﬁd
3637 5570 3645 5577 .
