4010 6032
446 263 541 316 671

1048 261 1105 316 S.
1147 261 1491 317 BRUNONIS
1531 259 2163 317 CARTHUSIANORUM
2202 261 2669 320 INSTITUTORIS
2711 265 2868 321 OPP.
2910 266 3087 323 PARS
3127 269 3150 322 Ι

3661 276 3771 328 67‘2

438 383 524 433 est
552 379 622 434 de
653 378 816 445 vitiis,
851 396 977 451 quae
1006 382 1136 433 sunt
1168 384 1346 451 portae
1380 398 1481 451 per
1528 398 1668 451 quas
1701 381 1949 433 intratur
1978 380 2049 433 ad
2082 387 2131 443 Α
2152 381 2413 437 futurum
2436 388 2537 450 cst,
2562 393 3279 458 convertantur-peccatores,
3308 391 3675 460 imin/‘ernum,
3711 394 3769 444 et

438 472 712 521 mortem.
746 469 813 522 Et.
832 468 902 522 ad
932 469 1040 521 hoc
1063 470 1275 522 exultas
1308 477 1362 521 ut
1381 472 1693 523 annuntz’em
1721 470 1843 523 aliis
1872 486 2051 521 omnes

439 555 761 610 laudationis
791 556 927 623 tua’s,
989 557 1045 610 id
1078 561 1161 610 est
1217 560 1436 611 occulta
1485 557 1701 627 judicia
1752 560 1852 610 tua
1896 557 2049 610 unde

372 662 385 667 '
437 644 661 700 laudari
678 645 870 700 debes.
894 647 1012 714 Ego
1043 646 1166 700 dico
1200 647 1444 701 existens
1472 649 1525 698 in
1544 649 1719 715 portis
1738 646 1863 714 ﬁlice
1891 645 2046 700 Sion.

438 734 798 788 Intransitive
828 734 1045 788 dictum
1076 739 1158 788 est
1191 753 1202 789 :
1237 734 1396 788 Filiae
1421 733 1576 788 Sion.

512 822 675 885 Quod
707 827 792 878 est
819 824 1035 877 dicere:
1067 825 1182 894 Ego
1197 824 1440 877 existens
1468 824 1524 876 in
1552 823 1962 889 virtutibus,vel
1988 824 2049 877 in

441 913 740 966 sententiis
770 914 1183 984 apostolorum,
1218 930 1343 984 qua!
1368 916 1500 966 sunt
1549 916 1729 983 portae
1762 931 1866 985 per
1910 930 2070 987 quas

442 1001 707 1066 Ecclesia,
722 1018 849 1072 quae
874 1002 970 1055 Dei
986 1002 1102 1055 ﬁlia
1121 1005 1273 1055 estet
1291 1003 1705 1073 apostolorum,
1725 1002 2048 1072 ingreditur

442 1089 514 1143 ad
546 1089 739 1143 vitam.
764 1090 829 1142 Et
854 1106 926 1143 ne
954 1090 1375 1160 intelligeretur
1391 1089 1509 1143 filia
1527 1090 1849 1161 Babylonis,
1867 1090 2053 1143 deter-

441 1177 625 1231 minat
656 1194 786 1231 cum
808 1177 967 1231 addit
996 1195 1007 1231 ε
1040 1176 1193 1245 Sion,
1224 1178 1379 1249 quod
1428 1182 1512 1232 est
1542 1177 1750 1243 dicere,
1808 1195 1935 1249 qua:
1968 1181 2051 1232 est

439 1277 736 1347 speculans
767 1275 978 1328 futura.
1010 1277 1076 1329 Et
1108 1276 1215 1330 hoc
1245 1278 1432 1329 totum
1458 1292 1522 1328 ac
1544 1274 1587 1328 si
1621 1274 1837 1328 diceret
1878 1291 1890 1327 :
1922 1274 2048 1328 Scio

440 1365 597 1436 quod
630 1364 743 1418 mei
778 1364 1167 1427 misereberis,
1195 1380 1325 1416 cum
1352 1364 1477 1433 jam
1509 1380 1603 1416 me
1632 1362 1805 1415 facias
1830 1365 2046 1416 exalta-

439 1454 587 1506 tum.
610 1453 744 1507 Dico
773 1455 1014 1505 miserere
1043 1454 1163 1518 mei,
1212 1456 1270 1505 et
1296 1451 1372 1505 sic
1395 1452 1664 1504 crsultabo
1714 1453 1769 1503 in
1821 1450 2054 1504 salutari

440 1546 552 1607 tuo,
580 1540 640 1594 id
671 1544 756 1594 est
788 1540 847 1593 in
879 1541 1221 1594 salutatione
1236 1545 1334 1593 tua
1350 1540 1659 1603 mihidata,
1687 1539 1743 1592 id
1761 1543 1845 1593 est
1870 1539 1925 1592 in
1942 1540 2051 1593 hoc

441 1628 599 1700 quod
629 1629 867 1682 reduces
910 1646 1004 1681 me
1036 1628 1092 1681 in
1125 1628 1650 1682 immortalitatem.
1685 1627 1921 1681 Ostenso
1936 1628 2049 1681 cla-

2154 471 2390 542 exponit
2437 490 2580 543 quos
2624 480 2785 529 vocet
2835 484 3136 545 peccatores
3168 478 3282 532 sic:
3344 477 3536 532 Omnes
3589 486 3770 548 gentes

2151 558 2364 613 scilicet
2403 578 2520 632 quae
2561 564 2942 617 obliviscuntur
2994 565 3190 631 Deum,
3232 566 3292 620 id
3340 570 3427 620 est
3474 584 3602 638 quae
3634 584 3770 622 cum

2153 647 2389 702 audiant
2421 650 2894 720 praedicationem
2914 653 3056 722 ejus,
3090 655 3327 708 tradunt
3346 654 3639 722 oblivioni,
3660 671 3772 709 nec

2151 740 2235 789 est
2268 737 2347 790 eis
2362 754 2497 792 cura
2511 739 2914 807 obediendi,et
2935 742 3089 812 quod
3129 746 3535 797 convertentur
3561 745 3771 814 probat

2151 825 2223 877 ab
2256 826 2542 896 opposito,
2565 845 2695 882 cum
2728 829 2894 883 dicit:
2920 830 3056 884 Inde
3089 831 3203 885 scio
3237 832 3392 902 quod
3424 836 3765 887 converten-

2150 915 2264 979 tur,
2290 915 2565 985 quoniam
2617 934 2723 969 non
2750 921 2851 970 erit
2879 918 3067 972 oblivio
3089 923 3344 990 pauperis
3396 920 3687 974 tendentis
3711 923 3769 973 in

2148 1004 2328 1070 ﬁnem,
2362 1003 2419 1057 id
2451 1008 2536 1057 est
2555 1004 2611 1059 in
2635 1008 3161 1075 perseverationem
3180 1008 3470 1062 bonorum
3495 1025 3764 1080 operum,

2152 1090 2207 1145 id
2239 1094 2452 1145 estnon
2476 1094 2688 1163 peribit
2706 1095 2985 1166 patientia
3010 1112 3352 1166 pauperum,
3377 1096 3433 1150 id
3447 1100 3532 1151 est
3565 1114 3761 1151 remu—

2152 1181 2375 1235 neratio
2411 1182 2704 1253 patientia:
2736 1199 3059 1253 pauperum
3092 1184 3454 1239 tendentium
3486 1185 3543 1239 in
3560 1184 3763 1240 finem.

2154 1266 2319 1331 Quod
2340 1273 2424 1323 est
2446 1269 2633 1323 dicere
2655 1287 2667 1324 :
2700 1271 2839 1325 Inde
2867 1271 2982 1326 scio
2998 1273 3151 1342 quol
3179 1273 3477 1327 damnabit
3507 1278 3771 1344 peccato-

2151 1372 2243 1409 res
2268 1358 2591 1427 :quoniam
2621 1360 3018 1413 remunerabit
3043 1378 3345 1432 pauperes,
3366 1362 3423 1415 id
3450 1366 3535 1416 est
3557 1363 3766 1433 justos,

2154 1445 2239 1497 vel
2272 1461 2387 1499 non
2417 1446 2525 1500 erit
2558 1446 2765 1501 oblivio
2797 1450 3066 1519 pauperis
3092 1448 3151 1503 in
3184 1449 3300 1504 ﬁne
3351 1450 3574 1517 mundi,
3608 1454 3667 1505 et
3710 1450 3759 1504 si

2152 1534 2327 1588 modo
2350 1535 2608 1589 videatur
2639 1553 2759 1589 esse
2791 1553 2994 1591 eorum
3022 1538 3250 1593 oblivio.
3284 1539 3383 1593 Vel
3412 1540 3523 1593 sic:
3554 1538 3612 1594 Si
3644 1557 3769 1595 non

2152 1623 2442 1677 invenitur
2468 1627 2774 1694 paupertas
2818 1625 3120 1680 oblivionis
3172 1644 3207 1681 a
3262 1627 3543 1699 principio
3585 1645 3768 1699 usque

442 1733 605 1771 more
624 1733 964 1789 pauperum,
984 1717 1286 1771 revertitur
1307 1716 1379 1770 ad
1403 1716 1702 1787 negotium
1727 1716 2050 1787 quodince-
2076 1712 2120 1772 Β
2152 1710 2212 1764 in
2244 1710 2444 1777 ﬁnem,
2480 1728 2598 1765 non
2629 1712 2954 1767 invenietur
3002 1714 3193 1786 aliqua
3235 1716 3442 1770 oblivio
3474 1717 3762 1789 pauperis.

436 1809 629 1876 perat:
665 1805 740 1859 sic
768 1806 981 1859 dicens.
1018 1803 1365 1872 Inﬁrmsunt,
1402 1809 1546 1869 ete.;
1574 1804 1729 1874 quod
1756 1804 1833 1857 sic
1865 1804 2046 1858 conti-

433 1897 662 1948 nuatur.
694 1894 813 1948 Dixi
842 1893 1119 1964 superius,
1144 1910 1176 1947 0
1203 1893 1458 1965 minores
1486 1910 1497 1946 :
1530 1893 1754 1947 Psallite
1816 1894 2052 1947 Domino

434 1983 809 2053 quihabitatin
830 1980 984 2049 Sion,
1016 1982 1145 2036 ideo
1183 1984 1435 2052 quoniam
1478 1982 1781 2035 recordatus
1806 1987 1909 2045 est;
1948 1998 2054 2033 non

435 2077 509 2124 est
536 2071 726 2124 oblitus
746 2071 1027 2124 clamorem
1034 2088 1333 2140 pauperum
1355 2087 1369 2137 ;
1404 2072 1461 2123 et
1494 2074 1610 2124 non
1628 2071 1733 2123 hoc
1768 2071 1887 2123 solo
1914 2086 2050 2123 con-

436 2157 584 2211 tuitu
614 2158 886 2229 psallatis,
908 2158 1006 2212 sed
1033 2159 1210 2212 etiam
1238 2158 1466 2211 laudate
1498 2157 2051 2223 intentione,etver-

442 2244 553 2311 bis,
578 2248 637 2299 et
663 2246 999 2316 operatione
1030 2247 1138 2300 hoc
1164 2247 1445 2312 contuitu,
1471 2246 1604 2316 quia
1633 2253 1834 2313 gentes,
1883 2245 1941 2299 id
1968 2247 2054 2298 est

443 2333 739 2405 gentiliter
762 2334 1051 2401 viventes;
1083 2338 1205 2387 sunt
1229 2335 1406 2402 inﬁxae
1436 2337 1492 2387 in
1525 2335 1764 2395 interitu,
1792 2351 1947 2404 quem
1975 2334 2052 2402 fe-

443 2428 647 2486 cerunt,
681 2422 739 2476 id
769 2425 856 2476 est
884 2422 1036 2476 intus
1067 2422 1125 2476 in
1146 2422 1341 2476 anima
1355 2424 1486 2475 sunt
1501 2423 1648 2488 ﬁxa},
1668 2422 1727 2474 id
1752 2425 1836 2475 est
1866 2421 2048 2475 firmi-

440 2512 531 2563 ter
574 2509 696 2563 sitaa
748 2512 986 2576 interitu,
1041 2509 1100 2563 id
1148 2511 1234 2563 est
1285 2509 1345 2562 in
1387 2508 1766 2563 excmcatione
1817 2509 2047 2576 mentis,

439 2613 595 2669 quem
621 2598 864 2666 fecerunt
890 2597 1014 2661 sibi,
1032 2615 1148 2652 non
1168 2600 1334 2664 Deus,
1364 2598 1422 2651 id
1449 2601 1536 2651 est
1563 2597 1659 2669 qui
1681 2597 1946 2652 interitus
1969 2597 2051 2651 eis

439 2685 684 2757 contigit
710 2702 816 2757 pro
848 2685 1068 2740 meritis
1096 2685 1209 2739 suis
1230 2686 1419 2753 malis,
1450 2701 1567 2739 non
1599 2686 1683 2738 eu]
1695 2702 1765 2756 pa
1796 2684 1917 2738 Dei.
1973 2687 2051 2739 Ac

438 2771 484 2827 si
515 2773 731 2828 diceret
776 2791 788 2827 :
842 2774 963 2827 Non
1008 2773 1373 2828 solummodo
1420 2787 1524 2842 pro
1578 2771 2051 2826 remuneratione

428 2861 742 2932 justorum,
770 2862 871 2916 sed
902 2862 1077 2916 etiam
1105 2879 1237 2916 enm
1262 2862 1486 2916 laudate
1518 2878 1622 2932 pro
1671 2860 2049 2915 excaacatione

437 2950 755 3017 malorum;
780 2950 935 3022 quod
962 2950 1066 3004 etsi
1096 2951 1168 3003 sit
1198 2949 1643 3020 occultojudicio
1670 2949 1909 3015 factum,
1930 2964 2048 3003 non

432 3038 632 3091 tamen
662 3037 903 3092 dubium
937 3040 1019 3091 est
1049 3054 1168 3092 esse
1192 3037 1435 3108 justum.

506 3122 574 3176 Et
601 3122 836 3193 exponit
877 3122 1171 3193 quomodo
1203 3122 1262 3177 in
1296 3123 1533 3178 interitu
1560 3122 1749 3178 infixae
1779 3123 1895 3177 sint
1921 3122 1998 3177 sic
2029 3139 2041 3176 :

434 3210 631 3266 Merito
663 3212 719 3263 in
750 3213 988 3264 interitu.
1038 3212 1180 3265 Nam
1196 3228 1293 3281 pes
1337 3229 1515 3265 eorum
1545 3214 1941 3283 comprehensus
1972 3218 2047 3265 est

437 3301 494 3353 in
520 3299 703 3370 laqueo
735 3301 832 3352 isto
857 3316 1009 3369 quem
1037 3300 1440 3366 absconderunt,
1468 3301 1527 3354 id
1558 3304 1642 3355 est
1664 3302 1883 3355 occulte
1920 3300 2045 3354 aliis

433 3389 800 3457 paraverunt.
849 3386 955 3450 Qui
1007 3404 1140 3442 vero
1201 3387 1342 3441 dicit
1385 3390 1783 3458 comprehensus
1828 3396 1902 3441 est
1950 3404 2045 3458 pes

434 3492 638 3542 eorum,
671 3492 705 3528 a
728 3474 1099 3530 similitudine
1127 3476 1262 3530 dicit
1288 3477 1607 3532 hominisin
1628 3478 1963 3531 abscondito
1985 3479 2046 3531 ut

434 3563 688 3634 aliquem
719 3563 907 3635 capiat
943 3564 1215 3635 laqueum
1246 3565 1534 3636 ponentis.
1566 3567 1628 3619 In
1659 3583 1772 3637 quo
1801 3565 2048 3636 ipsemet

434 3650 797 3722 illaqueatur.
832 3650 1002 3714 Quasi
1029 3651 1245 3706 diceret
1270 3669 1281 3705 :
1311 3652 1508 3706 Merito
1539 3652 2046 3724 interierunt,quia

432 3738 705 3810 laqueum
723 3738 1078 3809 deceptionis
1095 3740 1218 3794 aliis
1240 3740 1450 3811 injuste
1468 3744 1840 3811 paraverunt,
1867 3744 1924 3794 et
1939 3742 2045 3795 iste

435 3811 812 3898 laqueu526
829 3845 1000 3882 causa
1028 3828 1137 3882 fuit
1159 3846 1337 3899 quare
1361 3829 1419 3883 in
1457 3829 1756 3883 interitum
1773 3828 2043 3899 perveni-

432 3917 583 3981 rent,
613 3915 671 3970 id
703 3919 788 3969 est
817 3916 876 3970 in
907 3917 1094 3971 cordis
1125 3917 1590 3971 excaecationem.
1625 3918 1693 3970 Et
1734 3917 1842 3970 hoc
1891 3917 2045 3987 quod

434 4001 517 4057 ita
543 4019 641 4058 eos
649 4004 871 4074 judicat
886 4006 1055 4072 Deus,
1074 4020 1192 4059 non
1209 4009 1566 4075 cognoscunt
1584 4004 1688 4074 ipsi
1713 4005 1920 4071 modo;
1944 4005 2045 4059 sed

433 4093 674 4147 tandem
691 4093 749 4147 in
767 4093 982 4161 futuro,
998 4111 1131 4148 cum
1144 4095 1297 4165 justo
1319 4096 1524 4164 perdet
1544 4110 1661 4149 eos.
1687 4093 2044 4163 Cagnoscetur

434 4176 701 4235 Dominus
732 4180 943 4250 judicia
991 4182 1215 4250 faciens,
1263 4181 1319 4235 id
1358 4185 1443 4236 est
1490 4184 1868 4253 cognoscetur
1911 4181 2045 4254 quia

435 4268 721 4329 Dominus,
744 4269 803 4322 in
818 4270 927 4323 hoc
960 4269 1179 4323 mundo
1203 4269 1338 4323 facit
1358 4270 1428 4324 de
1447 4270 1639 4341 impiis
1656 4273 1939 4325 occultum
1947 4271 2040 4340 ju-
2065 4294 2114 4351 Ι)

438 4355 671 4411 dicium.
695 4357 1013 4428 Etexponit
1029 4358 1184 4428 quod
1214 4358 1501 4428 judicium
1525 4359 1620 4415 sic.
1653 4361 1717 4417 ln
1749 4359 1856 4413 hoc
1894 4359 2040 4413 scili-

436 4446 526 4498 cet
555 4447 640 4498 est
670 4444 885 4499 faciens
915 4445 1197 4516 judicium
1229 4447 1385 4518 quod
1421 4454 1673 4518 peccator
1703 4456 1778 4501 est
1816 4465 2044 4518 compre-

437 4532 653 4600 hensus,
687 4533 747 4588 id
787 4538 872 4588 est
925 4535 1216 4605 deceptus,
1254 4538 1311 4589 et
1352 4540 1665 4591 e'xczecatus
1705 4540 1760 4590 in
1796 4537 2044 4607 operibus

437 4638 700 4675 manuum
723 4640 964 4691 suarum,
993 4623 1049 4677 id
1088 4626 1173 4677 est
1211 4640 1315 4694 per
1353 4641 1557 4694 pravas
1597 4626 1849 4679 actiones
1894 4642 2042 4692 suas,

442 4709 576 4782 quia
600 4711 692 4766 hic
710 4711 977 4767 omnibus
1001 4712 1188 4767 modis
1215 4713 1333 4784 agit
1360 4717 1421 4767 ut
1438 4715 1623 4785 justos
1653 4732 1686 4768 a
1711 4715 1801 4769 via
1827 4714 1925 4769 Dei
1955 4731 2045 4768 re-

440 4799 652 4855 trahat.
684 4800 938 4856 Actiones
962 4804 1158 4856 autem
1192 4801 1329 4856 dicit
1367 4819 1545 4873 opera
1576 4820 1878 4871 manuum,
1914 4803 2048 4874 quia

440 4888 706 4943 manibus
729 4905 1061 4960 operamur.
1088 4889 1231 4944 Illud
1256 4906 1389 4945 vero
1421 4892 1577 4963 quod
1610 4892 1884 4963 sequitur.
1911 4890 2049 4945 Con-

440 4981 1011 5045 vertantur,etc.,non
1039 4983 1125 5033 est
1144 4978 1505 5050 imprecatio,
1540 4981 1640 5035 sed
1658 4980 1834 5035 divini
1846 4979 2048 5050 judicii

442 5066 733 5120 concessio
765 5066 835 5121 de
863 5067 972 5121 hoc
1003 5067 1159 5138 quod
1188 5066 1432 5137 Spiritus
1460 5067 1715 5139 agilitate
1743 5068 1896 5122 videt
1926 5084 2047 5122 esse

442 5152 723 5222 futurum,
759 5158 821 5209 ut
846 5154 1100 5210 inveniat
1127 5155 1267 5210 illud
1289 5157 1512 5227 justum
1546 5174 1688 5223 esse,
1711 5157 1856 5211 etsic
1873 5156 2051 5211 conti-

444 5247 655 5297 nuatur
687 5260 700 5297 :
732 5243 868 5298 Dico
917 5244 1073 5315 quod
1116 5248 1317 5315 gentes
1364 5245 1423 5298 in
1464 5245 1700 5298 interitu
1736 5245 1827 5298 hic
1858 5244 2048 5299 inﬁxae

445 5334 597 5399 sunt,
626 5330 685 5384 in
702 5330 895 5387 futuro
913 5348 1046 5386 vero
1071 5335 1480 5387 convertentur
1500 5334 1834 5402 peccatores
1876 5334 1931 5386 in
1971 5335 2051 5386 in-

445 5418 682 5488 fernum,
711 5419 768 5474 id
801 5423 904 5487 est,
938 5420 1010 5474 ab
1040 5420 1148 5475 hoc
1165 5421 1384 5491 judicio
1404 5420 1799 5475 excaecationis
1818 5421 2051 5475 venient

449 5506 509 5561 in
533 5507 813 5579 judicium
827 5508 1067 5563 infernae
1085 5508 1495 5578 damnationis,
1510 5509 2049 5583 etquandoquidem

2227 1799 2368 1853 Cum
2400 1803 2595 1854 autem
2622 1801 2797 1855 dicit:
2826 1800 3089 1872 Exsurge,
3124 1803 3373 1866 Domine,
3407 1822 3513 1857 non
3548 1806 3764 1876 con/or-

2156 1893 2326 1941 tetur:
2355 1888 2680 1943 Prwvidens
2704 1890 2909 1959 spiritu
2940 1891 3278 1960 prophetico
3302 1892 3763 1960 tribulationem,

2154 1979 2372 2047 quanta
2404 1994 2703 2048 nunquam
2731 1977 2839 2031 fuit
2861 1979 2918 2032 in
2941 1982 3203 2049 tempore
3229 1980 3583 2047 Antichristi,
3617 1982 3769 2036 futu-

2154 2081 2302 2131 ram,
2331 2069 2457 2118 orat
2481 2082 2586 2135 pro
2617 2067 3059 2135 persevcraturis
3085 2068 3143 2120 in
3168 2068 3539 2123 tribulatione
3570 2070 3665 2124 illa
3690 2089 3765 2126 ne

2154 2153 2448 2221 deﬁciant,
2467 2155 2647 2209 ethoc
2674 2172 2791 2209 non
2811 2155 3091 2227 superiori
3106 2156 3438 2224 litteree,sed
3462 2159 3763 2213 sententiae

2152 2241 2227 2296 sic
2265 2244 2654 2297 continuatur.
2707 2242 2829 2297 Dixi
2880 2244 3141 2315 superius
3171 2245 3325 2316 quod
3376 2246 3537 2316 impii
3568 2263 3762 2319 perse-

2153 2334 2444 2401 quuantur
2474 2331 2564 2385 hic
2588 2332 2791 2401 justos,
2826 2335 2882 2385 et
2910 2333 3553 2403 laqueisblanditiarum
3585 2335 3763 2389 ethu-

2153 2419 2495 2473 milliatione
2528 2420 3052 2487 tribulationum,et
3079 2438 3195 2475 non
3215 2423 3401 2475 solum
3421 2421 3478 2475 in
3491 2422 3601 2476 hoc
3620 2425 3761 2476 tem-

2152 2522 2291 2576 pore
2318 2507 2427 2560 erit
2457 2506 2629 2573 istud,
2663 2508 2761 2561 sed
2793 2508 2969 2562 etiam
3001 2508 3237 2579 quidam
3260 2512 3457 2579 surget
3478 2509 3537 2563 in
3561 2510 3761 2565 diebus

2153 2594 2492 2661 novissimis,
2522 2595 2904 2650 Antichristus
2925 2596 3138 2651 scilicet
3155 2596 3250 2668 qui
3285 2614 3343 2651 se
3369 2598 3552 2652 Deum
3570 2598 3759 2664 faciet,

2152 2684 2205 2734 et
2227 2682 2403 2736 homo
2459 2682 2796 2753 simpliciter
2844 2684 2953 2737 erit
2982 2684 3210 2739 diabolo
3244 2686 3468 2755 plenus,
3510 2686 3607 2757 qui
3649 2686 3761 2740 tuis

2153 2772 2361 2825 multas
2385 2772 2593 2826 inferet
2623 2772 3037 2827 tribulationes.
3073 2774 3158 2835 Et,
3188 2790 3221 2829 ο
3254 2775 3520 2840 Domine,
3545 2791 3763 2844 exsurge

2149 2858 2208 2913 in
2240 2860 2511 2913 auxilium
2542 2859 2672 2925 tuis,
2704 2877 2775 2914 ne
2807 2860 3165 2915 confortetur
3203 2862 3379 2917 homo
3434 2863 3530 2916 ille
3585 2878 3760 2933 super

2149 2948 2360 3014 tuos,id
2382 2951 2467 3002 est
2492 2964 2564 3001 ne
2593 2948 2971 3002 Antichristus
2991 2948 3434 3021 quisimpliciter
3454 2949 3563 3004 erit
3578 2950 3757 3005 homo

2147 3038 2205 3089 et
2234 3053 2351 3090 non
2381 3038 2548 3102 Deus,
2576 3036 2741 3090 fortis
2770 3036 3095 3091 inveniatur
3130 3037 3202 3091 ad
3224 3038 3333 3092 hoc
3364 3041 3428 3092 ut
3452 3037 3755 3092 convincat

2148 3125 2293 3191 tuos,
2324 3127 2381 3179 et
2407 3125 2667 3196 quamvis
2701 3124 2886 3178 dicam
2920 3142 3027 3178 non
3048 3125 3379 3196 confortetur
3408 3142 3581 3196 super
3603 3129 3753 3193 tuos,

2144 3216 2342 3267 tamen
2371 3212 2624 3267 concedo
2652 3213 2807 3283 quod
2824 3220 3020 3283 gentes,
3050 3214 3109 3267 id
3137 3218 3223 3268 est
3250 3214 3542 3286 gentiliter
3563 3213 3758 3269 viven-

2144 3304 2248 3366 tes,
2266 3300 2580 3370 judicentur
2596 3303 2651 3353 in
2678 3309 2950 3372 conspectu
2991 3309 3101 3367 tuo,
3161 3301 3219 3355 id
3253 3305 3339 3355 est
3393 3305 3757 3356 excmcentur

2145 3389 2477 3444 seductione
2518 3388 2689 3460 ipsius
2715 3407 2727 3443 :
2753 3393 2966 3444 etcum
2991 3391 3101 3444 hoc
3146 3407 3262 3446 non
3296 3393 3573 3461 appareat
3600 3390 3708 3444 illis
3739 3406 3755 3445 :

2144 3478 2253 3531 hoc
2283 3477 2391 3531 erit
2417 3480 2637 3531 certum
2665 3477 2719 3531 in
2751 3482 3058 3549 conspectu
3092 3481 3207 3532 tuo.
3244 3478 3339 3532 Vel
3355 3477 3757 3547 judicentur,id

2146 3568 2231 3619 est
2255 3568 2613 3619 excaecentur
2640 3568 2694 3618 in
2743 3574 3015 3635 conspectu
3062 3572 3172 3628 tuo,
3212 3566 3271 3620 id
3319 3568 3404 3619 est
3448 3564 3506 3618 in
3559 3567 3758 3619 anima

2146 3671 2319 3725 quam
2338 3657 2400 3707 tu
2425 3655 2577 3708 solus
2596 3653 2892 3724 conspicis.
2915 3654 3086 3716 Quasi
3108 3653 3279 3707 dicat.
3305 3652 3574 3717 Quamvis
3590 3670 3756 3708 orem

2146 3759 2218 3795 ne
2250 3743 2607 3796 confortetur
2637 3758 2809 3813 super
2827 3742 3031 3812 justos,
3064 3740 3316 3796 concedo
3338 3745 3535 3796 tamen
3561 3758 3573 3795 :
3600 3741 3757 3812 quod

2144 3829 2465 3883 excrecandi
2495 3830 2566 3883 ab
2600 3846 2667 3883 eo
2687 3845 2791 3899 per
2810 3829 3032 3899 justum
3054 3828 3337 3899 judicium
3370 3832 3531 3882 tuum
3572 3844 3754 3883 excas-

2143 3922 2365 3985 centur,
2392 3922 2447 3971 et
2475 3918 2710 3987 exponit
2736 3918 2982 3989 qualiter
3011 3917 3275 3972 concedit
3306 3920 3365 3971 ut
3395 3918 3750 3987 judicentur.

2146 4006 2409 4060 Concedo
2438 4006 2591 4076 quod
2601 4005 2938 4076 judicentur,
2976 4006 3031 4059 id
3065 4009 3149 4059 est
3179 4008 3456 4067 constitue,
3499 4004 3752 4073 Domine,

2144 4095 2238 4167 qui
2270 4097 2474 4164 potens
2496 4112 2574 4161 es,
2609 4094 2957 4163 legislatoretn
2985 4111 3139 4164 super
3164 4110 3266 4160 eos,
3284 4094 3340 4147 id
3365 4097 3450 4147 est
3479 4093 3613 4163 quia
3640 4094 3753 4164 legi

2144 4182 2397 4237 veritatis
2421 4186 2534 4236 tua}
2568 4183 2880 4237 noluerunt
2920 4181 3178 4247 obedire,
3206 4196 3309 4251 pro
3342 4180 3509 4234 malis
3534 4180 3753 4234 meritis

2144 4286 2348 4324 eorum
2370 4271 2626 4323 constitue
2653 4286 2811 4338 super
2835 4285 2936 4335 eos,
2970 4267 3029 4321 id
3062 4271 3145 4321 est
3162 4266 3434 4338 permitte
3462 4265 3755 4321 dominari

2143 4374 2312 4428 super
2338 4374 2436 4411 eos
2463 4356 2881 4410 Antichristum
2912 4356 3007 4427 qui
3044 4356 3113 4409 sit
3142 4356 3224 4409 eis
3252 4354 3554 4426 latorlegis
3586 4370 3751 4409 men-

2143 4447 2288 4501 dacii
2319 4448 2377 4499 et
2395 4448 2639 4499 excaecet
2664 4461 2780 4498 eos.
2816 4445 2883 4498 Et
2906 4444 3141 4498 tandem
3188 4443 3247 4497 in
3274 4443 3364 4497 die
3380 4443 3601 4514 judicii,
3621 4462 3749 4513 gen-

2146 4544 2237 4602 tes,
2260 4535 2319 4589 id
2345 4536 2431 4588 est
2461 4533 2785 4588 obeditores
2811 4533 2932 4603 ejus
2964 4532 3256 4603 gentiliter
3282 4532 3552 4599 viventes,
3582 4535 3753 4586 sciunt

2145 4625 2397 4696 quoniam
2420 4622 2652 4674 homines
2678 4628 2820 4686 sunt,
2855 4620 2913 4673 id
2945 4623 3029 4673 est
3053 4622 3424 4691 cognoscant,
3454 4619 3752 4690 cumjuste

2147 4712 2599 4776 damnabantur,
2624 4709 2901 4781 quoniam
2953 4709 3293 4779 simpliciter
3322 4708 3590 4764 homines
3620 4712 3753 4763 sunt

2148 4818 2266 4855 non
2293 4798 2539 4854 deificati
2564 4814 2668 4869 per
2687 4796 3122 4863 Autichristum,
3150 4797 3293 4850 sicut
3317 4797 3422 4867 ipsi
3447 4797 3749 4869 putabant.

2220 4889 2363 4942 Cum
2395 4890 2590 4941 autem
2619 4885 2781 4939 addit
2813 4901 2825 4939 :
2880 4884 2953 4940 Ut
2977 4885 3105 4956 quid
3128 4884 3376 4952 Domine,
3436 4889 3571 4953 etc.,
3617 4885 3755 4940 facit

2148 4975 2528 5049 quaestionem
2555 4990 2730 5045 quam
2758 4973 2960 5045 aliquis
2989 4974 3177 5028 facere
3197 4978 3406 5047 posset,
3440 4976 3516 5040 et,
3538 4977 3601 5028 ut
3632 4974 3751 5044 ipse

2148 5066 2364 5132 solvat;
2392 5067 2450 5118 et
2475 5063 2552 5117 sic
2585 5062 2972 5117 continuatur.
3021 5062 3188 5117 Oravi
3243 5079 3316 5117 ne
3371 5062 3749 5129 confortetur,

2148 5170 2281 5207 cum
2312 5152 2487 5206 sciam
2503 5151 2658 5222 quod
2676 5152 2922 5206 multum
2951 5168 3047 5206 eos
3067 5154 3462 5223 persequetur.
3522 5152 3589 5205 Et
3619 5168 3751 5205 cum

2149 5240 2480 5312 permiseris
2505 5240 2794 5311 persequi,
2815 5256 2847 5293 ο
2884 5239 3148 5306 Domine,
3178 5239 3377 5311 utquid
3396 5237 3752 5294 recessisti?id

2152 5334 2236 5386 est
2266 5329 2545 5384 videberis
2570 5328 2837 5383 recedere
2862 5329 3034 5399 longe
3060 5344 3093 5381 a
3118 5328 3229 5382 tuis
3247 5312 3415 5398 ’ἰ
3431 5329 3498 5381 Et
3519 5327 3755 5399 exponit

2150 5418 2465 5491 quomodo.
2500 5417 2562 5471 Id
2592 5420 2677 5471 est
2704 5424 2765 5469 ut
2792 5417 2925 5487 quid
2952 5416 3169 5487 despicis
3201 5433 3217 5468 :
3247 5415 3304 5469 id
3353 5419 3438 5469 est
3468 5414 3755 5470 videberis

2151 5508 2442 5580 despicere
2465 5508 2591 5563 tuos
2611 5505 2899 5561 inauditos
2923 5522 2935 5559 :
2960 5504 3020 5560 in
3050 5504 3421 5560 tribulatione
3449 5503 3759 5562 inferenda
