4014 6030
234 309 362 367 673
1327 307 1700 374 EXPOSITIO'
1719 314 1790 371 IN
1828 312 2160 371 PSALMOS.
2195 346 2262 358 —-
2293 315 2486 375 PSAL.
2518 316 2584 376 IX
3497 334 3601 395 674

236 431 326 486 ab
365 430 763 489 Antichristo.
801 429 872 487 In
901 436 1404 506 opportunitatibus,
1445 436 1503 491 id
1551 439 1635 492 est
1691 435 1750 490 in
1785 451 1898 508 qua
1919 437 1973 498 Α
1999 437 3468 519 cxtenditurdominiummeumacognoscentibusin
3483 473 3600 513 non

234 520 662 576 tribulatione
682 527 1074 596 opportunum
1095 526 1205 580 erit
1227 530 1288 580 ut
1311 526 1390 579 eis
1409 526 1895 580 auxilieris?Facta
1998 529 2534 594 cognoscentes.Vel
2569 531 2976 599 aliter,dixitin
3007 537 3180 592 corde
3212 555 3312 594 suo
3339 557 3352 595 :
3393 541 3600 602 Secura

235 611 628 682 qumstione,
661 613 917 683 sequitur
946 615 1154 669 solutio
1188 616 1265 668 sic
1297 633 1308 669 :
1335 616 1467 669 Ideo
1504 615 1716 669 scilicet
1735 615 1891 670 vide-
1996 629 2229 683 possum
2271 615 2579 672 dominari.
2613 621 2756 675 Nam
2776 639 2881 675 non
2911 625 3155 678 movebar
3178 644 3417 699 unquam
3443 650 3477 684 a
3505 633 3600 687 do-

235 699 420 753 beris
453 699 775 771 despicere,
816 705 876 757 ut
923 704 1224 774 permittas
1253 705 1310 758 in
1345 722 1442 760 eos
1481 704 1888 758 Antichristum
1991 705 2137 756 mino
2169 721 2302 767 meo,
2318 705 2375 760 id
2395 711 2477 761 est
2511 710 3008 784 noninquietabor
3033 715 3104 770 ab
3127 717 3340 788 aliquo,
3377 721 3477 776 sed
3501 739 3600 778 ero

233 789 614 858 superbire:
645 789 778 860 quia
799 790 924 844 dum
949 792 1201 862 superbit,
1257 793 1315 847 id
1347 797 1431 847 est
1461 793 1749 865 superbiet
1779 793 1888 846 im-
1991 791 2114 846 sine
2143 795 2354 860 malo,a
2376 799 2750 866 generatione
2772 803 2877 857 bac
2892 822 3070 877 usque
3086 807 3143 861 in
3157 809 3601 878 generationem

238 875 497 947 pius,id
521 881 604 930 est
616 878 1019 934 Antichristus:
1043 882 1500 936 antonomastice
1531 881 1772 953 impius:
1797 883 1890 934 in-
1989 878 2243 935 futuram
2270 884 2644 953 tendendo,id
2666 875 3025 964 estsemper:
3045 875 3321 952 hocdicet
3343 897 3404 952 in
3425 901 3601 958 corde

243 965 536 1018 cenditur
549 967 838 1037 pauper,id
859 969 1293 1040 estpurgabitur
1317 988 1349 1024 a
1365 970 1607 1025 residuis
1628 971 1889 1025 sordibus
1989 985 2088 1022 suo
2137 969 2250 1036 ille,
2299 989 2354 1025 os
2384 974 2535 1043 cujus
2559 977 2928 1034 maledictione
2938 983 3159 1052 plenum
3176 990 3270 1052 est,
3297 985 3354 1041 id
3376 991 3462 1043 est
3487 989 3599 1046 erit

237 1071 360 1126 per
378 1053 1288 1114 incendiatribulationum:sicut
1301 1076 1506 1114 aurum
1523 1058 1886 1114 incendendo
1987 1060 2368 1128 amaritudine,
2403 1062 2459 1116 id
2479 1066 2566 1116 est
2590 1065 3018 1136 hlasphemiain
3042 1073 3245 1141 Deum,
3269 1091 3402 1130 cum
3423 1093 3483 1132 se
3507 1093 3597 1133 so-

235 1148 564 1216 purgatur
593 1162 606 1200 :
635 1163 857 1219 pauper
883 1151 1122 1219 propter
1177 1149 1382 1215 Deum,
1436 1147 1495 1202 id
1544 1151 1628 1202 est
1682 1147 1883 1202 ﬁdelis.
1986 1145 2106 1200 lum
2127 1145 2278 1200 dicat
2298 1150 2502 1208 Deum.
2531 1151 2608 1205 Et
2634 1153 2757 1208 dolo
2783 1155 2842 1210 in
2872 1163 3118 1226 sanctos,
3167 1161 3223 1216 id
3255 1166 3340 1217 est
3376 1164 3600 1220 blandi-

240 1235 559 1324 Quodrest
588 1234 778 1290 dicere
807 1251 820 1290 :
847 1235 978 1291 Ideo
1005 1234 1305 1307 permittes
1355 1236 1670 1309 superbire,
1711 1239 1775 1290 ut
1804 1235 1886 1290 tui
1985 1233 2078 1324 tiis
2107 1235 2314 1324 quibus
2341 1254 2440 1292 eos
2461 1239 2738 1296 devorare
2777 1245 2988 1316 cupiet.
3024 1248 3090 1300 Et
3117 1249 3214 1302 sub
3244 1250 3428 1320 lingua
3459 1253 3594 1324 ejus,

236 1339 360 1396 per
390 1323 974 1394 ejustribulationem
988 1325 1308 1396 probentur
1341 1342 1354 1380 :
1390 1327 1446 1380 et
1471 1325 1656 1380 adhuc
1678 1324 1787 1379 alia
1811 1325 1882 1379 de
2071 1327 2154 1377 est
2179 1322 2237 1377 in
2268 1326 2439 1380 corde
2471 1331 2553 1381 est
2584 1329 2734 1383 labor
2759 1338 2810 1385 et
2838 1333 3014 1398 dolor,
3051 1335 3108 1389 id
3124 1339 3210 1390 est
3239 1337 3348 1393 erit
3379 1321 3592 1412 cogita-

237 1428 460 1480 causa,
497 1413 607 1467 hac
625 1413 867 1468 scilicet:
887 1413 1260 1485 dumsuperbit
1287 1432 1304 1467 :
1328 1413 1635 1486 complices
1647 1413 1694 1484 ej
1707 1431 1768 1467 us
1785 1413 1880 1484 qui
1982 1409 2064 1464 tio
2086 1413 2380 1482 quomodo
2410 1415 2582 1470 faciat
2609 1434 2707 1472 eos
2737 1421 2998 1476 laborare
3021 1427 3078 1476 el
3101 1423 3319 1480 dolere.
3355 1409 3596 1486 Sublin-

238 1517 388 1556 cum
418 1517 499 1556 eo
536 1501 897 1572 superbiunt,
952 1503 1484 1574 comprehenduntur,
1524 1503 1582 1556 id
1613 1507 1694 1557 est
1722 1518 1881 1556 com-
1981 1513 2096 1568 gua
2115 1499 2324 1554 dicitur
2339 1504 2607 1574 cogitatio
2623 1507 3389 1585 cordis,persi_mrilitudinem
3415 1533 3429 1585 ;
3451 1515 3596 1574 sicut

235 1591 731 1662 prehendentur,
765 1590 823 1644 id
849 1595 932 1647 est
961 1589 1320 1663 decipientur
1371 1608 1384 1646 :
1418 1590 1560 1645 sicut
1591 1607 1719 1646 aves
1753 1606 1880 1662 quas
1982 1602 2050 1640 ea
2080 1604 2207 1657 quae
2245 1589 2304 1642 in
2337 1607 2470 1645 arca
2499 1597 2650 1660 sunt,
2677 1595 2944 1650 dicuntur
3131 1618 3251 1656 esse
3277 1604 3380 1657 sub
3417 1583 3590 1662 elavi.

239 1676 304 1732 in
335 1679 568 1750 laqueo
598 1679 1177 1750 comprehunduntur
1233 1696 1245 1733 :
1295 1682 1350 1732 in
1402 1681 1634 1733 comitiis
1692 1678 1881 1748 quibus
1982 1673 2201 1746 Lingua
2231 1679 2388 1732 enim
2421 1679 2589 1735 clavis
2612 1687 2696 1736 est
2715 1689 3068 1741 secretorum
3112 1690 3318 1745 cordis.
3368 1692 3436 1746 Et
3483 1693 3590 1749 hoc

236 1768 529 1835 cogitant,
565 1769 695 1822 tuos
747 1767 1280 1838 comprehendere;
1336 1768 1494 1839 quasi
1527 1767 1679 1821 dicat
1712 1783 1724 1820 :
1756 1766 1876 1819 Non
1910 1765 1960 1822 B
1983 1766 2165 1817 totum
2185 1768 2345 1819 estac
2377 1767 2421 1821 si
2444 1768 2659 1824 diceret
2698 1788 2710 1824 :
2763 1773 3002 1829 Multum
3046 1779 3268 1831 temere
3323 1779 3473 1834 dicet
3528 1781 3586 1836 in

238 1855 448 1908 solum
485 1855 586 1910 ille
620 1854 1009 1922 damnabitur,
1041 1856 1142 1910 sed
1183 1859 1240 1909 et
1269 1856 1392 1926 ejus
1421 1856 1694 1920 fautores,
1744 1853 1879 1924 quia
1980 1851 2152 1905 corde
2184 1869 2284 1908 suo
2319 1871 2331 1908 :
2364 1855 2488 1909 Non
2517 1860 2830 1914 movebor:
2866 1879 2997 1916 cum
3047 1879 3110 1917 os
3170 1865 3292 1935 ejus
3339 1866 3412 1920 sit
3441 1868 3590 1923 futu-

237 1942 394 1997 alios
422 1941 760 1998 interﬁcere
784 1945 840 1996 et
870 1943 928 1997 in
960 1943 1157 1998 anima
1202 1947 1258 1998 et
1281 1943 1337 1996 in
1370 1959 1610 2014 corpore
1633 1941 1876 1996 medita-
1979 1955 2110 1992 rum
2139 1942 2377 2010 plenum
2410 1946 2796 2000 amaritudine
2829 1951 2884 2001 et
2915 1949 3070 2018 dolo,
3103 1953 3162 2005 et
3199 1951 3329 2008 ideo
3379 1955 3585 2026 dignus

238 2029 501 2098 buntur,
521 2045 630 2101 pro
655 2030 861 2086 talibus
890 2031 1139 2086 consiliis
1164 2032 1566 2100 inter/icientur,
1590 2031 1745 2084 idest
1761 2047 1880 2084 ma-
1978 2027 2046 2082 sit
2069 2028 2292 2084 futurus
2305 2047 2477 2101 poena
2503 2033 2638 2088 Dico
2657 2034 2790 2105 quia
2817 2052 2880 2090 os
2896 2037 3017 2107 ejus
3037 2040 3274 2108 plenum
3293 2041 3404 2095 erit
3427 2043 3580 2099 dolo:

237 2116 330 2189 gis
353 2119 832 2174 excaecabuntur.
869 2121 935 2174 Et
955 2119 1113 2174 addit
1149 2137 1379 2174 causam
1412 2136 1525 2191 qua
1545 2119 1663 2191 ipse
1679 2135 1876 2190 super-
1979 2120 2036 2170 et
2065 2117 2174 2171 hoc
2204 2135 2318 2172 non
2345 2119 2594 2174 horarie.
2626 2122 2820 2194 Neque
2843 2126 3028 2180 solum
3059 2127 3168 2180 erit
3196 2129 3397 2198 plenus
3425 2130 3580 2200 dolo,

237 2207 366 2262 hiet
403 2223 417 2262 :
456 2207 580 2263 Sic.
615 2208 749 2263 Dico
777 2209 933 2280 quod
959 2209 1168 2280 impius
1189 2209 1478 2280 superbiet
1501 2225 1514 2262 :
1534 2212 1591 2262 et
1617 2208 1725 2262 hoc
1748 2207 1876 2262 ideo
1977 2205 2077 2258 sed
2109 2205 2229 2276 ipse
2253 2207 2412 2274 sedet,
2441 2208 2497 2263 id
2523 2213 2608 2264 est
2637 2211 3002 2279 sedebit,non
3025 2214 3218 2282 stabit,
3247 2215 3304 2271 id
3330 2220 3416 2272 est
3433 2221 3581 2276 mul-

241 2297 388 2368 quia
418 2297 554 2369 ipse
583 2305 832 2368 peccator
875 2297 1332 2353 antonomastice
1375 2297 1647 2363 laudatur,
1686 2295 1744 2350 id
1793 2300 1878 2350 est
1977 2297 2101 2348 tum
2128 2296 2516 2350 morabiturin
2542 2298 2752 2352 insidiis
2780 2300 3213 2371 blanditiarum,
3247 2321 3370 2361 cum
3397 2307 3580 2364 diviti-

237 2385 642 2441 laudabitura
670 2385 1048 2457 complicibus
1067 2386 1182 2440 suis
1199 2388 1254 2439 in
1270 2385 1536 2439 desideriis
1565 2385 1878 2438 animae.st
1979 2381 2070 2434 bus
2101 2384 2157 2435 in
2175 2384 2380 2451 ocultis,
2405 2385 2463 2438 id
2495 2388 2580 2438 est
2627 2402 2758 2440 cum
2795 2387 3110 2445 fautoribus
3137 2392 3272 2460 suis,
3320 2395 3418 2466 qui
3438 2397 3583 2452 sicut

241 2475 588 2546 completis,
608 2473 666 2528 id
687 2475 918 2529 estideo
949 2473 1874 2546 superbiet,quialaudabunteum
1975 2469 2095 2542 ipse
2153 2476 2322 2526 erunt
2367 2473 2611 2528 divites:
2658 2477 2906 2530 multum
2941 2478 3301 2536 abundantes
3347 2483 3404 2538 in
3435 2484 3582 2540 vitiis

243 2562 316 2616 de
351 2563 759 2634 completione
787 2562 1204 2617 desideriorum
1253 2563 1374 2633 ejus
1403 2563 1460 2616 in
1501 2561 1874 2616 tribulatione
1975 2575 2102 2630 quae
2121 2563 2269 2612 “sunt
2293 2561 2563 2615 omnibus
2595 2565 2838 2618 occulta.
2873 2565 2940 2618 Et
2978 2566 3051 2621 ad
3077 2568 3184 2622 hoc
3207 2571 3386 2639 sedet,
3415 2571 3474 2627 id
3495 2576 3583 2628 est

243 2649 516 2704 ﬁdelium
555 2667 568 2704 :
597 2651 739 2704 sicut
757 2650 890 2704 alibi
915 2650 1122 2704 dicitur
1151 2667 1162 2704 :
1192 2669 1224 2702 α
1251 2651 1482 2720 Linguae
1513 2649 1874 2703 adulantium
1975 2648 2215 2713 sedebit,
2250 2656 2310 2701 ut
2335 2650 2619 2718 interficiat
2639 2654 2987 2706 innocentem.
3049 2657 3131 2710 Ita
3157 2658 3386 2726 scilicet,
3436 2661 3582 2716 oculi
3613 2663 3618 2669 ’

244 2738 502 2808 alligant
538 2739 764 2792 animas
788 2739 845 2792 in
879 2737 1146 2808 peccatis.
1170 2758 1196 2786 »
1219 2739 1286 2792 Et
1317 2754 1432 2792 non
1461 2739 1645 2792 solum
1677 2737 1873 2791 lauda-
1974 2735 2087 2805 ejus
2112 2737 2413 2806 respiciunt,
2447 2737 2599 2791 idest
2615 2739 2942 2809 respicient.
2975 2741 3044 2795 In
3062 2761 3352 2814 pauperem
3382 2751 3486 2814 est,
3520 2747 3580 2804 id

246 2825 404 2880 bitur
439 2843 452 2880 :
491 2827 601 2880 sed
623 2827 744 2898 ipse
783 2829 995 2897 im'quus
1025 2825 1480 2880 antonomastice
1533 2825 1873 2892 benedicatur,
1975 2823 2155 2894 ﬁnget
2186 2840 2244 2876 se
2273 2823 2530 2878 misereri
2567 2825 2669 2896 ipsi
2703 2828 3030 2898 pollicendo
3087 2833 3290 2900 multa,
3347 2837 3409 2889 ut
3442 2851 3577 2891 eum

245 2913 304 2968 id
337 2919 427 2969 est
458 2915 863 2980 benedicetur,
894 2915 952 2968 id
985 2917 1069 2967 est
1099 2913 1431 2968 adorabitur
1456 2915 1527 2968 ab
1559 2915 1656 2967 eis.
1975 2910 2226 2964 seducat.
2274 2911 2436 2974 Quod
2470 2929 2604 2966 vero
2655 2913 2811 2980 dicit,
2849 2915 3009 2970 Oculi
3058 2919 3171 2987 ejus
3211 2923 3267 2973 in
3286 2939 3579 2993 pauperem

320 3003 390 3056 Et
419 3003 569 3074 quia
595 3003 884 3074 superbiet
915 3005 1180 3074 peccator
1213 3001 1710 3070 (antonomastice)
1756 3019 1875 3056 eaa-
1906 3045 1950 3081 ρ
1975 2999 2846 3070 respiciunt,persimilitudinem
2880 3003 3035 3058 dicit.
3067 3006 3166 3060 Cui
3193 3007 3350 3062 enim
3377 3009 3579 3081 aliquis

246 3091 586 3158 cerbavit,id
611 3095 694 3144 est
709 3089 1074 3145 exacerbabit
1097 3090 1388 3143 Dominum
1408 3089 1749 3160 peccator,id
1788 3095 1874 3144 est
1907 3086 1952 3106 υ
1974 3086 2298 3153 miseretur,
2328 3103 2458 3140 eum
2491 3087 2666 3142 oculis
2696 3089 2948 3162 benigne
2971 3093 3202 3163 respicit
3233 3112 3246 3150 :
3281 3097 3415 3152 Dico
3447 3098 3582 3170 quia

249 3184 384 3256 quia
402 3185 662 3239 dicendo
692 3201 751 3238 se
793 3187 971 3240 Deum
1007 3185 1426 3256 blasphemabit
1465 3185 1667 3250 Deum,
1700 3183 1778 3238 sic
1808 3201 1874 3238 ex

249 3273 398 3328 dulci
420 3271 639 3328 reddet
653 3273 757 3328 sibi
773 3273 1043 3327 acerbum
1099 3273 1167 3326 Et
1183 3272 1311 3326 ideo
1329 3271 1594 3325 Dominus
1606 3289 1711 3325 non
1736 3290 1876 3343 qua-

251 3361 558 3428 rcteum,id
577 3365 792 3416 estnon
814 3361 986 3416 faciet
1008 3360 1260 3415 converti
1276 3361 1587 3414 secundum
1622 3360 1876 3414 multitu-

253 3449 452 3504 dinem
487 3451 595 3505 irae
633 3467 768 3516 suae,
800 3450 859 3504 id
896 3453 981 3504 est
1009 3449 1274 3503 vindicta:
1307 3464 1442 3502 sum.
1475 3447 1642 3510 Quasi
1676 3448 1825 3502 dicat
1857 3465 1870 3502 :

1976 3174 2258 3244 oculiejus
2283 3175 2607 3246 respicient.
2642 3177 2708 3229 Et
2735 3178 2813 3231 sic
2845 3179 3158 3248 insidiatur,
3220 3183 3280 3238 id
3322 3189 3407 3240 est
3445 3185 3578 3242 insi-

1975 3262 2304 3328 diabitur,in
2325 3264 2651 3325 abscondito,
2671 3265 2728 3319 id
2749 3270 2834 3320 est
2848 3267 3256 3326 abscondendo
3277 3273 3582 3344 perﬁdiam

1976 3368 2158 3415 suam,
2215 3356 2273 3406 et
2310 3352 2586 3424 fingendo
2615 3371 2673 3408 se
2705 3355 3161 3425 misericordem,
3218 3364 3374 3432 quasi
3419 3363 3494 3417 leo
3525 3366 3582 3419 in

1973 3439 2218 3509 spelunca
2242 3457 2334 3492 sua
2361 3441 2544 3494 latens
2567 3440 2928 3498 insidiabitur
2969 3445 3097 3500 dico
3127 3463 3141 3500 :
3172 3448 3245 3502 ad
3278 3449 3385 3504 hoc
3406 3457 3466 3504 ut
3497 3467 3584 3507 ra-

257 3536 402 3601 Quia
434 3540 690 3593 multum
721 3538 871 3593 iram
887 3539 1010 3610 ejus
1038 3536 1494 3608 promeruit,non
1514 3541 1872 3607 quaeret,eum
1966 3528 2088 3596 piat
2105 3544 2394 3597 pauperem
2423 3529 2496 3583 ad
2527 3531 3002 3586 conformitatem
3028 3534 3133 3590 sui.
3161 3536 3228 3589 Et
3251 3537 3386 3608 quia
3417 3555 3582 3610 rape-

257 3627 425 3681 Deus.
447 3627 617 3692 Quod
637 3627 774 3682 dicit
793 3634 990 3698 quaeret
1014 3643 1027 3680 :
1057 3643 1090 3680 a
1111 3625 1487 3680 similitudine
1521 3625 1658 3679 dicit
1681 3625 1872 3697 pasto-

256 3713 354 3782 ris,
381 3717 480 3787 qui
513 3719 811 3770 errantem
839 3731 1007 3769 ovem
1055 3714 1239 3769 donec
1288 3714 1358 3768 ad
1419 3713 1562 3768 ovile
1615 3713 1871 3779 reducat,

259 3805 468 3875 quaerit
523 3806 593 3859 Et
623 3804 752 3858 ideo
775 3804 960 3858 adhuc
998 3806 1413 3873 non'quteret,
1463 3801 1597 3872 quia
1649 3819 1755 3854 non
1798 3808 1876 3856 est

260 3890 401 3946 Deus
431 3896 486 3946 in
512 3899 788 3964 conspectu
809 3890 1006 3962 ejus,id
1023 3893 1108 3944 est
1136 3889 1194 3943 in
1227 3889 1685 3944 consideratione
1711 3907 1875 3943 men-

261 3979 332 4033 tis
362 3981 508 4052 ejus,
547 3981 603 4035 id
644 3984 865 4035 estnon
893 3978 1223 4034 considerat
1253 3994 1385 4031 eum
1441 3977 1878 4032 misericordem

263 4071 325 4121 ut
355 4071 660 4140 poeniteat.
694 4070 762 4124 Et
788 4069 915 4122 ideo
948 4067 1134 4121 adhuc
1161 4065 1295 4138 quia
1323 4068 1424 4121 cia;-
1471 4065 1637 4132 ittius,
1683 4065 1740 4119 id
1795 4069 1879 4119 est

267 4159 638 4228 operationes
659 4158 781 4228 ejus
810 4158 884 4211 ad
917 4159 1169 4211 mortem
1203 4157 1496 4226 inquinata
1541 4161 1683 4220 sunt,
1714 4154 1771 4208 id
1794 4156 1880 4208 est

268 4259 301 4297 a
330 4246 480 4302 vitiis
500 4246 810 4302 sordidata:
842 4249 1046 4311 erunt;
1081 4248 1140 4299 et
1167 4245 1275 4298 hoc
1295 4246 1350 4297 in
1371 4245 1519 4296 omni
1543 4249 1769 4313 tempore
1797 4244 1854 4296 vi
1861 4273 1877 4282 -

1975 3630 2037 3667 re
2067 3631 2185 3668 non
2226 3617 2370 3669 solet
2402 3616 2536 3678 dici,
2569 3617 2676 3670 nisi
2697 3620 2930 3688 quando
2955 3621 3172 3692 aliquid
3198 3623 3249 3676 vi
3273 3626 3497 3696 capitur
3525 3630 3586 3682 et

1976 3701 2216 3766 insidiis,
2247 3703 2408 3756 addit
2441 3721 2453 3756 :
2478 3703 2682 3774 Rapere
2702 3723 2998 3776 pauperem
3022 3708 3170 3774 dico,
3197 3710 3324 3764 dum
3358 3715 3585 3768 attrahit

1974 3807 2093 3843 eum
2113 3790 2424 3844 blanditiis.
2451 3791 2615 3854 Quod
2634 3796 2717 3846 est
2739 3794 2929 3847 dicere
2952 3811 2964 3847 :
2989 3796 3184 3850 Merito
3217 3797 3342 3852 dico
3370 3815 3574 3870 rapere

1976 3895 2107 3932 eum
2133 3879 2206 3931 ad
2228 3879 2336 3932 hoc
2363 3879 2518 3933 idem
2545 3880 2810 3935 intendat
2850 3882 3160 3937 blanditias
3187 3884 3259 3938 ad
3303 3887 3459 3956 quod
3499 3887 3585 3942 in-

1977 3967 2241 4022 tenderet
2267 3982 2370 4036 per
2400 3967 2511 4020 vim
2543 3967 2617 4022 ad
2645 3986 2778 4023 eum
2805 3975 3068 4025 sanctum
3085 3972 3192 4026 sibi
3209 3972 3584 4045 incorporan-

1979 4055 2212 4109 dum.Et
2231 4054 2272 4107 si
2300 4055 2592 4109 blanditiis
2621 4058 2850 4113 trahere
2879 4060 3218 4130 nequiverit,
3251 4062 3580 4130 humiliabit,

1979 4142 2036 4196 id
2064 4146 2148 4196 est
2167 4142 2396 4212 dejiciet
2423 4146 2480 4196 et
2511 4143 2732 4214 afﬂiget
2753 4163 2885 4200 eum
2910 4147 2967 4201 in
2995 4148 3179 4220 laqueo
3198 4166 3316 4218 suo,
3339 4149 3398 4204 id
3411 4153 3499 4206 est
3520 4151 3582 4208 in

1979 4231 2345 4285 tribulatione
2365 4249 2493 4303 quae
2531 4232 2638 4304 ipsi
2668 4227 2776 4288 ait
2800 4236 3056 4306 laqueus,
3099 4237 3158 4291 id
3195 4241 3281 4292 est
3308 4237 3583 4306 illaquea-

271 4339 334 4386 ια»
365 4335 507 4406 ejus,
545 4337 613 4390 Et
643 4335 770 4390 ideo
800 4334 985 4388 adhuc
1028 4351 1142 4388 ηοη
1172 4349 1394 4404 quaeres
1421 4347 1575 4396 eum,
1609 4330 1876 4398 nomine,
1902 4303 1954 4362 D
1979 4318 2058 4372 tio
2082 4320 2504 4406 exceccatlonis.
2527 4321 2660 4375 ldeo
2691 4321 2842 4375 enim
2875 4323 3109 4396 magisa
3135 4325 3380 4380 Domino
3411 4342 3587 4382 excae-

269 4423 401 4492 quia
427 4425 778 4494 auferuntur,
811 4423 868 4477 id
899 4425 984 4476 est
1010 4423 1345 4476 auferentur
1353 4421 1564 4490 judicia
1604 4427 1696 4473 tua
1724 4439 1756 4473 (ι
1785 4421 1876 4489 [α-

270 4513 344 4563 cie
370 4513 505 4582 ejus,
536 4513 593 4566 id
621 4516 704 4567 est
735 4530 768 4566 a
799 4510 1130 4582 cognitione
1159 4512 1298 4580 ejus.
1351 4508 1509 4562 Adeo
1543 4508 1756 4564 scilicet
1783 4525 1878 4562 ex-

271 4601 504 4654 cascabit
531 4618 663 4655 eum
696 4600 914 4655 vanitas
937 4616 1056 4664 sua,
1087 4597 1239 4668 quod
1265 4614 1381 4652 non
1409 4601 1715 4666 cognoscet
1743 4600 1796 4650 te
1821 4597 1877 4650 iu

272 4685 460 4742 futuro
485 4687 870 4760 justojudicio
894 4687 1078 4740 malos
1093 4689 1624 4739 remuneraturum.
1661 4685 1724 4736 Et
1749 4683 1878 4738 idco

273 4774 403 4843 quia
433 4777 772 4830 auferuntur
804 4774 1020 4846 judicia
1068 4778 1163 4827 tua
1195 4790 1229 4826 a
1276 4773 1418 4827 facie
1449 4772 1590 4842 ejus,
1645 4775 1703 4824 et
1763 4788 1879 4825 non

271 4863 494 4929 putabit
514 4882 572 4920 se
591 4863 984 4920 damnandum
997 4905 1009 4929 ,
1029 4863 1266 4915 omnium
1290 4863 1625 4914 inimicorum
1637 4877 1876 4928 suorum,

275 4946 326 5002 id
355 4954 435 5005 est
457 4951 687 5008 illorum
712 4952 808 5024 qui
833 4952 1143 5006 noluerunt
1159 4950 1209 5003 ei
1230 4949 1876 5016 obcdire,dominabitur:

274 5053 387 5091 non
413 5039 470 5094 in
505 5041 837 5107 anima,sed
863 5039 922 5092 in
953 5055 1194 5110 corpore
1225 5039 1878 5093 tormentando.Etverc

277 5124 666 5184 dominabitur
684 5147 698 5198 ;
723 5129 876 5183 Dixit
889 5131 1028 5181 enim
1053 5131 1105 5181 in
1133 5128 1286 5182 corde
1308 5145 1420 5190 suo,
1435 5127 1492 5182 id
1508 5132 1592 5181 est
1605 5125 1880 5198 cogitabit

275 5211 379 5267 hoc
406 5215 460 5269 in
492 5219 659 5273 corde
675 5235 776 5272 suo
813 5235 824 5272 :
862 5217 1100 5288 Oportet
1129 5233 1222 5270 me
1247 5215 1559 5271 dominari.
1597 5217 1737 5268 Nam
1767 5216 1879 5267 sine

278 5303 432 5370 malo,
461 5305 519 5360 id
542 5311 623 5362 est
645 5308 769 5362 sine
793 5293 1183 5359 'tribulatione
1209 5305 1494 5374 justorum
1533 5319 1546 5357 :
1575 5318 1680 5354 non
1711 5318 1880 5354 mane-

281 5385 368 5441 bor
396 5409 428 5443 a
464 5399 805 5461 generatione
830 5396 956 5461 hac,
991 5411 1118 5466 quae
1151 5409 1245 5447 me
1265 5391 1388 5461 jam
1430 5390 1563 5445 colit
1592 5405 1605 5442 :
1641 5391 1694 5440 in
1722 5407 1878 5457 gene-

1979 4405 2092 4460 cari
2123 4407 2512 4476 permittetur.
2541 4409 2700 4476 Dico,
2736 4410 3080 4466 humiliabit.

2052 4496 2258 4548 Etcum
2276 4495 2766 4568 dominatus‘fuerit
2779 4515 3070 4568 pauperem
3085 4500 3423 4572 affligendo,
3439 4503 3588 4560 incli-

1980 4583 2285 4647 nabitse,id
2311 4586 2395 4636 est
2409 4583 2636 4654 dejiciet
2657 4586 2713 4638 in
2727 4589 2980 4640 mortem
3005 4591 3304 4644 aeternam.
3347 4591 3416 4644 Et
3446 4591 3586 4663 quia

1983 4673 2218 4728 obscure
2240 4671 2458 4724 dixerat
2473 4671 3030 4746 lnctinabit,exponit
3049 4676 3146 4730 sic.
3169 4678 3474 4732 Inclinabit
3501 4696 3582 4736 se;

1983 4763 2049 4816 Et
2079 4763 2225 4833 post,
2257 4759 2411 4814 idem
2454 4762 2604 4816 cadet
2635 4780 2738 4833 per
2754 4764 2863 4818 hoc
2889 4765 2947 4819 in
2993 4769 3263 4822 mortem.
3297 4767 3364 4820 Et
3395 4766 3588 4822 subdit

1982 4851 2122 4905 duas
2141 4865 2337 4902 causas
2353 4865 2528 4919 quare
2557 4851 2952 4906 dominabitur
2981 4853 3077 4907 sic.
3116 4854 3248 4908 Vere
3282 4854 3587 4910 dominatus

1979 4940 2166 5010 fuerit.
2184 4936 2331 4991 Dixit
2361 4937 2541 5004 enim,
2565 4939 2622 4994 id
2655 4943 2740 4994 est
2770 4941 3044 5009 cogitabit
3069 4941 3125 4994 in
3151 4942 3322 4997 corde
3339 4959 3440 4997 suo
3459 4959 3474 4996 :
3493 4941 3590 4997 Se-

1981 5044 2114 5082 cure
2137 5028 2295 5082 valeo
2323 5027 2632 5085 dominari.
2667 5029 2811 5082 Nam
2843 5028 2984 5081 Deus
3008 5029 3200 5082 oblitus
3229 5037 3304 5082 est
3331 5045 3535 5084 eorum
3568 5047 3582 5086 :

1981 5135 2276 5190 nunquam
2295 5118 2374 5172 eis
2387 5115 2844 5171 auxiliabitur.Et
2859 5115 2988 5169 ideo
3007 5115 3354 5188 adhuc,quia
3372 5119 3586 5182 avertit,

1981 5207 2038 5262 id
2072 5213 2156 5262 est
2203 5209 2420 5260 avertet
2447 5207 2666 5275 faciem,
2690 5203 2750 5256 id
2783 5207 2868 5258 est
2895 5203 3310 5273 cogitationem
3343 5221 3498 5258 suam
3531 5207 3590 5260 in

1980 5297 2139 5366 ﬁnem
2171 5293 2500 5359 aversionis,
2538 5293 2596 5345 id
2623 5293 2708 5344 est
2734 5294 3016 5363 quantum
3068 5295 3261 5362 potest
3305 5295 3589 5364 avertere,

1985 5401 2057 5438 ne
2083 5383 2273 5436 videat
2303 5379 2769 5451 persecutionem
2791 5395 2967 5450 quam
2999 5379 3080 5433 eis
3108 5379 3320 5448 infero,
3369 5382 3432 5435 ut
3461 5381 3601 5436 ulci-

283 5479 535 5534 rationem
560 5483 719 5539 illam
751 5503 879 5558 quin
911 5462 1215 5539 mc—adhuc
1245 5496 1358 5534 non
1389 5479 1542 5534 colit.
1597 5476 1761 5541 Quod
1799 5479 1884 5532 est
1985 5475 2191 5526 scatur.
2215 5469 2385 5532 Quasi
2408 5467 2595 5531 dicat;
2630 5462 2848 5522 Secure
2872 5465 3160 5521 dominari
3174 5484 3406 5541 possum
3429 5483 3444 5522 :
3465 5467 3608 5538 quia

290 5563 469 5622 dicere
519 5587 532 5624 :

592 5573 704 5628 Nisi
761 5574 902 5629 mihi
957 5573 1284 5628 resistentes
1337 5567 1703 5644 tribulavero,
1766 5583 1882 5624 non

1991 5563 2134 5617 Deus
2165 5573 2279 5612 nou
2305 5553 2600 5631 adiuvabit
2642 5568 2778 5628 eos,
2821 5569 3008 5631 neque
3043 5571 3138 5615 me
3197 5559 3336 5620 ideo
3376 5553 3613 5629 puniet.
