4010 6032
422 310 523 370 0'75

1030 305 1087 361 S.
1130 300 1476 360 BRUNONIS
1518 292 2149 355 CARTHUSIANORUM
2188 292 2656 353 lNSTlTUTORIS
2699 296 2853 352 OPP.
2896 294 3073 351 PARS
3112 296 3137 351 Ι

3634 291 3741 351 676

421 442 565 498 Cum
594 455 726 494 vero
750 436 887 493 dicit
918 451 932 489 :
979 431 1249 498 Exsurge,
1280 426 1509 481 Domine
1529 424 1695 484 Deus,
1717 416 2108 487 etc.,redditA
2136 416 2201 470 lis
2236 434 2248 472 :
2277 423 2559 489 quantum
2591 438 2623 475 a
2652 438 2709 475 se
2740 421 2836 493 qui
2864 422 3080 477 nullam
3110 420 3375 476 virtutem
3388 418 3639 476 habebit.
3670 422 3743 487 Et

424 531 653 600 singula
682 525 953 595 singulis:
991 521 1087 575 sic.
1111 516 1490 572 Antichristus
1517 512 1688 577 dicet,
1715 510 1932 600 Oblitus
1949 513 2032 563 est

427 598 595 687 Deus,
636 621 692 671 et
712 613 913 670 avertit
945 609 1189 663 faciem:
1228 605 1325 657 sed
1360 606 1439 668 tu,
1476 599 1741 663 Douiiue,
1796 598 1891 669 qui
1926 615 2028 670 p0-

426 716 556 767 tens
586 725 663 762 es.
698 706 765 758 Et
785 707 866 766 tu,
893 694 1725 767 l)eus,quijustuses,exsurgc,
1754 688 1807 740 id
1830 690 1914 741 est
1932 704 2030 758 po-

423 804 553 856 tens
567 789 902 867 appare,qui
918 787 1206 857 impotens
1217 780 1442 835 videris.
1460 780 1525 831 Et
1540 795 1600 829 ex
1612 776 1771 867 ponit
1788 776 1855 828 ad
1873 775 2027 846 quod

426 866 718 953 exsurgat:
735 883 935 935 contra
957 876 1065 928 hoc
1090 870 1301 924 scilicet
1321 868 1471 938 quod
1506 867 1622 936 ipse
1646 866 1793 920 dicet
1826 882 1839 918 :
1865 881 2024 918 aver-

354 983 365 993 '
422 975 491 1031 tit
519 950 1021 1033 faciemzexsurge
1054 960 1238 1014 adhuc
1273 960 1334 1010 ut
1376 955 1639 1009 erallelur
1677 972 1869 1006 manus
1931 961 2023 1005 tua

423 1077 594 1135 super
615 1054 852 1121 eum,id
903 1054 987 1105 est
1018 1065 1233 1117 magna
1290 1046 1567 1135 appareat
1620 1042 1870 1135 vindicta
1903 1044 2021 1135 tua,

426 1130 724 1207 damnatio
752 1144 873 1214 ejus
896 1140 1123 1194 scilicet.
1158 1134 1320 1198 Quod
1355 1133 1510 1197 dicit,
1543 1131 1821 1195 eraltetur,
1870 1148 1903 1183 a
1955 1130 2024 1183 si-

422 1236 746 1296 militudine
800 1231 944 1285 illius
984 1227 1198 1280 dictum
1232 1227 1335 1289 est,
1361 1222 1454 1291 qui
1492 1237 1695 1273 manus
1722 1220 1933 1272 exaltat
1961 1222 2024 1272 ut

420 1326 795 1383 vehementer
822 1319 1072 1387 aliquem
1089 1314 1277 1367 feriat.
1305 1314 1382 1363 Ac
1412 1310 1452 1362 si
1488 1310 1639 1362 dicat
1662 1325 1673 1361 :
1699 1308 1868 1360 Valde
1887 1324 2020 1361 eum

420 1419 653 1473 damna.
690 1412 757 1464 Et
794 1410 901 1462 hoc
934 1422 1047 1458 non
1078 1406 1163 1456 est
1200 1398 1558 1470 imprecatio,
1593 1397 1689 1449 sed
1709 1396 2017 1449 concessio.

420 1508 488 1562 Et
503 1508 704 1559 contra
723 1500 833 1553 hoc
860 1493 1015 1565 quod
1038 1493 1154 1563 ipse
1193 1490 1341 1543 dicet
1369 1505 1382 1541 :
1415 1486 1706 1540 Oblitusext
1732 1487 1895 1540 Deus.
1915 1487 2019 1539 Ex-

420 1609 586 1664 surge
615 1591 669 1644 in
701 1584 973 1642 auxilium
997 1599 1060 1633 ne
1084 1578 1406 1632 obliviscaris
1424 1592 1749 1645 pauperum,
1774 1574 1829 1626 id
1857 1577 1941 1626 est
1960 1574 2020 1626 ﬁ-

418 1682 633 1737 delium
661 1682 913 1730 tuorum.
932 1673 997 1724 Et
1020 1668 1065 1722 si
1092 1668 1240 1720 visus
1264 1666 1438 1719 fueris
1460 1663 1670 1717 oblitus
1691 1663 1857 1735 fuisse
1881 1663 2017 1716 dum

2136 526 2363 563 necesse
2385 510 2494 564 erit
2520 514 2580 565 ut
2610 513 2719 567 cito
2751 515 3015 566 conteras
3046 529 3058 566 :
3088 511 3230 566 Nam
3253 517 3565 582 quasretura
3592 512 3741 566 mul-

2132 597 2202 651 tis
2220 605 2499 667 peccatum
2533 600 2695 665 illius,
2731 608 2779 653 et
2801 618 2906 653 non
2935 603 3251 666 invenietur,
3276 598 3332 652 id
3357 603 3441 653 est
3471 599 3599 655 ideo
3623 601 3740 653 val-

2131 686 2202 739 de
2236 686 2479 757 decipiet
2505 688 2637 759 quia
2688 689 2872 742 bonus
2922 688 3206 741 videbitur
3235 705 3247 741 :
3280 692 3337 741 et
3388 688 3551 741 multi
3582 705 3738 759 quae-

2128 778 2259 827 rent
2287 793 2359 828 an
2390 776 2536 830 forte
2568 776 2783 848 pessint
2809 777 2864 829 in
2905 793 2971 829 eo
3004 776 3260 830 invenire
3288 779 3622 846 peccatum;
3673 779 3738 829 et

2127 879 2253 915 cum
2286 881 2399 916 non
2434 867 2706 933 poterunt
2736 864 3013 929 invenire,
3040 864 3411 934 adquiesccnt
3454 862 3524 916 ei.
3576 863 3737 917 Ideo-

2126 968 2236 1021 que
2260 968 2486 1004 necesse
2519 957 2603 1005 est
2636 956 2696 1005 ut
2723 952 2834 1006 cito
2866 956 3126 1006 conteras
3142 969 3213 1005 ne
3231 968 3432 1005 omnes
3464 950 3730 1022 decipiat.

2196 1039 2337 1091 Cum
2353 1056 2483 1092 vero
2521 1040 2657 1093 dicit
2689 1057 2701 1094 :
2737 1042 3000 1095 Dominus
3015 1040 3278 1108 regnabit,
3305 1043 3439 1105 etc.,
3471 1043 3729 1109 apostro-

2122 1125 2237 1195 pha
2263 1130 2346 1179 est
2381 1128 2453 1181 ad
2486 1128 2683 1181 ﬁdeles
2704 1146 2773 1181 ne
2816 1130 3102 1183 timeant:
3143 1145 3278 1182 nam
3307 1131 3437 1197 post
3475 1132 3729 1182 mortem

2124 1229 2453 1285 corporum,
2490 1216 2755 1287 regnabit
2791 1218 2847 1270 in
2884 1218 2928 1271 is
2982 1218 3261 1271 Dominus
3281 1218 3336 1269 in
3360 1223 3634 1271 aeternum.
3662 1217 3731 1270 Et

2121 1301 2229 1355 hoc
2257 1303 2331 1356 sic
2364 1304 2751 1358 continuatur.
2775 1306 2891 1374 Ego
2925 1305 3035 1359 dixi
3061 1305 3306 1359 Contere
3331 1322 3344 1357 :
3365 1308 3422 1358 et
3441 1321 3569 1359 vere
3596 1320 3729 1358 con-

2120 1392 2644 1446 teretur.Domiuus
2676 1397 2869 1447 autem
2902 1393 3239 1465 regnabitin
3265 1393 3482 1457 vobis,o
3502 1393 3723 1460 ﬁdeles,

2119 1477 2177 1530 id
2206 1483 2308 1543 est,
2342 1497 2587 1550 regnum
2620 1499 2785 1535 suum
2814 1482 2983 1535 faciet
3006 1486 3122 1543 vos,
3150 1482 3325 1535 ethoc
3353 1481 3407 1535 in
3441 1484 3727 1545 internum

2120 1566 2261 1619 solet
2295 1568 2430 1636 poni
2467 1586 2569 1639 pro
2596 1571 2777 1641 spatio
2810 1570 2964 1641 quod
2988 1569 3146 1623 estin
3178 1570 3354 1623 ﬁnem
3390 1570 3726 1635 mundi,de-

2119 1655 2393 1728 termiuat
2417 1658 2514 1709 sic.
2550 1658 2684 1711 Dico
2718 1658 2775 1711 in
2809 1663 3119 1714 internum.
3160 1660 3226 1712 Et
3249 1660 3378 1729 (pro
3399 1658 3633 1729 scilicet)
3667 1660 3721 1711 in

418 1765 947 1825 tormentabuntur,
1006 1775 1079 1810 ne
1111 1752 1455 1809 obliviscaris
1486 1755 1682 1805 tamen
1716 1750 1771 1803 in
1806 1768 2013 1822 perpe-
2040 1726 2091 1786 Β
2115 1747 2367 1799 δᾶτσιιῖδιηι
2390 1748 2588 1813 saeculi,
2628 1748 2797 1817 hujus
2820 1748 3241 1802 subsecutivum
3269 1748 3327 1802 id
3358 1752 3443 1802 est
3472 1765 3720 1819 semper.

414 1860 577 1912 tuum
612 1870 626 1908 :
660 1850 827 1916 Quasi
846 1847 1060 1902 diceret
1090 1861 1101 1898 :
1128 1843 1292 1912 Eripe
1315 1858 1412 1895 eos
1435 1840 1801 1909 quandoque.

484 1948 629 2000 Dum
646 1938 1054 2006 dicit:Propter
1105 1931 1253 2004 quid,
1295 1934 1382 1983 etc
1415 1971 1426 1995 ,
1462 1931 1719 1998 increpat
1736 1928 2019 1982 Antichri-

413 2030 727 2102 stum,quia
745 2025 1043 2099 promittet
1062 2024 1243 2076 Deum
1262 2036 1449 2073 senon
1471 2021 1973 2072 remuneraturum
2000 2035 2013 2071 :

416 2138 547 2176 cum
572 2120 629 2173 in
662 2120 769 2171 hoc
801 2114 1043 2183 injustus
1060 2112 1206 2162 esset
1234 2109 1275 2161 si
1299 2124 1414 2161 non
1443 2109 1839 2160 remuneraret
1861 2122 2015 2162 eum.

414 2210 483 2263 Et
502 2209 610 2261 hoc
641 2206 718 2259 sic
768 2202 925 2258 dicit.
984 2202 1107 2269 Ipse
1148 2197 1342 2251 dicet:
1390 2196 1533 2249 Deus
1589 2196 1779 2247 avertit
1823 2194 2017 2261 [aciem

410 2295 665 2362 suam,ld
695 2296 780 2348 est
811 2306 928 2344 non
963 2287 1285 2341 ulciscetur.
1322 2286 1562 2353 Propter
1588 2281 1725 2352 quid
1756 2281 2014 2347 rationis,

414 2386 677 2445 irritavit,
718 2381 776 2435 id
838 2382 923 2432 est
986 2374 1237 2429 irritabit
1286 2374 1498 2441 impius,
1534 2369 2014 2435 autonomastice,

407 2476 604 2537 Deum,
638 2470 696 2524 id
718 2473 802 2523 est
824 2462 1281 2535 blasphemando
1314 2459 1581 2523 irritabit,
1631 2458 1824 2512 dicens
1879 2476 2014 2512 eum

407 2562 683 2633 injustum
707 2562 764 2611 et
792 2572 907 2609 non
931 2552 1460 2606 remuneraturum.
1488 2547 1552 2599 Et
1585 2563 1712 2599 vere
1744 2546 2008 2600 irritabit.

410 2646 751 2711 Dixitenim,
782 2644 841 2697 id
868 2644 952 2696 est
995 2640 1146 2720 dicet
1177 2638 1233 2691 in
1260 2636 1433 2690 corde
1465 2651 1565 2689 suo
1593 2652 1604 2687 :
1642 2636 1904 2688 Deusnon
1929 2653 2009 2687 re-

408 2738 583 2809 quiret
614 2751 649 2787 a
681 2748 774 2787 me
802 2730 1081 2786 ultionem
1113 2742 1126 2779 :
1157 2740 1351 2779 secure
1383 2738 1614 2793 possum
1630 2721 2014 2776 dominari.Et

404 2825 515 2880 hoc
541 2826 624 2877 est
650 2839 715 2875 ac
738 2821 781 2873 si
800 2818 1048 2873 diceret:
1078 2816 1318 2883 Propter
1336 2828 1511 2882 quam
1530 2811 1813 2865 rationem
1830 2812 2013 2866 irrita-

404 2913 490 2968 bit
519 2907 885 2980 blasphemiis
919 2905 1032 2959 suis
1062 2902 1270 2973 impius
1307 2900 1399 2953 ille
1451 2901 1652 2965 Deum,
1702 2899 1895 2953 dicens
1954 2901 2009 2953 in

2118 1835 2322 1887 Postea
2356 1835 2490 1889 facit
2519 1837 2931 1906 apostropham
2961 1837 3033 1890 ad
3066 1837 3293 1907 impios,
3358 1839 3419 1889 ut
3450 1836 3722 1890 terrendo

2121 1921 2356 1975 devocet
2383 1940 2479 1976 eos
2510 1924 2579 1977 ab
2611 1924 2906 1995 impietate
2939 1942 3039 1979 sua
3070 1942 3082 1978 :
3115 1926 3213 1979 sic.
3250 1927 3310 1978 In
3330 1924 3497 1978 bonis
3516 1940 3725 1993 regna-

2121 2010 2204 2065 bit
2234 2012 2510 2066 Dominus
2540 2031 2552 2079 ;
2588 2030 2682 2067 vos
2713 2030 2844 2069 vero
2870 2018 3090 2084 gentes,
3124 2014 3180 2068 id
3212 2017 3296 2067 est
3343 2013 3506 2085 impii
3538 2013 3726 2085 genti-

2120 2098 2250 2153 liter
2282 2102 2551 2167 viventes,
2572 2104 2817 2172 peribitz’s
2840 2102 2910 2156 de
2932 2107 3087 2157 terra
3112 2103 3280 2170 illius,
3302 2104 3359 2157 id
3390 2104 3459 2157 de
3492 2120 3724 2158 consor-

2119 2187 2198 2241 tio
2232 2192 2399 2243 terrai
2427 2191 2566 2243 illius
2600 2191 2845 2262 separati
2872 2208 2886 2258 ;
2921 2191 2977 2244 id
3009 2195 3093 2245 est
3110 2192 3179 2245 de
3199 2192 3486 2246 consortio
3508 2195 3730 2246 sancto-

2118 2294 2269 2344 rum,
2303 2295 2445 2349 quos
2474 2279 2593 2349 ipso
2622 2279 2826 2333 excolit
2857 2280 3001 2333 sicut
3026 2280 3229 2351 aliquis
3271 2283 3490 2334 terram
3539 2296 3723 2334 suam.

2116 2367 2281 2419 Juxta
2337 2368 2756 2438 Evangelium:
2816 2390 2841 2417 ‹‹
2876 2367 3181 2437 Separabit
3234 2385 3365 2422 oves
3418 2368 3490 2422 ab
3545 2368 3726 2423 haedis

2117 2454 2342 2523 (Matth.
2369 2472 2491 2521 xxv,
2528 2458 2616 2526 3'2)
2652 2474 2664 2510 :
2694 2476 2721 2503 ››
2758 2456 2914 2523 Dico,
2947 2457 3189 2528 quiavos
3206 2460 3407 2526 gentes
3437 2456 3720 2527 peribitis.

2117 2544 2183 2596 Et
2212 2544 2319 2597 hoc
2354 2548 2509 2613 patet
2538 2562 2602 2598 ex
2637 2545 2924 2615 opposito.
2975 2546 3117 2599 Nam
3162 2544 3477 2617 desiderium
3516 2563 3719 2615 paupe-

2114 2648 2229 2684 rum
2263 2648 2495 2685 suorum
2526 2633 2795 2686 exaudivit
2823 2634 3106 2699 Dominus,
3150 2633 3206 2686 id
3238 2636 3323 2687 est
3351 2633 3634 2695 exaudiet,
3663 2634 3721 2687 id

2114 2721 2198 2771 est
2264 2719 2528 2772 ostendet
2587 2736 2645 2773 se
2706 2720 3054 2774 exaudivisse
3105 2737 3235 2774 cum
3305 2721 3718 2775 remunerabit.

2112 2806 2179 2858 Et
2205 2807 2438 2875 exponit
2468 2808 2621 2877 quod
2655 2808 2997 2861 desiderium
3022 2825 3034 2862 :
3069 2807 3283 2863 faciens
3308 2809 3721 2878 apostropham

2112 2911 2177 2947 ex
2210 2895 2391 2948 nimia
2443 2895 2765 2959 affectione,
2817 2897 3029 2950 scilicet
3066 2898 3493 2967 preparationem
3548 2897 3719 2951 cordis

402 3000 575 3055 corde
605 3013 705 3051 suo
738 3013 750 3050 :
788 2996 909 3048 Non
936 2991 1210 3062 requiret.
1239 2990 1460 3041 Nullam
1506 2987 1791 3063 rationem
1833 2989 2007 3061 habe-
2039 3004 2086 3063 ο
2111 3001 2309 3049 eorum,
2346 2984 2401 3037 id
2428 2989 2512 3038 est
2543 2985 2893 3039 desiderium
2928 2986 3083 3056 quod
3116 3002 3234 3039 non
3260 2986 3556 3040 habebunt
3581 3004 3615 3040 a
3636 3004 3716 3053 se,

398 3089 502 3144 bit.
526 3087 662 3141 lude
684 3084 897 3138 scilicet
926 3081 1062 3135 facit
1092 3078 1502 3150 apostropham
1536 3076 1607 3130 ad
1827 3082 2007 3134 Deum

398 3168 1091 3231 annuntiansAntichristi
1124 3169 1525 3235 sectarumque
1550 3167 1671 3233 ejus
1690 3168 2011 3222 damnatio-

398 3280 557 3327 nem,
588 3265 650 3314 ut
680 3261 966 3313 deterreat
1015 3256 1308 3310 auditores
1341 3270 1373 3306 a
1424 3254 1829 3307 conformitale
1862 3257 2003 3325 ejus,

396 3352 475 3406 sic
500 3350 693 3404 dicens
726 3364 738 3400 :
778 3346 821 3399 Ο
842 3348 989 3399 Deus
1010 3344 1129 3413 ipse
1157 3345 1212 3395 et
1242 3342 1338 3412 qui
1396 3342 1517 3410 ejus
1566 3345 1734 3395 erunt
1766 3343 1957 3397 dicent
1988 3362 2002 3411 ;

398 3442 673 3495 Deusnon
698 3434 982 3505 requiret:
1002 3432 1101 3485 sed
1120 3436 1180 3485 tu
1214 3432 1339 3500 jam
1369 3431 1530 3491 vides,
1549 3431 1605 3483 in
1631 3431 2003 3500 dispositione

396 3525 780 3593 tua,uttradas
796 3540 878 3576 eos
910 3522 964 3575 in
993 3522 1207 3583 futuro,
1241 3522 1295 3573 in
1349 3537 1559 3580 manus,
1620 3520 1675 3573 id
1708 3524 1790 3574 est
1822 3522 2006 3575 vindi-

398 3620 515 3671 ctas
543 3623 679 3679 tuas,
704 3614 762 3667 in
789 3615 1037 3666 mortem
1057 3610 1268 3664 scilicet
1297 3612 1599 3666 aeternam.
1620 3611 1684 3663 Et
1713 3628 1845 3664 vere
1866 3611 2000 3677 scio,

395 3704 529 3777 quia
544 3703 699 3757 vides
735 3719 747 3755 :
778 3700 1045 3767 Quoniam
1072 3705 1127 3751 tu
1158 3698 1255 3769 qui
1283 3698 1480 3751 omnia
1510 3698 1807 3767 conspicis,
1839 3702 2005 3752 consi-

394 3792 546 3847 deras
571 3792 802 3844 laborem
830 3796 878 3843 et
908 3789 1137 3841 dolorem
1160 3804 1331 3857 quem
1350 3786 1835 3840 facientﬁdelibus
1862 3788 1997 3853 tuis;

395 3879 551 3951 quod
572 3882 657 3933 est
688 3878 875 3931 dicere
909 3893 921 3929 :
958 3876 1097 3929 Cum
1129 3875 1309 3943 justus
1343 3874 1516 3943 judex
1550 3874 1621 3926 sis
1652 3891 1665 3927 :
1701 3878 1756 3927 et
1810 3874 2003 3929 videas

390 3958 652 4014 laborem
699 3960 754 4009 et
803 3957 1062 4010 dolorem
1095 3970 1267 4024 quem
1300 3954 1505 4022 injuste
1563 3952 1672 4005 tuis
1725 3954 1998 4019 inferunt,

392 4064 512 4103 non
562 4045 775 4115 poteris
800 4060 917 4097 non
948 4040 1155 4095 ulcisci.
1192 4041 1257 4093 Et
1288 4041 1403 4109 ipse
1443 4040 1590 4093 dicet
1623 4057 1636 4093 :
1668 4041 1889 4095 Oblitus
1918 4046 2001 4095 est

392 4136 568 4201 Deus;
604 4136 660 4187 et
683 4129 1029 4193 econtrario,
1065 4136 1121 4181 tu
1155 4131 1255 4181 eris
1283 4129 1518 4197 adiutor,
1537 4129 1591 4182 id
1622 4134 1706 4182 est
1737 4148 2001 4185 remune-

390 4226 570 4289 rator,
603 4221 859 4291 orphano,
894 4217 950 4271 id
978 4220 1063 4270 est
1093 4216 1244 4270 ﬁdeli
1272 4232 1373 4287 pro
1410 4221 1462 4270 te
1482 4217 1702 4271 assidue
1734 4220 1994 4288 patienti,

2112 3073 2209 3126 sed
2242 3075 2300 3125 tu
2334 3073 2683 3143 praiparabis
2736 3073 2791 3127 in
2821 3074 3086 3128 cordibus
3123 3090 3345 3127 eorum.
3380 3073 3630 3136 Audiuit,
3661 3075 3719 3130 id

2109 3164 2195 3214 est
2225 3161 2419 3214 audiet
2456 3164 2601 3213 auris
2636 3168 2749 3222 tua,
2784 3162 2839 3214 id
2873 3166 2958 3215 est
3018 3161 3275 3232 polentia
3308 3161 3715 3216 misericordiae

2109 3251 2242 3313 tuae,
2272 3265 2397 3318 quae
2440 3250 2647 3302 merito
2683 3249 2833 3302 auris
2864 3250 3088 3303 dicitur.
3127 3250 3281 3303 Sicut
3310 3249 3467 3303 enim
3513 3250 3719 3321 aliquis

2107 3353 2210 3406 per
2240 3354 2464 3402 aurem,
2499 3339 2575 3391 ita
2604 3340 2749 3392 Deus
2781 3340 2939 3392 audit
2957 3356 3060 3409 per
3092 3339 3498 3393 misericordiae
3518 3345 3719 3410 poten-

2106 3426 2267 3479 tiam.
2306 3427 2492 3479 Ethoc
2511 3431 2595 3479 est
2623 3445 2687 3480 ac
2718 3428 2758 3480 si
2790 3427 3004 3481 diceret
3047 3444 3059 3481 :
3092 3427 3229 3481 lndé
3254 3428 3491 3497 potestis
3519 3427 3713 3482 videre

2106 3514 2258 3584 quod
2292 3514 2609 3584 peribitis,o
2624 3519 2844 3587 gentes,
2876 3514 3161 3586 quiajusti
3194 3514 3582 3568 salvabuntur.
3616 3515 3715 3569 Vel

2105 3603 2270 3657 aliter
2303 3605 2690 3657 continuatur.
2726 3604 2871 3658 Dixit
2900 3621 2912 3658 :
2942 3604 3075 3675 quia
3122 3604 3399 3658 Dominus
3444 3603 3715 3674 regnabit

2106 3691 2161 3744 in
2194 3692 2329 3757 suis,
2358 3697 2414 3745 et
2443 3709 2637 3746 verum
2667 3696 2770 3758 est,
2800 3692 2934 3763 quia
2964 3691 3256 3757 auxidivit,
3290 3692 3347 3745 id
3401 3695 3483 3745 est
3538 3708 3709 3745 exau-

2105 3779 2220 3833 diet
2247 3781 2525 3834 Dominus
2552 3780 2898 3835 desiderium
2926 3796 3265 3851 pauperum,
3295 3779 3388 3850 qui
3423 3796 3553 3833 cum
3588 3796 3712 3833 ma-

2104 3884 2218 3937 gno
2251 3868 2532 3923 desiderio
2554 3886 2797 3938 regnum
2819 3869 2941 3937 ejus
2966 3868 3348 3938 petunt,quod
3362 3866 3711 3921 desiderium

2104 3972 2219 4009 non
2236 3956 2530 4010 habebunt
2548 3974 2580 4009 a
2597 3974 2680 4011 se:
2734 3957 2829 4010 sed
2846 3959 3281 4027 preparationem
3333 3956 3504 4010 cordis
3530 3972 3713 4012 eorum

2101 4044 2328 4110 audivit,
2364 4044 2418 4097 id
2446 4050 2531 4097 est
2557 4046 2748 4099 audiet
2779 4048 2926 4099 auris
2952 4054 3068 4111 tua,
3111 4046 3169 4100 id
3202 4048 3287 4099 est
3315 4043 3455 4098 illud
3489 4043 3710 4098 deside-

2100 4131 2247 4185 rium
2274 4132 2512 4186 audiens
2536 4133 2689 4203 quod
2708 4134 2764 4186 in
2785 4134 2865 4187 eis
2880 4133 3211 4206 prwparasti
3230 4150 3242 4187 :
3259 4136 3316 4186 et
3346 4133 3403 4186 in
3432 4132 3539 4186 hoc
3556 4149 3712 4186 com-

2102 4221 2337 4275 mendat
2365 4223 2488 4291 ejus
2512 4221 2965 4276 misericordiam
3001 4239 3014 4276 :
3052 4223 3184 4293 quia
3213 4238 3325 4276 non
3360 4223 3544 4275 solum
3559 4221 3708 4274 bene

392 4310 553 4380 cujus
567 4312 731 4380 pater
747 4307 1004 4361 diabolus
1028 4307 1303 4375 quantum
1326 4306 1396 4359 ad
1426 4322 1557 4359 eum
1578 4311 1837 4361 mortuus
1859 4310 1992 4364 erit:
2021 4280 2077 4341 Β
2101 4310 2491 4364 desiderantes
2511 4310 2688 4373 audit,
2722 4311 2821 4364 sed
2840 4311 3011 4364 etiam
3027 4311 3173 4363 bene
3189 4310 3516 4363 desiderare
3545 4309 3702 4362 facit.

392 4395 768 4452 etinﬁdelitas
794 4410 920 4464 qua)
938 4392 1107 4445 fuerit
1124 4395 1308 4446 mater
1338 4393 1478 4462 ejus.
1518 4395 1581 4447 Et
1598 4396 1801 4450 merito
1821 4398 1932 4451 eris
1946 4399 1993 4451 ei

390 4484 638 4555 adjutor.
691 4482 834 4535 Nam
868 4481 964 4534 tibi
981 4480 1265 4533 derelectus
1313 4488 1405 4554 est,
1434 4481 1490 4535 id
1531 4488 1614 4536 est
1662 4487 1997 4541 commissus

390 4572 502 4627 erit
531 4587 564 4624 a
594 4572 710 4625 Deo
745 4573 906 4642 patre
946 4586 1156 4639 pauper
1212 4568 1321 4623 ille.
1361 4570 1662 4639 Orphanus
1693 4576 1749 4625 et
1779 4590 1997 4645 pauper

386 4658 480 4713 hic
518 4676 621 4730 pro
652 4659 856 4713 eodem
897 4657 1276 4728 accipiuntur.
1303 4658 1397 4711 Vel
1444 4659 1747 4713 derelictus
1776 4667 1858 4715 est
1894 4663 1994 4717 tibi

387 4747 692 4820 pauper,id
712 4747 1052 4815 estipsemet
1077 4746 1677 4817 pauperdereliuquet
1703 4767 1759 4801 se
1786 4750 1907 4815 tibi,
1936 4752 1993 4806 id

388 4839 473 4891 est
501 4835 830 4890 committet
849 4852 907 4888 se
929 4834 1135 4888 auxilio
1162 4838 1259 4888 tuo
1290 4835 1365 4888 nil
1387 4835 1443 4888 in
1480 4853 1536 4889 se
1554 4838 1993 4895 conﬁdens.lloc

385 4941 519 4979 vero
536 4924 691 4996 quod
734 4923 892 4988 dicit,
926 4930 1151 4988 contere,
1184 4926 1241 4975 et
1273 4927 1421 4989 czrt.,
1464 4926 1752 4979 concessio
1802 4933 1885 4980 est
1927 4946 1993 4982 ex

385 5013 723 5086 prophetica
761 5011 1120 5081 providentia
1149 5011 1226 5064 sic
1275 5012 1443 5066 facta.
1480 5014 1638 5067 Dixi:
1672 5015 1806 5084 quia
1837 5016 1992 5069 vides

384 5101 448 5155 ut
476 5100 668 5153 tradas
692 5100 747 5153 in
771 5116 975 5152 manus
1007 5102 1130 5152 tuas
1151 5098 1209 5151 in
1242 5099 1452 5153 futuro.
1488 5101 1554 5153 Et
1584 5118 1700 5154 non
1727 5103 1910 5155 solum
1933 5104 1988 5158 in

381 5184 576 5240 futuro
608 5185 850 5239 damnes
881 5201 894 5238 :
928 5185 1026 5239 sed
1062 5185 1152 5239 hic
1172 5186 1244 5239 ad
1276 5203 1526 5255 praesens
1555 5196 1779 5255 contere,
1817 5191 1873 5243 id
1904 5195 1989 5244 est

386 5287 453 5329 ex
474 5274 594 5326 toto
626 5273 852 5327 destrue
882 5272 1153 5327 brachium
1174 5277 1467 5343 peccatoris
1496 5282 1545 5327 et
1568 5276 1872 5343 maligni,id
1905 5285 1989 5333 est

382 5360 707 5432 potentiam
739 5360 859 5429 ejus
911 5378 1037 5431 quae
1076 5362 1405 5416 extenditur
1457 5366 1513 5415 et
1565 5364 1730 5417 fortis
1778 5370 1860 5418 est
1928 5371 1987 5421 ut

380 5447 706 5503 brachium.
730 5448 860 5517 Ejus
890 5448 1013 5503 dico
1044 5466 1056 5504 ε
1092 5450 1188 5521 qui
1222 5454 1490 5522 peccator
1540 5451 1645 5505 erit
1704 5458 1982 5523 quantum

380 5533 459 5590 ad
475 5533 602 5601 illos
621 5549 763 5605 quos
778 5536 932 5590 male
943 5537 1230 5597 tractabit.
1253 5537 1327 5591 Et
1347 5539 1632 5609 malignus,
1654 5540 1711 5595 id
1723 5544 1806 5596 est
1818 5544 1978 5599 steri-

2101 4399 2166 4452 ΕΙ.
2196 4398 2432 4469 exponit
2460 4398 2599 4451 illud
2653 4398 3000 4450 desiderium
3049 4398 3151 4450 sic.
3190 4398 3321 4451 Dico
3354 4396 3705 4449 desiderium

2097 4486 3085 4557 pauperumexaudiet,scilicetquod
3104 4484 3704 4553 desiderantjudicare

2098 4575 2312 4645 pupillo
2343 4579 2397 4628 et
2424 4574 2644 4628 humili.
2693 4574 2757 4626 Et
2784 4573 2929 4626 bene
2963 4574 3144 4644 ponit.
3181 4574 3303 4627 Non
3334 4572 3612 4643 pupillum
3648 4578 3705 4626 et

2095 4662 2712 4732 humilem,sedpupillo
2736 4672 2782 4714 et
2797 4662 3069 4727 liumili,id
3082 4666 3167 4715 est
3185 4662 3513 4715 desiderant
3541 4664 3601 4713 ut
3625 4665 3705 4714 ta-

2096 4753 2148 4807 1e
2161 4751 2446 4821 judicium
2478 4750 2649 4803 facias
2677 4750 2831 4820 quod
2861 4750 2933 4802 sit
2967 4750 3101 4804 utile
3124 4750 3339 4822 pupillo
3359 4733 3488 4820 30
3515 4753 3571 4801 et
3603 4749 3705 4801 hu-

2098 4841 2241 4906 mili,
2305 4838 2361 4891 id
2394 4843 2477 4891 est
2509 4837 2661 4891 ﬁdeli
2694 4854 2706 4890 :
2741 4838 2837 4908 qui
2884 4838 3131 4909 pupillus
3160 4841 3245 4891 est
3276 4842 3506 4891 mortuo
3537 4840 3703 4908 patre

2097 4946 2195 4982 suo
2225 4928 2453 4981 diabolo
2492 4944 2504 4979 :
2540 4930 2595 4979 et
2619 4926 2851 4979 humilis
2885 4930 2966 4979 est
2993 4943 3132 4998 erga
3158 4929 3232 4979 te.
3266 4926 3334 4978 Et
3363 4923 3700 4995 exponitju-

2095 5016 2303 5069 dicium
2332 5015 2485 5085 quod
2514 5015 2843 5069 desiderant
2864 5015 3104 5069 :scilicet
3135 5015 3289 5086 quod
3315 5016 3492 5069 homo
3508 5012 3701 5084 perdi-

2091 5103 2263 5158 tionis
2295 5103 2387 5174 qui
2423 5120 2539 5157 non
2573 5103 2675 5156 erit
2711 5104 2878 5169 Deus,
2936 5102 2992 5156 id
3043 5106 3129 5156 est
3173 5101 3559 5167 antichristus,
3593 5118 3701 5155 non

2090 5201 2321 5263 apponat
2362 5199 2483 5243 utra
2507 5192 2851 5260 magniﬁcare
2869 5210 2939 5258 se,
2968 5190 3375 5245 tormentando
3403 5206 3573 5261 super
3591 5192 3704 5242 ter-

2089 5299 2217 5335 ram
2248 5280 2368 5347 Dei,
2405 5280 2459 5334 id
2490 5297 2660 5350 super
2692 5297 2936 5349 corpora
2958 5283 3284 5334 sanctorum
3301 5281 3699 5350 qumsuntter—

2088 5387 2151 5423 ra
2168 5369 2288 5426 Dei.
2320 5371 2469 5423 Bene
2501 5370 2926 5441 ponitapponat,
2962 5369 3015 5422 id
3065 5372 3149 5423 est
3183 5369 3273 5421 ille
3299 5366 3394 5440 qui
3426 5366 3514 5420 hic
3538 5384 3695 5435 super

2088 5465 2301 5523 terram,
2334 5457 2389 5511 id
2421 5461 2504 5509 est
2536 5474 2704 5527 super
2731 5474 2971 5528 corpora
2986 5461 3337 5523 sanctorum,
3370 5473 3486 5508 non
3523 5471 3694 5526 super

2085 5545 2309 5600 animas
2337 5545 2678 5616 magniﬁcus
2695 5545 2752 5597 in
2771 5545 3077 5598 tormentis
3100 5544 3299 5611 fuerit;
3318 5544 3448 5598 huic
3459 5542 3686 5615 magni-
