4010 6032
255 285 360 343 6⁸7³7

1279 290 1638 348 EXPOSITIO
1677 291 1747 347 IN
1787 283 2122 348 PSALMOS.
2157 323 2226 334 ——
2257 293 2450 350 PSAL.
2493 293 2559 351 ΧῙ

3464 297 3572 356 678

247 410 498 466 ﬂcentiae
537 428 644 466 non
689 420 940 483 apponat,
987 411 1046 468 id
1095 417 1180 469 est
1229 431 1346 470 non
1378 415 1659 487 adiungat
1688 406 1858 470 aliam
1882 419 1938 478 Α
1961 415 2562 489 misiteosinadjutos‘?
2579 419 3204 491 Hancquaastionemex
3221 419 3570 479 benevolen-

247 501 765 572 magniﬁcentiam,
800 505 863 556 ut
895 502 1105 557 iterum
1135 503 1474 559 dominetur
1507 504 1608 559 eis.

785 593 851 646 IN
894 591 1220 648 PSALMUM
1266 595 1324 648 X.

321 679 588 752 Sequitur
619 681 814 735 titulus
842 681 1070 735 decimi.
1096 680 1162 734 In
1185 683 1342 750 ﬁnem
1377 683 1624 737 Psatmus
1654 682 1854 736 David.

239 769 462 824 Titulus
493 769 596 822 iste
627 769 1013 823 intentionem
1049 771 1252 840 psalmi
1275 771 1596 844 specialiter
1619 788 1735 826 non
1759 772 1856 825 de-

195 861 203 864 ’
238 857 457 928 signat.
484 857 766 911 Omnibus
801 859 959 912 enim
1005 859 1239 930 psalmis
1291 862 1595 914 convenire
1647 863 1854 930 potest.

241 944 453 1008 Quisic
481 945 786 1016 exponitur
819 963 832 999 :
868 947 1126 1000 Psalmus
1179 947 1282 1001 iste
1325 947 1726 1002 attribuendus
1774 951 1859 1000 est

239 1032 443 1098 David,
471 1033 530 1087 id
561 1037 648 1087 est
675 1033 946 1104 perfectas
971 1035 1231 1090 Ecclesiae
1254 1053 1266 1089 :
1296 1037 1557 1090 tendenti
1577 1036 1633 1090 in
1653 1037 1852 1102 ﬁnem,

237 1119 302 1174 id
325 1124 408 1174 est
428 1121 488 1174 in
515 1123 1043 1191 perseverationem
1074 1123 1364 1178 bonorum
1389 1140 1651 1194 operum.
1678 1125 1772 1178 Vel
1794 1125 1853 1179 in

237 1207 444 1274 ﬁnem,
478 1209 534 1262 id
571 1212 656 1263 est
683 1210 742 1263 in
777 1210 1086 1264 Christum.
1125 1212 1190 1264 Et
1217 1216 1300 1266 est
1323 1231 1426 1266 vox
1461 1213 1728 1284 perfectas
1751 1215 1851 1267 Ec-

237 1297 428 1352 clesiae
455 1297 802 1368 increpative
833 1299 1120 1369 loquentis
1149 1300 1224 1354 ad
1253 1301 1574 1366 haereticos,
1600 1301 1695 1372 qui
1721 1317 1850 1355 eam

237 1384 507 1456 decipere
536 1387 752 1440 volunt.
783 1387 1150 1442 Ostendentis
1181 1389 1428 1460 qualiter
1459 1389 1532 1443 ad
1559 1389 1849 1460 decipien-

237 1473 384 1528 dum
419 1475 602 1529 bonos
630 1474 987 1544 Scripturam
1013 1493 1238 1530 sacram
1273 1481 1628 1548 pervertunt,
1659 1481 1720 1531 ut
1743 1477 1849 1531 mi-

235 1577 414 1616 nores
440 1563 512 1616 ab
541 1561 622 1616 eis
647 1578 846 1616 cavere
875 1563 1095 1617 doceat.
1130 1564 1390 1619 Ostendit
1417 1567 1616 1631 etiam,
1653 1567 1725 1619 ad
1755 1583 1850 1620 ex-

233 1649 633 1704 hortationem
664 1651 974 1717 bonorum,
1008 1651 1158 1723 ipsos
1180 1670 1212 1706 a
1253 1655 1370 1707 Deo
1413 1652 1704 1724 inadjutos
1736 1670 1850 1708 non

1961 505 2041 559 tia
2066 505 2221 572 facit,
2251 509 2313 559 ut
2339 507 2713 576 postmodum
2739 509 2935 562 solvat.
2985 508 3191 572 Quaero
3226 511 3362 582 quid
3387 512 3523 566 fecit
3551 527 3566 567 :

1961 593 2120 663 quod
2152 593 2228 647 sic
2259 595 2512 648 solvitur.
2549 597 2670 665 Ipse
2722 595 2828 648 fuit
2859 599 2916 648 et
2947 599 3030 649 est
3054 599 3110 650 in
3156 597 3345 668 templo
3385 605 3568 654 sancto

1957 698 2072 746 suo,
2097 681 2154 734 id
2176 681 2332 736 estin
2364 683 2626 737 fidelibus
2661 683 2754 754 qui
2779 688 2911 737 sunt
2932 687 3215 756 templum
3239 687 3380 757 ejus.
3401 691 3464 741 ut
3489 687 3570 744 ait

1955 771 2292 840 Apostolus:
2330 772 2683 843 «Templum
2715 773 2813 826 Dei
2843 777 3103 827 sanctum
3131 778 3234 840 est,
3257 776 3411 846 quod
3433 775 3569 830 estis

1957 873 2054 910 vos
2086 855 2146 927 (Ι
2169 855 2295 912 Cor.
2335 859 2416 929 ιιι)
2440 881 2464 906 ››
2504 861 2569 912 Et
2599 860 2743 913 sicut
2794 861 3090 929 Dominus,
3119 862 3176 918 id
3217 868 3322 930 est,
3350 865 3431 919 ita
3483 867 3571 919 est

1957 945 2015 998 in
2038 947 2117 998 eis
2149 948 2210 998 ut
2237 946 2590 1012 dominetur,
2621 953 2684 1001 ut
2709 952 2873 1018 regat
2912 967 2984 1004 ne
3007 950 3386 1022 decipiantur,
3413 952 3563 1007 dico:

1957 1035 2042 1084 est
2067 1032 2132 1110 in
2159 1035 2398 1110 templo.
2423 1035 2488 1088 Et
2510 1036 2616 1088 hoc
2633 1052 2749 1088 non
2767 1037 3028 1092 horarie:
3061 1039 3162 1092 sed
3191 1041 3330 1095 sedes
3349 1041 3480 1110 ejus,
3505 1041 3566 1098 id

1955 1123 2040 1173 est
2239 1122 2532 1187 diuturna,
2565 1127 2622 1176 et
2647 1127 2864 1178 aeterna
2895 1125 3174 1181 habitatio
3219 1104 3478 1198 ejus,'est
3506 1130 3566 1182 in

1953 1209 2094 1276 caelo,
2131 1209 2187 1264 id
2212 1213 2296 1264 est
2327 1211 2384 1264 in
2419 1210 2553 1281 ipsis
2597 1213 2878 1276 ﬁdelibus,
2907 1214 3002 1284 qui
3054 1231 3170 1268 non
3202 1216 3386 1270 solum
3411 1205 3560 1270 tem-

1953 1297 2114 1366 plum
2149 1298 2248 1352 sed
2282 1299 2458 1353 etiam
2491 1302 2695 1354 ccelum
2727 1301 2953 1355 dicendi
2987 1305 3138 1369 sunt,
3167 1302 3226 1356 id
3257 1306 3342 1357 est
3365 1303 3425 1358 in
3454 1304 3561 1359 vir-

1953 1386 2169 1440 tutibus
2190 1389 2414 1453 excelsi,
2462 1392 2520 1442 et
2546 1391 2942 1459 compluentes
2995 1390 3249 1445 minores
3298 1379 3561 1448 doctrina

1953 1490 2073 1540 sua,
2107 1475 2249 1528 sicut
2273 1477 2483 1529 cmlum
2515 1479 2731 1530 terram
2782 1477 3080 1548 compluit.
3116 1479 3182 1530 Et
3206 1479 3392 1533 adhuc
3423 1479 3562 1536 dicit

1952 1564 2092 1617 illud
2114 1562 2267 1616 idem
2293 1564 2418 1617 aliis
2448 1563 2651 1630 verbis,
2687 1569 2748 1618 ut
2777 1566 3107 1636 interponat
3123 1583 3374 1634 causam,
3407 1567 3556 1624 dico:

1956 1653 2050 1704 Est
2069 1654 2126 1704 in
2168 1652 2288 1704 calo
2321 1655 2377 1705 et
2408 1652 2552 1705 oculi
2601 1653 2732 1721 ejus,
2768 1653 2824 1706 id
2877 1657 2962 1707 est
3006 1654 3402 1710 misericordia
3452 1673 3560 1729 per

233 1737 489 1810 relinqui
523 1755 536 1792 :
572 1755 774 1794 eorum
806 1757 939 1794 vero
971 1739 1337 1794 insidiatores
1359 1741 1514 1811 justo
1547 1745 1604 1794 et
1629 1743 1850 1797 occulto
1879 1729 1930 1788 Β
1953 1755 2128 1811 quam
2165 1756 2301 1792 cum
2327 1739 2499 1804 Videt,
2535 1743 2818 1810 νε-δῬίσίαηι
2859 1743 2914 1794 in
2934 1759 3244 1812 Paupemn-
3281 1743 3444 1806 Ουοά
3470 1747 3557 1798 est
3591 1751 3600 1762 ’

237 1826 345 1881 Dei
363 1826 582 1896 judicio
615 1827 908 1882 exeiecari.
941 1828 1008 1881 Et
1029 1829 1136 1882 hoc
1157 1828 1234 1882 sic
1267 1828 1421 1882 dicit.

312 1913 381 1967 In
403 1915 633 1969 Domino
665 1917 869 1985 conﬁdo
903 1933 919 1969 :
950 1917 1210 1988 quomodo
1239 1917 1418 1972 dicitis
1444 1919 1637 1971 animae
1661 1935 1788 1971 mea
1830 1936 1848 1972 :

235 2003 592 2072 Transmigra
623 2007 680 2057 in
717 2011 947 2058 montem
976 2007 1112 2058 sicut
1134 2022 1337 2075 passer.
1374 2003 1538 2068 Quod
1575 2005 1651 2058 sic
1682 2022 1850 2075 expo-

230 2091 412 2144 nitur.
435 2091 564 2158 Vos,
599 2091 875 2159 liaaretici,
909 2095 1104 2146 anima?
1129 2109 1274 2159 meae,
1303 2093 1362 2146 id
1401 2096 1485 2146 est
1515 2093 1681 2146 saluti
1729 2093 1850 2146 ani-

229 2196 348 2234 mai
377 2197 521 2235 meae
551 2197 759 2235 nocere
786 2183 1060 2247 volentes,
1089 2182 1370 2252 quomodo,
1399 2181 1459 2236 id
1491 2183 1577 2235 est
1617 2199 1730 2254 qua
1754 2199 1845 2236 ra-

230 2268 395 2323 tione
419 2269 594 2323 dicitis
619 2270 755 2322 milu'
781 2287 797 2322 :
819 2269 1192 2338 Transmigra,
1225 2270 1283 2324 id
1311 2274 1396 2324 est
1421 2271 1492 2324 de
1519 2271 1844 2325 humilitate

229 2357 540 2412 sententiae
571 2361 685 2412 tua:
717 2357 906 2429 migra
931 2360 986 2411 in
1001 2365 1252 2424 montem,
1287 2358 1346 2412 id
1369 2362 1455 2412 est
1476 2359 1652 2412 altam
1673 2359 1849 2412 subti-

231 2445 462 2500 litatem
513 2445 814 2501 sententias
857 2449 1088 2500 nostrae.
1133 2447 1236 2512 Tu,
1269 2446 1417 2513 dico,
1451 2447 1547 2518 qui
1603 2464 1755 2501 nunc
1787 2463 1848 2500 es

227 2535 370 2588 sicut
387 2551 595 2604 passer,
627 2535 686 2588 id
709 2538 794 2588 est
825 2534 1159 2589 inconstans
1188 2537 1244 2588 et
1268 2535 1562 2607 trepidans
1590 2536 1662 2590 ad
1681 2552 1848 2606 argu-

229 2621 623 2677 mentationes
653 2626 898 2688 nostras,
919 2622 1062 2676 sicut
1080 2639 1274 2693 passer
1295 2623 1368 2676 ad
1386 2613 1640 2677 sonitum
1667 2623 1843 2693 trepi-

229 2709 339 2764 dus
370 2713 476 2764 est.
513 2711 632 2765 Vel.
664 2713 801 2764 sicut
818 2727 1024 2781 passer,
1048 2709 1117 2764 'id
1149 2713 1234 2764 est
1264 2710 1617 2782 transmigra
1666 2715 1728 2764 ut
1773 2711 1845 2765 sis

229 2797 377 2852 sicut
407 2815 601 2870 passer
629 2800 724 2870 qui
772 2799 832 2853 in
880 2799 1006 2852 altis
1049 2799 1290 2852 habitat.
1349 2798 1652 2862 Quomodo
1703 2816 1842 2871 ergo

231 2885 422 2942 dicitis
451 2891 514 2942 ut
539 2887 948 2960 transmigrem
975 2886 1034 2940 in
1053 2889 1315 2942 montem
1342 2903 1354 2940 :
1379 2904 1510 2941 cum
1536 2903 1644 2958 ego
1661 2887 1840 2941 conﬁ-

1953 1827 2176 1881 dicere:
2212 1827 2344 1881 Ideo
2377 1827 2510 1899 quia
2533 1828 2738 1882 coelum
2770 1832 2855 1882 est
2886 1844 3104 1899 pauper
3131 1834 3369 1900 propter
3397 1847 3554 1900 eum,

1951 1919 2008 1968 et
2038 1913 2136 1968 tali
2160 1915 2481 1969 defectione
2511 1931 2568 1968 se
2593 1915 2810 1969 habens
2828 1931 2966 1985 erga
2988 1933 3142 1983 eum,
3169 1918 3558 1992 qualipauper

1949 2019 2008 2056 se
2024 2002 2192 2056 habel
2223 2019 2362 2073 erga
2389 2001 2902 2072 divitem.Respicit
2929 2003 2986 2056 in
3018 2020 3151 2057 eum
3186 2007 3360 2060 oculis
3379 2007 3552 2062 mise-

1948 2089 2210 2144 ricordias
2237 2089 2295 2142 id
2337 2092 2420 2143 est
2474 2089 2925 2144 misericorditer
2959 2091 3189 2162 adjuvat
3218 2109 3374 2148 eum.
3410 2095 3556 2159 Quia

1949 2193 2082 2231 vero
2117 2193 2290 2248 supra
2316 2181 2613 2248 posuerat:
2646 2179 3014 2232 Detruxerunt
3045 2196 3164 2250 quae
3187 2186 3244 2232 tu
3259 2182 3550 2253 per/acati,

1949 2269 2142 2336 posset
2172 2266 2352 2336 quaeri
2381 2281 2484 2319 cur
2511 2267 2661 2320 Deus
2675 2267 2918 2320 voluerit
2936 2265 3258 2337 Scripturas
3270 2269 3414 2324 adeo
3432 2287 3554 2326 esse

1951 2355 2239 2421 obscuras,
2275 2358 2336 2407 ut
2367 2354 2445 2407 sic
2471 2355 2700 2408 valeant
2726 2355 2992 2426 perverti:
3011 2355 3257 2427 huicque
3278 2358 3554 2416 satisfacit

1948 2442 2030 2496 ita
2063 2442 2348 2513 petitioni.
2404 2442 2540 2496 Dico
2569 2458 2582 2495 :
2639 2443 3054 2510 Destruxerunt,
3097 2447 3156 2498 et
3192 2444 3322 2500 ideo
3354 2448 3550 2505 taliter

1949 2531 2216 2584 obscuras
2240 2545 2362 2582 esse
2393 2529 2568 2583 voluit
2600 2533 2661 2583 ut
2695 2530 2914 2600 possint
2944 2532 3231 2602 perverti:
3260 2534 3395 2606 quia
3420 2537 3549 2606 pal-

1938 2618 2119 2689 pebrae
2155 2617 2351 2687 eius,id
2365 2621 2449 2670 est
2462 2617 2792 2688 Scripturas,
2809 2618 2975 2672 dictas
2992 2621 3377 2690 palpebris-eo
3397 2625 3554 2694 quod

1947 2706 2020 2760 ad
2041 2706 2280 2759 modum
2295 2707 2702 2776 palpebrarum
2733 2705 2908 2760 modo
2929 2708 3272 2763 clauduntur
3285 2714 3346 2764 ut
3369 2713 3552 2767 malos

1948 2795 2257 2859 excmcent,
2289 2793 2463 2847 modo
2489 2793 2846 2864 aperiuntur,
2892 2799 2952 2848 ut
2983 2795 3167 2849 bonos
3196 2796 3548 2868 illuminent,

1947 2883 2295 2949 interrogant,
2315 2881 2372 2934 id
2398 2884 2483 2934 est
2508 2881 2930 2950 probant,ﬁlios
2950 2883 3274 2938 hominum.
3306 2886 3552 2943 Interro-

232 2974 370 3030 dam
401 2976 461 3030 in
494 2977 763 3043 Domino,
797 2977 893 3048 qui
929 2993 1098 3030 mons
1131 2976 1332 3030 firmus
1382 2979 1486 3038 est,
1532 2980 1589 3029 et
1621 2993 1712 3029 me
1741 2977 1840 3029 de-
1865 3018 1912 3076 Ο
1943 2985 2080 3076 gare
2105 2968 2273 3066 ponit
2291 2985 2394 3076 pro
2426 2969 2694 3076 probare,
2723 2985 2791 3022 ex
2811 2969 3061 3076 quadam
3089 2971 3552 3076 afﬁnitatezquia

231 3065 344 3136 cipi
376 3083 410 3120 a
433 3065 592 3120 vobis
622 3083 738 3120 non
769 3065 1067 3136 permittet
1095 3082 1107 3118 :
1142 3065 1308 3129 Quod
1329 3069 1413 3119 est
1437 3065 1654 3119 dicere:
1688 3065 1843 3118 Frus-

231 3156 323 3208 tra
353 3158 411 3208 et
439 3155 562 3207 sine
582 3153 806 3208 ratione
828 3155 935 3207 hoc
954 3153 1157 3208 dicitis.
1183 3155 1250 3208 Et
1275 3153 1409 3224 quia
1439 3157 1630 3224 posset
1665 3152 1844 3224 quaeri

231 3258 333 3296 cur
345 3242 452 3296 hoc
467 3240 880 3313 dicat,exponit
896 3242 1138 3297 sic.Ecce
1157 3243 1432 3296 disseram
1451 3259 1552 3296 cur
1568 3243 1678 3296 hoc
1695 3242 1846 3296 dixe-

229 3329 638 3396 rim.Quoniam
641 3337 943 3401 peccatores
957 3331 1457 3402 (antonomastice)
1473 3329 1724 3384 haeretici
1743 3330 1845 3383 sci-

1943 3057 2207 3127 probatio
2229 3056 2745 3127 interrogationem
2761 3058 2919 3128 sequi
2951 3060 3112 3112 solet.
3147 3060 3214 3114 Et
3229 3062 3362 3132 quia
3393 3063 3548 3118 dixe-

1945 3149 2054 3212 rat,
2087 3144 2428 3214 lnterrogant
2459 3146 2597 3214 filios
2611 3147 2906 3212 hominum,
2941 3148 3190 3202 ostendit
3202 3165 3304 3218 per
3333 3155 3545 3222 partes,

1945 3234 2055 3288 sic:
2088 3233 2230 3286 Vere
2258 3233 2700 3304 perpalpebras,
2725 3233 3066 3304 interrogat,
3097 3237 3377 3293 Dominus
3393 3239 3545 3294 illios

1944 3322 2274 3376 hominum.
2333 3323 2476 3374 Nam
2509 3323 2734 3375 Domins
2765 3325 3078 3392 interrogat,
3123 3323 3181 3378 id
3207 3330 3292 3380 est
3315 3329 3544 3399 probat,

231 3418 364 3472 licet
385 3418 744 3485 intenderunt,
782 3419 842 3472 id
865 3423 949 3472 est
970 3419 1263 3472 intensum
1298 3421 1358 3472 et
1383 3419 1530 3472 bene
1561 3417 1844 3472 subtiliter
1932 3411 2145 3481 justum
2189 3417 2238 3463 ct
2265 3411 2490 3480 impium
2519 3427 2624 3481 per
2649 3411 2972 3482 palpebras,
3005 3411 3064 3466 id
3093 3416 3178 3467 est
3209 3415 3548 3473 munifestos

231 3506 556 3576 expositum
583 3506 845 3561 fecerunt
873 3525 1078 3572 arcum,
1111 3507 1170 3560 id
1203 3511 1288 3561 est
1317 3507 1570 3560 divinam
1595 3505 1845 3578 Scriptu-

230 3609 382 3648 ram.
413 3595 536 3648 Non
566 3595 777 3666 ubique
805 3596 905 3648 sed
931 3593 1136 3649 alicubi
1166 3611 1177 3648 :
1209 3611 1337 3666 quae
1383 3594 1482 3649 Dei
1535 3611 1698 3648 arcus
1733 3597 1838 3663 est,

230 3681 376 3736 sicut
401 3682 457 3735 in
493 3683 740 3752 septimo
769 3684 992 3753 psalmo
1027 3682 1242 3736 dictum
1273 3685 1378 3736 est.
1425 3683 1491 3734 Et
1516 3681 1658 3734 sicut
1681 3699 1842 3752 para-

230 3779 420 3823 verunt
444 3772 666 3840 sagittas
695 3787 838 3836 suas,
891 3769 950 3824 id
993 3773 1077 3824 est
1127 3769 1442 3824 sententias
1481 3786 1684 3842 pravas
1712 3787 1839 3841 qua;

231 3855 587 3911 interﬁciunt
616 3861 679 3912 ut
710 3859 955 3930 sagittae,
991 3875 1117 3930 quae
1149 3862 1283 3912 sunt
1310 3875 1532 3925 eorum,
1566 3858 1626 3911 id
1653 3860 1738 3911 est
1769 3857 1840 3911 ab

231 3945 313 4000 eis
341 3945 611 4013 inventae,
649 3963 766 4001 non
795 3964 830 4001 a
855 3945 1070 4018 Spiritu
1105 3951 1302 4000 sancto
1333 3947 1481 4000 datae
1506 3963 1518 4000 :
1545 3947 1670 4000 dico
1677 3963 1842 4016 para-

153 4091 158 4095 _
229 4043 440 4088 verunt.
477 4036 543 4089 Et
567 4035 676 4089 hoc
710 4037 766 4088 in
785 4037 1068 4106 pkaretra,
1101 4035 1158 4088 id
1204 4038 1288 4088 est
1336 4033 1394 4088 in
1438 4036 1594 4088 mala
1644 4051 1843 4088 conce-

228 4123 428 4193 ptione
477 4139 598 4190 sua,
655 4141 783 4194 quae
814 4123 959 4178 sicut
1001 4124 1276 4194 pharetra
1305 4123 1562 4194 sagittas,
1597 4122 1676 4175 ita
1718 4123 1844 4193 ipsa

229 4212 490 4266 continet
517 4211 851 4267 sententias.
873 4210 1042 4276 Quasi
1075 4211 1226 4264 dicat
1253 4227 1265 4264 :
1294 4210 1426 4264 Ideo
1443 4209 1840 4276 intenderunt,

229 4297 287 4352 id
319 4302 406 4353 est
425 4300 575 4353 bene
607 4299 816 4355 alicubi
850 4301 1257 4372 exPosuerunt,
1299 4301 1366 4352 ut
1407 4297 1484 4352 sic
1529 4296 1844 4351 sententias

227 4403 358 4442 suas
386 4388 634 4442 latenter
665 4387 1069 4442 admiscerent.
1093 4387 1192 4441 Vel
1220 4385 1606 4440 :lntenderunt
1633 4402 1840 4452 arcum,

227 4474 286 4530 id
311 4479 399 4530 est
429 4491 534 4547 pro
558 4477 734 4532 modo
763 4494 863 4532 suo
897 4477 1278 4532 distorserunt
1307 4493 1373 4530 ex
1401 4477 1790 4545 exposuerunt
1824 4491 1836 4528 :

228 4566 286 4618 et
316 4562 394 4618 sic
409 4571 764 4634 paraverunt,
812 4565 872 4619 id
913 4567 1000 4619 est
1040 4564 1410 4636 protulerunt
1456 4565 1678 4631 sagittas
1715 4578 1839 4614 suas

227 4654 453 4721 aptatas
485 4654 540 4705 in
559 4653 841 4722 pharetra,
870 4653 929 4706 id
955 4655 1041 4707 est
1070 4651 1130 4706 in
1150 4652 1304 4705 mala
1319 4649 1696 4721 conceptione
1713 4665 1832 4702 sua.

229 4737 295 4792 Et
325 4739 398 4792 ad
423 4739 532 4794 hoc
553 4743 902 4811 paraverunt
928 4744 989 4794 ut
1011 4739 1066 4794 in
1095 4737 1424 4804 occulto,'id
1441 4737 1593 4792 estin
1616 4738 1838 4791 occulta

227 4825 560 4892 calliditate,
595 4827 932 4882 mentiendo
955 4827 1170 4882 scilicet
1185 4844 1280 4880 eas
1302 4827 1484 4880 bonas
1509 4842 1652 4893 esse,
1668 4827 1834 4895 sagit-

226 4915 433 4982 tent,id
449 4919 536 4969 est
557 4914 615 4970 in
650 4915 762 4970 ﬁde
787 4915 1155 4982 interﬁciant,
1190 4921 1354 4968 rectos
1378 4914 1549 4968 corde.
1585 4914 1651 4968 Et
1681 4914 1836 4985 quod

223 5003 330 5075 ipsi
345 5003 702 5058 intendendo
716 5020 914 5058 arcum
928 5004 1166 5075 sagittas
1186 5007 1413 5074 parant,
1431 5019 1547 5056 non
1569 5007 1653 5056 est
1669 5005 1836 5074 culpa

224 5088 401 5162 ipsius
426 5106 612 5156 arcus,
648 5091 746 5144 sed
792 5092 1043 5146 illorum.
1083 5090 1348 5157 Quoniam
1381 5109 1498 5162 quae
1533 5092 1830 5161 perfecisti,

226 5176 548 5250 Scripturas
577 5179 786 5234 scilicet
811 5180 1046 5247 divinas,
1071 5197 1212 5252 quas
1246 5183 1306 5233 tu
1328 5179 1610 5250 perfectas
1629 5178 1830 5244 fecisti,

223 5263 600 5320 destruxerunt
629 5271 912 5338 quantum
940 5267 1012 5323 ad
1031 5286 1110 5336 se,
1135 5285 1252 5322 non
1267 5271 1547 5339 quantum
1574 5267 1828 5338 adipsas,

224 5351 280 5408 id
307 5357 394 5408 est
427 5356 576 5410 male
607 5357 950 5426 exponendo
990 5359 1407 5428 perverterunt.
1437 5356 1626 5410 Justus
1655 5364 1834 5409 autem

223 5441 355 5512 quid
381 5443 511 5512 fecit
541 5443 820 5497 Dominus
848 5443 874 5496 ‘2
907 5443 968 5497 id
993 5447 1078 5498 est
1107 5461 1236 5497 cum
1261 5444 1482 5514 justum
1531 5444 1602 5497 sit
1631 5446 1692 5496 ut
1722 5444 1833 5497 suis

226 5529 554 5598 auxilietur,
582 5534 638 5586 et
656 5532 775 5603 ipse
783 5531 972 5603 justus
999 5533 1088 5599 sit,
1107 5533 1245 5604 quid
1266 5532 1400 5587 fecit
1421 5533 1492 5588 de
1525 5531 1636 5586 suis
1652 5531 1680 5586 ?
1697 5531 1830 5586 Pere

1945 3498 2080 3551 facit
2101 3498 2256 3552 aliis:
2285 3499 2437 3552 hunc
2469 3499 2810 3552 excaecando
2837 3499 2914 3553 sic
2951 3505 3011 3554 ut
3031 3501 3171 3555 alios
3187 3503 3262 3556 ad
3283 3520 3545 3561 errorem

1943 3589 2172 3640 trahere
2195 3587 2414 3658 cupiat:
2468 3588 2630 3640 illum
2656 3589 3040 3642 illuminando
3055 3589 3131 3642 sic
3162 3594 3224 3644 ut
3256 3593 3396 3646 alios
3427 3593 3548 3666 illu-

1943 3675 2168 3728 minare
2201 3678 2444 3746 satagat.
2477 3675 2632 3739 Dico,
2668 3675 2805 3746 quia
2840 3675 3048 3744 probat
3083 3675 3306 3745 justum
3360 3683 3419 3734 et
3443 3680 3550 3734 im-

1941 3762 2122 3834 pium,
2141 3763 2237 3816 Ille
2264 3769 2438 3815 autem
2456 3762 2735 3833 quidiligit
2762 3763 3116 3832 iniquitatem,
3144 3763 3200 3818 id
3213 3765 3545 3838 estimpius,

1947 3853 2058 3906 odit
2083 3853 2322 3904 animam
2350 3868 2524 3917 suam,
2559 3849 2614 3904 id
2635 3855 2720 3904 est
2749 3851 2992 3903 salutem
3013 3851 3224 3906 animas
3245 3870 3380 3920 sum,
3405 3857 3549 3912 scili-

1941 3943 2031 3998 cet
2053 3957 2219 3995 sanas
2241 3939 2572 3993 sententias.
2627 3939 2694 3992 Et
2719 3939 2867 3992 bene
2923 3938 3079 4005 dicit,
3111 3939 3325 4011 Diligat,
3354 3943 3412 3998 id
3437 3949 3548 4017 est,

1944 4028 2041 4100 qui
2073 4027 2334 4099 quamvis
2367 4042 2484 4080 non
2537 4041 2768 4096 semper
2814 4030 2986 4096 queat
3035 4029 3283 4098 operari,
3317 4047 3549 4103 semper

1945 4121 2142 4172 tamen
2164 4117 2313 4169 male
2344 4114 2571 4186 operari
2606 4115 2812 4186 diligit.
2843 4115 2910 4168 Et
2954 4116 3062 4170 hoc
3105 4116 3236 4172 ideo
3267 4121 3452 4190 ponit,
3485 4125 3550 4178 ut

1945 4205 2328 4276 descriptione
2361 4203 2626 4258 ostendat
2673 4220 2846 4275 quem
2877 4203 3027 4258 dicat
3055 4204 3302 4276 impium
3338 4225 3350 4262 :
3383 4209 3548 4267 illum

1943 4293 2157 4348 scilicet
2196 4293 2292 4364 qui
2329 4291 2516 4362 diligit
2573 4290 2961 4362 iniquitatem.
2995 4295 3060 4348 Et
3090 4294 3220 4349 ideo
3272 4296 3459 4352 adhuc
3487 4301 3548 4354 et

1943 4384 2364 4452 consequenter
2393 4380 2470 4434 sic
2497 4380 2706 4434 addat:
2753 4397 2890 4451 ergo
2919 4381 3055 4452 quia
3085 4383 3261 4438 odivit
3285 4385 3546 4444 animam

1942 4487 2128 4538 suam,
2161 4486 2326 4522 sanas
2355 4467 2566 4523 scilicet
2621 4469 2952 4536 sententias,
3000 4471 3210 4526 merito
3225 4473 3374 4544 pluit
3399 4477 3548 4531 Deus

1939 4575 2094 4630 super
2114 4563 2414 4627 peccatores
2445 4556 2972 4628 (antonomastice),
3005 4557 3065 4612 id
3094 4563 3180 4614 est
3227 4579 3398 4634 super
3427 4565 3548 4619 hie-

1939 4646 2436 4716 reticos,laqueos,
2459 4644 2519 4697 id
2550 4647 2652 4710 est,
2679 4645 2887 4699 merito
2916 4645 3014 4699 dat
3043 4645 3124 4700 eis
3150 4649 3292 4702 tales
3305 4651 3545 4722 pluvias,

1939 4736 1998 4791 id
2035 4738 2120 4789 est
2147 4733 2466 4804 Scripturas
2495 4749 2622 4804 qua:
2651 4731 2766 4786 sint
2819 4733 2898 4788 eis
2929 4735 3142 4806 laquei,
3195 4735 3370 4792 id‘est
3394 4739 3548 4795 deci-

1939 4825 2162 4896 pientes
2209 4825 2267 4876 et
2301 4825 2674 4876 excaecantes.
2727 4820 3036 4892 Scriptura:
3097 4841 3232 4880 vero
3277 4825 3547 4882 dicuntur

1939 4912 2141 4986 pluvia:
2159 4928 2262 4983 per
2281 4909 2743 4965 similitudinem:
2767 4909 2900 4981 quia
2925 4910 3304 4984 sicutpluviie,
3327 4929 3459 4969 cum
3485 4915 3545 4970 in

1938 5002 2154 5056 bonam
2169 5003 2382 5053 terram
2399 4999 2631 5064 cadunt,
2653 4999 2901 5051 fructum
2921 4999 3206 5068 optimum
3225 5007 3541 5072 generant;

1939 5106 2070 5143 cum
2091 5104 2222 5142 vero
2258 5087 2313 5140 in
2348 5087 2586 5153 malam,
2621 5085 2863 5139 tribules
2895 5089 2952 5138 et
2973 5086 3163 5157 spinas
3185 5095 3493 5159 procreant
3525 5107 3540 5146 :

1937 5177 2015 5230 sic
2043 5180 2100 5230 et
2122 5174 2428 5246 Scriptura:
2459 5173 2518 5227 in
2551 5172 2736 5239 bonis,
2773 5172 3047 5226 virtutum
3068 5175 3266 5228 lumen
3297 5177 3392 5232 :in
3425 5195 3545 5234 ma-

1937 5265 2004 5318 lis
2035 5280 2168 5318 vero
2183 5265 2539 5317 czecitantem
2565 5263 2901 5331 aperantur.
2932 5261 2997 5314 Et
3029 5277 3144 5315 non
3177 5263 3542 5321 solummodo

1938 5355 2096 5424 pluet
2122 5354 2373 5422 laqueos,
2399 5350 2497 5404 sed
2545 5350 2680 5428 ignis
2733 5353 2783 5402 et
2812 5348 3034 5420 sulphur
3053 5356 3103 5403 et
3159 5353 3376 5421 spiritus
3422 5369 3545 5424 pro-

1937 5440 2193 5496 cellarum
2219 5442 2302 5492 est
2321 5455 2453 5508 pars
2481 5438 2658 5492 colicis
2711 5453 2913 5506 eorum,
2949 5437 3005 5492 id
3037 5441 3122 5492 est
3150 5437 3546 5498 iuebrialionis

1937 5527 2228 5593 eorum,in
2249 5530 2333 5582 est
2353 5525 2662 5582 inebriabit
2685 5529 2743 5581 et
2783 5527 3028 5598 replebit
3071 5543 3170 5584 eos
3200 5529 3340 5600 igne,
3369 5529 3432 5585 id
3457 5531 3546 5586 est
