4014 6030
506 333 610 391 679

1114 328 1171 390 S.
1212 329 1558 389 BRUNONIS
1598 325 2230 386 CARTHUSIANORUM
2271 324 2738 385 INSTITUTORIS
2779 326 2933 384 OPP.
2976 323 3153 383 PARS
3191 324 3215 381 Ι

3718 320 3832 378 680

502 452 689 509 nimio
714 450 924 507 ardore
951 451 1317 524 pervertendi
1351 451 1687 521 Scripturas.
1744 451 1810 504 Et
1842 449 2113 519 sulphure,
2134 454 2183 513 Α
2215 452 2300 503 est
2332 449 2607 503 minorati
2641 452 2773 503 sunt
2805 448 3091 520 appetitus
3132 451 3485 502 aeternorum
3531 443 3831 501 bonorum

498 540 560 595 id
591 544 677 595 est
713 540 899 595 fetore
932 538 1354 609 depravationis
1386 539 1635 610 ipsarum
1661 537 2111 606 Scripturarum.

509 629 576 683 Et
604 632 797 699 spiritu
811 629 1192 698 procellarum,
1236 627 1293 681 id
1324 630 1408 679 est
1432 626 1609 679 nimia
1640 625 1972 694 garrulitate
1988 641 2114 694 quae

507 721 751 788 generat
770 717 1068 788 procellas,
1094 717 1150 770 id
1168 719 1251 769 est
1277 714 1738 787 perturbationes
1766 712 1822 765 in
1848 712 2111 765 Ecclesia:

508 805 653 860 sicut
683 808 928 876 spiritus.
972 804 1029 857 id
1068 809 1152 858 est
1180 807 1380 857 ventus
1409 803 1465 856 in
1499 802 1644 855 mari
1674 802 1950 873 procellas
1983 816 2113 870 pro-

505 897 695 960 creat;
729 894 814 947 vel
847 891 995 962 ignis
1025 895 1212 964 potest
1243 891 1377 962 poni
1424 906 1528 962 pro
1580 889 1787 942 ardore
1813 887 2063 941 avaritias
2099 904 2112 952 ;

506 982 747 1053 sulphur
775 998 907 1035 vero
922 997 1025 1051 pro
1038 980 1220 1034 fetore
1234 996 1423 1050 pravae
1448 978 1686 1032 actionis
1716 993 1828 1047 qua
1856 991 2115 1029 corrum-

505 1071 662 1142 pitur
706 1070 1033 1140 proximus:
1065 1072 1122 1122 et
1162 1068 1392 1138 spiritus
1440 1068 1851 1138 procellarum,
1884 1080 1988 1135 pro
2021 1063 2118 1116 illa

509 1163 727 1215 aeterna
761 1157 1135 1213 damnatione
1166 1174 1293 1228 qua:
1310 1156 1527 1226 ﬁetper
1549 1153 2117 1209 administrationem

510 1247 799 1301 malorum
817 1245 1150 1317 spirituum:
1181 1245 1278 1315 qui
1292 1244 1538 1297 ministri
1561 1242 2087 1313 suntprocellarum
2101 1278 2115 1301 ,

504 1333 564 1388 id
588 1336 675 1388 est
703 1334 1167 1388 tribulationum.
1203 1332 1372 1397 Quasi
1403 1333 1587 1386 dicat:
1621 1332 1743 1385 Non
1767 1332 1951 1383 solum
1977 1327 2119 1398 pluit

512 1424 751 1493 laqueos
780 1438 884 1492 pro
901 1421 1067 1475 malis
1080 1420 1301 1475 meritis
1332 1437 1555 1486 eorum,
1592 1420 1690 1472 sed
1718 1418 1890 1472 etiam
1924 1417 2012 1470 hic.
2032 1432 2119 1469 re-

507 1512 628 1582 plet
662 1526 758 1564 eos
787 1510 921 1581 igne
947 1514 1001 1563 et
1051 1510 1357 1580 sulphure;
1393 1509 1451 1561 in
1507 1508 1698 1561 futuro
1733 1523 1865 1559 vero
1916 1504 2117 1574 spiritu

506 1600 890 1670 procellarum
929 1598 1256 1653 inebriabit.
1289 1598 1595 1667 Sequitur:
1632 1595 1897 1661 Quoniam
1913 1594 2114 1663 justus,

507 1692 616 1742 etc.
646 1705 659 1755 ;
693 1688 847 1758 quod
880 1687 957 1741 sic
989 1687 1394 1741 continuatur:
1432 1685 1548 1739 Dixi
1583 1683 1737 1755 quod
1766 1685 2030 1737 Dominus
2062 1684 2117 1733 in

2216 555 2341 609 quae
2373 554 2505 591 vera
2534 541 2665 591 sunt
2695 541 2750 591 et
2776 540 2948 591 certa.
2996 536 3159 600 Quod
3191 539 3274 589 est
3306 535 3494 589 dicere
3529 550 3541 587 :
3585 533 3695 605 Ipsi
3727 534 3828 604 qui

2216 626 2477 695 exemplo
2511 630 2743 697 patrum
2776 642 3010 679 suorum
3034 628 3253 679 aeterna
3278 624 3431 678 bona
3444 624 3714 692 expetere
3728 621 3828 675 de-

2215 716 2440 780 berent,
2474 714 2543 767 de
2576 715 2667 769 die
2685 714 2744 767 in
2773 714 2925 768 diem
2946 714 3136 768 minus
3152 716 3209 766 et
3231 712 3422 765 minus
3444 713 3744 781 expetunt,
3771 712 3831 763 et

2216 804 2478 874 exemplo
2503 820 2603 857 suo
2629 820 2721 856 me
2748 819 3015 857 revocare
3050 803 3276 866 volunt;
3319 800 3563 870 ideoque
3594 814 3831 851 necesse

2216 895 2302 944 est
2333 896 2393 944 ut
2423 892 2499 945 sic
2532 908 2715 946 orem.
2740 892 3035 945 Diminulae
3064 898 3187 943 sunt
3219 893 3460 944 veritates
3503 908 3533 943 a
3570 890 3703 957 ﬁliis
3732 890 3828 941 ho-

2218 982 2440 1033 minum.
2489 980 2554 1033 Et
2591 997 2707 1034 non
2741 980 2821 1033 eis
2850 979 3057 1033 sufﬁcit
3087 978 3348 1033 minuere
3380 978 3650 1032 veritates
3680 977 3738 1029 in
3772 994 3832 1030 se

2218 1071 2275 1122 et
2300 1085 2475 1122 vanos
2497 1085 2640 1133 esse,
2665 1068 2763 1121 sed
2782 1068 2954 1121 etiam
2975 1085 3113 1120 vana
3127 1066 3295 1120 locuti
3313 1073 3435 1119 sunt
3464 1066 3833 1136 unusquisque

2217 1156 2288 1209 ad
2303 1159 2615 1226 proximum
2638 1175 2811 1223 suum,
2845 1155 2899 1211 id
2937 1159 3020 1210 est
3048 1155 3221 1210 locuti
3253 1158 3387 1208 sunt
3417 1154 3489 1209 ad
3530 1153 3831 1226 proximos

2217 1261 2346 1298 suos
2379 1243 2476 1297 illa
2502 1261 2629 1315 qua:
2662 1261 2807 1298 vana
2833 1248 2985 1309 sunt,
3016 1247 3076 1296 ut
3094 1243 3201 1296 sibi
3222 1243 3552 1297 conformes
3568 1242 3833 1296 facerent

2219 1332 2451 1397 scilicet,
2473 1332 2741 1386 dixerunt
2770 1333 2892 1386 haec
2922 1335 3153 1386 terrena
3192 1348 3423 1385 summa
3466 1331 3620 1385 bona
3653 1347 3779 1385 esse
3815 1346 3828 1383 :

2218 1438 2346 1491 quae
2375 1437 2522 1474 vana
2541 1424 2693 1474 sunt.
2731 1420 2875 1484 Quia
2904 1437 3036 1475 vero
3064 1420 3413 1491 generaliter
3433 1419 3656 1474 dixerat
3674 1436 3834 1471 unus-

2218 1511 2457 1580 quisque,
2493 1510 2749 1563 ostendit
2778 1510 2885 1563 hoc
2924 1524 3027 1579 per
3061 1513 3268 1581 partes,
3297 1507 3373 1562 sic
3422 1524 3434 1561 :
3476 1507 3613 1561 Dico
3655 1524 3829 1561 unus-

2218 1596 2458 1667 quisque
2490 1597 2661 1651 locuti
2690 1601 2821 1650 sunt
2846 1597 3187 1663 vanitatem;
3223 1599 3280 1650 et
3307 1612 3506 1650 verum
3533 1598 3619 1649 est
3647 1611 3661 1647 :
3696 1610 3832 1647 nam

2219 1685 2453 1757 quidam
2482 1684 2787 1739 existentes
2814 1685 2955 1738 labia
2979 1685 3157 1739 dolosa
3186 1684 3493 1739 locutisunl
3526 1686 3579 1737 in
3610 1682 3769 1737 corde
3788 1690 3836 1735 et

509 1775 700 1845 templo
730 1791 745 1827 :
780 1779 838 1828 et
868 1776 923 1827 in
952 1776 1073 1827 coelo
1114 1775 1259 1829 sedes
1284 1774 1396 1843 ejus
1424 1791 1441 1825 :
1475 1775 1530 1826 et
1578 1771 1723 1825 oculi
1768 1772 1881 1840 ejus
1910 1773 1963 1824 in
1980 1787 2119 1840 pau-
2144 1771 2193 1829 B
2219 1774 2395 1841 corde,
2421 1774 2477 1827 id
2508 1777 2591 1827 est
2622 1774 2679 1827 in
2708 1775 2916 1846 duplici
2940 1775 3132 1828 corde.
3169 1775 3291 1827 Non
3319 1774 3475 1844 quod
3497 1773 3709 1845 duplex
3735 1788 3833 1826 cor

492 1880 676 1934 perem
706 1865 1014 1932 respiciunt.
1046 1864 1112 1916 Et
1146 1861 1374 1916 merito.
1412 1860 1678 1927 Quoniam
1722 1860 1905 1929 justus
1930 1859 2118 1911 Domi-

504 1968 603 2005 nus
634 1968 651 2004 :
685 1958 734 2003 et
765 1951 894 2005 ideo
915 1952 1162 2021 justitias
1211 1950 1423 2015 dilerit,
1476 1948 1533 2001 id
1565 1951 1668 2013 est,
1693 1963 1820 1999 cum
1850 1946 1919 1999 sit
1936 1945 2123 2015 justus

496 2039 697 2110 judex,
734 2055 849 2093 non
882 2042 1071 2109 potest
1100 2055 1216 2093 non
1244 2038 1484 2107 diligere
1500 2035 1769 2107 justitias,
1792 2034 1847 2088 id
1865 2037 1951 2087 est
1972 2032 2123 2086 auxi-

505 2126 581 2182 lia
600 2143 857 2193 suorum,
880 2128 946 2180 Et
963 2128 1108 2181 bene
1135 2126 1296 2196 ponit
1316 2126 1519 2179 dilexit.
1552 2124 1693 2177 Cum
1718 2138 1949 2176 summa
1963 2120 2121 2175 enim

508 2213 819 2271 dilectione
837 2215 952 2269 suis
974 2214 1273 2268 auxiliatus
1293 2217 1378 2267 est
1398 2216 1455 2266 et
1471 2227 1701 2281 semper
1726 2208 2118 2263 auxialibitur.

511 2302 755 2371 Ergo,ut
770 2301 904 2369 dixi,
912 2303 1055 2374 pluit
1067 2318 1239 2372 super
1258 2303 1589 2371 peccatores
1606 2304 1857 2370 laqueos.
1870 2299 1935 2351 Et
1951 2296 2121 2351 meri-

507 2398 589 2463 to,
624 2391 899 2465 quoniam
906 2391 1093 2460 justus
1109 2393 1210 2443 est.
1245 2391 1310 2442 Et
1330 2388 1458 2443 ideo
1474 2388 1647 2441 vultus
1668 2386 1863 2455 ejus,id
1892 2388 1977 2439 est
2002 2387 2121 2439 vul-

508 2485 747 2540 tuositas
761 2479 1073 2549 vindictmej
1086 2478 1307 2545 us,viclit
1322 2474 1797 2547 a’quilatum,idest
1811 2474 1887 2527 im
1899 2475 2124 2545 piorum

510 2588 736 2644 aequam
753 2568 1215 2623 excmcationem.
1246 2569 1323 2618 Ac
1342 2565 1386 2617 si
1418 2564 1602 2617 dicat:
1635 2563 1757 2615 Non
1788 2565 1977 2633 potest
2006 2578 2124 2615 non

510 2662 709 2735 pluere
730 2660 988 2735 laqueos;
1010 2654 1163 2735 quod
1186 2669 1415 2724 mquum
1438 2656 1540 2719 est,
1566 2650 2018 2723 cumipsejustus
2034 2649 2122 2703 sit.

936 2727 1065 2813 32
1114 2743 1180 2795 IN
1228 2742 1552 2795 PSALMUM
1608 2743 1691 2794 x1.

578 2834 797 2889 Titulus
824 2830 1134 2885 undecimi.
1168 2828 1236 2881 In
1285 2831 1445 2897 ﬁnem
1489 2846 1592 2898 pro
1619 2835 1827 2892 octava,
1873 2826 2126 2880 Psalmus

508 2923 724 2981 David:
750 2920 903 2992 quod
917 2920 993 2973 sic
1024 2918 1357 2989 exponitur:
1394 2918 1651 2969 Psalmus
1681 2916 1781 2968 iste
1805 2914 2122 2971 attribuen-

512 3013 618 3067 dus
646 3015 731 3065 est
761 3008 958 3074 David,
1000 3007 1058 3061 id
1090 3009 1192 3071 est,
1229 3005 1546 3059 cellcctioni
1587 3003 1840 3057 ﬁdelium
1862 3020 1989 3099 qum
2020 3002 2126 3056 fuit
2148 3046 2194 3104 Ο

514 3104 647 3155 ante
667 3099 981 3152 adventum
1013 3093 1245 3149 Christi:
1294 3093 1470 3146 Daxid
1519 3092 1645 3145 dico
1682 3090 1944 3144 tendenti
1974 3090 2030 3142 in
2059 3092 2123 3142 ﬁ-

513 3205 670 3249 nem,
705 3186 763 3239 id
793 3188 877 3237 est
908 3184 967 3237 in
1000 3181 1470 3236 conformitatem
1496 3180 1645 3244 ﬁnis,
1667 3179 1869 3233 Christi
1892 3178 2123 3242 scilicet,

514 3276 611 3348 qui
634 3273 885 3327 ﬁnisfuit
906 3270 1223 3341 prephetize
1246 3273 1299 3321 et
1333 3267 1493 3336 legis.
1516 3268 1611 3319 Vel
1634 3267 1689 3319 in
1725 3267 1925 3331 ﬁnem,
1962 3266 2017 3319 id
2042 3268 2128 3318 est

515 3360 1023 3435 perseverantiam.
1068 3357 1247 3411 David
1289 3356 1414 3407 dico
1447 3354 1640 3420 agenti
1680 3370 1782 3423 pro
1818 3358 2034 3417 octava,
2072 3353 2127 3406 id

518 3454 602 3505 est
636 3466 738 3520 pro
773 3445 1054 3501 desiderio
1076 3444 1281 3514 quietis
1309 3446 1572 3494 aeternae:
1611 3441 1666 3493 in
1701 3446 1897 3494 octava
1931 3441 2020 3493 die
2048 3442 2131 3494 fu-

517 3529 1677 3601 turanntrodncithicprophetaﬁdelium
1704 3529 2127 3595 collectionem,

517 3627 612 3699 qui
643 3630 775 3680 ante
790 3621 997 3676 Christi
1025 3620 1334 3674 adventum
1354 3618 1585 3671 fuerunt
1613 3635 1623 3670 :
1650 3622 1913 3672 orantem
1951 3620 2129 3671 Deum

519 3719 580 3770 ut
610 3714 805 3768 mittat
837 3727 1009 3782 quem
1064 3710 1337 3762 missurus
1367 3711 1452 3760 est
1480 3725 1493 3773 ;
1526 3723 1627 3776 per
1659 3723 1830 3775 quem
1866 3707 2130 3759 homines

519 3804 614 3875 qui
648 3819 751 3875 per
787 3801 924 3854 Adae
981 3802 1279 3868 peccatum
1310 3799 1365 3848 et
1407 3796 1694 3847 defectum
1725 3799 2005 3847 aeternam
2039 3812 2127 3847 re-

516 3894 710 3966 quiem
745 3890 1083 3953 amiserunt,
1109 3886 1498 3939 salvabuutur.
1532 3885 1668 3937 Orat
1692 3885 1865 3936 etiam
1892 3900 1963 3936 ne
1999 3900 2131 3937 con-

511 3984 801 4045 formetur
831 3977 1095 4045 exemplo
1130 3976 1439 4037 malorum,
1482 3973 1763 4024 vanitates
1794 3975 2128 4023 consectan-

516 4064 951 4124 tium.Ostsndit
983 4079 1211 4132 quoque
1239 4076 1353 4131 qua
1374 4059 1582 4111 ﬁducia
1605 4062 1747 4124 oret,
1773 4060 1877 4111 hac
1893 4059 2125 4125 scilicet,

436 4153 452 4162 ’
519 4154 653 4225 quia
677 4155 824 4206 Deus
851 4153 1018 4204 Pater
1038 4165 1138 4219 per
1174 4148 1449 4217 Spiritum
1473 4150 1730 4199 sanctum
1748 4146 2126 4200 Filiumsuum

510 4242 636 4314 jam
672 4240 755 4293 eis
786 4237 1051 4309 promisit
1079 4254 1091 4301 ;
1117 4240 1167 4289 et
1192 4237 1399 4288 borum
1456 4234 1627 4286 verba
1658 4234 1785 4287 ideo
1818 4234 2129 4288 introducit

2220 1862 2471 1915 habeant
2506 1878 2517 1915 :
2547 1862 2644 1915 sed
2676 1861 2809 1932 quia
2838 1862 2989 1916 aliud
3020 1863 3236 1916 habent
3258 1862 3315 1915 in
3344 1861 3538 1927 corde,
3563 1861 3707 1915 dum
3738 1877 3831 1913 ve-

2222 1968 2283 2005 re
2310 1952 2637 2021 intelligunt
2667 1951 2788 2005 haec
2812 1952 3135 2021 praesentia,
3170 1967 3400 2005 summa
3429 1951 3586 2005 bona
3607 1966 3728 2003 non
3755 1966 3835 2002 es-

2225 2056 2317 2106 se;
2350 2042 2407 2092 et
2436 2040 2590 2093 aliud
2624 2055 2723 2093 ore
2764 2040 3130 2094 mentiuntur
3164 2057 3223 2094 se
3264 2040 3479 2094 habere
3510 2038 3571 2092 in
3612 2037 3788 2092 corde
3816 2053 3830 2090 :

2223 2129 2345 2182 hinc
2370 2127 2583 2181 scilicet
2609 2144 2839 2181 summa
2867 2128 3040 2181 bona.
3076 2128 3142 2181 Et
3170 2127 3244 2181 ob
3285 2127 3395 2180 hoc
3427 2125 3699 2179 dicuntur
3730 2126 3834 2180 du-

2224 2216 2351 2284 plex
2385 2231 2484 2268 eor
2522 2215 2734 2268 habere
2767 2218 2823 2268 et
2850 2215 3050 2281 dolosi,
3084 2232 3216 2269 cum
3262 2214 3417 2268 aliud
3462 2213 3744 2283 cogitent,
3781 2216 3833 2266 et

2225 2303 2379 2357 aliud
2411 2303 2653 2374 ﬁngant.
2688 2302 2852 2365 Quod
2889 2306 3083 2358 autem
3113 2304 3278 2374 ponit
3308 2303 3449 2356 labia
3478 2302 3681 2368 dolosa,
3713 2319 3833 2356 em-

2226 2392 2451 2461 phatice
2488 2390 2641 2445 dicit.
2674 2390 2858 2444 Aliam
2890 2408 3022 2446 vero
3053 2396 3278 2463 partem
3310 2392 3541 2446 illorum
3555 2391 3655 2461 qui
3683 2391 3837 2445 vanis

2228 2480 2518 2534 iuba-rent
2546 2479 2714 2548 hujus
2744 2479 2944 2532 mundi
2977 2479 3164 2547 bonis,
3194 2483 3393 2550 utpote
3419 2480 3515 2551 qui
3548 2479 3673 2533 haec
3705 2496 3836 2532 vera

2228 2569 2382 2624 bona
2414 2568 2567 2622 falsis
2592 2569 2912 2622 rationibus
2930 2570 3199 2639 probant,
3215 2574 3272 2623 et
3292 2570 3433 2623 sicut
3450 2569 3701 2639 probant
3718 2585 3836 2621 cre-

2229 2656 2394 2721 dunt,
2420 2656 2629 2720 innuit,
2654 2656 2746 2709 ubi
2767 2657 3184 2728 subsequenter
3202 2657 3398 2728 ponit:
3426 2656 3798 2724 Quidirerunt
3821 2674 3838 2709 :

2229 2744 2467 2811 linguam
2493 2751 2728 2796 nostram
2746 2745 3353 2815 magni/icabimus:sed
3378 2745 3702 2815 interponit
3717 2760 3840 2797 ora-

2228 2831 2448 2886 tionem
2464 2832 2541 2885 sic
2561 2849 2571 2885 :
2591 2833 2723 2885 Dico
2740 2832 2874 2903 quia
2890 2832 3038 2886 labia
3051 2833 3432 2889 dolosalocuti
3450 2836 3585 2887 sunt
3599 2834 3839 2887 vana.Et

2229 2938 2299 2974 ne
2324 2921 2570 2991 amplius
2598 2922 2908 2992 loquantur
2930 2938 3095 2987 vana,
3112 2922 3405 2992 disperdat
3425 2922 3710 2976 Dominus
3724 2921 3839 2975 uni-

2230 3011 2405 3063 versal
2422 3009 2550 3063 abia
2568 3010 2785 3075 dolosa,
2810 3014 2867 3063 et
2893 3010 3151 3081 linguam
3176 3012 3616 3081 magniloquam
3638 3010 3833 3065 etiam.

2230 3102 2350 3155 Non
2385 3104 2507 3152 erat
2523 3100 2872 3154 uthabentes
2886 3100 3036 3153 labia
3055 3101 3251 3155 dolosa
3266 3103 3323 3154 et
3338 3101 3597 3171 linguam
3620 3100 3838 3171 magni-

2231 3190 2464 3259 loquam
2491 3188 2803 3259 disperdat,
2820 3188 2917 3242 sed
2936 3188 3303 3243 dolositatem
3323 3193 3377 3241 et
3392 3188 3835 3260 magniloquen-

2230 3276 2370 3329 tiam
2388 3293 2589 3329 eorum
2607 3294 2676 3329 ne
2692 3276 2795 3329 sibi
2820 3279 2877 3328 ct
2899 3276 3020 3329 aliis
3045 3280 3311 3331 noceant.
3340 3278 3406 3329 Et
3434 3276 3675 3346 exponit
3701 3293 3838 3348 quos

2234 3363 2383 3416 dicat
2419 3365 2630 3417 habere
2656 3364 2911 3433 linguam
2940 3365 3378 3435 magniloquam
3403 3365 3479 3418 sic
3514 3382 3525 3418 :
3558 3365 3835 3436 Linguam

2233 3453 2672 3524 magniloquam
2697 3453 2821 3506 dico
2844 3452 3071 3507 illorum
3091 3455 3461 3525 quidilrerunt,
3486 3454 3543 3507 id
3567 3459 3675 3521 est,
3696 3456 3841 3509 inter

2232 3559 2291 3594 se
2315 3544 2640 3594 statuerunt
2674 3558 2685 3594 :
2719 3540 3214 3611 Magniﬁcabzmus,
3247 3543 3305 3597 id
3341 3546 3425 3596 est
3471 3560 3749 3615 magnam
3786 3547 3841 3596 et

2233 3629 2545 3696 gloriosam
2578 3630 2854 3682 faciemus
2882 3630 3125 3697 linguam
3149 3638 3404 3695 nostram,
3438 3631 3497 3685 id
3528 3634 3616 3684 est
3642 3632 3835 3685 facun-

2233 3716 2387 3771 diam
2424 3722 2700 3770 nostram.
2727 3719 2792 3770 Et
2820 3718 2929 3771 hoc
2955 3719 3102 3772 bene
3132 3720 3319 3773 facere
3348 3736 3673 3789 possumus.
3700 3721 3835 3773 Nam

2231 3805 2369 3857 labia
2398 3813 2576 3858 nostra
2606 3824 2637 3858 a
2665 3807 2811 3858 nobis
2842 3815 2984 3871 sunt,
3015 3807 3072 3861 id
3115 3811 3219 3872 est,
3252 3808 3521 3862 facundia
3549 3813 3750 3862 nostra
3775 3825 3837 3861 ex

2232 3898 2427 3947 nostra
2459 3898 2620 3963 parte
2654 3898 2756 3959 est,
2793 3895 2847 3948 id
2874 3895 3138 3949 cstnobis
3166 3898 3227 3948 ut
3257 3897 3365 3950 illis
3395 3897 3558 3951 valde
3582 3902 3686 3951 est.
3717 3898 3836 3951 Non

2231 3985 2313 4033 est
2357 3999 2531 4050 parva
2590 4001 2693 4036 nec
2756 3984 2923 4038 ullis:
2961 3984 3061 4037 sed
3110 3985 3306 4055 ampla
3338 3988 3421 4038 est
3467 3990 3523 4038 et
3576 3985 3833 4055 insignis.

2230 4069 2477 4140 Ideoque
2534 4073 2783 4124 multum
2840 4088 3138 4141 possumus
3176 4089 3305 4126 eam
3360 4073 3737 4144 magniﬁcare
3783 4078 3839 4128 et

2229 4160 2520 4212 extollere.
2566 4160 2630 4211 Et
2661 4177 2789 4213 cum
2826 4158 2976 4213 labia
3012 4163 3211 4214 nostra
3254 4178 3287 4215 a
3327 4161 3490 4215 nobis
3520 4161 3655 4216 sint.
3709 4161 3836 4228 Quis

2229 4254 2405 4300 noster
2435 4249 2697 4301 Dominus
2737 4255 2829 4313 est,
2866 4247 2921 4301 id
2960 4252 3063 4315 est,
3113 4249 3247 4313 Quis
3290 4233 3832 4321 dominabitur33

518 4330 825 4402 propheta,
875 4330 937 4379 ut
987 4340 1091 4378 nos
1124 4324 1365 4377 instruat
1399 4322 1797 4375 vehementem
1827 4339 1963 4392 erga
1995 4340 2125 4375 eum
2152 4324 2203 4382 D
2231 4339 2285 4387 et
2309 4336 2640 4405 praevalebit
2679 4336 2960 4390 facundia:
3007 4341 3216 4392 nostra:
3251 4339 3278 4392 ?
3316 4339 3528 4391 Nullus.
3565 4338 3678 4393 Sed
3713 4357 3832 4393 ma-

522 4420 735 4474 babere
771 4430 1057 4479 amorem,
1086 4429 1215 4465 cum
1271 4414 1495 4463 tantam
1532 4411 1692 4463 nobis
1722 4411 1979 4480 proferat
2004 4411 2125 4465 illo-

521 4522 651 4560 rum
678 4503 1065 4558 aﬁ'ectionem.
1104 4501 1167 4553 Et
1207 4500 1317 4552 hoc
1341 4498 1416 4551 sic.
1439 4498 1573 4552 dicit
1602 4515 1614 4551 :

590 4594 813 4649 Salvum
842 4608 924 4645 me
945 4592 1057 4659 fac,
1094 4591 1341 4654 Domine,
1377 4588 1432 4641 id
1465 4592 1569 4653 est,
1615 4588 1877 4654 Domine,
1913 4588 2005 4658 qui
2036 4604 2133 4658 po-

522 4688 652 4739 tens
676 4700 757 4747 es,
793 4697 888 4733 me
920 4694 1036 4731 non
1090 4679 1513 4748 repugnantem
1546 4681 1833 4747 pra'ccpto
1864 4681 1959 4730 tuo
1992 4678 2134 4731 sicut

505 4772 729 4836 .Adam,
756 4768 857 4822 sed
890 4765 1256 4820 obedientem
1279 4765 1498 4817 salvum
1522 4764 1693 4827 l‘ac,id
1716 4768 1818 4829 est,
1848 4766 2130 4819 mittendo

522 4876 698 4933 quem
726 4856 1003 4911 missurus
1035 4871 1114 4918 es,
1138 4853 1291 4906 salva
1324 4868 1449 4904 me:
1500 4852 1821 4906 reducendo
1854 4854 1925 4906 ad
1977 4858 2129 4907 octa-

521 4965 653 5003 vam
677 4947 829 5001 diem
862 4958 1037 5014 quam
1065 4940 1251 4993 amisi.
1285 4940 1352 4993 Et
1376 4957 1602 4993 necesse
1622 4943 1705 4992 est
1738 4944 1797 4993 ut
1824 4941 1929 4995 hoc
1945 4959 2129 5007 orem,

519 5051 776 5109 quoniam
821 5044 1055 5094 sanctus,
1114 5028 1171 5081 id
1212 5032 1295 5081 est
1332 5027 1540 5093 Adam,
1574 5045 1743 5099 quem
1780 5032 1837 5081 tu
1869 5034 2132 5113 sanctum

519 5124 726 5187 fecisti,
746 5121 820 5176 ad
846 5118 1163 5188 imaginem
1185 5115 1395 5168 scilicet
1413 5119 1468 5168 et
1494 5115 1932 5171 similitudinem
1948 5122 2129 5185 tuam,

518 5212 728 5268 defecit
756 5210 813 5261 in
843 5206 1130 5277 praecepto
1162 5206 1292 5256 tuo:
1328 5202 1569 5273 ideoque
1592 5218 1996 5277 se’omnesque
2030 5225 2133 5260 nos

521 5294 931 5372 pessumdedit.
951 5292 1162 5346 Etideo
1186 5290 1371 5344 adhuc
1398 5294 1698 5361 tantopere
1728 5309 1845 5359 oro,
1877 5298 2130 5364 quoniam

519 5406 552 5441 a
581 5386 704 5455 ﬁliis
732 5384 1025 5447 hominum,
1054 5380 1111 5435 id
1146 5382 1281 5434 esta
1316 5378 1543 5443 Judaris,
1570 5380 1664 5449 qui
1701 5381 1795 5433 lilii
1828 5385 2131 5453 propheta-

521 5489 651 5528 rum
682 5469 902 5524 fuerint
922 5469 1287 5538 aliorumque
1324 5466 1599 5523 ﬁdelium.
1631 5467 1725 5537 qui
1755 5468 2038 5536 homines,
2072 5472 2129 5525 id

519 5562 603 5617 est
634 5556 944 5612 rationales
972 5556 1226 5621 fuerunt,
1259 5553 1538 5607 diminuta?
1590 5562 1713 5606 sunt
1776 5558 2039 5621 veritates,
2072 5561 2129 5615 id

2230 4423 2535 4493 gniloquos
2566 4423 2701 4477 dicit
2731 4425 2875 4491 illos,
2910 4425 3003 4495 qui
3039 4442 3171 4479 cum
3214 4427 3333 4479 hzee
3371 4427 3492 4480 sola
3528 4428 3835 4498 praesentia

2230 4511 2487 4577 credant,
2525 4529 2641 4565 non
2674 4512 2849 4565 etiam
2884 4514 3094 4577 futura,
3128 4514 3199 4567 ab
3232 4514 3339 4568 hoc
3388 4515 3731 4570 omnimodo
3762 4517 3837 4569 la-

2231 4599 2441 4652 borant
2468 4604 2528 4652 ut
2548 4600 2699 4652 beati
2733 4603 2787 4653 et
2820 4601 3049 4655 facundi
3090 4602 3178 4655 hic
3220 4607 3556 4672 appareant.
3608 4605 3675 4657 Et
3706 4604 3837 4675 quia

2234 4686 2490 4755 superius
2537 4692 2791 4741 oraverat
2834 4705 2845 4741 :
2880 4688 3105 4742 Salvum
3144 4707 3225 4742 me
3250 4691 3383 4759 fac;
3420 4694 3605 4762 posset
3656 4693 3834 4762 queri,

2233 4790 2347 4843 qua
2377 4774 2585 4827 ﬁducia
2616 4778 2741 4828 oret
2772 4775 2911 4828 illud
2941 4778 3094 4847 quod
3123 4777 3294 4847 digne
3326 4795 3428 4849 per
3464 4779 3649 4832 Adam
3694 4780 3839 4834 ami-

2233 4861 2322 4914 sit.
2354 4863 2419 4914 Et
2450 4862 2520 4915 ad
2549 4863 2656 4916 hoc
2684 4864 2995 4933 respondet
3016 4864 3093 4917 sic
3123 4882 3135 4918 :
3168 4866 3364 4919 Oravi:
3389 4866 3612 4921 Salvum
3629 4886 3711 4921 me
3725 4870 3840 4938 fac.

2234 4950 2301 5002 Et
2330 4950 2436 5003 hoc
2470 4950 2621 5003 bona
2642 4950 2849 5004 ﬁducia
2874 4951 3006 5005 dixi.
3037 4953 3179 5007 Nam
3212 4954 3489 5009 Dominus
3516 4962 3684 5027 pater
3703 4957 3839 5011 dixit

2235 5037 2374 5091 mihi
2428 5053 2529 5107 per
2584 5037 2861 5106 Spiritum
2909 5043 3171 5094 sanctum
3222 5042 3461 5097 interius
3493 5043 3548 5096 in
3598 5049 3835 5099 mente:

2232 5125 2415 5189 Nunc,
2446 5125 2504 5177 id
2536 5129 2622 5178 est
2650 5126 2719 5178 ad
2754 5142 3005 5196 prmsens
3036 5132 3163 5198 post
3204 5146 3443 5200 parvum
3473 5135 3724 5205 tempus,
3756 5151 3840 5188 e1:-

2230 5230 2447 5282 surgam
2479 5215 2533 5265 in
2565 5214 2846 5267 aun'lium.
2885 5216 2949 5267 Et
2984 5215 3088 5269 hoc
3112 5217 3317 5271 faciam
3334 5227 3557 5289 propter
3574 5224 3836 5275 miseriam

2231 5304 2445 5371 inopum
2472 5310 2520 5354 el
2548 5304 2801 5370 gemitum
2839 5321 3162 5373 pauperum,
3192 5306 3248 5359 id
3282 5310 3366 5360 est
3402 5315 3640 5379 propter
3670 5311 3837 5365 mise-

2229 5390 2374 5443 riam
2437 5390 2821 5460 passibililatis
2876 5395 2933 5445 et
2996 5394 3486 5463 corruptibilitatis
3536 5398 3595 5452 in
3664 5418 3836 5471 quam

2234 5477 2343 5531 mci
2376 5477 2569 5530 ﬁdeles
2598 5478 2957 5532 devenerunt
2981 5481 3302 5551 perAdam.
3324 5482 3429 5545 Qui
3452 5490 3585 5539 sunt
3616 5487 3833 5559 inopes,

2211 5565 2274 5623 id
2320 5567 2407 5619 est
2447 5565 2568 5619 sine
2607 5581 2739 5638 ope,
2772 5566 2829 5620 id
2862 5570 2945 5621 est
2984 5569 3193 5624 nullius
3222 5575 3353 5624 sunt
3394 5588 3525 5646 Ope,
3560 5574 3667 5629 nisi
3710 5593 3837 5632 mea
