4014 6030
249 277 349 329 681

1276 278 1632 338 EXPOSITIO
1670 284 1735 337 IN
1778 282 2112 342 PSALMOS.
2147 320 2214 328 —
2247 289 2440 346 PSAL.
2475 290 2564 346 XII

3466 309 3571 363 682

246 393 556 449 liberandi.
587 396 654 450 Et
691 412 971 469 pauperes
995 403 1147 465 sunt,
1202 400 1261 454 id
1294 405 1379 455 est
1422 401 1667 457 humiles
1724 420 1863 474 erga
1882 410 1936 467 Α
1959 407 2239 477 superius,
2268 409 2549 462 ambulant
2591 412 2645 462 in
2691 413 2943 476 circuitu,
2981 415 3037 469 id
3083 420 3167 471 est
3189 419 3405 475 similes
3436 428 3571 477 sunt

250 483 532 548 me,sicut
552 501 770 555 pauper
799 503 937 557 erga
969 487 1224 542 divitem.
1263 490 1329 542 Et
1352 490 1480 544 ideo
1515 508 1817 563 exsurgam
1845 510 1856 546 :

246 571 385 641 quia
409 588 525 626 non
559 579 834 629 excusant
865 593 923 629 se
958 576 1028 629 de
1062 577 1293 632 miseria
1316 596 1416 632 sua
1448 583 1508 633 ut
1538 580 1858 648 Adam,sed

244 658 547 715 humiliter
558 679 660 733 pro
675 680 743 716 ea
756 668 1021 733 gemunt.
1035 666 1096 718 Et
1111 666 1347 737 exponit
1361 668 1655 737 quomodo
1674 685 1861 724 exsur-

244 748 540 818 get.Dico:
576 751 889 822 Exsurgam
908 755 967 805 et
998 752 1139 807 illud
1165 771 1490 826 exsurgere,
1526 756 1583 810 id
1615 760 1698 811 est
1721 757 1861 811 illud

243 826 763 907 auxiliumfponam
791 842 845 892 in
864 840 1111 905 salutari,
1146 842 1203 895 id
1237 848 1321 897 est
1356 843 1412 896 in
1457 844 1678 898 Christo
1720 845 1858 900 Filio

243 940 401 991 meo,
430 926 649 996 quierit
678 929 961 993 salutaris,
998 929 1051 983 id
1079 933 1165 983 est
1193 933 1341 984 salus
1360 932 1862 1001 pauperum,sicut

1961 496 2278 592 ambulanti
2307 497 2367 592 in
2400 498 2658 579 circuitu.
2844 502 2985 592 sicut
3010 504 3102 585 ille
3126 524 3567 592 nunquamper-

1960 569 2151 621 veniet
2196 569 2267 621 ad
2304 569 2502 633 finem,
2537 570 2613 622 sic
2645 571 2798 625 etilli
2842 574 2977 627 dum
3042 576 3096 629 in
3152 569 3567 650 temporalibus

1961 655 2391 711 beatitndenem
2426 665 2712 729 quierunt,
2749 680 3048 734 nunquam
3074 667 3144 719 ad
3165 667 3341 722 linem
3374 686 3570 740 perve-

1961 743 2140 796 nient.
2180 745 2247 797 Et
2294 746 2400 800 hoc
2434 748 2561 802 ideo
2594 750 2777 818 ponit,
2841 755 2901 805 ut
2959 755 3225 809 ostendat
3282 774 3378 811 eos

1961 833 2179 884 occulto
2206 834 2552 902 Deijudicio,
2575 837 2711 890 utin
2728 839 2992 909 hocjuste
3018 848 3257 912 pereant
3278 845 3355 897 sic
3371 846 3563 900 ditari.

1962 918 2027 972 Et
2042 921 2149 973 hoc
2173 922 2249 974 sic
2281 923 2653 979 additzDicoz
2682 927 2986 982 Ambulaut
3022 933 3077 981 in
3115 934 3362 993 circuitu,
3393 934 3451 987 id
3484 940 3569 988 est

1960 1006 2017 1061 in
2051 1010 2343 1082 voluptate
2371 1014 2744 1082 prmsentium
2762 1016 3068 1085 bonorum;
3088 1024 3143 1072 et
3167 1020 3243 1073 sic
3275 1037 3566 1076 excmcan-

1961 1098 2070 1149 tur.
2108 1097 2171 1150 Et
2222 1098 2329 1151 hoc
2358 1115 2475 1153 non
2528 1101 2592 1154 fit
2620 1102 3107 1175 injustojudicio:
3143 1109 3241 1162 sed
3284 1114 3364 1175 tu,
3398 1113 3567 1179 Deus,

242 1014 419 1066 Isaias
448 1015 563 1068 ait:
591 1038 617 1063 «
651 1017 773 1085 Ipse
824 1018 1040 1071 salvum
1090 1018 1259 1072 faciet
1295 1020 1571 1091 populum
1629 1037 1795 1074 suum
1827 1038 1861 1074 a

242 1103 494 1171 peccatis
510 1103 947 1165 eorum(Matth.
980 1123 1017 1171 ι,
1047 1109 1151 1176 2t}.
1190 1128 1215 1153 ››
1254 1107 1388 1161 Dico
1402 1106 1615 1161 Ponam
1628 1110 1683 1162 in
1712 1108 1856 1162 salu-

243 1193 356 1244 tari
389 1208 401 1244 ε
432 1194 489 1244 et
503 1208 626 1246 cum
645 1194 1241 1263 posuero’ﬁdupialﬂgr
1255 1212 1411 1264 agam
1435 1198 1490 1248 ίη
1503 1196 1859 1268 ρο,ίάεδιρθιι
1955 1185 2243 1238 secundum
2274 1186 2609 1243 altitudinem
2636 1196 2805 1255 tuam,
2837 1192 2895 1246 id
2922 1198 3005 1247 est
3035 1197 3351 1252 secundum
3381 1201 3564 1253 altum

240 1295 378 1333 eum
412 1282 978 1336 securevoluntatem
1010 1299 1203 1336 meam
1232 1284 1536 1355 operabor.
1557 1285 1680 1339 Non
1695 1286 1841 1339 enim

1958 1275 2014 1325 et
2036 1272 2399 1329 inscrutabile
2422 1276 2910 1348 judiciumtnum,
2934 1284 3300 1354 multiplicum
3318 1303 3565 1357 prmsen-

242 1366 476 1421 deﬁciet
506 1368 648 1423 sicut
677 1369 861 1422 Adam
894 1369 1121 1423 defecit.
1142 1372 1205 1425 Et
1220 1388 1335 1425 non
1366 1372 1422 1425 in
1444 1389 1512 1426 eo
1531 1373 1779 1440 solo,sed
1800 1378 1841 1427 el

1959 1360 2108 1414 tibus
2151 1362 2317 1416 bonis
2358 1364 2507 1437 ﬁlias;
2546 1367 2841 1429 hominum,
2888 1370 2943 1424 id
2992 1375 3078 1425 est
3127 1375 3562 1444 prophetarum,

244 1455 302 1507 in
319 1456 786 1526 praedicatoribus
800 1459 919 1527 ejus
934 1457 1275 1512 fiducialiter
1288 1476 1455 1531 agam
1467 1461 1629 1514 .Nam
1648 1461 1854 1532 eloquia
1957 1448 2314 1521 aliorumque
2330 1451 2583 1507 ﬁdelium
2604 1456 2697 1527 ‘1“i
2720 1458 3139 1514 rationabiliter
3152 1478 3323 1531 agere
3337 1464 3566 1518 debuis-

242 1543 491 1605 Domini,
516 1546 571 1599 id
603 1550 687 1600 est
719 1547 1097 1618 praedicantes
1122 1548 1349 1619 eloquia
1382 1549 1503 1602 Filii
1534 1550 1849 1621 mei,quem
1956 1540 2103 1606 εθηιν
2136 1542 2191 1592 εί
2217 1540 2639 1598 rationabiliter
2669 1562 2806 1617 0801‘
2810 1551 2932 1601 um-

239 1648 353 1701 ego
387 1634 695 1687 Dominum
732 1634 788 1687 in
824 1636 993 1688 rebus
1043 1637 1410 1704 constituam,
1460 1643 1593 1692 sunt
1648 1638 1852 1710 eloquia
2482 1632 2548 1683 ΙΝ
2582 1632 2904 1689 PSALMUM
2926 1636 3034 1690 XII.

240 1728 411 1787 casta,
462 1721 520 1774 id
579 1726 663 1775 est
719 1724 875 1776 nulla
933 1724 1181 1779 falsitate
1254 1729 1566 1796 corrupta:
1624 1745 1658 1781 a
1703 1727 1841 1781 simi

2024 1714 2241 1768 Titulus
2290 1717 2614 1773 duodecimi
2655 1737 2667 1775 :
2718 1720 2784 1773 In
2823 1724 2981 1791 ﬁnem
3028 1726 3269 1794 psalmus
3338 1729 3561 1785 David:

242 1809 485 1863 Iitudine
511 1809 769 1881 virginis,
818 1829 943 1882 qum
976 1813 1181 1867 dicitur
1208 1817 1382 1881 casta,
1416 1831 1547 1868 cum
1592 1816 1851 1870 nondum

238 1898 311 1950 sit
338 1897 483 1951 virili
511 1898 638 1952 labe
669 1903 958 1968 corrupta.
1000 1901 1065 1953 Et
1113 1906 1245 1954 sunt
1291 1909 1590 1970 argentum,
1654 1903 1710 1957 id
1771 1908 1854 1957 est

240 1985 492 2040 nitentes
524 1989 578 2040 in
614 1988 1022 2057 praedicatione
1049 1989 1191 2042 sicut
1248 1994 1556 2061 argentum
1603 1992 1850 2045 nitidum

233 2078 341 2127 est.
381 2076 463 2128 vel
497 2084 796 2143 argentum,
822 2076 876 2129 id
904 2079 988 2129 est
1001 2078 1145 2130 bene
1166 2082 1502 2132 resonantes
1522 2079 1577 2133 in
1593 2080 1853 2135 doctrina

229 2179 360 2227 sua,
394 2162 535 2215 sicut
558 2168 864 2236 argentum
923 2181 1040 2235 pros
1095 2165 1315 2219 czeteris
1355 2168 1603 2236 metallis
1659 2168 1849 2223 omni-

230 2251 343 2304 bus
373 2252 525 2305 clare
545 2257 795 2306 resonat.
814 2252 861 2305 A
874 2260 1141 2320 rgentum,
1171 2253 1681 2324 dicofexaminatum
1703 2260 1844 2325 igne,

233 2338 298 2393 id
330 2343 418 2393 est
458 2341 763 2411 probatum
808 2344 1004 2396 sancto
1046 2341 1282 2413 Spiritu,
1327 2343 1424 2414 qui
1468 2344 1601 2414 jure
1643 2345 1848 2399 dicitur

232 2427 413 2498 ignis,
446 2445 514 2482 eo
542 2429 696 2500 quod
722 2434 957 2500 pectora
988 2430 1244 2484 ﬁdelium
1277 2432 1847 2500 intlammando,ﬁde

230 2518 294 2567 et
324 2517 603 2571 charitate
630 2518 893 2572 ardentia
911 2519 1076 2585 facit;
1099 2519 1265 2589 juxta
1296 2520 1433 2573 illud
1452 2520 1844 2577 Dominicum:

230 2625 262 2651 »
303 2604 505 2675 Ignem
522 2606 899 2659 venimiltere
935 2606 991 2659 in
1021 2610 1259 2673 terram,
1294 2612 1351 2661 et
1375 2608 1512 2679 quid
1540 2610 1665 2664 volo
1689 2610 1847 2664 aliud

230 2692 343 2745 nisi
379 2697 440 2745 ut
462 2694 703 2748 ardeat?
727 2694 885 2762 (Luc.
920 2711 1017 2761 xn,
1051 2697 1158 2763 49.)
1196 2718 1223 2743 ››
1254 2696 1318 2749 Et
1339 2697 1573 2766 exponit
1594 2698 1746 2752 unde
1775 2699 1848 2753 sit

227 2781 651 2848 examinatum,
684 2782 762 2836 sic
797 2800 808 2836 :
851 2783 986 2836 Dico
1018 2786 1385 2837 examinatum
1430 2786 1570 2851 igne,
1630 2785 1845 2840 scilicet

215 2870 515 2938 probatum
568 2876 740 2931 terra,
790 2870 847 2923 id
893 2873 977 2924 est
1008 2872 1315 2941 probatum
1355 2874 1413 2925 et
1458 2878 1770 2943 purgatum
1812 2891 1845 2928 a

1955 1804 2108 1874 quod
2139 1803 2216 1856 sic
2244 1806 2580 1874 exponitur:
2636 1812 2889 1880 psalmus
2914 1812 3018 1866 iste
3050 1816 3451 1872 attribuendus
3479 1824 3564 1873 est

1956 1891 2153 1957 David,
2183 1891 2237 1945 id
2266 1894 2617 1950 estfidelium
2649 1899 2969 1953 collectioni
2997 1901 3331 1957 tendentiin
3359 1892 3559 1971 finem,

1955 1978 2011 2031 id
2038 1984 2121 2032 est
2153 1981 2208 2034 in
2239 1982 2547 2049 Christum,
2566 1987 2651 2039 vel
2683 1987 2739 2041 in
2768 1992 3278 2058 perseverantiam.
3302 1994 3561 2048 Etintro-

1954 2067 2179 2121 ducitur
2207 2071 2407 2125 eadem
2440 2074 2700 2129 collectio
2733 2093 2859 2146 qua),
2902 2078 2959 2130 in
3016 2080 3297 2149 superiori
3339 2083 3561 2151 psalmo

1953 2155 2141 2208 locuta
2171 2160 2285 2210 est:
2315 2159 2611 2229 suspirans
2642 2179 2759 2233 pra:
2781 2164 2958 2218 nimio
2985 2165 3270 2220 desiderio
3286 2167 3563 2222 adventus

1953 2242 2180 2307 Christi,
2213 2249 2270 2298 et
2300 2262 2472 2300 orans
2506 2249 2684 2303 Deum
2720 2255 2780 2303 ut
2804 2251 2916 2305 cito
2950 2252 3115 2306 illum
3152 2254 3439 2311 mittendo
3460 2273 3564 2326 per

1951 2347 2083 2385 eum
2099 2349 2282 2403 genus
2299 2335 2619 2391 humanum
2634 2339 2919 2409 respiciat.
2936 2341 3059 2396 Non
3079 2342 3208 2397 ideo
3226 2347 3421 2398 tamen
3436 2347 3564 2399 orat

1949 2419 2046 2487 sic,
2070 2422 2226 2492 quod
2247 2427 2403 2479 certa
2436 2442 2551 2480 non
2576 2427 2646 2481 sit
2674 2444 2732 2482 se
2762 2446 3059 2500 nunquam
3113 2448 3246 2485 eum
3288 2432 3589 2501 visuram,.

1950 2509 2049 2562 sed
2070 2510 2202 2592 quia
2234 2511 2339 2565 hoc
2383 2512 2510 2581 jam
2542 2531 2575 2568 a
2624 2514 2838 2586 Spiritu
2865 2521 3062 2571 sancto
3100 2520 3395 2592 concepit:
3426 2520 3565 2591 quia

1949 2590 2212 2652 mittetur
2241 2598 2386 2654 sicut
2415 2600 2472 2654 in
2524 2604 2804 2672 superiori
2838 2607 3058 2675 psalmo
3103 2590 3398 2661 ostensum
3429 2590 3514 2662 est
3545 2625 3558 2663 :

1948 2701 2079 2739 cum
2109 2686 2361 2757 cupienti
2393 2689 2588 2743 animo
2611 2691 2669 2744 in
2687 2692 2794 2746 hoc
2822 2693 2955 2747 satis
2984 2694 3291 2748 festinetur
3315 2712 3327 2749 :
3356 2699 3483 2750 orat
3496 2701 3561 2751 ut

1947 2772 2004 2825 in
2037 2776 2299 2844 tempore
2329 2793 2430 2830 suo
2484 2775 2695 2842 veniat,
2744 2782 2807 2832 ut
2853 2795 2987 2833 eum
3030 2781 3324 2851 corporeis
3385 2783 3561 2838 oculis

1946 2859 2137 2914 videre
2168 2862 2375 2931 possit;
2407 2864 2548 2917 sicut
2564 2868 2621 2919 et
2640 2865 2865 2936 Moysen
2895 2867 3141 2938 legimus
3168 2885 3358 2923 orasse
3371 2872 3555 2926 Deum

225 2959 410 3023 terra,
445 2957 501 3011 id
529 2961 613 3010 est
653 2958 725 3011 ab
765 2959 925 3013 omni
959 2962 1190 3013 terrena
1232 2960 1421 3014 sorde.
1481 2961 1548 3015 Et
1606 2962 1841 3032 exponit

1945 2947 2247 3003 affectione
2270 2950 2470 3016 nimia,
2505 2953 2657 3023 quod
2682 2954 3017 3025 contingere
3032 2972 3147 3010 non
3170 2961 3557 3028 poterat,cum

225 3045 530 3117 quomodo
543 3063 647 3117 per
668 3047 865 3118 ignem
881 3046 951 3100 sit
967 3048 1296 3117 probatum,
1311 3049 1523 3120 scilicet
1542 3057 1840 3120 purgatum

223 3133 552 3204 septuplum,
595 3134 655 3191 id
682 3137 765 3188 est
802 3150 906 3205 per
957 3138 1179 3205 septem
1242 3136 1395 3189 dona
1446 3118 1594 3190 illius
1642 3118 1835 3209 ignis:
1872 3140 1886 3155 '

223 3221 571 3292 interposito
599 3223 707 3277 hoc
736 3222 890 3294 quod
917 3221 1328 3293 ipsiaDomino
1355 3224 1678 3295 specialiter
1700 3227 1838 3282 dici-

223 3313 359 3377 tur;
392 3313 451 3364 et
480 3327 546 3365 ex
574 3310 755 3365 nimia
799 3311 996 3365 laetitia
1024 3311 1160 3365 facit
1198 3312 1275 3365 sic
1317 3315 1731 3384 apostropham
1767 3318 1841 3371 ad

225 3414 387 3453 eum.
418 3398 897 3472 Quandoquidem
923 3400 1032 3455 hoc
1066 3400 1401 3471 promisisti,
1462 3418 1593 3455 vere
1638 3420 1839 3458 secura

224 3502 395 3541 sum:
441 3486 576 3558 quia
624 3494 703 3548 tu,
737 3485 986 3548 Domine,
1042 3486 1272 3539 servabis
1331 3504 1442 3554 nos,
1492 3490 1625 3556 etc.,
1683 3490 1837 3559 quod

224 3575 287 3628 in
317 3574 685 3646 sequentibus
715 3576 1051 3644 exponetur.
1073 3573 1173 3628 Ubi
1200 3590 1331 3628 vero
1365 3574 1591 3629 dicitur:
1627 3576 1835 3646 eloquia

219 3663 471 3729 Domini,
512 3666 643 3729 etc.,
691 3666 928 3734 possunt
968 3678 1087 3716 esse
1143 3661 1313 3714 verba
1354 3662 1609 3717 fidelium
1659 3665 1833 3718 colle-

221 3752 432 3806 ctionis
446 3768 572 3823 quia
593 3751 851 3821 superius
871 3752 1059 3806 locuta
1088 3754 1201 3817 est;
1226 3751 1269 3803 si
1300 3751 1377 3804 sic
1399 3750 1621 3805 dicatur
1646 3751 1834 3806 Domi-

224 3855 337 3893 nus
368 3837 506 3891 dicit
534 3854 546 3891 :
592 3839 803 3894 Ponam
835 3840 890 3890 in
917 3838 1163 3904 salutari,
1225 3842 1333 3892 etc.
1380 3839 1443 3891 Et
1471 3837 1579 3893 ista
1626 3840 1830 3912 eloquia

219 3927 453 3981 Domini
478 3933 601 3978 sunt
620 3926 825 3998 eloquia
850 3932 1017 3993 casta,
1056 3925 1117 3979 id
1147 3929 1232 3980 est
1256 3927 1415 3981 nulla
1434 3926 1684 3982 falsitate
1712 3944 1833 3982 cor-

219 4019 416 4087 rupta.
456 4014 523 4069 Et
539 4018 600 4069 ut
614 4014 798 4086 magis
822 4014 1216 4082 commendet,
1231 4015 1342 4069 alia
1362 4015 1738 4070 similitudine
1753 4019 1830 4071 sic

129 4112 136 4121 ‘
220 4102 442 4158 laudat:
473 4103 539 4157 Et
558 4105 690 4156 sunt
731 4109 1011 4172 argentum
1032 4104 1172 4171 igne,
1209 4107 1343 4169 etc.,
1386 4103 1443 4157 id
1493 4107 1578 4158 est
1622 4105 1831 4160 similia

220 4195 471 4265 argento
500 4191 636 4262 igne
667 4192 1017 4259 examinato,
1043 4198 1216 4252 terrae,
1236 4191 1293 4245 id
1322 4195 1408 4245 est
1430 4191 1502 4246 ab
1535 4194 1695 4247 omni
1720 4198 1833 4249 ter-

220 4296 369 4334 rena
381 4278 549 4332 sorde
561 4279 804 4348 probato
818 4282 875 4333 et
893 4282 1136 4350 purgato
1154 4278 1214 4332 in
1227 4279 1483 4346 fornace,
1509 4282 1826 4351 septuplum,
1852 4301 1906 4359 Β

219 4367 279 4421 id
294 4369 380 4420 est
392 4366 789 4437 saepius.Quod
804 4371 889 4422 est
902 4367 1112 4422 dicere:
1135 4366 1293 4421 Sicut
1312 4370 1620 4438 argentum
1638 4369 1829 4439 hujus-

218 4454 385 4511 modi
415 4456 663 4510 nitidum
703 4460 806 4523 est,
842 4460 899 4511 et
935 4455 1096 4511 omni
1128 4455 1296 4510 sorde
1346 4471 1619 4510 vacuum:
1654 4473 1732 4510 sm
1771 4461 1829 4511 et

218 4544 346 4614 ejus
359 4543 587 4614 eloquia
598 4544 779 4598 nitida
794 4547 924 4598 sunt
942 4548 999 4597 et
1018 4543 1179 4598 omni
1198 4542 1459 4597 falsitatis
1477 4542 1602 4596 labe
1625 4558 1824 4599 caren-

215 4632 399 4687 tia.Et
421 4633 556 4703 quia
582 4633 659 4687 sic
698 4633 879 4688 nitida
918 4636 1049 4687 sunt
1078 4635 1143 4686 et‘
1162 4648 1314 4698 vera,
1349 4635 1409 4684 et
1433 4647 1539 4702 per
1560 4648 1629 4686 ea
1661 4633 1826 4687 nobis

214 4722 344 4776 haec
369 4721 661 4791 promittis
693 4738 705 4775 :
738 4722 844 4783 Tu,
878 4721 1127 4783 Domine,
1163 4721 1259 4793 qui
1289 4737 1392 4792 per
1424 4720 1624 4775 omnia
1662 4737 1827 4775 verus

213 4826 301 4877 es,
327 4810 564 4865 servabis
588 4826 701 4872 nos,
738 4810 793 4863 id
822 4813 904 4864 est
934 4811 1173 4864 salvebis
1205 4826 1308 4864 nos
1338 4809 1398 4863 in
1420 4809 1635 4876 futuro,
1664 4811 1828 4865 redu-

214 4897 428 4954 censin
442 4897 958 4969 impassibilitatem
979 4913 1083 4968 per
1103 4897 1493 4953 obedientiam
1519 4896 1669 4952 illius
1685 4898 1830 4952 salu-

215 4986 379 5041 taris.
415 4986 483 5040 Et
514 4990 577 5039 ut
608 4985 680 5039 ad
706 4986 851 5039 hanc
895 4986 1270 5040 salvationem
1304 4985 1603 5057 pervenire
1648 4986 1826 5057 possi-

215 5090 371 5140 mus,
402 5073 494 5127 hic
544 5073 778 5127 interim
817 5072 1070 5127 custodies
1112 5090 1204 5127 nos
1262 5091 1295 5127 a
1350 5075 1687 5142 generatione
1730 5074 1829 5127 hac

214 5162 556 5217 dolosorum
583 5166 641 5215 et
663 5161 1192 5233 magniloquorum,
1217 5178 1289 5215 ne
1329 5161 1401 5215 ab
1449 5161 1530 5213 eis
1562 5161 1827 5233 incorpo-

214 5266 440 5306 remur.
475 5250 643 5305 Dico:
673 5248 963 5317 Custodies,
1010 5249 1280 5304 ducturus
1318 5252 1517 5319 postea
1556 5248 1614 5302 in
1663 5251 1827 5302 aeter-

217 5330 393 5393 num:
422 5338 580 5406 Dico,
604 5339 738 5411 quia
758 5354 862 5393 nos
888 5337 1190 5403 custodies,
1221 5352 1293 5391 ne
1314 5337 1494 5390 simus
1525 5335 1732 5403 dolosi,
1770 5336 1830 5391 id

215 5433 308 5485 est
319 5431 725 5504 promittentes
743 5428 1161 5485 beatitudinem
1176 5427 1235 5481 in
1256 5426 1695 5498 temporalibus.
1714 5424 1830 5478 1m-

205 5521 299 5595 pii
321 5519 597 5585 autem,id
628 5521 712 5572 est
738 5517 919 5571 dolosi
937 5514 1383 5589 etmagniloqui,
1414 5514 1484 5569 de
1513 5514 1719 5587 quibus
1736 5516 1828 5587 egi

544 5634 780 5694 Ρλτιοι..
825 5631 979 5693 CLII.

1950 3036 2126 3091 dixit:
2164 3060 2189 3087 ‹‹
2226 3038 2474 3093 Ostende
2506 3040 2649 3094 mihi
2673 3041 2881 3095 faciem
2915 3046 3075 3097 tuam
3092 3048 3150 3097 et
3175 3045 3386 3100 sufﬁcit
3411 3047 3555 3102 mihi

1950 3125 2141 3196 (Exod.
2175 3143 2365 3189 xxxm,
2384 3131 2402 3181 l
2418 3128 2490 3198 8),
2517 3151 2541 3176 ι)
2557 3128 2695 3183 Orat
2712 3129 2885 3185 etiam
2910 3130 3089 3186 inhoc
3102 3134 3325 3202 psalmo
3346 3134 3553 3190 eadem

1941 3215 2292 3284 collectio,ut
2317 3233 2349 3270 a
2368 3220 2555 3271 morte
2568 3221 2935 3288 peccatorum
2952 3220 3343 3276 criminalium
3368 3222 3554 3293 ipsam

1940 3302 2163 3369 liberet,
2196 3308 2257 3358 ut
2286 3304 2344 3358 in
2377 3305 2625 3359 adventu
2659 3307 2778 3376 ejus
2805 3308 3087 3362 exsultare
3108 3311 3313 3364 valeat.
3349 3312 3415 3364 Et
3461 3311 3553 3367 hic

1938 3393 2009 3446 ad
2044 3393 2151 3447 hoc
2182 3394 2495 3449 introducit
2520 3396 2831 3466 Propheta,
2866 3400 2929 3451 ut
2960 3415 3065 3452 nos
3107 3399 3180 3453 ad
3216 3400 3390 3471 ipsius
3413 3402 3553 3457 dile-

1936 3480 2187 3535 ctionem
2213 3484 2474 3554 exemplo
2499 3484 2708 3538 horum
2732 3484 2995 3540 instruat.
3036 3487 3103 3539 Et
3128 3487 3235 3541 hoc
3258 3488 3335 3542 sic
3368 3489 3503 3543 dicit
3533 3509 3544 3545 :

2012 3567 2311 3639 Usquequo,
2357 3570 2605 3632 Domine,
2649 3572 2735 3625 cui
2790 3590 2883 3626 me
2917 3590 3141 3627 servum
3196 3576 3327 3642 feci,
3359 3577 3550 3629 oblivi-

1932 3658 2087 3708 sceris
2125 3674 2224 3722 me,
2256 3658 2313 3711 id
2337 3659 2718 3712 estvideberis
2742 3660 3141 3727 oblivisci,non
3166 3665 3544 3719 restaurando

1935 3745 2088 3815 quod
2119 3762 2219 3815 per
2248 3746 2433 3799 Adam
2455 3747 2763 3799 commisi?
2787 3750 2990 3801 Postea
3022 3749 3267 3817 ipsamet
3300 3767 3540 3820 respon-

1934 3833 2050 3897 det,
2081 3836 2141 3885 ut
2164 3833 2351 3886 minus
2376 3834 2656 3903 perfectos
2683 3834 2904 3901 doceat,
2927 3836 3181 3907 quandiu
3201 3837 3413 3891 oblivio
3434 3839 3542 3892 ista

1932 3921 2003 3974 sit
2032 3922 2305 3975 duratura
2330 3938 2341 3974 :
2376 3922 2482 3974 hoc
2511 3920 2685 3974 facies
2712 3925 2772 3974 tu
2799 3940 2963 3992 usque
2993 3915 3047 3975 in
3067 3924 3248 3990 ﬁnem,
3285 3924 3343 3978 id
3375 3929 3461 3979 est
3480 3927 3538 3981 in

1932 4009 2240 4074 Christum,
2276 4009 2371 4079 qui
2399 4011 2672 4062 venturus
2698 4013 2783 4063 est
2801 4010 2929 4063 linis
2950 4012 3272 4081 prophetiae
3288 4016 3345 4067 et
3370 4015 3532 4085 legis.

1930 4098 2026 4152 Vel
2082 4114 2241 4168 usque
2294 4100 2349 4149 in
2404 4097 2566 4165 ﬁnem
2616 4101 2940 4168 temporum
3007 4099 3255 4154 miseria:
3301 4107 3534 4171 nostras,

1931 4186 2160 4258 quando
2194 4185 2406 4239 scilicet
2439 4189 2668 4257 tempus
2707 4187 3079 4257 plenitudinis
3106 4190 3417 4244 veniet.Vel
3456 4193 3535 4246 sic

1928 4276 2115 4345 potest
2144 4274 2281 4346 legi,
2300 4276 2455 4347 quod
2482 4292 2598 4329 non
2614 4276 2686 4329 sit
2715 4276 3039 4347 responsio,
3074 4278 3169 4330 sed
3206 4279 3531 4350 suspiratio.

1930 4360 2261 4417 Oblivisceris
2290 4381 2369 4416 me
2398 4366 2453 4416 in
2489 4364 2647 4431 ﬁnem
2671 4364 2992 4429 oblivionis,
3028 4365 3087 4420 id
3118 4369 3202 4420 est
3247 4371 3531 4437 quantum

1926 4456 2113 4523 potest
2143 4451 2353 4506 oblivio
2386 4452 2530 4514 fieri,
2554 4452 2613 4505 id
2643 4455 2728 4505 est
2757 4453 2917 4506 omni
2945 4457 3229 4525 tempore.
3258 4448 3529 4528 Usquequo

1925 4542 2343 4610 avertes/aciem
2391 4546 2533 4593 tuam
2563 4557 2596 4592 a
2642 4556 2759 4605 me,
2794 4540 2850 4593 id
2880 4544 2965 4595 est
3013 4542 3085 4595 al)
3130 4543 3306 4596 oculis
3351 4545 3526 4599 meis:

1925 4647 2099 4701 quem
2133 4628 2360 4682 mittere
2380 4625 2635 4680 tardabis
2665 4643 2676 4678 :
2708 4628 2764 4679 et
2787 4627 2862 4681 sic
2882 4627 3174 4681 auferetur
3187 4646 3260 4684 ne
3278 4630 3525 4686 videam.

1927 4719 1995 4772 Et
2008 4718 2113 4770 hoc
2137 4732 2251 4769 non
2272 4714 2437 4786 ponit
2454 4714 2889 4784 interrogando,
2911 4715 3011 4769 sed
3024 4717 3530 4785 gemendo.Facies

1929 4806 2133 4861 dicitur
2159 4804 2349 4869 Filius,
2383 4818 2450 4856 eo
2473 4802 2627 4873 quod
2652 4819 2755 4874 per
2776 4803 2897 4873 ejus
2928 4803 3315 4859 visibilitatem
3348 4806 3531 4859 Patris

1928 4892 2283 4948 invisibilitas
2300 4891 2531 4959 cognita
2542 4894 2624 4944 est
2645 4908 2658 4957 ;
2683 4891 3176 4961 quemadmodum
3196 4909 3298 4963 per
3320 4892 3528 4947 faciem

1929 4984 2081 5036 totus
2109 4980 2285 5034 homo
2312 4978 2705 5049 cognoscitur;
2755 4978 2897 5032 sicut
2917 4979 3069 5033 idem
3107 4979 3164 5031 in
3222 4979 3529 5049 Evangelia

1929 5069 2066 5124 dicit
2095 5086 2106 5122 :
2143 5091 2168 5116 ‹‹
2206 5067 2490 5138 Philippe,
2514 5067 2609 5137 qui
2644 5066 2793 5119 videt
2826 5066 3108 5131 me,videt
3130 5069 3187 5120 et
3212 5068 3465 5121 Patrem.
3500 5090 3527 5117 ››

1926 5158 2115 5227 (Joan.
2161 5173 2272 5218 xxv,
2323 5158 2401 5221 9.)
2442 5153 2694 5219 Quum/iu
2742 5169 2945 5222 ponam
2979 5153 3200 5207 consilia
3240 5156 3295 5207 in
3348 5172 3531 5209 amma

1928 5263 2066 5307 inea,
2106 5244 2163 5297 id
2191 5248 2276 5297 est
2307 5242 2561 5314 quandiu
2585 5258 2693 5311 ego
2726 5240 2971 5295 existens
3010 5240 3067 5293 in
3100 5241 3204 5294 hac
3233 5241 3530 5311 dilatione,

1929 5348 2028 5387 ero
2060 5332 2260 5385 similis
2286 5329 2508 5385 homini
2538 5328 2723 5400 posito
2750 5325 2808 5381 in
2840 5329 3138 5400 angustia;
3185 5329 3281 5400 qui
3312 5327 3535 5385 diversa

1930 5418 2169 5475 consilia
2198 5420 2254 5473 in
2277 5417 2474 5473 anima
2501 5415 2666 5486 ponit
2696 5417 2949 5483 qualiter
2976 5416 3215 5471 evadere
3248 5415 3429 5488 possit
3453 5421 3541 5472 :et

1931 5506 2426 5584 quemadmodum
2448 5520 2664 5577 ponam
2685 5518 2790 5573 per
2809 5507 2965 5563 diem
2986 5504 3545 5578 unumquemque,id

3234 5623 3315 5680 22
