  <div class='ocr_page' id='page_1' title='image "/cluster/home/n/w/nwhite01/storage/ocr_20150623/152/hvd.32044054760103/347.png"; bbox 0 0 4014 6030; ppageno 0'>
   <div class='ocr_carea' id='block_1_1' title="bbox 477 232 579 285">
    <p class='ocr_par' dir='ltr' id='par_1_1' title="bbox 477 232 579 285">
     <span class='ocr_line' id='line_1_1' title="bbox 477 232 579 285; baseline -0.029 0"><span class='ocrx_word' id='word_1_1' title='bbox 477 232 579 285; x_wconf 75' lang='lat'>683</span> 
     </span>
    </p>
   </div>
   <div class='ocr_carea' id='block_1_2' title="bbox 1078 226 3191 284">
    <p class='ocr_par' dir='ltr' id='par_1_2' title="bbox 1078 226 3191 284">
     <span class='ocr_line' id='line_1_2' title="bbox 1078 226 3191 284; baseline -0.001 -1"><span class='ocrx_word' id='word_1_2' title='bbox 1078 228 1137 283; x_wconf 86' lang='lat' dir='ltr'>S.</span> <span class='ocrx_word' id='word_1_3' title='bbox 1183 229 1526 284; x_wconf 83' lang='lat' dir='ltr'>BRUNONIS</span> <span class='ocrx_word' id='word_1_4' title='bbox 1562 226 2198 284; x_wconf 77' lang='lat' dir='ltr'>CARTHUSIANORUM</span> <span class='ocrx_word' id='word_1_5' title='bbox 2237 227 2703 284; x_wconf 80' lang='lat' dir='ltr'>INSTITUTORIS</span> <span class='ocrx_word' id='word_1_6' title='bbox 2746 230 2899 283; x_wconf 87' lang='lat' dir='ltr'>OPP.</span> <span class='ocrx_word' id='word_1_7' title='bbox 2954 227 3128 282; x_wconf 82' lang='lat' dir='ltr'>PARS</span> <span class='ocrx_word' id='word_1_8' title='bbox 3168 229 3191 281; x_wconf 89' lang='grc' dir='ltr'>ῐ</span> 
     </span>
    </p>
   </div>
   <div class='ocr_carea' id='block_1_3' title="bbox 3689 226 3799 279">
    <p class='ocr_par' dir='ltr' id='par_1_3' title="bbox 3689 226 3799 279">
     <span class='ocr_line' id='line_1_3' title="bbox 3689 226 3799 279; baseline 0.009 -2"><span class='ocrx_word' id='word_1_9' title='bbox 3689 226 3799 279; x_wconf 64' lang='grc'>684</span> 
     </span>
    </p>
   </div>
   <div class='ocr_carea' id='block_1_4' title="bbox 475 344 3796 420">
    <p class='ocr_par' dir='ltr' id='par_1_4' title="bbox 475 344 3796 420">
     <span class='ocr_line' id='line_1_4' title="bbox 475 344 3796 420; baseline -0.002 -18"><span class='ocrx_word' id='word_1_10' title='bbox 475 352 561 403; x_wconf 89' lang='lat' dir='ltr'>est</span> <span class='ocrx_word' id='word_1_11' title='bbox 591 347 846 420; x_wconf 81' lang='lat' dir='ltr'>quotidie</span> <span class='ocrx_word' id='word_1_12' title='bbox 874 348 1103 400; x_wconf 73' lang='lat' dir='ltr'>clo/orem</span> <span class='ocrx_word' id='word_1_13' title='bbox 1125 351 1177 401; x_wconf 85' lang='lat' dir='ltr'>in</span> <span class='ocrx_word' id='word_1_14' title='bbox 1205 348 1358 401; x_wconf 78' lang='lat' dir='ltr'>corde</span> <span class='ocrx_word' id='word_1_15' title='bbox 1388 366 1519 411; x_wconf 85' lang='lat' dir='ltr'>meo,</span> <span class='ocrx_word' id='word_1_16' title='bbox 1565 365 1739 420; x_wconf 83' lang='lat' dir='ltr'>quem</span> <span class='ocrx_word' id='word_1_17' title='bbox 1770 348 1959 402; x_wconf 83' lang='lat' dir='ltr'>habeo</span> <span class='ocrx_word' id='word_1_18' title='bbox 2010 348 2081 401; x_wconf 89' lang='lat' dir='ltr'>de</span> <span class='ocrx_word' id='word_1_19' title='bbox 2104 359 2152 416; x_wconf 87' lang='grc' dir='ltr'>Α</span> <span class='ocrx_word' id='word_1_20' title='bbox 2180 349 2617 404; x_wconf 80' lang='lat' dir='ltr'>damnationem</span> <span class='ocrx_word' id='word_1_21' title='bbox 2652 349 2783 403; x_wconf 89' lang='lat' dir='ltr'>inde</span> <span class='ocrx_word' id='word_1_22' title='bbox 2797 347 2874 402; x_wconf 88' lang='lat' dir='ltr'>eis</span> <span class='ocrx_word' id='word_1_23' title='bbox 2890 348 3204 404; x_wconf 78' lang='lat' dir='ltr'>maximam</span> <span class='ocrx_word' id='word_1_24' title='bbox 3224 344 3796 419; x_wconf 85' lang='lat' dir='ltr'>perventuram,suis</span> 
     </span>
    </p>
   </div>
   <div class='ocr_carea' id='block_1_5' title="bbox 471 437 2077 510">
    <p class='ocr_par' dir='ltr' id='par_1_5' title="bbox 471 437 2077 510">
     <span class='ocr_line' id='line_1_5' title="bbox 471 437 2077 510; baseline -0.002 -18"><span class='ocrx_word' id='word_1_25' title='bbox 471 440 577 492; x_wconf 91' lang='lat' dir='ltr'>bac</span> <span class='ocrx_word' id='word_1_26' title='bbox 605 437 917 491; x_wconf 85' lang='lat' dir='ltr'>dilatione?</span> <span class='ocrx_word' id='word_1_27' title='bbox 939 438 1164 491; x_wconf 87' lang='lat' dir='ltr'>Perboc</span> <span class='ocrx_word' id='word_1_28' title='bbox 1182 440 1335 510; x_wconf 89' lang='lat' dir='ltr'>quod</span> <span class='ocrx_word' id='word_1_29' title='bbox 1363 440 1515 492; x_wconf 92' lang='lat' dir='ltr'>dicit:</span> <span class='ocrx_word' id='word_1_30' title='bbox 1542 441 1759 491; x_wconf 88' lang='lat' dir='ltr'>Ponam</span> <span class='ocrx_word' id='word_1_31' title='bbox 1786 454 1887 507; x_wconf 89' lang='lat' dir='ltr'>per</span> <span class='ocrx_word' id='word_1_32' title='bbox 1903 437 2077 497; x_wconf 80' lang='lat' dir='ltr'>diem.</span> 
     </span>
    </p>
   </div>
   <div class='ocr_carea' id='block_1_6' title="bbox 470 525 2081 597">
    <p class='ocr_par' dir='ltr' id='par_1_6' title="bbox 470 525 2081 597">
     <span class='ocr_line' id='line_1_6' title="bbox 470 525 2081 597; baseline -0.002 -17"><span class='ocrx_word' id='word_1_33' title='bbox 470 527 663 581; x_wconf 81' lang='lat' dir='ltr'>innuit</span> <span class='ocrx_word' id='word_1_34' title='bbox 691 526 845 597; x_wconf 87' lang='lat' dir='ltr'>quod</span> <span class='ocrx_word' id='word_1_35' title='bbox 864 542 980 578; x_wconf 91' lang='lat' dir='ltr'>non</span> <span class='ocrx_word' id='word_1_36' title='bbox 997 528 1171 579; x_wconf 88' lang='lat' dir='ltr'>semel</span> <span class='ocrx_word' id='word_1_37' title='bbox 1207 527 1592 597; x_wconf 87' lang='lat' dir='ltr'>ponebat,sed</span> <span class='ocrx_word' id='word_1_38' title='bbox 1623 525 1878 597; x_wconf 93' lang='lat' dir='ltr'>quotidie</span> <span class='ocrx_word' id='word_1_39' title='bbox 1896 526 2081 595; x_wconf 81' lang='lat' dir='ltr'>magis</span> 
     </span>
    </p>
   </div>
   <div class='ocr_carea' id='block_1_7' title="bbox 470 613 2077 685">
    <p class='ocr_par' dir='ltr' id='par_1_7' title="bbox 470 613 2077 685">
     <span class='ocr_line' id='line_1_7' title="bbox 470 613 2077 685; baseline -0.002 -16"><span class='ocrx_word' id='word_1_40' title='bbox 470 617 527 669; x_wconf 88' lang='lat' dir='ltr'>et</span> <span class='ocrx_word' id='word_1_41' title='bbox 548 615 751 685; x_wconf 83' lang='lat' dir='ltr'>magis.</span> <span class='ocrx_word' id='word_1_42' title='bbox 795 613 1074 684; x_wconf 87' lang='lat' dir='ltr'>Usquequo</span> <span class='ocrx_word' id='word_1_43' title='bbox 1099 614 1423 667; x_wconf 75' lang='lat' dir='ltr'>exaltabitur</span> <span class='ocrx_word' id='word_1_44' title='bbox 1452 616 1701 667; x_wconf 82' lang='lat' dir='ltr'>inimicus</span> <span class='ocrx_word' id='word_1_45' title='bbox 1724 630 1886 678; x_wconf 77' lang='lat' dir='ltr'>mens,</span> <span class='ocrx_word' id='word_1_46' title='bbox 1923 613 2077 666; x_wconf 90' lang='lat' dir='ltr'>idem</span> 
     </span>
    </p>
   </div>
   <div class='ocr_carea' id='block_1_8' title="bbox 469 701 2079 773">
    <p class='ocr_par' dir='ltr' id='par_1_8' title="bbox 469 701 2079 773">
     <span class='ocr_line' id='line_1_8' title="bbox 469 701 2079 773; baseline -0.001 -17"><span class='ocrx_word' id='word_1_47' title='bbox 469 703 750 768; x_wconf 83' lang='lat' dir='ltr'>diabolus,</span> <span class='ocrx_word' id='word_1_48' title='bbox 782 719 936 772; x_wconf 85' lang='lat' dir='ltr'>super</span> <span class='ocrx_word' id='word_1_49' title='bbox 950 719 1052 765; x_wconf 85' lang='lat' dir='ltr'>me,</span> <span class='ocrx_word' id='word_1_50' title='bbox 1080 702 1136 756; x_wconf 90' lang='lat' dir='ltr'>id</span> <span class='ocrx_word' id='word_1_51' title='bbox 1159 704 1243 755; x_wconf 90' lang='lat' dir='ltr'>cst</span> <span class='ocrx_word' id='word_1_52' title='bbox 1270 719 1561 773; x_wconf 89' lang='lat' dir='ltr'>usquequo</span> <span class='ocrx_word' id='word_1_53' title='bbox 1594 701 1868 772; x_wconf 84' lang='lat' dir='ltr'>gaudebit</span> <span class='ocrx_word' id='word_1_54' title='bbox 1888 702 1959 755; x_wconf 92' lang='lat' dir='ltr'>de</span> <span class='ocrx_word' id='word_1_55' title='bbox 1973 702 2079 755; x_wconf 80' lang='lat' dir='ltr'>hoc</span> 
     </span>
    </p>
   </div>
   <div class='ocr_carea' id='block_1_9' title="bbox 467 789 2080 861">
    <p class='ocr_par' dir='ltr' id='par_1_9' title="bbox 467 789 2080 861">
     <span class='ocr_line' id='line_1_9' title="bbox 467 789 2080 861; baseline -0.001 -18"><span class='ocrx_word' id='word_1_56' title='bbox 467 792 623 861; x_wconf 90' lang='lat' dir='ltr'>quod</span> <span class='ocrx_word' id='word_1_57' title='bbox 644 807 747 861; x_wconf 86' lang='lat' dir='ltr'>per</span> <span class='ocrx_word' id='word_1_58' title='bbox 775 790 981 855; x_wconf 81' lang='lat' dir='ltr'>Adam,</span> <span class='ocrx_word' id='word_1_59' title='bbox 1003 807 1070 844; x_wconf 90' lang='lat' dir='ltr'>eo</span> <span class='ocrx_word' id='word_1_60' title='bbox 1088 789 1614 860; x_wconf 89' lang='lat' dir='ltr'>decipiente,amisi</span> <span class='ocrx_word' id='word_1_61' title='bbox 1643 807 1654 843; x_wconf 90' lang='lat'>:</span> <span class='ocrx_word' id='word_1_62' title='bbox 1690 793 1746 844; x_wconf 92' lang='lat' dir='ltr'>et</span> <span class='ocrx_word' id='word_1_63' title='bbox 1778 789 1853 843; x_wconf 89' lang='lat' dir='ltr'>sic</span> <span class='ocrx_word' id='word_1_64' title='bbox 1880 790 2080 843; x_wconf 70' lang='lat' dir='ltr'>exalta-</span> 
     </span>
    </p>
   </div>
   <div class='ocr_carea' id='block_1_10' title="bbox 471 878 2078 950">
    <p class='ocr_par' dir='ltr' id='par_1_10' title="bbox 471 878 2078 950">
     <span class='ocr_line' id='line_1_10' title="bbox 471 878 2078 950; baseline -0.001 -18"><span class='ocrx_word' id='word_1_65' title='bbox 471 880 613 932; x_wconf 85' lang='lat' dir='ltr'>bitur</span> <span class='ocrx_word' id='word_1_66' title='bbox 659 897 816 950; x_wconf 81' lang='lat' dir='ltr'>super</span> <span class='ocrx_word' id='word_1_67' title='bbox 864 897 965 945; x_wconf 85' lang='lat' dir='ltr'>me,</span> <span class='ocrx_word' id='word_1_68' title='bbox 1010 878 1066 933; x_wconf 90' lang='lat' dir='ltr'>id</span> <span class='ocrx_word' id='word_1_69' title='bbox 1112 883 1197 932; x_wconf 90' lang='lat' dir='ltr'>est</span> <span class='ocrx_word' id='word_1_70' title='bbox 1236 880 1526 949; x_wconf 89' lang='lat' dir='ltr'>reputabit</span> <span class='ocrx_word' id='word_1_71' title='bbox 1561 897 1619 933; x_wconf 90' lang='lat' dir='ltr'>se</span> <span class='ocrx_word' id='word_1_72' title='bbox 1681 878 1978 944; x_wconf 86' lang='lat' dir='ltr'>victorem,</span> <span class='ocrx_word' id='word_1_73' title='bbox 2022 881 2078 931; x_wconf 91' lang='lat' dir='ltr'>et</span> 
     </span>
    </p>
   </div>
   <div class='ocr_carea' id='block_1_11' title="bbox 465 966 2074 1039">
    <p class='ocr_par' dir='ltr' id='par_1_11' title="bbox 465 966 2074 1039">
     <span class='ocr_line' id='line_1_11' title="bbox 465 966 2074 1039; baseline -0.002 -16"><span class='ocrx_word' id='word_1_74' title='bbox 465 986 560 1023; x_wconf 90' lang='lat' dir='ltr'>me</span> <span class='ocrx_word' id='word_1_75' title='bbox 590 986 695 1039; x_wconf 89' lang='lat' dir='ltr'>per</span> <span class='ocrx_word' id='word_1_76' title='bbox 719 969 904 1022; x_wconf 88' lang='lat' dir='ltr'>Adam</span> <span class='ocrx_word' id='word_1_77' title='bbox 920 971 1289 1039; x_wconf 86' lang='lat' dir='ltr'>prostratum.</span> <span class='ocrx_word' id='word_1_78' title='bbox 1320 967 1442 1021; x_wconf 85' lang='lat' dir='ltr'>Noli</span> <span class='ocrx_word' id='word_1_79' title='bbox 1477 970 1735 1021; x_wconf 87' lang='lat' dir='ltr'>avertere</span> <span class='ocrx_word' id='word_1_80' title='bbox 1752 966 1848 1021; x_wconf 93' lang='lat' dir='ltr'>diu</span> <span class='ocrx_word' id='word_1_81' title='bbox 1868 967 2074 1021; x_wconf 86' lang='lat' dir='ltr'>faciem</span> 
     </span>
    </p>
   </div>
   <div class='ocr_carea' id='block_1_12' title="bbox 466 1056 2073 1127">
    <p class='ocr_par' dir='ltr' id='par_1_12' title="bbox 466 1056 2073 1127">
     <span class='ocr_line' id='line_1_12' title="bbox 466 1056 2073 1127; baseline -0.002 -16"><span class='ocrx_word' id='word_1_82' title='bbox 466 1060 662 1111; x_wconf 88' lang='lat' dir='ltr'>tuam:</span> <span class='ocrx_word' id='word_1_83' title='bbox 698 1058 796 1110; x_wconf 88' lang='lat' dir='ltr'>sed</span> <span class='ocrx_word' id='word_1_84' title='bbox 824 1058 1121 1126; x_wconf 81' lang='lat' dir='ltr'>respiceme</span> <span class='ocrx_word' id='word_1_85' title='bbox 1152 1073 1254 1127; x_wconf 89' lang='lat' dir='ltr'>per</span> <span class='ocrx_word' id='word_1_86' title='bbox 1286 1057 1470 1127; x_wconf 83' lang='lat' dir='ltr'>ipsam</span> <span class='ocrx_word' id='word_1_87' title='bbox 1492 1056 1700 1110; x_wconf 83' lang='lat' dir='ltr'>faciem</span> <span class='ocrx_word' id='word_1_88' title='bbox 1733 1060 1916 1119; x_wconf 89' lang='lat' dir='ltr'>tuam,</span> <span class='ocrx_word' id='word_1_89' title='bbox 1942 1056 2073 1108; x_wconf 92' lang='lat' dir='ltr'>mit-</span> 
     </span>
    </p>
   </div>
   <div class='ocr_carea' id='block_1_13' title="bbox 462 1143 2069 1215">
    <p class='ocr_par' dir='ltr' id='par_1_13' title="bbox 462 1143 2069 1215">
     <span class='ocr_line' id='line_1_13' title="bbox 462 1143 2069 1215; baseline -0.001 -16"><span class='ocrx_word' id='word_1_90' title='bbox 462 1146 636 1200; x_wconf 89' lang='lat' dir='ltr'>tendo</span> <span class='ocrx_word' id='word_1_91' title='bbox 668 1162 818 1199; x_wconf 85' lang='lat' dir='ltr'>eam.</span> <span class='ocrx_word' id='word_1_92' title='bbox 856 1146 923 1198; x_wconf 87' lang='lat' dir='ltr'>Et</span> <span class='ocrx_word' id='word_1_93' title='bbox 948 1145 1096 1199; x_wconf 86' lang='lat' dir='ltr'>bene</span> <span class='ocrx_word' id='word_1_94' title='bbox 1123 1144 1293 1198; x_wconf 83' lang='lat' dir='ltr'>dicit:</span> <span class='ocrx_word' id='word_1_95' title='bbox 1324 1145 1563 1215; x_wconf 84' lang='lat' dir='ltr'>Respice,</span> <span class='ocrx_word' id='word_1_96' title='bbox 1596 1144 1652 1198; x_wconf 90' lang='lat' dir='ltr'>id</span> <span class='ocrx_word' id='word_1_97' title='bbox 1682 1148 1766 1197; x_wconf 89' lang='lat' dir='ltr'>est</span> <span class='ocrx_word' id='word_1_98' title='bbox 1808 1143 2069 1197; x_wconf 86' lang='lat' dir='ltr'>revisita:</span> 
     </span>
    </p>
   </div>
   <div class='ocr_carea' id='block_1_14' title="bbox 464 1231 2073 1304">
    <p class='ocr_par' dir='ltr' id='par_1_14' title="bbox 464 1231 2073 1304">
     <span class='ocr_line' id='line_1_14' title="bbox 464 1231 2073 1304; baseline -0.001 -19"><span class='ocrx_word' id='word_1_99' title='bbox 464 1232 561 1303; x_wconf 89' lang='lat' dir='ltr'>qui</span> <span class='ocrx_word' id='word_1_100' title='bbox 576 1233 763 1286; x_wconf 88' lang='lat' dir='ltr'>vidisti</span> <span class='ocrx_word' id='word_1_101' title='bbox 793 1250 896 1287; x_wconf 90' lang='lat' dir='ltr'>nos</span> <span class='ocrx_word' id='word_1_102' title='bbox 913 1233 1161 1304; x_wconf 83' lang='lat' dir='ltr'>benigne</span> <span class='ocrx_word' id='word_1_103' title='bbox 1175 1232 1231 1286; x_wconf 92' lang='lat' dir='ltr'>in</span> <span class='ocrx_word' id='word_1_104' title='bbox 1245 1233 1427 1287; x_wconf 85' lang='lat' dir='ltr'>Adam</span> <span class='ocrx_word' id='word_1_105' title='bbox 1442 1233 1674 1303; x_wconf 84' lang='lat' dir='ltr'>quando</span> <span class='ocrx_word' id='word_1_106' title='bbox 1695 1231 2073 1302; x_wconf 87' lang='lat' dir='ltr'>impassibiles</span> 
     </span>
    </p>
   </div>
   <div class='ocr_carea' id='block_1_15' title="bbox 462 1320 2069 1393">
    <p class='ocr_par' dir='ltr' id='par_1_15' title="bbox 462 1320 2069 1393">
     <span class='ocr_line' id='line_1_15' title="bbox 462 1320 2069 1393; baseline 0 -19"><span class='ocrx_word' id='word_1_107' title='bbox 462 1320 667 1388; x_wconf 80' lang='lat' dir='ltr'>fecisti,</span> <span class='ocrx_word' id='word_1_108' title='bbox 694 1325 895 1391; x_wconf 88' lang='lat' dir='ltr'>postea</span> <span class='ocrx_word' id='word_1_109' title='bbox 942 1338 1075 1375; x_wconf 86' lang='lat' dir='ltr'>vero</span> <span class='ocrx_word' id='word_1_110' title='bbox 1111 1320 1258 1374; x_wconf 75' lang='lat' dir='ltr'>visus</span> <span class='ocrx_word' id='word_1_111' title='bbox 1296 1338 1356 1375; x_wconf 88' lang='lat' dir='ltr'>es</span> <span class='ocrx_word' id='word_1_112' title='bbox 1404 1338 1507 1393; x_wconf 88' lang='lat' dir='ltr'>per</span> <span class='ocrx_word' id='word_1_113' title='bbox 1540 1321 1714 1391; x_wconf 79' lang='lat' dir='ltr'>ipsius</span> <span class='ocrx_word' id='word_1_114' title='bbox 1774 1324 2069 1391; x_wconf 84' lang='lat' dir='ltr'>peccatum</span> 
     </span>
    </p>
   </div>
   <div class='ocr_carea' id='block_1_16' title="bbox 463 1409 2069 1478">
    <p class='ocr_par' dir='ltr' id='par_1_16' title="bbox 463 1409 2069 1478">
     <span class='ocr_line' id='line_1_16' title="bbox 463 1409 2069 1478; baseline 0 -16"><span class='ocrx_word' id='word_1_115' title='bbox 463 1410 672 1462; x_wconf 90' lang='lat' dir='ltr'>oblitus</span> <span class='ocrx_word' id='word_1_116' title='bbox 694 1409 884 1463; x_wconf 87' lang='lat' dir='ltr'>fuisse.</span> <span class='ocrx_word' id='word_1_117' title='bbox 912 1411 975 1462; x_wconf 82' lang='lat' dir='ltr'>Et</span> <span class='ocrx_word' id='word_1_118' title='bbox 1006 1409 1180 1463; x_wconf 88' lang='lat' dir='ltr'>missa</span> <span class='ocrx_word' id='word_1_119' title='bbox 1205 1409 1347 1462; x_wconf 82' lang='lat' dir='ltr'>facie</span> <span class='ocrx_word' id='word_1_120' title='bbox 1372 1409 1708 1463; x_wconf 70' lang='lat' dir='ltr'>illa:e.rautli</span> <span class='ocrx_word' id='word_1_121' title='bbox 1728 1426 1808 1461; x_wconf 77' lang='lat' dir='ltr'>me</span> <span class='ocrx_word' id='word_1_122' title='bbox 1826 1424 2069 1478; x_wconf 88' lang='lat' dir='ltr'>peream</span> 
     </span>
    </p>
   </div>
   <div class='ocr_carea' id='block_1_17' title="bbox 461 1497 2065 1568">
    <p class='ocr_par' dir='ltr' id='par_1_17' title="bbox 461 1497 2065 1568">
     <span class='ocr_line' id='line_1_17' title="bbox 461 1497 2065 1568; baseline 0 -19"><span class='ocrx_word' id='word_1_123' title='bbox 461 1499 790 1551; x_wconf 76' lang='lat' dir='ltr'>reducendo</span> <span class='ocrx_word' id='word_1_124' title='bbox 848 1498 917 1551; x_wconf 88' lang='lat' dir='ltr'>ad</span> <span class='ocrx_word' id='word_1_125' title='bbox 970 1498 1143 1551; x_wconf 89' lang='lat' dir='ltr'>vitam</span> <span class='ocrx_word' id='word_1_126' title='bbox 1196 1515 1369 1568; x_wconf 91' lang='lat' dir='ltr'>quam</span> <span class='ocrx_word' id='word_1_127' title='bbox 1396 1502 1457 1550; x_wconf 90' lang='lat' dir='ltr'>ut</span> <span class='ocrx_word' id='word_1_128' title='bbox 1486 1498 1695 1551; x_wconf 86' lang='lat' dir='ltr'>reddas</span> <span class='ocrx_word' id='word_1_129' title='bbox 1722 1497 1926 1567; x_wconf 63' lang='lat' dir='ltr'>saepius</span> <span class='ocrx_word' id='word_1_130' title='bbox 1944 1513 2065 1551; x_wconf 90' lang='lat' dir='ltr'>oro.</span> 
     </span>
    </p>
   </div>
   <div class='ocr_carea' id='block_1_18' title="bbox 460 1584 2067 1657">
    <p class='ocr_par' dir='ltr' id='par_1_18' title="bbox 460 1584 2067 1657">
     <span class='ocr_line' id='line_1_18' title="bbox 460 1584 2067 1657; baseline -0.002 -16"><span class='ocrx_word' id='word_1_131' title='bbox 460 1588 689 1641; x_wconf 83' lang='lat' dir='ltr'>Domine</span> <span class='ocrx_word' id='word_1_132' title='bbox 717 1586 811 1657; x_wconf 89' lang='lat' dir='ltr'>qui</span> <span class='ocrx_word' id='word_1_133' title='bbox 844 1589 1049 1655; x_wconf 87' lang='lat' dir='ltr'>potens</span> <span class='ocrx_word' id='word_1_134' title='bbox 1081 1602 1161 1652; x_wconf 88' lang='lat' dir='ltr'>es,</span> <span class='ocrx_word' id='word_1_135' title='bbox 1206 1587 1353 1640; x_wconf 84' lang='lat' dir='ltr'>Deus</span> <span class='ocrx_word' id='word_1_136' title='bbox 1404 1603 1566 1650; x_wconf 83' lang='lat' dir='ltr'>meus,</span> <span class='ocrx_word' id='word_1_137' title='bbox 1602 1586 1688 1638; x_wconf 89' lang='lat' dir='ltr'>cui</span> <span class='ocrx_word' id='word_1_138' title='bbox 1720 1602 1835 1638; x_wconf 91' lang='lat' dir='ltr'>non</span> <span class='ocrx_word' id='word_1_139' title='bbox 1870 1584 2067 1637; x_wconf 81' lang='lat' dir='ltr'>aufero</span> 
     </span>
    </p>
   </div>
   <div class='ocr_carea' id='block_1_19' title="bbox 2180 433 3799 508">
    <p class='ocr_par' dir='ltr' id='par_1_19' title="bbox 2180 433 3799 508">
     <span class='ocr_line' id='line_1_19' title="bbox 2180 433 3799 508; baseline -0.002 -19"><span class='ocrx_word' id='word_1_140' title='bbox 2180 454 2313 492; x_wconf 90' lang='lat' dir='ltr'>vero</span> <span class='ocrx_word' id='word_1_141' title='bbox 2326 441 2566 492; x_wconf 81' lang='lat' dir='ltr'>salutem</span> <span class='ocrx_word' id='word_1_142' title='bbox 2593 442 2954 508; x_wconf 79' lang='lat' dir='ltr'>perpetuam,</span> <span class='ocrx_word' id='word_1_143' title='bbox 2975 438 3129 491; x_wconf 91' lang='lat' dir='ltr'>utsui</span> <span class='ocrx_word' id='word_1_144' title='bbox 3145 438 3216 491; x_wconf 90' lang='lat' dir='ltr'>ab</span> <span class='ocrx_word' id='word_1_145' title='bbox 3236 452 3438 491; x_wconf 89' lang='lat' dir='ltr'>eorum</span> <span class='ocrx_word' id='word_1_146' title='bbox 3452 433 3799 488; x_wconf 86' lang='lat' dir='ltr'>inﬁdelitate</span> 
     </span>
    </p>
   </div>
   <div class='ocr_carea' id='block_1_20' title="bbox 2179 521 3800 595">
    <p class='ocr_par' dir='ltr' id='par_1_20' title="bbox 2179 521 3800 595">
     <span class='ocr_line' id='line_1_20' title="bbox 2179 521 3800 595; baseline -0.004 -16"><span class='ocrx_word' id='word_1_147' title='bbox 2179 540 2411 594; x_wconf 85' lang='lat' dir='ltr'>prorsus</span> <span class='ocrx_word' id='word_1_148' title='bbox 2433 527 2836 580; x_wconf 83' lang='lat' dir='ltr'>deterreantur</span> <span class='ocrx_word' id='word_1_149' title='bbox 2868 526 3013 579; x_wconf 90' lang='lat' dir='ltr'>etad</span> <span class='ocrx_word' id='word_1_150' title='bbox 3041 525 3163 595; x_wconf 80' lang='lat' dir='ltr'>ejus</span> <span class='ocrx_word' id='word_1_151' title='bbox 3190 522 3584 578; x_wconf 87' lang='lat' dir='ltr'>obedientiam</span> <span class='ocrx_word' id='word_1_152' title='bbox 3602 521 3800 575; x_wconf 90' lang='lat' dir='ltr'>inten-</span> 
     </span>
    </p>
   </div>
   <div class='ocr_carea' id='block_1_21' title="bbox 2180 613 3122 669">
    <p class='ocr_par' dir='ltr' id='par_1_21' title="bbox 2180 613 3122 669">
     <span class='ocr_line' id='line_1_21' title="bbox 2180 613 3122 669; baseline 0.001 -3"><span class='ocrx_word' id='word_1_153' title='bbox 2180 613 2290 669; x_wconf 88' lang='lat' dir='ltr'>tius</span> <span class='ocrx_word' id='word_1_154' title='bbox 2324 614 2603 669; x_wconf 84' lang='lat' dir='ltr'>nitantur.</span> <span class='ocrx_word' id='word_1_155' title='bbox 2635 616 2701 667; x_wconf 85' lang='lat' dir='ltr'>Et</span> <span class='ocrx_word' id='word_1_156' title='bbox 2722 616 2830 667; x_wconf 84' lang='lat' dir='ltr'>hoc</span> <span class='ocrx_word' id='word_1_157' title='bbox 2857 613 2935 667; x_wconf 90' lang='lat' dir='ltr'>sic</span> <span class='ocrx_word' id='word_1_158' title='bbox 2967 614 3122 667; x_wconf 87' lang='lat' dir='ltr'>dicit.</span> 
     </span>
    </p>
   </div>
   <div class='ocr_carea' id='block_1_22' title="bbox 2247 702 3799 773">
    <p class='ocr_par' dir='ltr' id='par_1_22' title="bbox 2247 702 3799 773">
     <span class='ocr_line' id='line_1_22' title="bbox 2247 702 3799 773; baseline -0.003 -16"><span class='ocrx_word' id='word_1_159' title='bbox 2247 702 2405 757; x_wconf 69' lang='lat' dir='ltr'>Dixit</span> <span class='ocrx_word' id='word_1_160' title='bbox 2428 706 2697 773; x_wconf 78' lang='lat' dir='ltr'>insipiens,</span> <span class='ocrx_word' id='word_1_161' title='bbox 2734 703 2791 756; x_wconf 90' lang='lat' dir='ltr'>id</span> <span class='ocrx_word' id='word_1_162' title='bbox 2821 706 2906 755; x_wconf 88' lang='lat' dir='ltr'>est</span> <span class='ocrx_word' id='word_1_163' title='bbox 2925 703 3192 756; x_wconf 81' lang='lat' dir='ltr'>Judaicus</span> <span class='ocrx_word' id='word_1_164' title='bbox 3242 702 3508 772; x_wconf 89' lang='lat' dir='ltr'>populus,</span> <span class='ocrx_word' id='word_1_165' title='bbox 3543 702 3799 754; x_wconf 90' lang='lat' dir='ltr'>antono-</span> 
     </span>
    </p>
   </div>
   <div class='ocr_carea' id='block_1_23' title="bbox 2175 787 3797 862">
    <p class='ocr_par' dir='ltr' id='par_1_23' title="bbox 2175 787 3797 862">
     <span class='ocr_line' id='line_1_23' title="bbox 2175 787 3797 862; baseline -0.002 -18"><span class='ocrx_word' id='word_1_166' title='bbox 2175 791 2424 857; x_wconf 88' lang='lat' dir='ltr'>mastice,</span> <span class='ocrx_word' id='word_1_167' title='bbox 2460 790 2755 862; x_wconf 75' lang='lat' dir='ltr'>insipiens,</span> <span class='ocrx_word' id='word_1_168' title='bbox 2780 806 2912 843; x_wconf 90' lang='lat' dir='ltr'>cum</span> <span class='ocrx_word' id='word_1_169' title='bbox 2962 790 3377 861; x_wconf 82' lang='lat' dir='ltr'>prophetarum</span> <span class='ocrx_word' id='word_1_170' title='bbox 3406 787 3570 842; x_wconf 89' lang='lat' dir='ltr'>dictis</span> <span class='ocrx_word' id='word_1_171' title='bbox 3592 787 3664 841; x_wconf 90' lang='lat' dir='ltr'>de</span> <span class='ocrx_word' id='word_1_172' title='bbox 3692 804 3797 841; x_wconf 89' lang='lat' dir='ltr'>me</span> 
     </span>
    </p>
   </div>
   <div class='ocr_carea' id='block_1_24' title="bbox 2178 876 3797 943">
    <p class='ocr_par' dir='ltr' id='par_1_24' title="bbox 2178 876 3797 943">
     <span class='ocr_line' id='line_1_24' title="bbox 2178 876 3797 943; baseline -0.002 -12"><span class='ocrx_word' id='word_1_173' title='bbox 2178 895 2294 932; x_wconf 90' lang='lat' dir='ltr'>non</span> <span class='ocrx_word' id='word_1_174' title='bbox 2324 880 2567 933; x_wconf 89' lang='lat' dir='ltr'>credat:</span> <span class='ocrx_word' id='word_1_175' title='bbox 2604 882 2659 931; x_wconf 87' lang='lat' dir='ltr'>in</span> <span class='ocrx_word' id='word_1_176' title='bbox 2711 879 2864 931; x_wconf 83' lang='lat' dir='ltr'>corde</span> <span class='ocrx_word' id='word_1_177' title='bbox 2895 896 2989 931; x_wconf 86' lang='lat' dir='ltr'>suo</span> <span class='ocrx_word' id='word_1_178' title='bbox 3049 878 3155 931; x_wconf 86' lang='lat' dir='ltr'>hoc</span> <span class='ocrx_word' id='word_1_179' title='bbox 3204 876 3523 943; x_wconf 88' lang='lat' dir='ltr'>inveniens,</span> <span class='ocrx_word' id='word_1_180' title='bbox 3580 892 3697 929; x_wconf 90' lang='lat' dir='ltr'>non</span> <span class='ocrx_word' id='word_1_181' title='bbox 3763 891 3797 928; x_wconf 88' lang='lat' dir='ltr'>a</span> 
     </span>
    </p>
   </div>
   <div class='ocr_carea' id='block_1_25' title="bbox 2176 964 3794 1037">
    <p class='ocr_par' dir='ltr' id='par_1_25' title="bbox 2176 964 3794 1037">
     <span class='ocr_line' id='line_1_25' title="bbox 2176 964 3794 1037; baseline -0.002 -17"><span class='ocrx_word' id='word_1_182' title='bbox 2176 966 2481 1037; x_wconf 86' lang='lat' dir='ltr'>Scripturis</span> <span class='ocrx_word' id='word_1_183' title='bbox 2536 968 2645 1021; x_wconf 89' lang='lat' dir='ltr'>hoc</span> <span class='ocrx_word' id='word_1_184' title='bbox 2686 967 2925 1021; x_wconf 86' lang='lat' dir='ltr'>habens.</span> <span class='ocrx_word' id='word_1_185' title='bbox 2968 966 3094 1019; x_wconf 76' lang='lat' dir='ltr'>Non</span> <span class='ocrx_word' id='word_1_186' title='bbox 3131 973 3203 1019; x_wconf 81' lang='lat' dir='ltr'>est</span> <span class='ocrx_word' id='word_1_187' title='bbox 3228 965 3373 1019; x_wconf 86' lang='lat' dir='ltr'>Deus</span> <span class='ocrx_word' id='word_1_188' title='bbox 3426 965 3530 1018; x_wconf 86' lang='lat' dir='ltr'>iste</span> <span class='ocrx_word' id='word_1_189' title='bbox 3588 964 3794 1018; x_wconf 85' lang='lat' dir='ltr'>homo.</span> 
     </span>
    </p>
   </div>
   <div class='ocr_carea' id='block_1_26' title="bbox 2171 1052 3797 1125">
    <p class='ocr_par' dir='ltr' id='par_1_26' title="bbox 2171 1052 3797 1125">
     <span class='ocr_line' id='line_1_26' title="bbox 2171 1052 3797 1125; baseline -0.002 -18"><span class='ocrx_word' id='word_1_190' title='bbox 2171 1055 2493 1109; x_wconf 82' lang='lat' dir='ltr'>Juxtaillud</span> <span class='ocrx_word' id='word_1_191' title='bbox 2526 1054 2919 1125; x_wconf 85' lang='lat' dir='ltr'>evangelicum</span> <span class='ocrx_word' id='word_1_192' title='bbox 2947 1071 2958 1107; x_wconf 90' lang='lat'>:</span> <span class='ocrx_word' id='word_1_193' title='bbox 2985 1076 3011 1103; x_wconf 84' lang='lat'>«</span> <span class='ocrx_word' id='word_1_194' title='bbox 3049 1054 3144 1107; x_wconf 88' lang='lat' dir='ltr'>Hic</span> <span class='ocrx_word' id='word_1_195' title='bbox 3166 1054 3343 1108; x_wconf 90' lang='lat' dir='ltr'>homo</span> <span class='ocrx_word' id='word_1_196' title='bbox 3374 1069 3493 1108; x_wconf 92' lang='lat' dir='ltr'>non</span> <span class='ocrx_word' id='word_1_197' title='bbox 3510 1055 3597 1106; x_wconf 88' lang='lat' dir='ltr'>est</span> <span class='ocrx_word' id='word_1_198' title='bbox 3622 1068 3655 1105; x_wconf 89' lang='lat' dir='ltr'>a</span> <span class='ocrx_word' id='word_1_199' title='bbox 3674 1052 3797 1105; x_wconf 88' lang='lat' dir='ltr'>Deo</span> 
     </span>
    </p>
   </div>
   <div class='ocr_carea' id='block_1_27' title="bbox 2173 1140 3800 1215">
    <p class='ocr_par' dir='ltr' id='par_1_27' title="bbox 2173 1140 3800 1215">
     <span class='ocr_line' id='line_1_27' title="bbox 2173 1140 3800 1215; baseline -0.003 -18"><span class='ocrx_word' id='word_1_200' title='bbox 2173 1143 2269 1215; x_wconf 91' lang='lat' dir='ltr'>qui</span> <span class='ocrx_word' id='word_1_201' title='bbox 2300 1143 2616 1198; x_wconf 86' lang='lat' dir='ltr'>Sabbatum</span> <span class='ocrx_word' id='word_1_202' title='bbox 2645 1161 2760 1197; x_wconf 89' lang='lat' dir='ltr'>non</span> <span class='ocrx_word' id='word_1_203' title='bbox 2808 1143 3054 1197; x_wconf 80' lang='lat' dir='ltr'>custodit</span> <span class='ocrx_word' id='word_1_204' title='bbox 3104 1143 3282 1208; x_wconf 87' lang='lat' dir='ltr'>(Joan.</span> <span class='ocrx_word' id='word_1_205' title='bbox 3343 1159 3417 1207; x_wconf 82' lang='lat' dir='ltr'>1x,</span> <span class='ocrx_word' id='word_1_206' title='bbox 3474 1141 3580 1211; x_wconf 79' lang='grc'>16).</span> <span class='ocrx_word' id='word_1_207' title='bbox 3642 1161 3670 1188; x_wconf 84' lang='grc'><strong>››</strong></span> <span class='ocrx_word' id='word_1_208' title='bbox 3726 1140 3800 1192; x_wconf 87' lang='lat' dir='ltr'>Et</span> 
     </span>
    </p>
   </div>
   <div class='ocr_carea' id='block_1_28' title="bbox 2172 1230 3795 1301">
    <p class='ocr_par' dir='ltr' id='par_1_28' title="bbox 2172 1230 3795 1301">
     <span class='ocr_line' id='line_1_28' title="bbox 2172 1230 3795 1301; baseline -0.002 -17"><span class='ocrx_word' id='word_1_209' title='bbox 2172 1230 2306 1285; x_wconf 90' lang='lat' dir='ltr'>alibi</span> <span class='ocrx_word' id='word_1_210' title='bbox 2350 1248 2421 1284; x_wconf 77' lang='lat' dir='ltr'>:u</span> <span class='ocrx_word' id='word_1_211' title='bbox 2449 1233 2528 1285; x_wconf 88' lang='lat' dir='ltr'>Tu</span> <span class='ocrx_word' id='word_1_212' title='bbox 2578 1233 2754 1286; x_wconf 84' lang='lat' dir='ltr'>homo</span> <span class='ocrx_word' id='word_1_213' title='bbox 2788 1248 2917 1284; x_wconf 92' lang='lat' dir='ltr'>cum</span> <span class='ocrx_word' id='word_1_214' title='bbox 2963 1230 3057 1297; x_wconf 89' lang='lat' dir='ltr'>sis,</span> <span class='ocrx_word' id='word_1_215' title='bbox 3102 1231 3237 1284; x_wconf 88' lang='lat' dir='ltr'>facis</span> <span class='ocrx_word' id='word_1_216' title='bbox 3297 1230 3543 1301; x_wconf 84' lang='lat' dir='ltr'>teipsum</span> <span class='ocrx_word' id='word_1_217' title='bbox 3604 1230 3795 1283; x_wconf 86' lang='lat' dir='ltr'>Deum</span> 
     </span>
    </p>
   </div>
   <div class='ocr_carea' id='block_1_29' title="bbox 2172 1318 3791 1388">
    <p class='ocr_par' dir='ltr' id='par_1_29' title="bbox 2172 1318 3791 1388">
     <span class='ocr_line' id='line_1_29' title="bbox 2172 1318 3791 1388; baseline -0.002 -17"><span class='ocrx_word' id='word_1_218' title='bbox 2172 1318 2354 1379; x_wconf 88' lang='lat' dir='ltr'>(Joan.</span> <span class='ocrx_word' id='word_1_219' title='bbox 2380 1337 2433 1387; x_wconf 68' lang='grc' dir='ltr'>χ,</span> <span class='ocrx_word' id='word_1_220' title='bbox 2461 1323 2572 1388; x_wconf 79' lang='lat'>33).</span> <span class='ocrx_word' id='word_1_221' title='bbox 2608 1341 2634 1367; x_wconf 87' lang='grc'><strong>››</strong></span> <span class='ocrx_word' id='word_1_222' title='bbox 2668 1321 2736 1372; x_wconf 87' lang='lat' dir='ltr'>Et.</span> <span class='ocrx_word' id='word_1_223' title='bbox 2767 1319 2895 1373; x_wconf 87' lang='lat' dir='ltr'>ideo</span> <span class='ocrx_word' id='word_1_224' title='bbox 2924 1320 3194 1373; x_wconf 88' lang='lat' dir='ltr'>dixerunt</span> <span class='ocrx_word' id='word_1_225' title='bbox 3227 1336 3238 1372; x_wconf 93' lang='lat'>:</span> <span class='ocrx_word' id='word_1_226' title='bbox 3301 1319 3427 1372; x_wconf 81' lang='lat' dir='ltr'>Non</span> <span class='ocrx_word' id='word_1_227' title='bbox 3451 1321 3537 1372; x_wconf 87' lang='lat' dir='ltr'>est</span> <span class='ocrx_word' id='word_1_228' title='bbox 3589 1318 3744 1370; x_wconf 81' lang='lat' dir='ltr'>Deus</span> <span class='ocrx_word' id='word_1_229' title='bbox 3778 1332 3791 1368; x_wconf 88' lang='lat'>:</span> 
     </span>
    </p>
   </div>
   <div class='ocr_carea' id='block_1_30' title="bbox 2173 1404 3793 1478">
    <p class='ocr_par' dir='ltr' id='par_1_30' title="bbox 2173 1404 3793 1478">
     <span class='ocr_line' id='line_1_30' title="bbox 2173 1404 3793 1478; baseline -0.003 -18"><span class='ocrx_word' id='word_1_230' title='bbox 2173 1407 2308 1477; x_wconf 88' lang='lat' dir='ltr'>quia</span> <span class='ocrx_word' id='word_1_231' title='bbox 2331 1410 2572 1478; x_wconf 78' lang='lat' dir='ltr'>corrupti</span> <span class='ocrx_word' id='word_1_232' title='bbox 2594 1414 2718 1461; x_wconf 83' lang='lat' dir='ltr'>sunt</span> <span class='ocrx_word' id='word_1_233' title='bbox 2764 1407 2821 1460; x_wconf 92' lang='lat' dir='ltr'>in</span> <span class='ocrx_word' id='word_1_234' title='bbox 2856 1411 3051 1461; x_wconf 82' lang='lat' dir='ltr'>mente</span> <span class='ocrx_word' id='word_1_235' title='bbox 3079 1424 3200 1472; x_wconf 89' lang='lat' dir='ltr'>sua,</span> <span class='ocrx_word' id='word_1_236' title='bbox 3233 1406 3292 1460; x_wconf 91' lang='lat' dir='ltr'>id</span> <span class='ocrx_word' id='word_1_237' title='bbox 3323 1409 3410 1460; x_wconf 88' lang='lat' dir='ltr'>est</span> <span class='ocrx_word' id='word_1_238' title='bbox 3423 1404 3793 1460; x_wconf 72' lang='lat' dir='ltr'>exczecati.Et</span> 
     </span>
    </p>
   </div>
   <div class='ocr_carea' id='block_1_31' title="bbox 2172 1493 3791 1567">
    <p class='ocr_par' dir='ltr' id='par_1_31' title="bbox 2172 1493 3791 1567">
     <span class='ocr_line' id='line_1_31' title="bbox 2172 1493 3791 1567; baseline -0.001 -20"><span class='ocrx_word' id='word_1_239' title='bbox 2172 1495 2301 1549; x_wconf 92' lang='lat' dir='ltr'>idco</span> <span class='ocrx_word' id='word_1_240' title='bbox 2327 1496 2605 1565; x_wconf 86' lang='lat' dir='ltr'>corrupti,</span> <span class='ocrx_word' id='word_1_241' title='bbox 2638 1496 2773 1567; x_wconf 84' lang='lat' dir='ltr'>quia</span> <span class='ocrx_word' id='word_1_242' title='bbox 2799 1496 3196 1560; x_wconf 68' lang='lat' dir='ltr'>abominabiles,</span> <span class='ocrx_word' id='word_1_243' title='bbox 3218 1495 3273 1548; x_wconf 91' lang='lat' dir='ltr'>id</span> <span class='ocrx_word' id='word_1_244' title='bbox 3290 1498 3375 1549; x_wconf 89' lang='lat' dir='ltr'>est</span> <span class='ocrx_word' id='word_1_245' title='bbox 3404 1493 3791 1547; x_wconf 81' lang='lat' dir='ltr'>exsecrabiles</span> 
     </span>
    </p>
   </div>
   <div class='ocr_carea' id='block_1_32' title="bbox 2167 1581 3786 1653">
    <p class='ocr_par' dir='ltr' id='par_1_32' title="bbox 2167 1581 3786 1653">
     <span class='ocr_line' id='line_1_32' title="bbox 2167 1581 3786 1653; baseline -0.001 -18"><span class='ocrx_word' id='word_1_246' title='bbox 2167 1584 2307 1653; x_wconf 73' lang='lat' dir='ltr'>facti</span> <span class='ocrx_word' id='word_1_247' title='bbox 2332 1593 2455 1637; x_wconf 84' lang='lat' dir='ltr'>sunt</span> <span class='ocrx_word' id='word_1_248' title='bbox 2486 1587 2600 1639; x_wconf 89' lang='lat' dir='ltr'>Deo</span> <span class='ocrx_word' id='word_1_249' title='bbox 2632 1588 2687 1636; x_wconf 86' lang='lat' dir='ltr'>in</span> <span class='ocrx_word' id='word_1_250' title='bbox 2716 1584 2906 1637; x_wconf 76' lang='lat' dir='ltr'>studiis</span> <span class='ocrx_word' id='word_1_251' title='bbox 2940 1586 3047 1636; x_wconf 74' lang='lat' dir='ltr'>suis</span> <span class='ocrx_word' id='word_1_252' title='bbox 3078 1583 3466 1653; x_wconf 82' lang='lat' dir='ltr'>persistentes,</span> <span class='ocrx_word' id='word_1_253' title='bbox 3503 1581 3559 1635; x_wconf 90' lang='lat' dir='ltr'>id</span> <span class='ocrx_word' id='word_1_254' title='bbox 3597 1584 3682 1635; x_wconf 79' lang='lat' dir='ltr'>est</span> <span class='ocrx_word' id='word_1_255' title='bbox 3725 1581 3786 1634; x_wconf 89' lang='lat' dir='ltr'>in</span> 
     </span>
    </p>
   </div>
   <div class='ocr_carea' id='block_1_33' title="bbox 456 1669 3781 1745">
    <p class='ocr_par' dir='ltr' id='par_1_33' title="bbox 456 1669 3781 1745">
     <span class='ocr_line' id='line_1_33' title="bbox 456 1669 3781 1745; baseline -0.002 -18"><span class='ocrx_word' id='word_1_256' title='bbox 456 1676 643 1727; x_wconf 89' lang='lat' dir='ltr'>locum</span> <span class='ocrx_word' id='word_1_257' title='bbox 689 1673 1000 1728; x_wconf 85' lang='lat' dir='ltr'>divinitatis</span> <span class='ocrx_word' id='word_1_258' title='bbox 1061 1673 1116 1726; x_wconf 92' lang='lat' dir='ltr'>in</span> <span class='ocrx_word' id='word_1_259' title='bbox 1170 1691 1284 1739; x_wconf 90' lang='lat' dir='ltr'>me,</span> <span class='ocrx_word' id='word_1_260' title='bbox 1343 1675 1440 1727; x_wconf 88' lang='lat' dir='ltr'>sed</span> <span class='ocrx_word' id='word_1_261' title='bbox 1486 1673 1584 1726; x_wconf 90' lang='lat' dir='ltr'>tibi</span> <span class='ocrx_word' id='word_1_262' title='bbox 1643 1676 1812 1745; x_wconf 87' lang='lat' dir='ltr'>prout</span> <span class='ocrx_word' id='word_1_263' title='bbox 1838 1690 2067 1743; x_wconf 87' lang='lat' dir='ltr'>possum</span> <span class='ocrx_word' id='word_1_264' title='bbox 2094 1674 2144 1731; x_wconf 93' lang='lat' dir='ltr'><strong>B</strong></span> <span class='ocrx_word' id='word_1_265' title='bbox 2169 1672 2612 1741; x_wconf 79' lang='lat' dir='ltr'>cogitationibus</span> <span class='ocrx_word' id='word_1_266' title='bbox 2639 1674 2695 1725; x_wconf 89' lang='lat' dir='ltr'>ct</span> <span class='ocrx_word' id='word_1_267' title='bbox 2713 1671 2982 1741; x_wconf 84' lang='lat' dir='ltr'>operibus</span> <span class='ocrx_word' id='word_1_268' title='bbox 2998 1670 3228 1723; x_wconf 85' lang='lat' dir='ltr'>malisin</span> <span class='ocrx_word' id='word_1_269' title='bbox 3252 1670 3458 1740; x_wconf 86' lang='lat' dir='ltr'>quibus</span> <span class='ocrx_word' id='word_1_270' title='bbox 3478 1669 3643 1723; x_wconf 88' lang='lat' dir='ltr'>valde</span> <span class='ocrx_word' id='word_1_271' title='bbox 3663 1673 3781 1721; x_wconf 90' lang='lat' dir='ltr'>stu-</span> 
     </span>
    </p>
   </div>
   <div class='ocr_carea' id='block_1_34' title="bbox 457 1760 2068 1831">
    <p class='ocr_par' dir='ltr' id='par_1_34' title="bbox 457 1760 2068 1831">
     <span class='ocr_line' id='line_1_34' title="bbox 457 1760 2068 1831; baseline -0.001 -15"><span class='ocrx_word' id='word_1_272' title='bbox 457 1763 684 1816; x_wconf 85' lang='lat' dir='ltr'>obcdio.</span> <span class='ocrx_word' id='word_1_273' title='bbox 708 1762 914 1815; x_wconf 83' lang='lat' dir='ltr'>Vidcns</span> <span class='ocrx_word' id='word_1_274' title='bbox 944 1763 1051 1814; x_wconf 86' lang='lat' dir='ltr'>hoc</span> <span class='ocrx_word' id='word_1_275' title='bbox 1081 1778 1139 1814; x_wconf 90' lang='lat' dir='ltr'>se</span> <span class='ocrx_word' id='word_1_276' title='bbox 1160 1762 1339 1815; x_wconf 91' lang='lat' dir='ltr'>nimio</span> <span class='ocrx_word' id='word_1_277' title='bbox 1369 1760 1653 1815; x_wconf 86' lang='lat' dir='ltr'>desiderio</span> <span class='ocrx_word' id='word_1_278' title='bbox 1678 1778 1888 1827; x_wconf 78' lang='lat' dir='ltr'>orasse,</span> <span class='ocrx_word' id='word_1_279' title='bbox 1914 1761 2068 1831; x_wconf 88' lang='lat' dir='ltr'>quod</span> 
     </span>
    </p>
   </div>
   <div class='ocr_carea' id='block_1_35' title="bbox 456 1848 2065 1921">
    <p class='ocr_par' dir='ltr' id='par_1_35' title="bbox 456 1848 2065 1921">
     <span class='ocr_line' id='line_1_35' title="bbox 456 1848 2065 1921; baseline -0.001 -19"><span class='ocrx_word' id='word_1_280' title='bbox 456 1849 803 1921; x_wconf 87' lang='lat' dir='ltr'>impossibile</span> <span class='ocrx_word' id='word_1_281' title='bbox 821 1851 924 1915; x_wconf 90' lang='lat' dir='ltr'>est,</span> <span class='ocrx_word' id='word_1_282' title='bbox 962 1852 1089 1903; x_wconf 90' lang='lat' dir='ltr'>orat</span> <span class='ocrx_word' id='word_1_283' title='bbox 1118 1850 1293 1903; x_wconf 87' lang='lat' dir='ltr'>etiam</span> <span class='ocrx_word' id='word_1_284' title='bbox 1314 1850 1470 1919; x_wconf 89' lang='lat' dir='ltr'>quod</span> <span class='ocrx_word' id='word_1_285' title='bbox 1500 1848 1839 1917; x_wconf 74' lang='lat' dir='ltr'>contingere</span> <span class='ocrx_word' id='word_1_286' title='bbox 1860 1852 2065 1919; x_wconf 89' lang='lat' dir='ltr'>potest,</span> 
     </span>
    </p>
   </div>
   <div class='ocr_carea' id='block_1_36' title="bbox 454 1936 2067 2008">
    <p class='ocr_par' dir='ltr' id='par_1_36' title="bbox 454 1936 2067 2008">
     <span class='ocr_line' id='line_1_36' title="bbox 454 1936 2067 2008; baseline -0.001 -17"><span class='ocrx_word' id='word_1_287' title='bbox 454 1938 565 1991; x_wconf 87' lang='lat' dir='ltr'>sic:</span> <span class='ocrx_word' id='word_1_288' title='bbox 593 1938 1073 2008; x_wconf 87' lang='lat' dir='ltr'>Quandoquidem</span> <span class='ocrx_word' id='word_1_289' title='bbox 1118 1941 1277 1991; x_wconf 88' lang='lat' dir='ltr'>certa</span> <span class='ocrx_word' id='word_1_290' title='bbox 1302 1954 1428 1990; x_wconf 89' lang='lat' dir='ltr'>sum</span> <span class='ocrx_word' id='word_1_291' title='bbox 1468 1936 1602 2007; x_wconf 88' lang='lat' dir='ltr'>quia</span> <span class='ocrx_word' id='word_1_292' title='bbox 1631 1954 1748 1989; x_wconf 92' lang='lat' dir='ltr'>non</span> <span class='ocrx_word' id='word_1_293' title='bbox 1802 1936 2067 2006; x_wconf 84' lang='lat' dir='ltr'>respicies</span> 
     </span>
    </p>
   </div>
   <div class='ocr_carea' id='block_1_37' title="bbox 451 2024 2064 2094">
    <p class='ocr_par' dir='ltr' id='par_1_37' title="bbox 451 2024 2064 2094">
     <span class='ocr_line' id='line_1_37' title="bbox 451 2024 2064 2094; baseline 0 -17"><span class='ocrx_word' id='word_1_294' title='bbox 451 2026 548 2093; x_wconf 87' lang='lat' dir='ltr'>sic,</span> <span class='ocrx_word' id='word_1_295' title='bbox 581 2028 643 2078; x_wconf 90' lang='lat' dir='ltr'>ut</span> <span class='ocrx_word' id='word_1_296' title='bbox 681 2025 887 2078; x_wconf 89' lang='lat' dir='ltr'>faciem</span> <span class='ocrx_word' id='word_1_297' title='bbox 911 2029 1073 2078; x_wconf 89' lang='lat' dir='ltr'>tuam</span> <span class='ocrx_word' id='word_1_298' title='bbox 1088 2024 1572 2094; x_wconf 89' lang='lat' dir='ltr'>oculiscorporeis</span> <span class='ocrx_word' id='word_1_299' title='bbox 1604 2024 2064 2089; x_wconf 86' lang='lat' dir='ltr'>videam,saltem</span> 
     </span>
    </p>
   </div>
   <div class='ocr_carea' id='block_1_38' title="bbox 450 2096 2065 2182">
    <p class='ocr_par' dir='ltr' id='par_1_38' title="bbox 450 2096 2065 2182">
     <span class='ocr_line' id='line_1_38' title="bbox 450 2096 2065 2182; baseline -0.002 -16"><span class='ocrx_word' id='word_1_300' title='bbox 450 2114 696 2167; x_wconf 83' lang='lat' dir='ltr'>illumina</span> <span class='ocrx_word' id='word_1_301' title='bbox 726 2114 847 2166; x_wconf 86' lang='lat' dir='ltr'>luce</span> <span class='ocrx_word' id='word_1_302' title='bbox 870 2113 1144 2182; x_wconf 88' lang='lat' dir='ltr'>spirituali</span> <span class='ocrx_word' id='word_1_303' title='bbox 1172 2114 1346 2165; x_wconf 79' lang='lat' dir='ltr'>oculos</span> <span class='ocrx_word' id='word_1_304' title='bbox 1370 2130 1526 2179; x_wconf 83' lang='lat' dir='ltr'>meos,</span> <span class='ocrx_word' id='word_1_305' title='bbox 1704 2112 1759 2164; x_wconf 90' lang='lat' dir='ltr'>id</span> <span class='ocrx_word' id='word_1_306' title='bbox 1777 2108 2065 2165; x_wconf 79' lang='lat' dir='ltr'>estoculos</span> 
     </span>
    </p>
   </div>
   <div class='ocr_carea' id='block_1_39' title="bbox 448 2199 2064 2270">
    <p class='ocr_par' dir='ltr' id='par_1_39' title="bbox 448 2199 2064 2270">
     <span class='ocr_line' id='line_1_39' title="bbox 448 2199 2064 2270; baseline -0.001 -16"><span class='ocrx_word' id='word_1_307' title='bbox 448 2203 637 2255; x_wconf 83' lang='lat' dir='ltr'>COI‘dlS</span> <span class='ocrx_word' id='word_1_308' title='bbox 664 2200 797 2267; x_wconf 89' lang='lat' dir='ltr'>mei,</span> <span class='ocrx_word' id='word_1_309' title='bbox 839 2217 904 2252; x_wconf 88' lang='lat' dir='ltr'>ne</span> <span class='ocrx_word' id='word_1_310' title='bbox 941 2218 1179 2270; x_wconf 81' lang='lat' dir='ltr'>unquam</span> <span class='ocrx_word' id='word_1_311' title='bbox 1238 2200 1565 2253; x_wconf 79' lang='lat' dir='ltr'>obdormiam</span> <span class='ocrx_word' id='word_1_312' title='bbox 1623 2200 1950 2269; x_wconf 88' lang='lat' dir='ltr'>peccando:</span> <span class='ocrx_word' id='word_1_313' title='bbox 1984 2199 2064 2252; x_wconf 89' lang='lat' dir='ltr'>ita</span> 
     </span>
    </p>
   </div>
   <div class='ocr_carea' id='block_1_40' title="bbox 450 2286 2060 2361">
    <p class='ocr_par' dir='ltr' id='par_1_40' title="bbox 450 2286 2060 2361">
     <span class='ocr_line' id='line_1_40' title="bbox 450 2286 2060 2361; baseline -0.002 -18"><span class='ocrx_word' id='word_1_314' title='bbox 450 2289 605 2361; x_wconf 91' lang='lat' dir='ltr'>quod</span> <span class='ocrx_word' id='word_1_315' title='bbox 631 2288 934 2343; x_wconf 85' lang='lat' dir='ltr'>deveniam</span> <span class='ocrx_word' id='word_1_316' title='bbox 968 2286 1025 2340; x_wconf 90' lang='lat' dir='ltr'>in</span> <span class='ocrx_word' id='word_1_317' title='bbox 1056 2291 1328 2353; x_wconf 88' lang='lat' dir='ltr'>mortem,</span> <span class='ocrx_word' id='word_1_318' title='bbox 1360 2288 1417 2341; x_wconf 90' lang='lat' dir='ltr'>id</span> <span class='ocrx_word' id='word_1_319' title='bbox 1447 2291 1531 2340; x_wconf 88' lang='lat' dir='ltr'>est</span> <span class='ocrx_word' id='word_1_320' title='bbox 1550 2287 1606 2340; x_wconf 91' lang='lat' dir='ltr'>in</span> <span class='ocrx_word' id='word_1_321' title='bbox 1635 2291 1934 2357; x_wconf 88' lang='lat' dir='ltr'>peccatum</span> <span class='ocrx_word' id='word_1_322' title='bbox 1953 2286 2060 2340; x_wconf 89' lang='lat' dir='ltr'>cri-</span> 
     </span>
    </p>
   </div>
   <div class='ocr_carea' id='block_1_41' title="bbox 449 2374 2061 2446">
    <p class='ocr_par' dir='ltr' id='par_1_41' title="bbox 449 2374 2061 2446">
     <span class='ocr_line' id='line_1_41' title="bbox 449 2374 2061 2446; baseline -0.001 -17"><span class='ocrx_word' id='word_1_323' title='bbox 449 2376 684 2444; x_wconf 88' lang='lat' dir='ltr'>minale,</span> <span class='ocrx_word' id='word_1_324' title='bbox 722 2392 823 2446; x_wconf 90' lang='lat' dir='ltr'>per</span> <span class='ocrx_word' id='word_1_325' title='bbox 852 2375 1008 2446; x_wconf 89' lang='lat' dir='ltr'>quod</span> <span class='ocrx_word' id='word_1_326' title='bbox 1040 2376 1265 2429; x_wconf 86' lang='lat' dir='ltr'>venitur</span> <span class='ocrx_word' id='word_1_327' title='bbox 1298 2376 1369 2428; x_wconf 86' lang='lat' dir='ltr'>ad</span> <span class='ocrx_word' id='word_1_328' title='bbox 1401 2378 1651 2429; x_wconf 90' lang='lat' dir='ltr'>mortem</span> <span class='ocrx_word' id='word_1_329' title='bbox 1683 2375 1982 2446; x_wconf 80' lang='lat' dir='ltr'>nequando,</span> <span class='ocrx_word' id='word_1_330' title='bbox 2005 2374 2061 2428; x_wconf 91' lang='lat' dir='ltr'>id</span> 
     </span>
    </p>
   </div>
   <div class='ocr_carea' id='block_1_42' title="bbox 443 2462 2057 2535">
    <p class='ocr_par' dir='ltr' id='par_1_42' title="bbox 443 2462 2057 2535">
     <span class='ocr_line' id='line_1_42' title="bbox 443 2462 2057 2535; baseline -0.001 -18"><span class='ocrx_word' id='word_1_331' title='bbox 443 2466 528 2517; x_wconf 89' lang='lat' dir='ltr'>est</span> <span class='ocrx_word' id='word_1_332' title='bbox 555 2463 610 2516; x_wconf 92' lang='lat' dir='ltr'>in</span> <span class='ocrx_word' id='word_1_333' title='bbox 628 2462 829 2535; x_wconf 87' lang='lat' dir='ltr'>judicii</span> <span class='ocrx_word' id='word_1_334' title='bbox 852 2462 942 2515; x_wconf 90' lang='lat' dir='ltr'>die</span> <span class='ocrx_word' id='word_1_335' title='bbox 972 2462 1117 2515; x_wconf 81' lang='lat' dir='ltr'>dicat</span> <span class='ocrx_word' id='word_1_336' title='bbox 1148 2464 1395 2515; x_wconf 83' lang='lat' dir='ltr'>inimicus</span> <span class='ocrx_word' id='word_1_337' title='bbox 1412 2479 1555 2514; x_wconf 84' lang='lat' dir='ltr'>meus</span> <span class='ocrx_word' id='word_1_338' title='bbox 1583 2462 1874 2515; x_wconf 86' lang='lat' dir='ltr'>diabolus:</span> <span class='ocrx_word' id='word_1_339' title='bbox 1907 2464 2057 2515; x_wconf 55' lang='lat' dir='ltr'>Prai-</span> 
     </span>
    </p>
   </div>
   <div class='ocr_carea' id='block_1_43' title="bbox 444 2550 2057 2621">
    <p class='ocr_par' dir='ltr' id='par_1_43' title="bbox 444 2550 2057 2621">
     <span class='ocr_line' id='line_1_43' title="bbox 444 2550 2057 2621; baseline -0.001 -16"><span class='ocrx_word' id='word_1_340' title='bbox 444 2554 590 2605; x_wconf 91' lang='lat' dir='ltr'>valui</span> <span class='ocrx_word' id='word_1_341' title='bbox 615 2552 865 2605; x_wconf 82' lang='lat' dir='ltr'>adversus</span> <span class='ocrx_word' id='word_1_342' title='bbox 898 2567 1037 2616; x_wconf 87' lang='lat' dir='ltr'>cum,</span> <span class='ocrx_word' id='word_1_343' title='bbox 1073 2550 1131 2604; x_wconf 89' lang='lat' dir='ltr'>id</span> <span class='ocrx_word' id='word_1_344' title='bbox 1180 2553 1265 2604; x_wconf 89' lang='lat' dir='ltr'>est</span> <span class='ocrx_word' id='word_1_345' title='bbox 1320 2550 1677 2604; x_wconf 88' lang='lat' dir='ltr'>devicieum.</span> <span class='ocrx_word' id='word_1_346' title='bbox 1726 2550 1848 2604; x_wconf 83' lang='lat' dir='ltr'>Non</span> <span class='ocrx_word' id='word_1_347' title='bbox 1903 2551 2057 2621; x_wconf 88' lang='lat' dir='ltr'>quod</span> 
     </span>
    </p>
   </div>
   <div class='ocr_carea' id='block_1_44' title="bbox 446 2638 2057 2712">
    <p class='ocr_par' dir='ltr' id='par_1_44' title="bbox 446 2638 2057 2712">
     <span class='ocr_line' id='line_1_44' title="bbox 446 2638 2057 2712; baseline -0.002 -18"><span class='ocrx_word' id='word_1_348' title='bbox 446 2644 580 2694; x_wconf 89' lang='lat' dir='ltr'>tunc</span> <span class='ocrx_word' id='word_1_349' title='bbox 604 2643 874 2712; x_wconf 87' lang='lat' dir='ltr'>loquatur</span> <span class='ocrx_word' id='word_1_350' title='bbox 902 2655 1036 2692; x_wconf 92' lang='lat' dir='ltr'>cum</span> <span class='ocrx_word' id='word_1_351' title='bbox 1074 2638 1449 2709; x_wconf 86' lang='lat' dir='ltr'>incorporeus</span> <span class='ocrx_word' id='word_1_352' title='bbox 1480 2638 1599 2710; x_wconf 90' lang='lat' dir='ltr'>ipse</span> <span class='ocrx_word' id='word_1_353' title='bbox 1629 2639 1719 2705; x_wconf 85' lang='lat' dir='ltr'>sit,</span> <span class='ocrx_word' id='word_1_354' title='bbox 1770 2639 1869 2693; x_wconf 83' lang='lat' dir='ltr'>sed</span> <span class='ocrx_word' id='word_1_355' title='bbox 1922 2639 2057 2710; x_wconf 88' lang='lat' dir='ltr'>quia</span> 
     </span>
    </p>
   </div>
   <div class='ocr_carea' id='block_1_45' title="bbox 444 2726 2054 2799">
    <p class='ocr_par' dir='ltr' id='par_1_45' title="bbox 444 2726 2054 2799">
     <span class='ocr_line' id='line_1_45' title="bbox 444 2726 2054 2799; baseline -0.001 -18"><span class='ocrx_word' id='word_1_356' title='bbox 444 2729 812 2783; x_wconf 88' lang='lat' dir='ltr'>tribulatione</span> <span class='ocrx_word' id='word_1_357' title='bbox 837 2743 1012 2799; x_wconf 89' lang='lat' dir='ltr'>quam</span> <span class='ocrx_word' id='word_1_358' title='bbox 1038 2727 1203 2781; x_wconf 89' lang='lat' dir='ltr'>malis</span> <span class='ocrx_word' id='word_1_359' title='bbox 1227 2727 1455 2794; x_wconf 77' lang='lat' dir='ltr'>inferet,</span> <span class='ocrx_word' id='word_1_360' title='bbox 1486 2744 1583 2780; x_wconf 90' lang='lat' dir='ltr'>eos</span> <span class='ocrx_word' id='word_1_361' title='bbox 1603 2744 1661 2779; x_wconf 88' lang='lat' dir='ltr'>se</span> <span class='ocrx_word' id='word_1_362' title='bbox 1682 2726 1876 2781; x_wconf 87' lang='lat' dir='ltr'>vicisse</span> <span class='ocrx_word' id='word_1_363' title='bbox 1895 2726 2054 2797; x_wconf 88' lang='lat' dir='ltr'>quasi</span> 
     </span>
    </p>
   </div>
   <div class='ocr_carea' id='block_1_46' title="bbox 442 2814 2048 2882">
    <p class='ocr_par' dir='ltr' id='par_1_46' title="bbox 442 2814 2048 2882">
     <span class='ocr_line' id='line_1_46' title="bbox 442 2814 2048 2882; baseline -0.003 -10"><span class='ocrx_word' id='word_1_364' title='bbox 442 2818 630 2873; x_wconf 88' lang='lat' dir='ltr'>verbis</span> <span class='ocrx_word' id='word_1_365' title='bbox 656 2817 940 2872; x_wconf 88' lang='lat' dir='ltr'>ostendet.</span> <span class='ocrx_word' id='word_1_366' title='bbox 959 2818 1025 2871; x_wconf 88' lang='lat' dir='ltr'>Et</span> <span class='ocrx_word' id='word_1_367' title='bbox 1051 2816 1179 2870; x_wconf 88' lang='lat' dir='ltr'>ideo</span> <span class='ocrx_word' id='word_1_368' title='bbox 1202 2815 1385 2869; x_wconf 87' lang='lat' dir='ltr'>adhuc</span> <span class='ocrx_word' id='word_1_369' title='bbox 1417 2814 1699 2881; x_wconf 88' lang='lat' dir='ltr'>illumina,</span> <span class='ocrx_word' id='word_1_370' title='bbox 1716 2832 1788 2868; x_wconf 90' lang='lat' dir='ltr'>ne</span> <span class='ocrx_word' id='word_1_371' title='bbox 1814 2814 2048 2882; x_wconf 89' lang='lat' dir='ltr'>inimici,</span> 
     </span>
    </p>
   </div>
   <div class='ocr_carea' id='block_1_47' title="bbox 433 2904 2051 2978">
    <p class='ocr_par' dir='ltr' id='par_1_47' title="bbox 433 2904 2051 2978">
     <span class='ocr_line' id='line_1_47' title="bbox 433 2904 2051 2978; baseline -0.003 -16"><span class='ocrx_word' id='word_1_372' title='bbox 433 2908 493 2962; x_wconf 91' lang='lat' dir='ltr'>id</span> <span class='ocrx_word' id='word_1_373' title='bbox 519 2910 603 2961; x_wconf 88' lang='lat' dir='ltr'>est</span> <span class='ocrx_word' id='word_1_374' title='bbox 632 2906 858 2978; x_wconf 87' lang='lat' dir='ltr'>spiritus</span> <span class='ocrx_word' id='word_1_375' title='bbox 885 2904 1125 2977; x_wconf 79' lang='lat' dir='ltr'>maligni</span> <span class='ocrx_word' id='word_1_376' title='bbox 1160 2906 1464 2971; x_wconf 85' lang='lat' dir='ltr'>exsultent,</span> <span class='ocrx_word' id='word_1_377' title='bbox 1526 2922 1619 2958; x_wconf 89' lang='lat' dir='ltr'>me</span> <span class='ocrx_word' id='word_1_378' title='bbox 1674 2904 2051 2958; x_wconf 77' lang='lat' dir='ltr'>criminalitcr</span> 
     </span>
    </p>
   </div>
   <div class='ocr_carea' id='block_1_48' title="bbox 433 2992 2047 3067">
    <p class='ocr_par' dir='ltr' id='par_1_48' title="bbox 433 2992 2047 3067">
     <span class='ocr_line' id='line_1_48' title="bbox 433 2992 2047 3067; baseline -0.002 -17"><span class='ocrx_word' id='word_1_379' title='bbox 433 3000 731 3067; x_wconf 87' lang='lat' dir='ltr'>peccante,</span> <span class='ocrx_word' id='word_1_380' title='bbox 766 3012 898 3050; x_wconf 92' lang='lat' dir='ltr'>cum</span> <span class='ocrx_word' id='word_1_381' title='bbox 931 3013 1050 3050; x_wconf 89' lang='lat' dir='ltr'>non</span> <span class='ocrx_word' id='word_1_382' title='bbox 1082 2995 1282 3049; x_wconf 90' lang='lat' dir='ltr'>deceat</span> <span class='ocrx_word' id='word_1_383' title='bbox 1311 3010 1410 3047; x_wconf 90' lang='lat' dir='ltr'>eos</span> <span class='ocrx_word' id='word_1_384' title='bbox 1441 2993 1510 3047; x_wconf 90' lang='lat' dir='ltr'>de</span> <span class='ocrx_word' id='word_1_385' title='bbox 1557 3010 1651 3047; x_wconf 89' lang='lat' dir='ltr'>me</span> <span class='ocrx_word' id='word_1_386' title='bbox 1684 2992 1787 3047; x_wconf 85' lang='lat' dir='ltr'>tibi</span> <span class='ocrx_word' id='word_1_387' title='bbox 1820 2992 2047 3046; x_wconf 90' lang='lat' dir='ltr'>subdito</span> 
     </span>
    </p>
   </div>
   <div class='ocr_carea' id='block_1_49' title="bbox 435 3080 2044 3151">
    <p class='ocr_par' dir='ltr' id='par_1_49' title="bbox 435 3080 2044 3151">
     <span class='ocr_line' id='line_1_49' title="bbox 435 3080 2044 3151; baseline -0.002 -14"><span class='ocrx_word' id='word_1_388' title='bbox 435 3085 735 3138; x_wconf 88' lang='lat' dir='ltr'>exsultare.</span> <span class='ocrx_word' id='word_1_389' title='bbox 775 3084 879 3148; x_wconf 88' lang='lat' dir='ltr'>Qui</span> <span class='ocrx_word' id='word_1_390' title='bbox 899 3082 1055 3136; x_wconf 90' lang='lat' dir='ltr'>enim</span> <span class='ocrx_word' id='word_1_391' title='bbox 1073 3081 1350 3135; x_wconf 88' lang='lat' dir='ltr'>tribulant</span> <span class='ocrx_word' id='word_1_392' title='bbox 1364 3098 1457 3134; x_wconf 88' lang='lat' dir='ltr'>me</span> <span class='ocrx_word' id='word_1_393' title='bbox 1471 3098 1643 3151; x_wconf 88' lang='lat' dir='ltr'>prava</span> <span class='ocrx_word' id='word_1_394' title='bbox 1657 3080 2044 3151; x_wconf 79' lang='lat' dir='ltr'>suggestione,</span> 
     </span>
    </p>
   </div>
   <div class='ocr_carea' id='block_1_50' title="bbox 432 3169 2045 3240">
    <p class='ocr_par' dir='ltr' id='par_1_50' title="bbox 432 3169 2045 3240">
     <span class='ocr_line' id='line_1_50' title="bbox 432 3169 2045 3240; baseline -0.004 -15"><span class='ocrx_word' id='word_1_395' title='bbox 432 3173 798 3226; x_wconf 77' lang='lat' dir='ltr'>exsultabant</span> <span class='ocrx_word' id='word_1_396' title='bbox 824 3171 867 3224; x_wconf 88' lang='lat' dir='ltr'>si</span> <span class='ocrx_word' id='word_1_397' title='bbox 897 3175 1085 3225; x_wconf 83' lang='lat' dir='ltr'>motus</span> <span class='ocrx_word' id='word_1_398' title='bbox 1114 3170 1297 3235; x_wconf 81' lang='lat' dir='ltr'>fuero,</span> <span class='ocrx_word' id='word_1_399' title='bbox 1332 3169 1685 3223; x_wconf 89' lang='lat' dir='ltr'>adevotione</span> <span class='ocrx_word' id='word_1_400' title='bbox 1709 3170 1881 3222; x_wconf 89' lang='lat' dir='ltr'>tnain</span> <span class='ocrx_word' id='word_1_401' title='bbox 1916 3186 2045 3240; x_wconf 78' lang='lat' dir='ltr'>pec—</span> 
     </span>
    </p>
   </div>
   <div class='ocr_carea' id='block_1_51' title="bbox 431 3257 2048 3329">
    <p class='ocr_par' dir='ltr' id='par_1_51' title="bbox 431 3257 2048 3329">
     <span class='ocr_line' id='line_1_51' title="bbox 431 3257 2048 3329; baseline 0 -16"><span class='ocrx_word' id='word_1_402' title='bbox 431 3265 622 3315; x_wconf 86' lang='lat' dir='ltr'>catum</span> <span class='ocrx_word' id='word_1_403' title='bbox 647 3261 1101 3329; x_wconf 81' lang='lat' dir='ltr'>deveniens.Ego</span> <span class='ocrx_word' id='word_1_404' title='bbox 1116 3257 1395 3323; x_wconf 87' lang='lat' dir='ltr'>autem,id</span> <span class='ocrx_word' id='word_1_405' title='bbox 1410 3261 1494 3310; x_wconf 88' lang='lat' dir='ltr'>est</span> <span class='ocrx_word' id='word_1_406' title='bbox 1521 3260 1738 3328; x_wconf 77' lang='lat' dir='ltr'>sedego</span> <span class='ocrx_word' id='word_1_407' title='bbox 1766 3259 2048 3313; x_wconf 90' lang='lat' dir='ltr'>utimmo-</span> 
     </span>
    </p>
   </div>
   <div class='ocr_carea' id='block_1_52' title="bbox 432 3346 2047 3415">
    <p class='ocr_par' dir='ltr' id='par_1_52' title="bbox 432 3346 2047 3415">
     <span class='ocr_line' id='line_1_52' title="bbox 432 3346 2047 3415; baseline -0.002 -14"><span class='ocrx_word' id='word_1_408' title='bbox 432 3348 559 3401; x_wconf 91' lang='lat' dir='ltr'>bilis</span> <span class='ocrx_word' id='word_1_409' title='bbox 590 3348 720 3399; x_wconf 89' lang='lat' dir='ltr'>sim.</span> <span class='ocrx_word' id='word_1_410' title='bbox 754 3349 814 3399; x_wconf 91' lang='lat' dir='ltr'>In</span> <span class='ocrx_word' id='word_1_411' title='bbox 840 3346 1236 3399; x_wconf 83' lang='lat' dir='ltr'>misericordia</span> <span class='ocrx_word' id='word_1_412' title='bbox 1271 3349 1368 3398; x_wconf 89' lang='lat' dir='ltr'>tua</span> <span class='ocrx_word' id='word_1_413' title='bbox 1397 3347 1639 3415; x_wconf 87' lang='lat' dir='ltr'>speravi,</span> <span class='ocrx_word' id='word_1_414' title='bbox 1688 3350 1745 3399; x_wconf 89' lang='lat' dir='ltr'>et</span> <span class='ocrx_word' id='word_1_415' title='bbox 1774 3362 1960 3415; x_wconf 89' lang='lat' dir='ltr'>spero,</span> <span class='ocrx_word' id='word_1_416' title='bbox 1990 3349 2047 3399; x_wconf 91' lang='lat' dir='ltr'>et</span> 
     </span>
    </p>
   </div>
   <div class='ocr_carea' id='block_1_53' title="bbox 428 3432 2044 3506">
    <p class='ocr_par' dir='ltr' id='par_1_53' title="bbox 428 3432 2044 3506">
     <span class='ocr_line' id='line_1_53' title="bbox 428 3432 2044 3506; baseline -0.001 -18"><span class='ocrx_word' id='word_1_417' title='bbox 428 3437 694 3506; x_wconf 84' lang='lat' dir='ltr'>sperabo,</span> <span class='ocrx_word' id='word_1_418' title='bbox 726 3452 842 3489; x_wconf 89' lang='lat' dir='ltr'>non</span> <span class='ocrx_word' id='word_1_419' title='bbox 880 3434 937 3487; x_wconf 90' lang='lat' dir='ltr'>in</span> <span class='ocrx_word' id='word_1_420' title='bbox 974 3451 1087 3487; x_wconf 90' lang='lat' dir='ltr'>me.</span> <span class='ocrx_word' id='word_1_421' title='bbox 1145 3434 1210 3486; x_wconf 91' lang='lat' dir='ltr'>Et</span> <span class='ocrx_word' id='word_1_422' title='bbox 1242 3432 1375 3503; x_wconf 89' lang='lat' dir='ltr'>quia</span> <span class='ocrx_word' id='word_1_423' title='bbox 1404 3434 1516 3499; x_wconf 84' lang='lat' dir='ltr'>hic,</span> <span class='ocrx_word' id='word_1_424' title='bbox 1565 3434 1633 3487; x_wconf 83' lang='lat' dir='ltr'>In</span> <span class='ocrx_word' id='word_1_425' title='bbox 1686 3435 2044 3488; x_wconf 65' lang='lat' dir='ltr'>miserit-mdia</span> 
     </span>
    </p>
   </div>
   <div class='ocr_carea' id='block_1_54' title="bbox 431 3522 2045 3594">
    <p class='ocr_par' dir='ltr' id='par_1_54' title="bbox 431 3522 2045 3594">
     <span class='ocr_line' id='line_1_54' title="bbox 431 3522 2045 3594; baseline 0.001 -18"><span class='ocrx_word' id='word_1_426' title='bbox 431 3531 525 3577; x_wconf 87' lang='lat' dir='ltr'>tua</span> <span class='ocrx_word' id='word_1_427' title='bbox 554 3526 784 3594; x_wconf 78' lang='lat' dir='ltr'>speravi,</span> <span class='ocrx_word' id='word_1_428' title='bbox 820 3526 877 3577; x_wconf 88' lang='lat' dir='ltr'>et</span> <span class='ocrx_word' id='word_1_429' title='bbox 930 3538 1098 3592; x_wconf 87' lang='lat' dir='ltr'>spero</span> <span class='ocrx_word' id='word_1_430' title='bbox 1131 3538 1144 3576; x_wconf 73' lang='grc' dir='ltr'>ζ</span> <span class='ocrx_word' id='word_1_431' title='bbox 1178 3522 1461 3575; x_wconf 69' lang='lat' dir='ltr'>exsultabit</span> <span class='ocrx_word' id='word_1_432' title='bbox 1505 3540 1595 3575; x_wconf 84' lang='lat' dir='ltr'>cor</span> <span class='ocrx_word' id='word_1_433' title='bbox 1641 3541 1835 3589; x_wconf 87' lang='lat' dir='ltr'>meum,</span> <span class='ocrx_word' id='word_1_434' title='bbox 1872 3523 1929 3577; x_wconf 97' lang='lat' dir='ltr'>id</span> <span class='ocrx_word' id='word_1_435' title='bbox 1961 3530 2045 3577; x_wconf 90' lang='lat' dir='ltr'>est</span> 
     </span>
    </p>
   </div>
   <div class='ocr_carea' id='block_1_55' title="bbox 429 3611 2045 3677">
    <p class='ocr_par' dir='ltr' id='par_1_55' title="bbox 429 3611 2045 3677">
     <span class='ocr_line' id='line_1_55' title="bbox 429 3611 2045 3677; baseline -0.001 -10"><span class='ocrx_word' id='word_1_436' title='bbox 429 3613 625 3667; x_wconf 88' lang='lat' dir='ltr'>anima</span> <span class='ocrx_word' id='word_1_437' title='bbox 652 3629 782 3665; x_wconf 90' lang='lat' dir='ltr'>mea</span> <span class='ocrx_word' id='word_1_438' title='bbox 813 3614 867 3664; x_wconf 89' lang='lat' dir='ltr'>in</span> <span class='ocrx_word' id='word_1_439' title='bbox 904 3612 1134 3665; x_wconf 84' lang='lat' dir='ltr'>salutari</span> <span class='ocrx_word' id='word_1_440' title='bbox 1166 3611 1347 3677; x_wconf 87' lang='lat' dir='ltr'>tuo,id</span> <span class='ocrx_word' id='word_1_441' title='bbox 1375 3614 1460 3664; x_wconf 83' lang='lat' dir='ltr'>est</span> <span class='ocrx_word' id='word_1_442' title='bbox 1489 3611 1547 3664; x_wconf 92' lang='lat' dir='ltr'>in</span> <span class='ocrx_word' id='word_1_443' title='bbox 1581 3612 1827 3666; x_wconf 86' lang='lat' dir='ltr'>adventu</span> <span class='ocrx_word' id='word_1_444' title='bbox 1856 3612 2045 3666; x_wconf 88' lang='lat' dir='ltr'>Salva-</span> 
     </span>
    </p>
   </div>
   <div class='ocr_carea' id='block_1_56' title="bbox 434 3698 2042 3771">
    <p class='ocr_par' dir='ltr' id='par_1_56' title="bbox 434 3698 2042 3771">
     <span class='ocr_line' id='line_1_56' title="bbox 434 3698 2042 3771; baseline -0.001 -17"><span class='ocrx_word' id='word_1_445' title='bbox 434 3701 571 3755; x_wconf 90' lang='lat' dir='ltr'>toris</span> <span class='ocrx_word' id='word_1_446' title='bbox 600 3700 719 3753; x_wconf 83' lang='lat' dir='ltr'>Filii</span> <span class='ocrx_word' id='word_1_447' title='bbox 748 3700 850 3767; x_wconf 90' lang='lat' dir='ltr'>tui,</span> <span class='ocrx_word' id='word_1_448' title='bbox 888 3699 983 3771; x_wconf 92' lang='lat' dir='ltr'>qui</span> <span class='ocrx_word' id='word_1_449' title='bbox 1015 3715 1108 3753; x_wconf 91' lang='lat' dir='ltr'>me</span> <span class='ocrx_word' id='word_1_450' title='bbox 1132 3698 1417 3752; x_wconf 84' lang='lat' dir='ltr'>liberabit.</span> <span class='ocrx_word' id='word_1_451' title='bbox 1444 3700 1586 3752; x_wconf 79' lang='lat' dir='ltr'>Etut</span> <span class='ocrx_word' id='word_1_452' title='bbox 1615 3704 1746 3751; x_wconf 89' lang='lat' dir='ltr'>tunc</span> <span class='ocrx_word' id='word_1_453' title='bbox 1761 3700 2042 3753; x_wconf 81' lang='lat' dir='ltr'>exsultare</span> 
     </span>
    </p>
   </div>
   <div class='ocr_carea' id='block_1_57' title="bbox 431 3786 2042 3855">
    <p class='ocr_par' dir='ltr' id='par_1_57' title="bbox 431 3786 2042 3855">
     <span class='ocr_line' id='line_1_57' title="bbox 431 3786 2042 3855; baseline -0.001 -12"><span class='ocrx_word' id='word_1_454' title='bbox 431 3791 674 3855; x_wconf 85' lang='lat' dir='ltr'>valeam,</span> <span class='ocrx_word' id='word_1_455' title='bbox 692 3788 780 3842; x_wconf 89' lang='lat' dir='ltr'>hic</span> <span class='ocrx_word' id='word_1_456' title='bbox 812 3788 1047 3841; x_wconf 90' lang='lat' dir='ltr'>interim</span> <span class='ocrx_word' id='word_1_457' title='bbox 1073 3787 1303 3840; x_wconf 80' lang='lat' dir='ltr'>cantabo</span> <span class='ocrx_word' id='word_1_458' title='bbox 1326 3786 1580 3851; x_wconf 80' lang='lat' dir='ltr'>Domino,</span> <span class='ocrx_word' id='word_1_459' title='bbox 1598 3786 1652 3839; x_wconf 90' lang='lat' dir='ltr'>id</span> <span class='ocrx_word' id='word_1_460' title='bbox 1686 3791 1769 3838; x_wconf 78' lang='lat' dir='ltr'>est</span> <span class='ocrx_word' id='word_1_461' title='bbox 1796 3787 2042 3841; x_wconf 87' lang='lat' dir='ltr'>laudabo</span> 
     </span>
    </p>
   </div>
   <div class='ocr_carea' id='block_1_58' title="bbox 426 3874 2043 3945">
    <p class='ocr_par' dir='ltr' id='par_1_58' title="bbox 426 3874 2043 3945">
     <span class='ocr_line' id='line_1_58' title="bbox 426 3874 2043 3945; baseline -0.001 -15"><span class='ocrx_word' id='word_1_462' title='bbox 426 3894 560 3931; x_wconf 90' lang='lat' dir='ltr'>eum</span> <span class='ocrx_word' id='word_1_463' title='bbox 593 3879 747 3930; x_wconf 90' lang='lat' dir='ltr'>bona</span> <span class='ocrx_word' id='word_1_464' title='bbox 770 3876 1072 3929; x_wconf 78' lang='lat' dir='ltr'>affectione</span> <span class='ocrx_word' id='word_1_465' title='bbox 1107 3892 1235 3945; x_wconf 61' lang='lat' dir='ltr'>qua}</span> <span class='ocrx_word' id='word_1_466' title='bbox 1266 3874 1371 3944; x_wconf 91' lang='lat' dir='ltr'>ipsi</span> <span class='ocrx_word' id='word_1_467' title='bbox 1406 3874 1696 3927; x_wconf 72' lang='lat' dir='ltr'>canticum</span> <span class='ocrx_word' id='word_1_468' title='bbox 1720 3874 1848 3939; x_wconf 84' lang='lat' dir='ltr'>crit,</span> <span class='ocrx_word' id='word_1_469' title='bbox 1883 3875 1939 3927; x_wconf 91' lang='lat' dir='ltr'>id</span> <span class='ocrx_word' id='word_1_470' title='bbox 1958 3879 2043 3928; x_wconf 86' lang='lat' dir='ltr'>est</span> 
     </span>
    </p>
   </div>
   <div class='ocr_carea' id='block_1_59' title="bbox 428 3960 2036 4033">
    <p class='ocr_par' dir='ltr' id='par_1_59' title="bbox 428 3960 2036 4033">
     <span class='ocr_line' id='line_1_59' title="bbox 428 3960 2036 4033; baseline 0.001 -17"><span class='ocrx_word' id='word_1_471' title='bbox 428 3964 729 4019; x_wconf 87' lang='lat' dir='ltr'>delectatio</span> <span class='ocrx_word' id='word_1_472' title='bbox 746 3963 1093 4033; x_wconf 82' lang='lat' dir='ltr'>magna.Qui</span> <span class='ocrx_word' id='word_1_473' title='bbox 1108 3960 1389 4016; x_wconf 88' lang='lat' dir='ltr'>Dominus</span> <span class='ocrx_word' id='word_1_474' title='bbox 1406 3961 1597 4015; x_wconf 71' lang='lat' dir='ltr'>bribuit</span> <span class='ocrx_word' id='word_1_475' title='bbox 1613 3962 1746 4015; x_wconf 76' lang='lat' dir='ltr'>milii</span> <span class='ocrx_word' id='word_1_476' title='bbox 1760 3964 1893 4015; x_wconf 83' lang='lat' dir='ltr'>bona</span> <span class='ocrx_word' id='word_1_477' title='bbox 1912 3964 2036 4030; x_wconf 87' lang='lat' dir='ltr'>ista,</span> 
     </span>
    </p>
   </div>
   <div class='ocr_carea' id='block_1_60' title="bbox 428 4048 2034 4120">
    <p class='ocr_par' dir='ltr' id='par_1_60' title="bbox 428 4048 2034 4120">
     <span class='ocr_line' id='line_1_60' title="bbox 428 4048 2034 4120; baseline -0.001 -15"><span class='ocrx_word' id='word_1_478' title='bbox 428 4052 561 4105; x_wconf 90' lang='lat' dir='ltr'>utin</span> <span class='ocrx_word' id='word_1_479' title='bbox 576 4068 676 4104; x_wconf 89' lang='lat' dir='ltr'>sua</span> <span class='ocrx_word' id='word_1_480' title='bbox 694 4050 1086 4103; x_wconf 87' lang='lat' dir='ltr'>misericordia</span> <span class='ocrx_word' id='word_1_481' title='bbox 1099 4049 1423 4120; x_wconf 86' lang='lat' dir='ltr'>sperem.Et</span> <span class='ocrx_word' id='word_1_482' title='bbox 1436 4065 1551 4102; x_wconf 89' lang='lat' dir='ltr'>non</span> <span class='ocrx_word' id='word_1_483' title='bbox 1567 4048 1753 4101; x_wconf 90' lang='lat' dir='ltr'>solum</span> <span class='ocrx_word' id='word_1_484' title='bbox 1768 4051 2034 4117; x_wconf 89' lang='lat' dir='ltr'>cantabo,</span> 
     </span>
    </p>
   </div>
   <div class='ocr_carea' id='block_1_61' title="bbox 429 4136 2036 4207">
    <p class='ocr_par' dir='ltr' id='par_1_61' title="bbox 429 4136 2036 4207">
     <span class='ocr_line' id='line_1_61' title="bbox 429 4136 2036 4207; baseline -0.001 -14"><span class='ocrx_word' id='word_1_485' title='bbox 429 4140 528 4193; x_wconf 89' lang='lat' dir='ltr'>sed</span> <span class='ocrx_word' id='word_1_486' title='bbox 556 4139 728 4192; x_wconf 89' lang='lat' dir='ltr'>etiam</span> <span class='ocrx_word' id='word_1_487' title='bbox 764 4138 1020 4207; x_wconf 80' lang='lat' dir='ltr'>psallam,</span> <span class='ocrx_word' id='word_1_488' title='bbox 1051 4136 1108 4189; x_wconf 93' lang='lat' dir='ltr'>id</span> <span class='ocrx_word' id='word_1_489' title='bbox 1149 4140 1231 4189; x_wconf 86' lang='lat' dir='ltr'>est</span> <span class='ocrx_word' id='word_1_490' title='bbox 1274 4137 1422 4189; x_wconf 86' lang='lat' dir='ltr'>bene</span> <span class='ocrx_word' id='word_1_491' title='bbox 1463 4136 1766 4205; x_wconf 90' lang='lat' dir='ltr'>operabor.</span> <span class='ocrx_word' id='word_1_492' title='bbox 1819 4138 1884 4189; x_wconf 90' lang='lat' dir='ltr'>Et</span> <span class='ocrx_word' id='word_1_493' title='bbox 1928 4138 2036 4191; x_wconf 85' lang='lat' dir='ltr'>hoc</span> 
     </span>
    </p>
   </div>
   <div class='ocr_carea' id='block_1_62' title="bbox 2071 2954 2118 3011">
    <p class='ocr_par' dir='ltr' id='par_1_62' title="bbox 2071 2954 2118 3011">
     <span class='ocr_line' id='line_1_62' title="bbox 2071 2954 2118 3011; baseline 0 0"><span class='ocrx_word' id='word_1_494' title='bbox 2071 2954 2118 3011; x_wconf 88' lang='lat' dir='ltr'>C</span> 
     </span>
    </p>
   </div>
   <div class='ocr_carea' id='block_1_63' title="bbox 2168 1757 3778 1823">
    <p class='ocr_par' dir='ltr' id='par_1_63' title="bbox 2168 1757 3778 1823">
     <span class='ocr_line' id='line_1_63' title="bbox 2168 1757 3778 1823; baseline -0.002 -11"><span class='ocrx_word' id='word_1_495' title='bbox 2168 1760 2435 1813; x_wconf 90' lang='lat' dir='ltr'>duerunt.</span> <span class='ocrx_word' id='word_1_496' title='bbox 2473 1761 2640 1823; x_wconf 85' lang='lat' dir='ltr'>Quasi</span> <span class='ocrx_word' id='word_1_497' title='bbox 2688 1760 2873 1813; x_wconf 85' lang='lat' dir='ltr'>dicat:</span> <span class='ocrx_word' id='word_1_498' title='bbox 2916 1759 3058 1822; x_wconf 88' lang='lat' dir='ltr'>Quia</span> <span class='ocrx_word' id='word_1_499' title='bbox 3089 1759 3145 1811; x_wconf 87' lang='lat' dir='ltr'>in</span> <span class='ocrx_word' id='word_1_500' title='bbox 3194 1757 3361 1811; x_wconf 90' lang='lat' dir='ltr'>malis</span> <span class='ocrx_word' id='word_1_501' title='bbox 3408 1757 3778 1821; x_wconf 88' lang='lat' dir='ltr'>studuerunt,</span> 
     </span>
    </p>
   </div>
   <div class='ocr_carea' id='block_1_64' title="bbox 2168 1844 3776 1908">
    <p class='ocr_par' dir='ltr' id='par_1_64' title="bbox 2168 1844 3776 1908">
     <span class='ocr_line' id='line_1_64' title="bbox 2168 1844 3776 1908; baseline -0.002 -7"><span class='ocrx_word' id='word_1_502' title='bbox 2168 1849 2314 1901; x_wconf 87' lang='lat' dir='ltr'>Deus</span> <span class='ocrx_word' id='word_1_503' title='bbox 2334 1865 2432 1902; x_wconf 86' lang='lat' dir='ltr'>eos</span> <span class='ocrx_word' id='word_1_504' title='bbox 2455 1851 2772 1901; x_wconf 74' lang='lat' dir='ltr'>exsecratus</span> <span class='ocrx_word' id='word_1_505' title='bbox 2799 1851 2883 1900; x_wconf 82' lang='lat' dir='ltr'>est</span> <span class='ocrx_word' id='word_1_506' title='bbox 2914 1850 2971 1899; x_wconf 82' lang='lat' dir='ltr'>et</span> <span class='ocrx_word' id='word_1_507' title='bbox 3004 1847 3080 1899; x_wconf 84' lang='lat' dir='ltr'>sic</span> <span class='ocrx_word' id='word_1_508' title='bbox 3110 1845 3429 1899; x_wconf 70' lang='lat' dir='ltr'>excmcavit.</span> <span class='ocrx_word' id='word_1_509' title='bbox 3465 1844 3611 1908; x_wconf 89' lang='lat' dir='ltr'>Quia</span> <span class='ocrx_word' id='word_1_510' title='bbox 3640 1861 3776 1899; x_wconf 79' lang='lat' dir='ltr'>vero</span> 
     </span>
    </p>
   </div>
   <div class='ocr_carea' id='block_1_65' title="bbox 2169 1933 3775 2001">
    <p class='ocr_par' dir='ltr' id='par_1_65' title="bbox 2169 1933 3775 2001">
     <span class='ocr_line' id='line_1_65' title="bbox 2169 1933 3775 2001; baseline -0.002 -13"><span class='ocrx_word' id='word_1_511' title='bbox 2169 1936 2454 2001; x_wconf 88' lang='lat' dir='ltr'>dixerunt,</span> <span class='ocrx_word' id='word_1_512' title='bbox 2485 1937 2605 1988; x_wconf 86' lang='lat' dir='ltr'>Non</span> <span class='ocrx_word' id='word_1_513' title='bbox 2636 1939 2720 1988; x_wconf 88' lang='lat' dir='ltr'>est</span> <span class='ocrx_word' id='word_1_514' title='bbox 2749 1937 2897 1989; x_wconf 90' lang='lat' dir='ltr'>Deus</span> <span class='ocrx_word' id='word_1_515' title='bbox 2926 1951 2938 1987; x_wconf 92' lang='lat'>:</span> <span class='ocrx_word' id='word_1_516' title='bbox 2967 1935 3065 1986; x_wconf 87' lang='lat' dir='ltr'>sed</span> <span class='ocrx_word' id='word_1_517' title='bbox 3088 1934 3297 1987; x_wconf 89' lang='lat' dir='ltr'>merito</span> <span class='ocrx_word' id='word_1_518' title='bbox 3324 1933 3590 1987; x_wconf 68' lang='lat' dir='ltr'>excmcati</span> <span class='ocrx_word' id='word_1_519' title='bbox 3620 1938 3775 1998; x_wconf 88' lang='lat' dir='ltr'>sunt,</span> 
     </span>
    </p>
   </div>
   <div class='ocr_carea' id='block_1_66' title="bbox 2166 2021 3776 2094">
    <p class='ocr_par' dir='ltr' id='par_1_66' title="bbox 2166 2021 3776 2094">
     <span class='ocr_line' id='line_1_66' title="bbox 2166 2021 3776 2094; baseline -0.002 -16"><span class='ocrx_word' id='word_1_520' title='bbox 2166 2023 2321 2093; x_wconf 88' lang='lat' dir='ltr'>quod</span> <span class='ocrx_word' id='word_1_521' title='bbox 2346 2031 2549 2077; x_wconf 82' lang='lat' dir='ltr'>nonest</span> <span class='ocrx_word' id='word_1_522' title='bbox 2580 2023 2783 2094; x_wconf 87' lang='lat' dir='ltr'>aliquis</span> <span class='ocrx_word' id='word_1_523' title='bbox 2812 2023 2910 2093; x_wconf 83' lang='lat' dir='ltr'>qui</span> <span class='ocrx_word' id='word_1_524' title='bbox 2952 2023 3123 2091; x_wconf 77' lang='lat' dir='ltr'>faciat</span> <span class='ocrx_word' id='word_1_525' title='bbox 3163 2022 3374 2074; x_wconf 87' lang='lat' dir='ltr'>bonum.</span> <span class='ocrx_word' id='word_1_526' title='bbox 3420 2021 3488 2074; x_wconf 88' lang='lat' dir='ltr'>Et</span> <span class='ocrx_word' id='word_1_527' title='bbox 3540 2022 3776 2092; x_wconf 88' lang='lat' dir='ltr'>repetit,</span> 
     </span>
    </p>
   </div>
   <div class='ocr_carea' id='block_1_67' title="bbox 2166 2109 3774 2182">
    <p class='ocr_par' dir='ltr' id='par_1_67' title="bbox 2166 2109 3774 2182">
     <span class='ocr_line' id='line_1_67' title="bbox 2166 2109 3774 2182; baseline -0.001 -18"><span class='ocrx_word' id='word_1_528' title='bbox 2166 2114 2227 2164; x_wconf 90' lang='lat' dir='ltr'>ut</span> <span class='ocrx_word' id='word_1_529' title='bbox 2247 2112 2371 2182; x_wconf 88' lang='lat' dir='ltr'>plus</span> <span class='ocrx_word' id='word_1_530' title='bbox 2402 2111 2728 2182; x_wconf 85' lang='lat' dir='ltr'>exprobret.</span> <span class='ocrx_word' id='word_1_531' title='bbox 2763 2111 2892 2163; x_wconf 79' lang='lat' dir='ltr'>Non</span> <span class='ocrx_word' id='word_1_532' title='bbox 2912 2118 2985 2161; x_wconf 71' lang='lat' dir='ltr'>est</span> <span class='ocrx_word' id='word_1_533' title='bbox 3000 2110 3204 2181; x_wconf 88' lang='lat' dir='ltr'>aliquis</span> <span class='ocrx_word' id='word_1_534' title='bbox 3227 2109 3322 2180; x_wconf 92' lang='lat' dir='ltr'>qui</span> <span class='ocrx_word' id='word_1_535' title='bbox 3342 2109 3517 2163; x_wconf 85' lang='lat' dir='ltr'>faciat</span> <span class='ocrx_word' id='word_1_536' title='bbox 3530 2110 3774 2176; x_wconf 88' lang='lat' dir='ltr'>bonum,</span> 
     </span>
    </p>
   </div>
   <div class='ocr_carea' id='block_1_68' title="bbox 2165 2197 3775 2270">
    <p class='ocr_par' dir='ltr' id='par_1_68' title="bbox 2165 2197 3775 2270">
     <span class='ocr_line' id='line_1_68' title="bbox 2165 2197 3775 2270; baseline -0.002 -16"><span class='ocrx_word' id='word_1_537' title='bbox 2165 2200 2222 2254; x_wconf 91' lang='lat' dir='ltr'>id</span> <span class='ocrx_word' id='word_1_538' title='bbox 2248 2202 2332 2254; x_wconf 85' lang='lat' dir='ltr'>est</span> <span class='ocrx_word' id='word_1_539' title='bbox 2354 2218 2512 2270; x_wconf 85' lang='lat' dir='ltr'>usque</span> <span class='ocrx_word' id='word_1_540' title='bbox 2533 2199 2602 2251; x_wconf 82' lang='lat' dir='ltr'>ad</span> <span class='ocrx_word' id='word_1_541' title='bbox 2634 2217 2820 2265; x_wconf 83' lang='lat' dir='ltr'>unum,</span> <span class='ocrx_word' id='word_1_542' title='bbox 2850 2197 3228 2269; x_wconf 84' lang='lat' dir='ltr'>perveniat,id</span> <span class='ocrx_word' id='word_1_543' title='bbox 3250 2201 3335 2252; x_wconf 87' lang='lat' dir='ltr'>est</span> <span class='ocrx_word' id='word_1_544' title='bbox 3359 2198 3435 2252; x_wconf 90' lang='lat' dir='ltr'>ad</span> <span class='ocrx_word' id='word_1_545' title='bbox 3458 2197 3637 2251; x_wconf 89' lang='lat' dir='ltr'>ﬁdem</span> <span class='ocrx_word' id='word_1_546' title='bbox 3660 2199 3775 2251; x_wconf 88' lang='lat' dir='ltr'>mei</span> 
     </span>
    </p>
   </div>
   <div class='ocr_carea' id='block_1_69' title="bbox 2163 2286 3775 2359">
    <p class='ocr_par' dir='ltr' id='par_1_69' title="bbox 2163 2286 3775 2359">
     <span class='ocr_line' id='line_1_69' title="bbox 2163 2286 3775 2359; baseline -0.001 -18"><span class='ocrx_word' id='word_1_547' title='bbox 2163 2289 2259 2359; x_wconf 90' lang='lat' dir='ltr'>qui</span> <span class='ocrx_word' id='word_1_548' title='bbox 2310 2305 2457 2341; x_wconf 83' lang='lat' dir='ltr'>unus</span> <span class='ocrx_word' id='word_1_549' title='bbox 2486 2304 2635 2351; x_wconf 88' lang='lat' dir='ltr'>sum,</span> <span class='ocrx_word' id='word_1_550' title='bbox 2695 2288 2750 2340; x_wconf 86' lang='lat' dir='ltr'>id</span> <span class='ocrx_word' id='word_1_551' title='bbox 2794 2291 2898 2353; x_wconf 87' lang='lat' dir='ltr'>est,</span> <span class='ocrx_word' id='word_1_552' title='bbox 2959 2286 3284 2357; x_wconf 81' lang='lat' dir='ltr'>singularis,</span> <span class='ocrx_word' id='word_1_553' title='bbox 3341 2286 3775 2356; x_wconf 65' lang='lat' dir='ltr'>incomparabi-</span> 
     </span>
    </p>
   </div>
   <div class='ocr_carea' id='block_1_70' title="bbox 2164 2374 3770 2430">
    <p class='ocr_par' dir='ltr' id='par_1_70' title="bbox 2164 2374 3770 2430">
     <span class='ocr_line' id='line_1_70' title="bbox 2164 2374 3770 2430; baseline -0.001 -1"><span class='ocrx_word' id='word_1_554' title='bbox 2164 2377 2247 2430; x_wconf 88' lang='lat' dir='ltr'>lis.</span> <span class='ocrx_word' id='word_1_555' title='bbox 2278 2376 2471 2429; x_wconf 81' lang='lat' dir='ltr'>Nullus</span> <span class='ocrx_word' id='word_1_556' title='bbox 2500 2376 2657 2429; x_wconf 91' lang='lat' dir='ltr'>enim</span> <span class='ocrx_word' id='word_1_557' title='bbox 2693 2375 2833 2428; x_wconf 91' lang='lat' dir='ltr'>alius</span> <span class='ocrx_word' id='word_1_558' title='bbox 2865 2376 3013 2428; x_wconf 89' lang='lat' dir='ltr'>Deus</span> <span class='ocrx_word' id='word_1_559' title='bbox 3042 2378 3127 2427; x_wconf 88' lang='lat' dir='ltr'>est</span> <span class='ocrx_word' id='word_1_560' title='bbox 3164 2377 3222 2427; x_wconf 90' lang='lat' dir='ltr'>et</span> <span class='ocrx_word' id='word_1_561' title='bbox 3274 2374 3475 2427; x_wconf 86' lang='lat' dir='ltr'>homo.</span> <span class='ocrx_word' id='word_1_562' title='bbox 3522 2374 3589 2427; x_wconf 89' lang='lat' dir='ltr'>Et</span> <span class='ocrx_word' id='word_1_563' title='bbox 3620 2374 3770 2429; x_wconf 90' lang='lat' dir='ltr'>bene</span> 
     </span>
    </p>
   </div>
   <div class='ocr_carea' id='block_1_71' title="bbox 2160 2463 3771 2537">
    <p class='ocr_par' dir='ltr' id='par_1_71' title="bbox 2160 2463 3771 2537">
     <span class='ocr_line' id='line_1_71' title="bbox 2160 2463 3771 2537; baseline -0.001 -19"><span class='ocrx_word' id='word_1_564' title='bbox 2160 2465 2325 2537; x_wconf 89' lang='lat' dir='ltr'>ponit</span> <span class='ocrx_word' id='word_1_565' title='bbox 2349 2481 2361 2517; x_wconf 93' lang='lat'>:</span> <span class='ocrx_word' id='word_1_566' title='bbox 2398 2482 2512 2518; x_wconf 91' lang='lat' dir='ltr'>non</span> <span class='ocrx_word' id='word_1_567' title='bbox 2547 2468 2632 2518; x_wconf 89' lang='lat' dir='ltr'>est</span> <span class='ocrx_word' id='word_1_568' title='bbox 2651 2464 2744 2535; x_wconf 88' lang='lat' dir='ltr'>qui</span> <span class='ocrx_word' id='word_1_569' title='bbox 2766 2463 2936 2517; x_wconf 88' lang='lat' dir='ltr'>faciat</span> <span class='ocrx_word' id='word_1_570' title='bbox 2959 2464 3198 2519; x_wconf 91' lang='lat' dir='ltr'>bonum.</span> <span class='ocrx_word' id='word_1_571' title='bbox 3224 2463 3346 2517; x_wconf 79' lang='lat' dir='ltr'>Non</span> <span class='ocrx_word' id='word_1_572' title='bbox 3366 2463 3565 2533; x_wconf 90' lang='lat' dir='ltr'>estqui</span> <span class='ocrx_word' id='word_1_573' title='bbox 3590 2480 3771 2533; x_wconf 87' lang='lat' dir='ltr'>usque</span> 
     </span>
    </p>
   </div>
   <div class='ocr_carea' id='block_1_72' title="bbox 2159 2550 3764 2623">
    <p class='ocr_par' dir='ltr' id='par_1_72' title="bbox 2159 2550 3764 2623">
     <span class='ocr_line' id='line_1_72' title="bbox 2159 2550 3764 2623; baseline -0.001 -16"><span class='ocrx_word' id='word_1_574' title='bbox 2159 2554 2231 2607; x_wconf 89' lang='lat' dir='ltr'>ad</span> <span class='ocrx_word' id='word_1_575' title='bbox 2264 2569 2447 2607; x_wconf 89' lang='lat' dir='ltr'>unum</span> <span class='ocrx_word' id='word_1_576' title='bbox 2468 2552 2763 2623; x_wconf 87' lang='lat' dir='ltr'>perveniat</span> <span class='ocrx_word' id='word_1_577' title='bbox 2792 2569 2803 2605; x_wconf 93' lang='lat'>:</span> <span class='ocrx_word' id='word_1_578' title='bbox 2839 2551 3047 2605; x_wconf 88' lang='lat' dir='ltr'>eodem</span> <span class='ocrx_word' id='word_1_579' title='bbox 3074 2551 3132 2604; x_wconf 88' lang='lat' dir='ltr'>in</span> <span class='ocrx_word' id='word_1_580' title='bbox 3160 2550 3467 2621; x_wconf 84' lang='lat' dir='ltr'>Evangelio</span> <span class='ocrx_word' id='word_1_581' title='bbox 3492 2554 3764 2605; x_wconf 81' lang='lat' dir='ltr'>testante.</span> 
     </span>
    </p>
   </div>
   <div class='ocr_carea' id='block_1_73' title="bbox 2160 2638 3768 2711">
    <p class='ocr_par' dir='ltr' id='par_1_73' title="bbox 2160 2638 3768 2711">
     <span class='ocr_line' id='line_1_73' title="bbox 2160 2638 3768 2711; baseline 0.001 -19"><span class='ocrx_word' id='word_1_582' title='bbox 2160 2664 2187 2692; x_wconf 86' lang='lat'><strong>«</strong></span> <span class='ocrx_word' id='word_1_583' title='bbox 2216 2640 2351 2695; x_wconf 88' lang='lat' dir='ltr'>Sine</span> <span class='ocrx_word' id='word_1_584' title='bbox 2385 2658 2477 2694; x_wconf 91' lang='lat' dir='ltr'>me</span> <span class='ocrx_word' id='word_1_585' title='bbox 2509 2640 2648 2693; x_wconf 82' lang='lat' dir='ltr'>nihil</span> <span class='ocrx_word' id='word_1_586' title='bbox 2683 2639 2919 2711; x_wconf 86' lang='lat' dir='ltr'>potestis</span> <span class='ocrx_word' id='word_1_587' title='bbox 2948 2640 3135 2693; x_wconf 87' lang='lat' dir='ltr'>facere</span> <span class='ocrx_word' id='word_1_588' title='bbox 3162 2638 3342 2710; x_wconf 88' lang='lat' dir='ltr'>(Joan.</span> <span class='ocrx_word' id='word_1_589' title='bbox 3368 2655 3458 2705; x_wconf 87' lang='lat' dir='ltr'>xv,</span> <span class='ocrx_word' id='word_1_590' title='bbox 3486 2640 3561 2708; x_wconf 80' lang='grc'>5).</span> <span class='ocrx_word' id='word_1_591' title='bbox 3597 2662 3623 2685; x_wconf 86' lang='grc'><strong>››</strong></span> <span class='ocrx_word' id='word_1_592' title='bbox 3656 2641 3768 2709; x_wconf 90' lang='lat' dir='ltr'>Ipsi</span> 
     </span>
    </p>
   </div>
   <div class='ocr_carea' id='block_1_74' title="bbox 2155 2726 3768 2791">
    <p class='ocr_par' dir='ltr' id='par_1_74' title="bbox 2155 2726 3768 2791">
     <span class='ocr_line' id='line_1_74' title="bbox 2155 2726 3768 2791; baseline -0.002 -7"><span class='ocrx_word' id='word_1_593' title='bbox 2155 2731 2382 2784; x_wconf 91' lang='lat' dir='ltr'>dicunt:</span> <span class='ocrx_word' id='word_1_594' title='bbox 2416 2732 2541 2784; x_wconf 85' lang='lat' dir='ltr'>Non</span> <span class='ocrx_word' id='word_1_595' title='bbox 2572 2733 2655 2783; x_wconf 87' lang='lat' dir='ltr'>est</span> <span class='ocrx_word' id='word_1_596' title='bbox 2688 2731 2865 2782; x_wconf 86' lang='lat' dir='ltr'>Deus:</span> <span class='ocrx_word' id='word_1_597' title='bbox 2900 2744 3028 2780; x_wconf 90' lang='lat' dir='ltr'>cum</span> <span class='ocrx_word' id='word_1_598' title='bbox 3063 2731 3261 2780; x_wconf 87' lang='lat' dir='ltr'>tamen</span> <span class='ocrx_word' id='word_1_599' title='bbox 3290 2726 3579 2791; x_wconf 82' lang='lat' dir='ltr'>Dominus,</span> <span class='ocrx_word' id='word_1_600' title='bbox 3604 2726 3768 2781; x_wconf 88' lang='lat' dir='ltr'>idest</span> 
     </span>
    </p>
   </div>
   <div class='ocr_carea' id='block_1_75' title="bbox 2154 2815 3764 2881">
    <p class='ocr_par' dir='ltr' id='par_1_75' title="bbox 2154 2815 3764 2881">
     <span class='ocr_line' id='line_1_75' title="bbox 2154 2815 3764 2881; baseline -0.003 -9"><span class='ocrx_word' id='word_1_601' title='bbox 2154 2819 2301 2872; x_wconf 91' lang='lat' dir='ltr'>Deus</span> <span class='ocrx_word' id='word_1_602' title='bbox 2332 2818 2473 2872; x_wconf 88' lang='lat' dir='ltr'>mibi</span> <span class='ocrx_word' id='word_1_603' title='bbox 2504 2816 2692 2871; x_wconf 90' lang='lat' dir='ltr'>unitns</span> <span class='ocrx_word' id='word_1_604' title='bbox 2721 2832 2733 2868; x_wconf 89' lang='lat'>:</span> <span class='ocrx_word' id='word_1_605' title='bbox 2766 2815 2830 2868; x_wconf 74' lang='lat' dir='ltr'>(le</span> <span class='ocrx_word' id='word_1_606' title='bbox 2857 2816 2997 2881; x_wconf 77' lang='lat' dir='ltr'>cwlo,</span> <span class='ocrx_word' id='word_1_607' title='bbox 3042 2815 3099 2867; x_wconf 90' lang='lat' dir='ltr'>id</span> <span class='ocrx_word' id='word_1_608' title='bbox 3131 2818 3216 2868; x_wconf 89' lang='lat' dir='ltr'>est</span> <span class='ocrx_word' id='word_1_609' title='bbox 3246 2815 3315 2867; x_wconf 88' lang='lat' dir='ltr'>de</span> <span class='ocrx_word' id='word_1_610' title='bbox 3355 2831 3418 2867; x_wconf 90' lang='lat' dir='ltr'>re</span> <span class='ocrx_word' id='word_1_611' title='bbox 3476 2816 3620 2868; x_wconf 82' lang='lat' dir='ltr'>coelo</span> <span class='ocrx_word' id='word_1_612' title='bbox 3649 2831 3764 2867; x_wconf 70' lang='grc' dir='ltr'>ραι-</span> 
     </span>
    </p>
   </div>
   <div class='ocr_carea' id='block_1_76' title="bbox 2151 2903 3761 2975">
    <p class='ocr_par' dir='ltr' id='par_1_76' title="bbox 2151 2903 3761 2975">
     <span class='ocr_line' id='line_1_76' title="bbox 2151 2903 3761 2975; baseline -0.002 -16"><span class='ocrx_word' id='word_1_613' title='bbox 2151 2907 2437 2974; x_wconf 89' lang='lat' dir='ltr'>lorum,an</span> <span class='ocrx_word' id='word_1_614' title='bbox 2447 2904 2843 2970; x_wconf 87' lang='lat' dir='ltr'>tonomastice,</span> <span class='ocrx_word' id='word_1_615' title='bbox 2857 2905 3126 2973; x_wconf 71' lang='lat' dir='ltr'>prospexit</span> <span class='ocrx_word' id='word_1_616' title='bbox 3144 2919 3299 2975; x_wconf 80' lang='lat' dir='ltr'>super</span> <span class='ocrx_word' id='word_1_617' title='bbox 3309 2903 3446 2970; x_wconf 79' lang='lat' dir='ltr'>ﬁlios</span> <span class='ocrx_word' id='word_1_618' title='bbox 3459 2903 3761 2965; x_wconf 85' lang='lat' dir='ltr'>hominum,</span> 
     </span>
    </p>
   </div>
   <div class='ocr_carea' id='block_1_77' title="bbox 2150 2990 3761 3061">
    <p class='ocr_par' dir='ltr' id='par_1_77' title="bbox 2150 2990 3761 3061">
     <span class='ocr_line' id='line_1_77' title="bbox 2150 2990 3761 3061; baseline 0 -15"><span class='ocrx_word' id='word_1_619' title='bbox 2150 2993 2207 3048; x_wconf 93' lang='lat' dir='ltr'>id</span> <span class='ocrx_word' id='word_1_620' title='bbox 2238 2999 2325 3049; x_wconf 84' lang='lat' dir='ltr'>est</span> <span class='ocrx_word' id='word_1_621' title='bbox 2348 2994 2593 3049; x_wconf 69' lang='lat' dir='ltr'>Judzeos.</span> <span class='ocrx_word' id='word_1_622' title='bbox 2644 2993 2709 3046; x_wconf 87' lang='lat' dir='ltr'>Et</span> <span class='ocrx_word' id='word_1_623' title='bbox 2728 2992 2877 3046; x_wconf 89' lang='lat' dir='ltr'>bene</span> <span class='ocrx_word' id='word_1_624' title='bbox 2908 2990 3065 3058; x_wconf 85' lang='lat' dir='ltr'>dicit,</span> <span class='ocrx_word' id='word_1_625' title='bbox 3089 2993 3365 3061; x_wconf 73' lang='lat' dir='ltr'>prospexit</span> <span class='ocrx_word' id='word_1_626' title='bbox 3405 3008 3582 3061; x_wconf 82' lang='lat' dir='ltr'>super.</span> <span class='ocrx_word' id='word_1_627' title='bbox 3613 2992 3761 3046; x_wconf 80' lang='lat' dir='ltr'>Nam</span> 
     </span>
    </p>
   </div>
   <div class='ocr_carea' id='block_1_78' title="bbox 2149 3078 3764 3153">
    <p class='ocr_par' dir='ltr' id='par_1_78' title="bbox 2149 3078 3764 3153">
     <span class='ocr_line' id='line_1_78' title="bbox 2149 3078 3764 3153; baseline -0.001 -17"><span class='ocrx_word' id='word_1_628' title='bbox 2149 3082 2245 3152; x_wconf 91' lang='lat' dir='ltr'>qui</span> <span class='ocrx_word' id='word_1_629' title='bbox 2277 3083 2525 3153; x_wconf 86' lang='lat' dir='ltr'>aliquem</span> <span class='ocrx_word' id='word_1_630' title='bbox 2559 3082 2629 3135; x_wconf 91' lang='lat' dir='ltr'>de</span> <span class='ocrx_word' id='word_1_631' title='bbox 2662 3080 2941 3151; x_wconf 91' lang='lat' dir='ltr'>superiori</span> <span class='ocrx_word' id='word_1_632' title='bbox 2972 3080 3147 3133; x_wconf 89' lang='lat' dir='ltr'>domo</span> <span class='ocrx_word' id='word_1_633' title='bbox 3174 3095 3277 3149; x_wconf 89' lang='lat' dir='ltr'>per</span> <span class='ocrx_word' id='word_1_634' title='bbox 3300 3078 3619 3134; x_wconf 87' lang='lat' dir='ltr'>fenestram</span> <span class='ocrx_word' id='word_1_635' title='bbox 3632 3095 3764 3150; x_wconf 83' lang='lat' dir='ltr'>pro-</span> 
     </span>
    </p>
   </div>
   <div class='ocr_carea' id='block_1_79' title="bbox 2148 3154 3759 3251">
    <p class='ocr_par' dir='ltr' id='par_1_79' title="bbox 2148 3154 3759 3251">
     <span class='ocr_line' id='line_1_79' title="bbox 2148 3154 3759 3251; baseline -0.001 -29"><span class='ocrx_word' id='word_1_636' title='bbox 2148 3170 2334 3239; x_wconf 86' lang='lat' dir='ltr'>spicit,</span> <span class='ocrx_word' id='word_1_637' title='bbox 2369 3170 2629 3241; x_wconf 72' lang='lat' dir='ltr'>superior</span> <span class='ocrx_word' id='word_1_638' title='bbox 2660 3173 2745 3251; x_wconf 71' lang='lat' dir='ltr'>est</span> <span class='ocrx_word' id='word_1_639' title='bbox 2784 3185 2797 3222; x_wconf 89' lang='lat'>:</span> <span class='ocrx_word' id='word_1_640' title='bbox 2835 3184 2950 3222; x_wconf 90' lang='lat' dir='ltr'>non</span> <span class='ocrx_word' id='word_1_641' title='bbox 2983 3184 3047 3220; x_wconf 80' lang='lat' dir='ltr'>ex</span> <span class='ocrx_word' id='word_1_642' title='bbox 3083 3169 3200 3220; x_wconf 88' lang='lat' dir='ltr'>toto</span> <span class='ocrx_word' id='word_1_643' title='bbox 3259 3184 3315 3220; x_wconf 90' lang='lat' dir='ltr'>se</span> <span class='ocrx_word' id='word_1_644' title='bbox 3375 3154 3759 3234; x_wconf 85' lang='lat' dir='ltr'>abscondens,</span> 
     </span>
    </p>
   </div>
   <div class='ocr_carea' id='block_1_80' title="bbox 2151 3254 3758 3313">
    <p class='ocr_par' dir='ltr' id='par_1_80' title="bbox 2151 3254 3758 3313">
     <span class='ocr_line' id='line_1_80' title="bbox 2151 3254 3758 3313; baseline -0.001 -3"><span class='ocrx_word' id='word_1_645' title='bbox 2151 3275 2253 3311; x_wconf 90' lang='lat' dir='ltr'>nec</span> <span class='ocrx_word' id='word_1_646' title='bbox 2279 3275 2346 3312; x_wconf 83' lang='lat' dir='ltr'>ex</span> <span class='ocrx_word' id='word_1_647' title='bbox 2378 3262 2498 3313; x_wconf 91' lang='lat' dir='ltr'>toto</span> <span class='ocrx_word' id='word_1_648' title='bbox 2526 3257 2903 3312; x_wconf 86' lang='lat' dir='ltr'>manifestans</span> <span class='ocrx_word' id='word_1_649' title='bbox 2927 3273 2939 3309; x_wconf 92' lang='lat'>:</span> <span class='ocrx_word' id='word_1_650' title='bbox 2977 3256 3055 3308; x_wconf 86' lang='lat' dir='ltr'>ita</span> <span class='ocrx_word' id='word_1_651' title='bbox 3071 3257 3128 3309; x_wconf 85' lang='lat' dir='ltr'>et</span> <span class='ocrx_word' id='word_1_652' title='bbox 3152 3254 3462 3309; x_wconf 80' lang='lat' dir='ltr'>divinitatis</span> <span class='ocrx_word' id='word_1_653' title='bbox 3498 3256 3758 3310; x_wconf 82' lang='lat' dir='ltr'>clemen-</span> 
     </span>
    </p>
   </div>
   <div class='ocr_carea' id='block_1_81' title="bbox 2146 3344 3762 3418">
    <p class='ocr_par' dir='ltr' id='par_1_81' title="bbox 2146 3344 3762 3418">
     <span class='ocr_line' id='line_1_81' title="bbox 2146 3344 3762 3418; baseline -0.002 -17"><span class='ocrx_word' id='word_1_654' title='bbox 2146 3346 2226 3401; x_wconf 85' lang='lat' dir='ltr'>tia</span> <span class='ocrx_word' id='word_1_655' title='bbox 2255 3364 2359 3418; x_wconf 89' lang='lat' dir='ltr'>per</span> <span class='ocrx_word' id='word_1_656' title='bbox 2387 3346 2754 3402; x_wconf 90' lang='lat' dir='ltr'>Dominicum</span> <span class='ocrx_word' id='word_1_657' title='bbox 2774 3344 3073 3400; x_wconf 82' lang='lat' dir='ltr'>hominem</span> <span class='ocrx_word' id='word_1_658' title='bbox 3088 3361 3147 3398; x_wconf 90' lang='lat' dir='ltr'>se</span> <span class='ocrx_word' id='word_1_659' title='bbox 3162 3361 3226 3398; x_wconf 85' lang='lat' dir='ltr'>ex</span> <span class='ocrx_word' id='word_1_660' title='bbox 3240 3346 3408 3415; x_wconf 86' lang='lat' dir='ltr'>parte</span> <span class='ocrx_word' id='word_1_661' title='bbox 3424 3345 3762 3399; x_wconf 85' lang='lat' dir='ltr'>manifesta-</span> 
     </span>
    </p>
   </div>
   <div class='ocr_carea' id='block_1_82' title="bbox 2147 3431 3762 3504">
    <p class='ocr_par' dir='ltr' id='par_1_82' title="bbox 2147 3431 3762 3504">
     <span class='ocr_line' id='line_1_82' title="bbox 2147 3431 3762 3504; baseline -0.001 -16"><span class='ocrx_word' id='word_1_662' title='bbox 2147 3436 2224 3489; x_wconf 92' lang='lat' dir='ltr'>vit</span> <span class='ocrx_word' id='word_1_663' title='bbox 2244 3435 2632 3502; x_wconf 84' lang='lat' dir='ltr'>inferioribus,</span> <span class='ocrx_word' id='word_1_664' title='bbox 2661 3437 3002 3487; x_wconf 89' lang='lat' dir='ltr'>cumtamen</span> <span class='ocrx_word' id='word_1_665' title='bbox 3018 3433 3159 3487; x_wconf 89' lang='lat' dir='ltr'>nulli</span> <span class='ocrx_word' id='word_1_666' title='bbox 3175 3431 3405 3504; x_wconf 84' lang='lat' dir='ltr'>cognita</span> <span class='ocrx_word' id='word_1_667' title='bbox 3434 3436 3582 3487; x_wconf 86' lang='lat' dir='ltr'>esset</span> <span class='ocrx_word' id='word_1_668' title='bbox 3598 3433 3762 3504; x_wconf 84' lang='lat' dir='ltr'>peni-</span> 
     </span>
    </p>
   </div>
   <div class='ocr_carea' id='block_1_83' title="bbox 2144 3520 3758 3594">
    <p class='ocr_par' dir='ltr' id='par_1_83' title="bbox 2144 3520 3758 3594">
     <span class='ocr_line' id='line_1_83' title="bbox 2144 3520 3758 3594; baseline -0.001 -17"><span class='ocrx_word' id='word_1_669' title='bbox 2144 3527 2253 3577; x_wconf 87' lang='lat' dir='ltr'>tus.</span> <span class='ocrx_word' id='word_1_670' title='bbox 2290 3524 2355 3577; x_wconf 87' lang='lat' dir='ltr'>Et</span> <span class='ocrx_word' id='word_1_671' title='bbox 2385 3523 2457 3577; x_wconf 90' lang='lat' dir='ltr'>ad</span> <span class='ocrx_word' id='word_1_672' title='bbox 2488 3524 2597 3577; x_wconf 90' lang='lat' dir='ltr'>hoc</span> <span class='ocrx_word' id='word_1_673' title='bbox 2627 3522 2948 3594; x_wconf 81' lang='lat' dir='ltr'>prospexit:</span> <span class='ocrx_word' id='word_1_674' title='bbox 3002 3528 3061 3575; x_wconf 89' lang='lat' dir='ltr'>ut</span> <span class='ocrx_word' id='word_1_675' title='bbox 3090 3521 3284 3588; x_wconf 81' lang='lat' dir='ltr'>videat,</span> <span class='ocrx_word' id='word_1_676' title='bbox 3334 3520 3390 3575; x_wconf 91' lang='lat' dir='ltr'>id</span> <span class='ocrx_word' id='word_1_677' title='bbox 3422 3524 3508 3575; x_wconf 86' lang='lat' dir='ltr'>est</span> <span class='ocrx_word' id='word_1_678' title='bbox 3561 3522 3758 3576; x_wconf 87' lang='lat' dir='ltr'>videre</span> 
     </span>
    </p>
   </div>
   <div class='ocr_carea' id='block_1_84' title="bbox 2143 3608 3758 3681">
    <p class='ocr_par' dir='ltr' id='par_1_84' title="bbox 2143 3608 3758 3681">
     <span class='ocr_line' id='line_1_84' title="bbox 2143 3608 3758 3681; baseline -0.001 -16"><span class='ocrx_word' id='word_1_679' title='bbox 2143 3611 2315 3665; x_wconf 88' lang='lat' dir='ltr'>faciat</span> <span class='ocrx_word' id='word_1_680' title='bbox 2344 3610 2566 3666; x_wconf 85' lang='lat' dir='ltr'>suos.Si</span> <span class='ocrx_word' id='word_1_681' title='bbox 2587 3610 2729 3665; x_wconf 86' lang='lat' dir='ltr'>estin</span> <span class='ocrx_word' id='word_1_682' title='bbox 2759 3610 2991 3665; x_wconf 79' lang='lat' dir='ltr'>Iudaico</span> <span class='ocrx_word' id='word_1_683' title='bbox 3004 3610 3218 3681; x_wconf 88' lang='lat' dir='ltr'>populo</span> <span class='ocrx_word' id='word_1_684' title='bbox 3236 3608 3441 3680; x_wconf 89' lang='lat' dir='ltr'>aliquis</span> <span class='ocrx_word' id='word_1_685' title='bbox 3458 3610 3758 3679; x_wconf 69' lang='lat' dir='ltr'>intelligens</span> 
     </span>
    </p>
   </div>
   <div class='ocr_carea' id='block_1_85' title="bbox 2143 3697 3755 3770">
    <p class='ocr_par' dir='ltr' id='par_1_85' title="bbox 2143 3697 3755 3770">
     <span class='ocr_line' id='line_1_85' title="bbox 2143 3697 3755 3770; baseline 0 -19"><span class='ocrx_word' id='word_1_686' title='bbox 2143 3699 2326 3770; x_wconf 70' lang='lat' dir='ltr'>Deum</span> <span class='ocrx_word' id='word_1_687' title='bbox 2353 3699 2505 3752; x_wconf 88' lang='lat' dir='ltr'>ﬁde:</span> <span class='ocrx_word' id='word_1_688' title='bbox 2539 3705 2635 3752; x_wconf 85' lang='lat' dir='ltr'>aut</span> <span class='ocrx_word' id='word_1_689' title='bbox 2662 3700 2930 3770; x_wconf 83' lang='lat' dir='ltr'>requirens</span> <span class='ocrx_word' id='word_1_690' title='bbox 2962 3698 3117 3752; x_wconf 89' lang='lat' dir='ltr'>bona</span> <span class='ocrx_word' id='word_1_691' title='bbox 3149 3697 3512 3769; x_wconf 81' lang='lat' dir='ltr'>Operatione.</span> <span class='ocrx_word' id='word_1_692' title='bbox 3548 3698 3649 3751; x_wconf 78' lang='lat' dir='ltr'>Vel</span> <span class='ocrx_word' id='word_1_693' title='bbox 3672 3698 3755 3751; x_wconf 87' lang='lat' dir='ltr'>sic</span> 
     </span>
    </p>
   </div>
   <div class='ocr_carea' id='block_1_86' title="bbox 2142 3769 3751 3858">
    <p class='ocr_par' dir='ltr' id='par_1_86' title="bbox 2142 3769 3751 3858">
     <span class='ocr_line' id='line_1_86' title="bbox 2142 3769 3751 3858; baseline 0.001 -19"><span class='ocrx_word' id='word_1_694' title='bbox 2142 3769 2272 3856; x_wconf 82' lang='lat'>36</span> <span class='ocrx_word' id='word_1_695' title='bbox 2300 3787 2510 3853; x_wconf 86' lang='lat' dir='ltr'>videat,</span> <span class='ocrx_word' id='word_1_696' title='bbox 2539 3787 2595 3840; x_wconf 89' lang='lat' dir='ltr'>id</span> <span class='ocrx_word' id='word_1_697' title='bbox 2637 3769 2740 3840; x_wconf 86' lang='lat' dir='ltr'>est</span> <span class='ocrx_word' id='word_1_698' title='bbox 2765 3786 2863 3858; x_wconf 90' lang='lat' dir='ltr'>qui</span> <span class='ocrx_word' id='word_1_699' title='bbox 2905 3786 3060 3856; x_wconf 90' lang='lat' dir='ltr'>prius</span> <span class='ocrx_word' id='word_1_700' title='bbox 3099 3786 3464 3856; x_wconf 87' lang='lat' dir='ltr'>providentia</span> <span class='ocrx_word' id='word_1_701' title='bbox 3498 3785 3751 3853; x_wconf 82' lang='lat' dir='ltr'>videbat,</span> 
     </span>
    </p>
   </div>
   <div class='ocr_carea' id='block_1_87' title="bbox 2141 3873 3753 3947">
    <p class='ocr_par' dir='ltr' id='par_1_87' title="bbox 2141 3873 3753 3947">
     <span class='ocr_line' id='line_1_87' title="bbox 2141 3873 3753 3947; baseline 0.001 -20"><span class='ocrx_word' id='word_1_702' title='bbox 2141 3874 2332 3929; x_wconf 89' lang='lat' dir='ltr'>videat</span> <span class='ocrx_word' id='word_1_703' title='bbox 2362 3876 2483 3946; x_wconf 87' lang='lat' dir='ltr'>ipsa</span> <span class='ocrx_word' id='word_1_704' title='bbox 2510 3875 2590 3929; x_wconf 91' lang='lat' dir='ltr'>rei</span> <span class='ocrx_word' id='word_1_705' title='bbox 2625 3874 2977 3947; x_wconf 85' lang='lat' dir='ltr'>experientia</span> <span class='ocrx_word' id='word_1_706' title='bbox 3007 3890 3018 3927; x_wconf 95' lang='lat'>:</span> <span class='ocrx_word' id='word_1_707' title='bbox 3048 3873 3092 3927; x_wconf 87' lang='lat' dir='ltr'>si</span> <span class='ocrx_word' id='word_1_708' title='bbox 3116 3878 3202 3929; x_wconf 87' lang='lat' dir='ltr'>est</span> <span class='ocrx_word' id='word_1_709' title='bbox 3232 3873 3584 3945; x_wconf 87' lang='lat' dir='ltr'>intelligens,</span> <span class='ocrx_word' id='word_1_710' title='bbox 3615 3878 3753 3941; x_wconf 86' lang='lat' dir='ltr'>etc.,</span> 
     </span>
    </p>
   </div>
   <div class='ocr_carea' id='block_1_88' title="bbox 2140 3961 3754 4029">
    <p class='ocr_par' dir='ltr' id='par_1_88' title="bbox 2140 3961 3754 4029">
     <span class='ocr_line' id='line_1_88' title="bbox 2140 3961 3754 4029; baseline 0.001 -14"><span class='ocrx_word' id='word_1_711' title='bbox 2140 3961 2199 4015; x_wconf 94' lang='lat' dir='ltr'>id</span> <span class='ocrx_word' id='word_1_712' title='bbox 2224 3966 2310 4016; x_wconf 88' lang='lat' dir='ltr'>est</span> <span class='ocrx_word' id='word_1_713' title='bbox 2337 3964 2409 4017; x_wconf 89' lang='lat' dir='ltr'>ad</span> <span class='ocrx_word' id='word_1_714' title='bbox 2434 3964 2544 4019; x_wconf 86' lang='lat' dir='ltr'>hoc</span> <span class='ocrx_word' id='word_1_715' title='bbox 2576 3962 2728 4018; x_wconf 89' lang='lat' dir='ltr'>venit</span> <span class='ocrx_word' id='word_1_716' title='bbox 2779 3965 2841 4017; x_wconf 87' lang='lat' dir='ltr'>ut</span> <span class='ocrx_word' id='word_1_717' title='bbox 2870 3962 3286 4017; x_wconf 78' lang='lat' dir='ltr'>inexcusabiles</span> <span class='ocrx_word' id='word_1_718' title='bbox 3319 3962 3453 4029; x_wconf 88' lang='lat' dir='ltr'>sint,</span> <span class='ocrx_word' id='word_1_719' title='bbox 3495 3964 3643 4017; x_wconf 88' lang='lat' dir='ltr'>sicut</span> <span class='ocrx_word' id='word_1_720' title='bbox 3689 3963 3754 4018; x_wconf 89' lang='lat' dir='ltr'>in</span> 
     </span>
    </p>
   </div>
   <div class='ocr_carea' id='block_1_89' title="bbox 2138 4050 3753 4123">
    <p class='ocr_par' dir='ltr' id='par_1_89' title="bbox 2138 4050 3753 4123">
     <span class='ocr_line' id='line_1_89' title="bbox 2138 4050 3753 4123; baseline 0.001 -20"><span class='ocrx_word' id='word_1_721' title='bbox 2138 4051 2446 4123; x_wconf 81' lang='lat' dir='ltr'>Evangelio</span> <span class='ocrx_word' id='word_1_722' title='bbox 2475 4052 2630 4106; x_wconf 91' lang='lat' dir='ltr'>idem</span> <span class='ocrx_word' id='word_1_723' title='bbox 2662 4051 2801 4106; x_wconf 89' lang='lat' dir='ltr'>dicit</span> <span class='ocrx_word' id='word_1_724' title='bbox 2828 4068 2840 4105; x_wconf 93' lang='lat'>:</span> <span class='ocrx_word' id='word_1_725' title='bbox 2873 4050 2976 4106; x_wconf 82' lang='lat' dir='ltr'>«Si</span> <span class='ocrx_word' id='word_1_726' title='bbox 3006 4068 3124 4107; x_wconf 89' lang='lat' dir='ltr'>non</span> <span class='ocrx_word' id='word_1_727' title='bbox 3146 4051 3429 4106; x_wconf 87' lang='lat' dir='ltr'>venissem</span> <span class='ocrx_word' id='word_1_728' title='bbox 3445 4054 3503 4105; x_wconf 89' lang='lat' dir='ltr'>et</span> <span class='ocrx_word' id='word_1_729' title='bbox 3527 4052 3753 4106; x_wconf 83' lang='lat' dir='ltr'>locutus</span> 
     </span>
    </p>
   </div>
   <div class='ocr_carea' id='block_1_90' title="bbox 2137 4138 3749 4210">
    <p class='ocr_par' dir='ltr' id='par_1_90' title="bbox 2137 4138 3749 4210">
     <span class='ocr_line' id='line_1_90' title="bbox 2137 4138 3749 4210; baseline 0.001 -19"><span class='ocrx_word' id='word_1_730' title='bbox 2137 4138 2219 4192; x_wconf 86' lang='lat' dir='ltr'>eis</span> <span class='ocrx_word' id='word_1_731' title='bbox 2244 4157 2362 4193; x_wconf 90' lang='lat' dir='ltr'>non</span> <span class='ocrx_word' id='word_1_732' title='bbox 2388 4139 2644 4206; x_wconf 88' lang='lat' dir='ltr'>fuissem,</span> <span class='ocrx_word' id='word_1_733' title='bbox 2698 4142 2996 4210; x_wconf 86' lang='lat' dir='ltr'>peccatum</span> <span class='ocrx_word' id='word_1_734' title='bbox 3056 4157 3175 4195; x_wconf 90' lang='lat' dir='ltr'>non</span> <span class='ocrx_word' id='word_1_735' title='bbox 3236 4139 3539 4195; x_wconf 87' lang='lat' dir='ltr'>haberent.</span> <span class='ocrx_word' id='word_1_736' title='bbox 3588 4140 3749 4193; x_wconf 74' lang='lat' dir='ltr'>Nunc</span> 
     </span>
    </p>
   </div>
   <div class='ocr_carea' id='block_1_91' title="bbox 430 4224 3747 4297">
    <p class='ocr_par' dir='ltr' id='par_1_91' title="bbox 430 4224 3747 4297">
     <span class='ocr_line' id='line_1_91' title="bbox 430 4224 3747 4297; baseline 0 -16"><span class='ocrx_word' id='word_1_737' title='bbox 430 4244 547 4281; x_wconf 91' lang='lat' dir='ltr'>non</span> <span class='ocrx_word' id='word_1_738' title='bbox 580 4227 652 4280; x_wconf 88' lang='lat' dir='ltr'>ad</span> <span class='ocrx_word' id='word_1_739' title='bbox 679 4225 1028 4296; x_wconf 88' lang='lat' dir='ltr'>superbiam,</span> <span class='ocrx_word' id='word_1_740' title='bbox 1056 4224 1155 4277; x_wconf 90' lang='lat' dir='ltr'>sed</span> <span class='ocrx_word' id='word_1_741' title='bbox 1183 4224 1359 4276; x_wconf 87' lang='lat' dir='ltr'>etiam</span> <span class='ocrx_word' id='word_1_742' title='bbox 1394 4225 1599 4277; x_wconf 85' lang='lat' dir='ltr'>nomini</span> <span class='ocrx_word' id='word_1_743' title='bbox 1639 4224 1863 4278; x_wconf 82' lang='lat' dir='ltr'>Domini</span> <span class='ocrx_word' id='word_1_744' title='bbox 1887 4225 2034 4278; x_wconf 81' lang='lat' dir='ltr'>altis-</span> <span class='ocrx_word' id='word_1_745' title='bbox 2058 4233 2110 4290; x_wconf 88' lang='lat' dir='ltr'><strong>D</strong></span> <span class='ocrx_word' id='word_1_746' title='bbox 2136 4229 2330 4281; x_wconf 88' lang='lat' dir='ltr'>autem</span> <span class='ocrx_word' id='word_1_747' title='bbox 2361 4227 2772 4282; x_wconf 84' lang='lat' dir='ltr'>inexcusabiles</span> <span class='ocrx_word' id='word_1_748' title='bbox 2793 4230 2925 4282; x_wconf 88' lang='lat' dir='ltr'>sunt</span> <span class='ocrx_word' id='word_1_749' title='bbox 2940 4227 3010 4281; x_wconf 89' lang='lat' dir='ltr'>de</span> <span class='ocrx_word' id='word_1_750' title='bbox 3041 4229 3279 4297; x_wconf 83' lang='lat' dir='ltr'>peccato</span> <span class='ocrx_word' id='word_1_751' title='bbox 3310 4244 3412 4282; x_wconf 89' lang='lat' dir='ltr'>suo</span> <span class='ocrx_word' id='word_1_752' title='bbox 3446 4227 3627 4297; x_wconf 77' lang='lat' dir='ltr'>(Joan.</span> <span class='ocrx_word' id='word_1_753' title='bbox 3656 4244 3747 4289; x_wconf 82' lang='lat' dir='ltr'>xv.</span> 
     </span>
    </p>
   </div>
   <div class='ocr_carea' id='block_1_92' title="bbox 427 4312 2033 4381">
    <p class='ocr_par' dir='ltr' id='par_1_92' title="bbox 427 4312 2033 4381">
     <span class='ocr_line' id='line_1_92' title="bbox 427 4312 2033 4381; baseline -0.001 -12"><span class='ocrx_word' id='word_1_754' title='bbox 427 4316 570 4380; x_wconf 84' lang='lat' dir='ltr'>simi,</span> <span class='ocrx_word' id='word_1_755' title='bbox 607 4315 663 4367; x_wconf 90' lang='lat' dir='ltr'>id</span> <span class='ocrx_word' id='word_1_756' title='bbox 694 4316 778 4367; x_wconf 88' lang='lat' dir='ltr'>est</span> <span class='ocrx_word' id='word_1_757' title='bbox 803 4313 876 4367; x_wconf 88' lang='lat' dir='ltr'>ad</span> <span class='ocrx_word' id='word_1_758' title='bbox 907 4314 1191 4366; x_wconf 85' lang='lat' dir='ltr'>honorem</span> <span class='ocrx_word' id='word_1_759' title='bbox 1228 4312 1487 4366; x_wconf 90' lang='lat' dir='ltr'>nominis</span> <span class='ocrx_word' id='word_1_760' title='bbox 1508 4313 1628 4381; x_wconf 85' lang='lat' dir='ltr'>ejus</span> <span class='ocrx_word' id='word_1_761' title='bbox 1657 4316 1720 4366; x_wconf 87' lang='lat' dir='ltr'>ut</span> <span class='ocrx_word' id='word_1_762' title='bbox 1750 4313 1882 4367; x_wconf 88' lang='lat' dir='ltr'>inde</span> <span class='ocrx_word' id='word_1_763' title='bbox 1914 4315 2033 4367; x_wconf 89' lang='lat' dir='ltr'>lau-</span> 
     </span>
    </p>
   </div>
   <div class='ocr_carea' id='block_1_93' title="bbox 432 4399 2035 4467">
    <p class='ocr_par' dir='ltr' id='par_1_93' title="bbox 432 4399 2035 4467">
     <span class='ocr_line' id='line_1_93' title="bbox 432 4399 2035 4467; baseline 0 -12"><span class='ocrx_word' id='word_1_764' title='bbox 432 4404 618 4456; x_wconf 88' lang='lat' dir='ltr'>detur.</span> <span class='ocrx_word' id='word_1_765' title='bbox 655 4401 962 4454; x_wconf 87' lang='lat' dir='ltr'>Etmerito.</span> <span class='ocrx_word' id='word_1_766' title='bbox 996 4399 1314 4453; x_wconf 84' lang='lat' dir='ltr'>Altissimus</span> <span class='ocrx_word' id='word_1_767' title='bbox 1339 4400 1617 4467; x_wconf 90' lang='lat' dir='ltr'>enimest,</span> <span class='ocrx_word' id='word_1_768' title='bbox 1650 4400 1709 4453; x_wconf 94' lang='lat' dir='ltr'>id</span> <span class='ocrx_word' id='word_1_769' title='bbox 1735 4402 1820 4453; x_wconf 90' lang='lat' dir='ltr'>est</span> <span class='ocrx_word' id='word_1_770' title='bbox 1842 4402 2035 4455; x_wconf 90' lang='lat' dir='ltr'>Domi-</span> 
     </span>
    </p>
   </div>
   <div class='ocr_carea' id='block_1_94' title="bbox 432 4487 2037 4559">
    <p class='ocr_par' dir='ltr' id='par_1_94' title="bbox 432 4487 2037 4559">
     <span class='ocr_line' id='line_1_94' title="bbox 432 4487 2037 4559; baseline 0 -16"><span class='ocrx_word' id='word_1_771' title='bbox 432 4507 537 4543; x_wconf 86' lang='lat' dir='ltr'>nus</span> <span class='ocrx_word' id='word_1_772' title='bbox 567 4488 934 4543; x_wconf 90' lang='lat' dir='ltr'>dominorum</span> <span class='ocrx_word' id='word_1_773' title='bbox 959 4506 971 4542; x_wconf 90' lang='lat'>:</span> <span class='ocrx_word' id='word_1_774' title='bbox 1000 4488 1244 4559; x_wconf 89' lang='lat' dir='ltr'>ideoque</span> <span class='ocrx_word' id='word_1_775' title='bbox 1259 4487 1465 4557; x_wconf 83' lang='lat' dir='ltr'>dignus</span> <span class='ocrx_word' id='word_1_776' title='bbox 1481 4491 1566 4541; x_wconf 88' lang='lat' dir='ltr'>est</span> <span class='ocrx_word' id='word_1_777' title='bbox 1586 4490 1646 4540; x_wconf 89' lang='lat' dir='ltr'>ut</span> <span class='ocrx_word' id='word_1_778' title='bbox 1673 4488 1793 4559; x_wconf 89' lang='lat' dir='ltr'>ejus</span> <span class='ocrx_word' id='word_1_779' title='bbox 1816 4490 2037 4543; x_wconf 89' lang='lat' dir='ltr'>nomini</span> 
     </span>
    </p>
   </div>
   <div class='ocr_carea' id='block_1_95' title="bbox 428 4578 693 4649">
    <p class='ocr_par' dir='ltr' id='par_1_95' title="bbox 428 4578 693 4649">
     <span class='ocr_line' id='line_1_95' title="bbox 428 4578 693 4649; baseline -0.004 -17"><span class='ocrx_word' id='word_1_780' title='bbox 428 4578 693 4649; x_wconf 84' lang='lat' dir='ltr'>psallam.</span> 
     </span>
    </p>
   </div>
   <div class='ocr_carea' id='block_1_96' title="bbox 890 4665 1473 4720">
    <p class='ocr_par' dir='ltr' id='par_1_96' title="bbox 890 4665 1473 4720">
     <span class='ocr_line' id='line_1_96' title="bbox 890 4665 1473 4720; baseline 0 -2"><span class='ocrx_word' id='word_1_781' title='bbox 890 4666 957 4718; x_wconf 79' lang='lat' dir='ltr'>IN</span> <span class='ocrx_word' id='word_1_782' title='bbox 990 4665 1312 4720; x_wconf 80' lang='lat' dir='ltr'>PSALMUM</span> <span class='ocrx_word' id='word_1_783' title='bbox 1342 4665 1473 4719; x_wconf 84' lang='lat' dir='ltr'>XIII.</span> 
     </span>
    </p>
   </div>
   <div class='ocr_carea' id='block_1_97' title="bbox 502 4753 2035 4826">
    <p class='ocr_par' dir='ltr' id='par_1_97' title="bbox 502 4753 2035 4826">
     <span class='ocr_line' id='line_1_97' title="bbox 502 4753 2035 4826; baseline 0.001 -18"><span class='ocrx_word' id='word_1_784' title='bbox 502 4755 712 4809; x_wconf 83' lang='lat' dir='ltr'>Titulus</span> <span class='ocrx_word' id='word_1_785' title='bbox 735 4757 880 4808; x_wconf 85' lang='lat' dir='ltr'>tertii</span> <span class='ocrx_word' id='word_1_786' title='bbox 891 4755 1084 4808; x_wconf 77' lang='lat' dir='ltr'>decimi</span> <span class='ocrx_word' id='word_1_787' title='bbox 1103 4771 1119 4807; x_wconf 91' lang='lat'>:</span> <span class='ocrx_word' id='word_1_788' title='bbox 1139 4753 1201 4807; x_wconf 89' lang='lat' dir='ltr'>In</span> <span class='ocrx_word' id='word_1_789' title='bbox 1236 4756 1395 4824; x_wconf 74' lang='lat' dir='ltr'>ﬁnem</span> <span class='ocrx_word' id='word_1_790' title='bbox 1410 4754 1650 4824; x_wconf 82' lang='lat' dir='ltr'>psalmus</span> <span class='ocrx_word' id='word_1_791' title='bbox 1673 4754 2035 4826; x_wconf 78' lang='lat' dir='ltr'>David,quod</span> 
     </span>
    </p>
   </div>
   <div class='ocr_carea' id='block_1_98' title="bbox 427 4840 2029 4913">
    <p class='ocr_par' dir='ltr' id='par_1_98' title="bbox 427 4840 2029 4913">
     <span class='ocr_line' id='line_1_98' title="bbox 427 4840 2029 4913; baseline -0.001 -16"><span class='ocrx_word' id='word_1_792' title='bbox 427 4843 505 4897; x_wconf 88' lang='lat' dir='ltr'>sic</span> <span class='ocrx_word' id='word_1_793' title='bbox 536 4843 842 4913; x_wconf 86' lang='lat' dir='ltr'>exponitur</span> <span class='ocrx_word' id='word_1_794' title='bbox 868 4858 879 4894; x_wconf 95' lang='lat'>:</span> <span class='ocrx_word' id='word_1_795' title='bbox 904 4842 1154 4910; x_wconf 87' lang='lat' dir='ltr'>psalmus</span> <span class='ocrx_word' id='word_1_796' title='bbox 1180 4841 1282 4894; x_wconf 85' lang='lat' dir='ltr'>iste</span> <span class='ocrx_word' id='word_1_797' title='bbox 1314 4843 1398 4894; x_wconf 89' lang='lat' dir='ltr'>est</span> <span class='ocrx_word' id='word_1_798' title='bbox 1422 4840 1819 4895; x_wconf 89' lang='lat' dir='ltr'>attribuendus</span> <span class='ocrx_word' id='word_1_799' title='bbox 1832 4842 2029 4908; x_wconf 87' lang='lat' dir='ltr'>David,</span> 
     </span>
    </p>
   </div>
   <div class='ocr_carea' id='block_1_99' title="bbox 424 4928 2029 4998">
    <p class='ocr_par' dir='ltr' id='par_1_99' title="bbox 424 4928 2029 4998">
     <span class='ocr_line' id='line_1_99' title="bbox 424 4928 2029 4998; baseline -0.001 -13"><span class='ocrx_word' id='word_1_800' title='bbox 424 4933 483 4986; x_wconf 90' lang='lat' dir='ltr'>id</span> <span class='ocrx_word' id='word_1_801' title='bbox 509 4935 595 4985; x_wconf 89' lang='lat' dir='ltr'>est</span> <span class='ocrx_word' id='word_1_802' title='bbox 619 4932 863 4996; x_wconf 85' lang='lat' dir='ltr'>Christo,</span> <span class='ocrx_word' id='word_1_803' title='bbox 895 4928 1219 4998; x_wconf 88' lang='lat' dir='ltr'>respicienti</span> <span class='ocrx_word' id='word_1_804' title='bbox 1249 4929 1307 4981; x_wconf 90' lang='lat' dir='ltr'>in</span> <span class='ocrx_word' id='word_1_805' title='bbox 1331 4928 1530 4993; x_wconf 90' lang='lat' dir='ltr'>ﬁnem,</span> <span class='ocrx_word' id='word_1_806' title='bbox 1566 4928 1620 4981; x_wconf 91' lang='lat' dir='ltr'>id</span> <span class='ocrx_word' id='word_1_807' title='bbox 1653 4929 1817 4983; x_wconf 89' lang='lat' dir='ltr'>estin</span> <span class='ocrx_word' id='word_1_808' title='bbox 1849 4931 2029 4983; x_wconf 86' lang='lat' dir='ltr'>salva-</span> 
     </span>
    </p>
   </div>
   <div class='ocr_carea' id='block_1_100' title="bbox 425 5015 2029 5090">
    <p class='ocr_par' dir='ltr' id='par_1_100' title="bbox 425 5015 2029 5090">
     <span class='ocr_line' id='line_1_100' title="bbox 425 5015 2029 5090; baseline -0.002 -15"><span class='ocrx_word' id='word_1_809' title='bbox 425 5020 967 5090; x_wconf 89' lang='lat' dir='ltr'>tionemjustorum,</span> <span class='ocrx_word' id='word_1_810' title='bbox 991 5017 1117 5070; x_wconf 91' lang='lat' dir='ltr'>etin</span> <span class='ocrx_word' id='word_1_811' title='bbox 1145 5015 1529 5085; x_wconf 90' lang='lat' dir='ltr'>perditionem</span> <span class='ocrx_word' id='word_1_812' title='bbox 1559 5017 2029 5087; x_wconf 90' lang='lat' dir='ltr'>malorum,quod</span> 
     </span>
    </p>
   </div>
   <div class='ocr_carea' id='block_1_101' title="bbox 423 5103 2030 5175">
    <p class='ocr_par' dir='ltr' id='par_1_101' title="bbox 423 5103 2030 5175">
     <span class='ocr_line' id='line_1_101' title="bbox 423 5103 2030 5175; baseline -0.002 -13"><span class='ocrx_word' id='word_1_813' title='bbox 423 5109 483 5162; x_wconf 88' lang='lat' dir='ltr'>in</span> <span class='ocrx_word' id='word_1_814' title='bbox 512 5110 626 5162; x_wconf 87' lang='lat' dir='ltr'>ﬁne</span> <span class='ocrx_word' id='word_1_815' title='bbox 660 5106 860 5161; x_wconf 90' lang='lat' dir='ltr'>mundi</span> <span class='ocrx_word' id='word_1_816' title='bbox 893 5105 1022 5159; x_wconf 88' lang='lat' dir='ltr'>erit.</span> <span class='ocrx_word' id='word_1_817' title='bbox 1076 5104 1463 5157; x_wconf 86' lang='lat' dir='ltr'>Introducitur</span> <span class='ocrx_word' id='word_1_818' title='bbox 1511 5103 1602 5157; x_wconf 81' lang='lat' dir='ltr'>hic</span> <span class='ocrx_word' id='word_1_819' title='bbox 1643 5103 1829 5174; x_wconf 88' lang='lat' dir='ltr'>ipsum</span> <span class='ocrx_word' id='word_1_820' title='bbox 1860 5110 2030 5175; x_wconf 89' lang='lat' dir='ltr'>caput</span> 
     </span>
    </p>
   </div>
   <div class='ocr_carea' id='block_1_102' title="bbox 423 5190 2022 5266">
    <p class='ocr_par' dir='ltr' id='par_1_102' title="bbox 423 5190 2022 5266">
     <span class='ocr_line' id='line_1_102' title="bbox 423 5190 2022 5266; baseline -0.003 -14"><span class='ocrx_word' id='word_1_821' title='bbox 423 5197 780 5266; x_wconf 77' lang='lat' dir='ltr'>exprobrans</span> <span class='ocrx_word' id='word_1_822' title='bbox 808 5194 866 5247; x_wconf 88' lang='lat' dir='ltr'>in</span> <span class='ocrx_word' id='word_1_823' title='bbox 897 5194 1157 5259; x_wconf 71' lang='lat' dir='ltr'>Judzeos;</span> <span class='ocrx_word' id='word_1_824' title='bbox 1186 5192 1280 5262; x_wconf 88' lang='lat' dir='ltr'>qui</span> <span class='ocrx_word' id='word_1_825' title='bbox 1316 5207 1449 5245; x_wconf 91' lang='lat' dir='ltr'>eum</span> <span class='ocrx_word' id='word_1_826' title='bbox 1466 5207 1595 5243; x_wconf 90' lang='lat' dir='ltr'>cum</span> <span class='ocrx_word' id='word_1_827' title='bbox 1624 5190 2022 5255; x_wconf 86' lang='lat' dir='ltr'>viderent,non</span> 
     </span>
    </p>
   </div>
   <div class='ocr_carea' id='block_1_103' title="bbox 424 5280 2025 5352">
    <p class='ocr_par' dir='ltr' id='par_1_103' title="bbox 424 5280 2025 5352">
     <span class='ocr_line' id='line_1_103' title="bbox 424 5280 2025 5352; baseline -0.003 -14"><span class='ocrx_word' id='word_1_828' title='bbox 424 5289 486 5338; x_wconf 90' lang='lat' dir='ltr'>nt</span> <span class='ocrx_word' id='word_1_829' title='bbox 512 5285 693 5336; x_wconf 88' lang='lat' dir='ltr'>Deum</span> <span class='ocrx_word' id='word_1_830' title='bbox 726 5282 922 5352; x_wconf 60' lang='lat' dir='ltr'>gloriae</span> <span class='ocrx_word' id='word_1_831' title='bbox 950 5283 1354 5349; x_wconf 87' lang='lat' dir='ltr'>susceperunt;</span> <span class='ocrx_word' id='word_1_832' title='bbox 1383 5295 1514 5331; x_wconf 89' lang='lat' dir='ltr'>cum</span> <span class='ocrx_word' id='word_1_833' title='bbox 1538 5281 1832 5331; x_wconf 87' lang='lat' dir='ltr'>ostensum</span> <span class='ocrx_word' id='word_1_834' title='bbox 1870 5280 1941 5331; x_wconf 88' lang='lat' dir='ltr'>sit</span> <span class='ocrx_word' id='word_1_835' title='bbox 1969 5280 2025 5333; x_wconf 90' lang='lat' dir='ltr'>in</span> 
     </span>
    </p>
   </div>
   <div class='ocr_carea' id='block_1_104' title="bbox 425 5365 2028 5441">
    <p class='ocr_par' dir='ltr' id='par_1_104' title="bbox 425 5365 2028 5441">
     <span class='ocr_line' id='line_1_104' title="bbox 425 5365 2028 5441; baseline -0.002 -16"><span class='ocrx_word' id='word_1_836' title='bbox 425 5371 705 5441; x_wconf 88' lang='lat' dir='ltr'>superiori</span> <span class='ocrx_word' id='word_1_837' title='bbox 746 5371 966 5439; x_wconf 87' lang='lat' dir='ltr'>psalmo</span> <span class='ocrx_word' id='word_1_838' title='bbox 1013 5372 1228 5438; x_wconf 88' lang='lat' dir='ltr'>quanta</span> <span class='ocrx_word' id='word_1_839' title='bbox 1269 5366 1570 5420; x_wconf 75' lang='lat' dir='ltr'>affectione</span> <span class='ocrx_word' id='word_1_840' title='bbox 1602 5365 1779 5419; x_wconf 88' lang='lat' dir='ltr'>sancti</span> <span class='ocrx_word' id='word_1_841' title='bbox 1836 5369 2028 5437; x_wconf 87' lang='lat' dir='ltr'>patres</span> 
     </span>
    </p>
   </div>
   <div class='ocr_carea' id='block_1_105' title="bbox 422 5453 2024 5515">
    <p class='ocr_par' dir='ltr' id='par_1_105' title="bbox 422 5453 2024 5515">
     <span class='ocr_line' id='line_1_105' title="bbox 422 5453 2024 5515; baseline -0.002 0"><span class='ocrx_word' id='word_1_842' title='bbox 422 5475 623 5515; x_wconf 83' lang='lat' dir='ltr'>eorum</span> <span class='ocrx_word' id='word_1_843' title='bbox 645 5474 780 5512; x_wconf 89' lang='lat' dir='ltr'>eum</span> <span class='ocrx_word' id='word_1_844' title='bbox 804 5457 993 5512; x_wconf 87' lang='lat' dir='ltr'>videre</span> <span class='ocrx_word' id='word_1_845' title='bbox 1025 5455 1496 5511; x_wconf 88' lang='lat' dir='ltr'>desideraverint.</span> <span class='ocrx_word' id='word_1_846' title='bbox 1545 5453 1805 5509; x_wconf 87' lang='lat' dir='ltr'>Ostendit</span> <span class='ocrx_word' id='word_1_847' title='bbox 1846 5454 2024 5511; x_wconf 88' lang='lat' dir='ltr'>etiam</span> 
     </span>
    </p>
   </div>
   <div class='ocr_carea' id='block_1_106' title="bbox 2136 4314 3750 4387">
    <p class='ocr_par' dir='ltr' id='par_1_106' title="bbox 2136 4314 3750 4387">
     <span class='ocr_line' id='line_1_106' title="bbox 2136 4314 3750 4387; baseline -0.001 -18"><span class='ocrx_word' id='word_1_848' title='bbox 2136 4316 2246 4385; x_wconf 80' lang='lat'>22).</span> <span class='ocrx_word' id='word_1_849' title='bbox 2281 4336 2308 4364; x_wconf 83' lang='lat'>»</span> <span class='ocrx_word' id='word_1_850' title='bbox 2339 4316 2494 4383; x_wconf 76' lang='lat' dir='ltr'>Ilico,</span> <span class='ocrx_word' id='word_1_851' title='bbox 2509 4316 2606 4387; x_wconf 91' lang='lat' dir='ltr'>qui</span> <span class='ocrx_word' id='word_1_852' title='bbox 2632 4315 2912 4371; x_wconf 88' lang='lat' dir='ltr'>Dominus</span> <span class='ocrx_word' id='word_1_853' title='bbox 2925 4314 3555 4387; x_wconf 79' lang='lat' dir='ltr'>prospexitzipsiautem</span> <span class='ocrx_word' id='word_1_854' title='bbox 3570 4333 3750 4370; x_wconf 84' lang='lat' dir='ltr'>omnes</span> 
     </span>
    </p>
   </div>
   <div class='ocr_carea' id='block_1_107' title="bbox 2135 4402 3751 4471">
    <p class='ocr_par' dir='ltr' id='par_1_107' title="bbox 2135 4402 3751 4471">
     <span class='ocr_line' id='line_1_107' title="bbox 2135 4402 3751 4471; baseline 0.001 -15"><span class='ocrx_word' id='word_1_855' title='bbox 2135 4403 2532 4457; x_wconf 80' lang='lat' dir='ltr'>declinaverunt</span> <span class='ocrx_word' id='word_1_856' title='bbox 2565 4404 2636 4458; x_wconf 90' lang='lat' dir='ltr'>ab</span> <span class='ocrx_word' id='word_1_857' title='bbox 2666 4404 2959 4458; x_wconf 89' lang='lat' dir='ltr'>intellectu</span> <span class='ocrx_word' id='word_1_858' title='bbox 2988 4403 3143 4458; x_wconf 87' lang='lat' dir='ltr'>ﬁdei.</span> <span class='ocrx_word' id='word_1_859' title='bbox 3178 4402 3383 4471; x_wconf 90' lang='lat' dir='ltr'>Simul,</span> <span class='ocrx_word' id='word_1_860' title='bbox 3431 4404 3491 4458; x_wconf 91' lang='lat' dir='ltr'>id</span> <span class='ocrx_word' id='word_1_861' title='bbox 3521 4410 3607 4458; x_wconf 88' lang='lat' dir='ltr'>est</span> <span class='ocrx_word' id='word_1_862' title='bbox 3633 4420 3751 4458; x_wconf 84' lang='lat' dir='ltr'>una</span> 
     </span>
    </p>
   </div>
   <div class='ocr_carea' id='block_1_108' title="bbox 2138 4491 3749 4563">
    <p class='ocr_par' dir='ltr' id='par_1_108' title="bbox 2138 4491 3749 4563">
     <span class='ocr_line' id='line_1_108' title="bbox 2138 4491 3749 4563; baseline 0 -18"><span class='ocrx_word' id='word_1_863' title='bbox 2138 4507 2269 4545; x_wconf 90' lang='lat' dir='ltr'>cum</span> <span class='ocrx_word' id='word_1_864' title='bbox 2290 4492 2400 4546; x_wconf 90' lang='lat' dir='ltr'>hoc</span> <span class='ocrx_word' id='word_1_865' title='bbox 2426 4492 2581 4563; x_wconf 90' lang='lat' dir='ltr'>quod</span> <span class='ocrx_word' id='word_1_866' title='bbox 2604 4491 3411 4560; x_wconf 84' lang='lat' dir='ltr'>declinaveruntinutiles/acti</span> <span class='ocrx_word' id='word_1_867' title='bbox 3421 4500 3567 4558; x_wconf 82' lang='lat' dir='ltr'>sunt,</span> <span class='ocrx_word' id='word_1_868' title='bbox 3586 4491 3641 4545; x_wconf 92' lang='lat' dir='ltr'>id</span> <span class='ocrx_word' id='word_1_869' title='bbox 3660 4496 3749 4546; x_wconf 80' lang='lat' dir='ltr'>est</span> 
     </span>
    </p>
   </div>
   <div class='ocr_carea' id='block_1_109' title="bbox 2137 4578 3746 4651">
    <p class='ocr_par' dir='ltr' id='par_1_109' title="bbox 2137 4578 3746 4651">
     <span class='ocr_line' id='line_1_109' title="bbox 2137 4578 3746 4651; baseline 0.001 -19"><span class='ocrx_word' id='word_1_870' title='bbox 2137 4579 2473 4634; x_wconf 88' lang='lat' dir='ltr'>infructuosi</span> <span class='ocrx_word' id='word_1_871' title='bbox 2495 4578 2869 4651; x_wconf 89' lang='lat' dir='ltr'>etperniciosi</span> <span class='ocrx_word' id='word_1_872' title='bbox 2886 4578 2993 4633; x_wconf 91' lang='lat' dir='ltr'>sibi</span> <span class='ocrx_word' id='word_1_873' title='bbox 3019 4581 3078 4632; x_wconf 91' lang='lat' dir='ltr'>et</span> <span class='ocrx_word' id='word_1_874' title='bbox 3106 4579 3250 4635; x_wconf 86' lang='lat' dir='ltr'>aliis.</span> <span class='ocrx_word' id='word_1_875' title='bbox 3280 4579 3347 4631; x_wconf 88' lang='lat' dir='ltr'>Et</span> <span class='ocrx_word' id='word_1_876' title='bbox 3363 4595 3494 4634; x_wconf 90' lang='lat' dir='ltr'>vere</span> <span class='ocrx_word' id='word_1_877' title='bbox 3518 4580 3746 4634; x_wconf 87' lang='lat' dir='ltr'>inutiles</span> 
     </span>
    </p>
   </div>
   <div class='ocr_carea' id='block_1_110' title="bbox 2137 4666 3745 4739">
    <p class='ocr_par' dir='ltr' id='par_1_110' title="bbox 2137 4666 3745 4739">
     <span class='ocr_line' id='line_1_110' title="bbox 2137 4666 3745 4739; baseline 0.002 -20"><span class='ocrx_word' id='word_1_878' title='bbox 2137 4666 2411 4722; x_wconf 80' lang='lat' dir='ltr'>sibi.Nam</span> <span class='ocrx_word' id='word_1_879' title='bbox 2426 4683 2541 4720; x_wconf 91' lang='lat' dir='ltr'>non</span> <span class='ocrx_word' id='word_1_880' title='bbox 2559 4667 2756 4738; x_wconf 88' lang='lat' dir='ltr'>estqui</span> <span class='ocrx_word' id='word_1_881' title='bbox 2782 4667 2955 4721; x_wconf 85' lang='lat' dir='ltr'>faciat</span> <span class='ocrx_word' id='word_1_882' title='bbox 2979 4667 3343 4733; x_wconf 87' lang='lat' dir='ltr'>bonum,non</span> <span class='ocrx_word' id='word_1_883' title='bbox 3357 4668 3549 4739; x_wconf 87' lang='lat' dir='ltr'>estqui</span> <span class='ocrx_word' id='word_1_884' title='bbox 3567 4684 3745 4738; x_wconf 88' lang='lat' dir='ltr'>usque</span> 
     </span>
    </p>
   </div>
   <div class='ocr_carea' id='block_1_111' title="bbox 2135 4754 3748 4826">
    <p class='ocr_par' dir='ltr' id='par_1_111' title="bbox 2135 4754 3748 4826">
     <span class='ocr_line' id='line_1_111' title="bbox 2135 4754 3748 4826; baseline 0.001 -19"><span class='ocrx_word' id='word_1_885' title='bbox 2135 4754 2209 4808; x_wconf 91' lang='lat' dir='ltr'>ad</span> <span class='ocrx_word' id='word_1_886' title='bbox 2238 4772 2417 4808; x_wconf 90' lang='lat' dir='ltr'>unum</span> <span class='ocrx_word' id='word_1_887' title='bbox 2445 4755 2760 4826; x_wconf 89' lang='lat' dir='ltr'>perveniat,</span> <span class='ocrx_word' id='word_1_888' title='bbox 2793 4755 2852 4808; x_wconf 93' lang='lat' dir='ltr'>id</span> <span class='ocrx_word' id='word_1_889' title='bbox 2883 4758 2968 4809; x_wconf 87' lang='lat' dir='ltr'>est</span> <span class='ocrx_word' id='word_1_890' title='bbox 2992 4754 3064 4808; x_wconf 90' lang='lat' dir='ltr'>ad</span> <span class='ocrx_word' id='word_1_891' title='bbox 3095 4755 3385 4809; x_wconf 86' lang='lat' dir='ltr'>Christum</span> <span class='ocrx_word' id='word_1_892' title='bbox 3417 4755 3490 4809; x_wconf 89' lang='lat' dir='ltr'>ad</span> <span class='ocrx_word' id='word_1_893' title='bbox 3520 4772 3613 4809; x_wconf 89' lang='lat' dir='ltr'>me</span> <span class='ocrx_word' id='word_1_894' title='bbox 3640 4756 3748 4808; x_wconf 87' lang='lat' dir='ltr'>sci-</span> 
     </span>
    </p>
   </div>
   <div class='ocr_carea' id='block_1_112' title="bbox 2134 4842 3741 4911">
    <p class='ocr_par' dir='ltr' id='par_1_112' title="bbox 2134 4842 3741 4911">
     <span class='ocr_line' id='line_1_112' title="bbox 2134 4842 3741 4911; baseline 0.001 -16"><span class='ocrx_word' id='word_1_895' title='bbox 2134 4842 2283 4896; x_wconf 91' lang='lat' dir='ltr'>licet.</span> <span class='ocrx_word' id='word_1_896' title='bbox 2315 4844 2381 4895; x_wconf 85' lang='lat' dir='ltr'>Et</span> <span class='ocrx_word' id='word_1_897' title='bbox 2412 4859 2540 4897; x_wconf 90' lang='lat' dir='ltr'>vere</span> <span class='ocrx_word' id='word_1_898' title='bbox 2572 4842 2786 4897; x_wconf 85' lang='lat' dir='ltr'>inutilis</span> <span class='ocrx_word' id='word_1_899' title='bbox 2820 4842 2962 4897; x_wconf 89' lang='lat' dir='ltr'>aliis.</span> <span class='ocrx_word' id='word_1_900' title='bbox 3016 4842 3159 4897; x_wconf 89' lang='lat' dir='ltr'>Nam</span> <span class='ocrx_word' id='word_1_901' title='bbox 3186 4850 3376 4911; x_wconf 85' lang='lat' dir='ltr'>guttur</span> <span class='ocrx_word' id='word_1_902' title='bbox 3425 4859 3627 4911; x_wconf 86' lang='lat' dir='ltr'>eorum,</span> <span class='ocrx_word' id='word_1_903' title='bbox 3680 4843 3741 4897; x_wconf 89' lang='lat' dir='ltr'>id</span> 
     </span>
    </p>
   </div>
   <div class='ocr_carea' id='block_1_113' title="bbox 2131 4930 3743 5003">
    <p class='ocr_par' dir='ltr' id='par_1_113' title="bbox 2131 4930 3743 5003">
     <span class='ocr_line' id='line_1_113' title="bbox 2131 4930 3743 5003; baseline 0.001 -19"><span class='ocrx_word' id='word_1_904' title='bbox 2131 4934 2218 4984; x_wconf 89' lang='lat' dir='ltr'>est</span> <span class='ocrx_word' id='word_1_905' title='bbox 2248 4946 2353 4985; x_wconf 85' lang='lat' dir='ltr'>vox</span> <span class='ocrx_word' id='word_1_906' title='bbox 2384 4930 2701 5001; x_wconf 89' lang='lat' dir='ltr'>procedens</span> <span class='ocrx_word' id='word_1_907' title='bbox 2758 4931 2829 4985; x_wconf 91' lang='lat' dir='ltr'>de</span> <span class='ocrx_word' id='word_1_908' title='bbox 2883 4932 3114 5003; x_wconf 83' lang='lat' dir='ltr'>gutture</span> <span class='ocrx_word' id='word_1_909' title='bbox 3163 4947 3366 4985; x_wconf 89' lang='lat' dir='ltr'>eorum</span> <span class='ocrx_word' id='word_1_910' title='bbox 3398 4948 3410 4985; x_wconf 95' lang='lat'>:</span> <span class='ocrx_word' id='word_1_911' title='bbox 3455 4939 3529 4985; x_wconf 85' lang='lat' dir='ltr'>est</span> <span class='ocrx_word' id='word_1_912' title='bbox 3548 4938 3743 5002; x_wconf 78' lang='lat' dir='ltr'>patens</span> 
     </span>
    </p>
   </div>
   <div class='ocr_carea' id='block_1_114' title="bbox 2127 5018 3739 5090">
    <p class='ocr_par' dir='ltr' id='par_1_114' title="bbox 2127 5018 3739 5090">
     <span class='ocr_line' id='line_1_114' title="bbox 2127 5018 3739 5090; baseline 0.002 -19"><span class='ocrx_word' id='word_1_913' title='bbox 2127 5018 2443 5088; x_wconf 81' lang='lat' dir='ltr'>sepulcrum,</span> <span class='ocrx_word' id='word_1_914' title='bbox 2490 5019 2549 5072; x_wconf 90' lang='lat' dir='ltr'>id</span> <span class='ocrx_word' id='word_1_915' title='bbox 2589 5022 2673 5073; x_wconf 90' lang='lat' dir='ltr'>est</span> <span class='ocrx_word' id='word_1_916' title='bbox 2724 5019 3129 5090; x_wconf 81' lang='lat' dir='ltr'>comparabilis</span> <span class='ocrx_word' id='word_1_917' title='bbox 3186 5020 3448 5089; x_wconf 89' lang='lat' dir='ltr'>sepulcro</span> <span class='ocrx_word' id='word_1_918' title='bbox 3492 5020 3739 5089; x_wconf 87' lang='lat' dir='ltr'>patenti.</span> 
     </span>
    </p>
   </div>
   <div class='ocr_carea' id='block_1_115' title="bbox 2129 5106 3741 5178">
    <p class='ocr_par' dir='ltr' id='par_1_115' title="bbox 2129 5106 3741 5178">
     <span class='ocr_line' id='line_1_115' title="bbox 2129 5106 3741 5178; baseline 0 -18"><span class='ocrx_word' id='word_1_919' title='bbox 2129 5106 2286 5160; x_wconf 90' lang='lat' dir='ltr'>Sicut</span> <span class='ocrx_word' id='word_1_920' title='bbox 2315 5106 2471 5160; x_wconf 88' lang='lat' dir='ltr'>enim</span> <span class='ocrx_word' id='word_1_921' title='bbox 2493 5108 2819 5178; x_wconf 88' lang='lat' dir='ltr'>sepulcrum</span> <span class='ocrx_word' id='word_1_922' title='bbox 2841 5107 2913 5162; x_wconf 89' lang='lat' dir='ltr'>ad</span> <span class='ocrx_word' id='word_1_923' title='bbox 2939 5108 3047 5161; x_wconf 86' lang='lat' dir='ltr'>hoc</span> <span class='ocrx_word' id='word_1_924' title='bbox 3074 5108 3233 5177; x_wconf 88' lang='lat' dir='ltr'>patet</span> <span class='ocrx_word' id='word_1_925' title='bbox 3259 5109 3321 5160; x_wconf 89' lang='lat' dir='ltr'>ut</span> <span class='ocrx_word' id='word_1_926' title='bbox 3345 5122 3551 5177; x_wconf 89' lang='lat' dir='ltr'>corpus</span> <span class='ocrx_word' id='word_1_927' title='bbox 3568 5106 3741 5161; x_wconf 83' lang='lat' dir='ltr'>susci-</span> 
     </span>
    </p>
   </div>
   <div class='ocr_carea' id='block_1_116' title="bbox 2126 5194 3739 5266">
    <p class='ocr_par' dir='ltr' id='par_1_116' title="bbox 2126 5194 3739 5266">
     <span class='ocr_line' id='line_1_116' title="bbox 2126 5194 3739 5266; baseline 0.001 -18"><span class='ocrx_word' id='word_1_928' title='bbox 2126 5195 2246 5265; x_wconf 90' lang='lat' dir='ltr'>piat</span> <span class='ocrx_word' id='word_1_929' title='bbox 2271 5198 2329 5248; x_wconf 90' lang='lat' dir='ltr'>et</span> <span class='ocrx_word' id='word_1_930' title='bbox 2354 5195 2715 5265; x_wconf 87' lang='lat' dir='ltr'>putrefaciat,</span> <span class='ocrx_word' id='word_1_931' title='bbox 2740 5194 2823 5249; x_wconf 85' lang='lat' dir='ltr'>ita</span> <span class='ocrx_word' id='word_1_932' title='bbox 2853 5199 2910 5248; x_wconf 90' lang='lat' dir='ltr'>et</span> <span class='ocrx_word' id='word_1_933' title='bbox 2946 5194 3067 5266; x_wconf 89' lang='lat' dir='ltr'>ipsa</span> <span class='ocrx_word' id='word_1_934' title='bbox 3087 5211 3191 5250; x_wconf 88' lang='lat' dir='ltr'>vox</span> <span class='ocrx_word' id='word_1_935' title='bbox 3223 5194 3295 5248; x_wconf 91' lang='lat' dir='ltr'>ad</span> <span class='ocrx_word' id='word_1_936' title='bbox 3324 5195 3436 5249; x_wconf 89' lang='lat' dir='ltr'>hoc</span> <span class='ocrx_word' id='word_1_937' title='bbox 3453 5199 3634 5265; x_wconf 89' lang='lat' dir='ltr'>patet,</span> <span class='ocrx_word' id='word_1_938' title='bbox 3672 5198 3739 5249; x_wconf 85' lang='lat' dir='ltr'>ut</span> 
     </span>
    </p>
   </div>
   <div class='ocr_carea' id='block_1_117' title="bbox 2128 5282 3737 5354">
    <p class='ocr_par' dir='ltr' id='par_1_117' title="bbox 2128 5282 3737 5354">
     <span class='ocr_line' id='line_1_117' title="bbox 2128 5282 3737 5354; baseline 0.001 -19"><span class='ocrx_word' id='word_1_939' title='bbox 2128 5283 2382 5337; x_wconf 89' lang='lat' dir='ltr'>insontes</span> <span class='ocrx_word' id='word_1_940' title='bbox 2422 5283 2871 5354; x_wconf 88' lang='lat' dir='ltr'>incorporando,</span> <span class='ocrx_word' id='word_1_941' title='bbox 2904 5282 3162 5353; x_wconf 88' lang='lat' dir='ltr'>putridos</span> <span class='ocrx_word' id='word_1_942' title='bbox 3203 5282 3261 5337; x_wconf 89' lang='lat' dir='ltr'>iu</span> <span class='ocrx_word' id='word_1_943' title='bbox 3292 5282 3645 5354; x_wconf 82' lang='lat' dir='ltr'>cogitatione</span> <span class='ocrx_word' id='word_1_944' title='bbox 3675 5286 3737 5337; x_wconf 88' lang='lat' dir='ltr'>et</span> 
     </span>
    </p>
   </div>
   <div class='ocr_carea' id='block_1_118' title="bbox 2128 5370 3734 5442">
    <p class='ocr_par' dir='ltr' id='par_1_118' title="bbox 2128 5370 3734 5442">
     <span class='ocr_line' id='line_1_118' title="bbox 2128 5370 3734 5442; baseline 0 -17"><span class='ocrx_word' id='word_1_945' title='bbox 2128 5370 2464 5442; x_wconf 87' lang='lat' dir='ltr'>operatione</span> <span class='ocrx_word' id='word_1_946' title='bbox 2509 5371 2733 5425; x_wconf 85' lang='lat' dir='ltr'>reddat.</span> <span class='ocrx_word' id='word_1_947' title='bbox 2762 5372 2829 5424; x_wconf 91' lang='lat' dir='ltr'>Et</span> <span class='ocrx_word' id='word_1_948' title='bbox 2855 5388 2974 5426; x_wconf 90' lang='lat' dir='ltr'>non</span> <span class='ocrx_word' id='word_1_949' title='bbox 3005 5370 3369 5426; x_wconf 86' lang='lat' dir='ltr'>solummodo</span> <span class='ocrx_word' id='word_1_950' title='bbox 3409 5374 3615 5442; x_wconf 87' lang='lat' dir='ltr'>patent</span> <span class='ocrx_word' id='word_1_951' title='bbox 3656 5370 3734 5425; x_wconf 88' lang='lat' dir='ltr'>ad</span> 
     </span>
    </p>
   </div>
   <div class='ocr_carea' id='block_1_119' title="bbox 2128 5458 3733 5532">
    <p class='ocr_par' dir='ltr' id='par_1_119' title="bbox 2128 5458 3733 5532">
     <span class='ocr_line' id='line_1_119' title="bbox 2128 5458 3733 5532; baseline 0.002 -21"><span class='ocrx_word' id='word_1_952' title='bbox 2128 5458 2269 5514; x_wconf 90' lang='lat' dir='ltr'>alios</span> <span class='ocrx_word' id='word_1_953' title='bbox 2321 5458 2810 5531; x_wconf 87' lang='lat' dir='ltr'>putrefaciendos:</span> <span class='ocrx_word' id='word_1_954' title='bbox 2840 5458 2939 5514; x_wconf 89' lang='lat' dir='ltr'>sed</span> <span class='ocrx_word' id='word_1_955' title='bbox 2965 5459 3122 5532; x_wconf 88' lang='lat' dir='ltr'>prius</span> <span class='ocrx_word' id='word_1_956' title='bbox 3146 5460 3203 5514; x_wconf 90' lang='lat' dir='ltr'>in</span> <span class='ocrx_word' id='word_1_957' title='bbox 3235 5476 3328 5515; x_wconf 85' lang='lat' dir='ltr'>me</span> <span class='ocrx_word' id='word_1_958' title='bbox 3365 5458 3562 5531; x_wconf 74' lang='lat' dir='ltr'>linguis</span> <span class='ocrx_word' id='word_1_959' title='bbox 3596 5461 3733 5529; x_wconf 68' lang='lat' dir='ltr'>suis,</span> 
     </span>
    </p>
   </div>
  </div>
