  <div class='ocr_page' id='page_1' title='image "/cluster/home/n/w/nwhite01/storage/ocr_20150623/152/hvd.32044054760103/348.png"; bbox 0 0 4014 6030; ppageno 0'>
   <div class='ocr_carea' id='block_1_1' title="bbox 174 307 274 360">
    <p class='ocr_par' dir='ltr' id='par_1_1' title="bbox 174 307 274 360">
     <span class='ocr_line' id='line_1_1' title="bbox 174 307 274 360; baseline 0.01 -1"><span class='ocrx_word' id='word_1_1' title='bbox 174 307 274 360; x_wconf 78' lang='lat'><strong>685</strong></span> 
     </span>
    </p>
   </div>
   <div class='ocr_carea' id='block_1_2' title="bbox 1166 300 2489 360">
    <p class='ocr_par' dir='ltr' id='par_1_2' title="bbox 1166 300 2489 360">
     <span class='ocr_line' id='line_1_2' title="bbox 1166 300 2489 360; baseline -0.001 -3"><span class='ocrx_word' id='word_1_2' title='bbox 1166 304 1519 360; x_wconf 73' lang='lat' dir='ltr'><strong>EXPOSITID</strong></span> <span class='ocrx_word' id='word_1_3' title='bbox 1560 305 1625 359; x_wconf 73' lang='grc' dir='ltr'><strong>ΙΝ</strong></span> <span class='ocrx_word' id='word_1_4' title='bbox 1666 300 2002 358; x_wconf 72' lang='lat' dir='ltr'><strong>PSALMOS.</strong></span> <span class='ocrx_word' id='word_1_5' title='bbox 2037 332 2106 341; x_wconf 79' lang='lat'><strong>-—-</strong></span> <span class='ocrx_word' id='word_1_6' title='bbox 2140 300 2332 356; x_wconf 77' lang='lat' dir='ltr'><strong>PSAL.</strong></span> <span class='ocrx_word' id='word_1_7' title='bbox 2377 301 2489 357; x_wconf 81' lang='lat' dir='ltr'><strong>XIV</strong></span> 
     </span>
    </p>
   </div>
   <div class='ocr_carea' id='block_1_3' title="bbox 3375 308 3478 364">
    <p class='ocr_par' dir='ltr' id='par_1_3' title="bbox 3375 308 3478 364">
     <span class='ocr_line' id='line_1_3' title="bbox 3375 308 3478 364; baseline 0.01 -1"><span class='ocrx_word' id='word_1_8' title='bbox 3375 308 3478 364; x_wconf 85' lang='lat'><strong>686</strong></span> 
     </span>
    </p>
   </div>
   <div class='ocr_carea' id='block_1_4' title="bbox 170 423 3479 501">
    <p class='ocr_par' dir='ltr' id='par_1_4' title="bbox 170 423 3479 501">
     <span class='ocr_line' id='line_1_4' title="bbox 170 423 3479 501; baseline 0.002 -21"><span class='ocrx_word' id='word_1_9' title='bbox 170 425 226 480; x_wconf 99' lang='lat' dir='ltr'>id</span> <span class='ocrx_word' id='word_1_10' title='bbox 255 428 343 481; x_wconf 87' lang='lat' dir='ltr'><strong>est</strong></span> <span class='ocrx_word' id='word_1_11' title='bbox 362 425 740 483; x_wconf 71' lang='lat' dir='ltr'><strong>mendacibus</strong></span> <span class='ocrx_word' id='word_1_12' title='bbox 783 423 1307 501; x_wconf 38' lang='lat' dir='ltr'><strong>etvadulatricibus</strong></span> <span class='ocrx_word' id='word_1_13' title='bbox 1364 428 1568 498; x_wconf 78' lang='lat' dir='ltr'><strong>quibus</strong></span> <span class='ocrx_word' id='word_1_14' title='bbox 1616 424 1784 498; x_wconf 87' lang='lat' dir='ltr'><strong>digni</strong></span> <span class='ocrx_word' id='word_1_15' title='bbox 1799 434 1852 491; x_wconf 81' lang='grc' dir='ltr'><strong>Α</strong></span> <span class='ocrx_word' id='word_1_16' title='bbox 1876 439 2031 491; x_wconf 89' lang='lat' dir='ltr'><strong>eum,</strong></span> <span class='ocrx_word' id='word_1_17' title='bbox 2048 424 2109 478; x_wconf 94' lang='lat' dir='ltr'><strong>id</strong></span> <span class='ocrx_word' id='word_1_18' title='bbox 2130 427 2217 479; x_wconf 87' lang='lat' dir='ltr'><strong>est</strong></span> <span class='ocrx_word' id='word_1_19' title='bbox 2232 441 2349 479; x_wconf 91' lang='lat' dir='ltr'><strong>non</strong></span> <span class='ocrx_word' id='word_1_20' title='bbox 2367 428 2683 497; x_wconf 85' lang='lat' dir='ltr'><strong>posuerunt</strong></span> <span class='ocrx_word' id='word_1_21' title='bbox 2699 440 2835 480; x_wconf 89' lang='lat' dir='ltr'><strong>eum</strong></span> <span class='ocrx_word' id='word_1_22' title='bbox 2856 427 3165 483; x_wconf 81' lang='lat' dir='ltr'><strong>Dominum</strong></span> <span class='ocrx_word' id='word_1_23' title='bbox 3200 431 3257 484; x_wconf 89' lang='lat' dir='ltr'><strong>et</strong></span> <span class='ocrx_word' id='word_1_24' title='bbox 3280 449 3340 487; x_wconf 87' lang='lat' dir='ltr'><strong>se</strong></span> <span class='ocrx_word' id='word_1_25' title='bbox 3361 450 3479 487; x_wconf 90' lang='lat' dir='ltr'><strong>ser—</strong></span> 
     </span>
    </p>
   </div>
   <div class='ocr_carea' id='block_1_5' title="bbox 174 512 3480 589">
    <p class='ocr_par' dir='ltr' id='par_1_5' title="bbox 174 512 3480 589">
     <span class='ocr_line' id='line_1_5' title="bbox 174 512 3480 589; baseline 0.004 -27"><span class='ocrx_word' id='word_1_26' title='bbox 174 519 337 570; x_wconf 74' lang='lat' dir='ltr'><strong>erant</strong></span> <span class='ocrx_word' id='word_1_27' title='bbox 362 514 535 570; x_wconf 77' lang='lat' dir='ltr'><strong>dolose</strong></span> <span class='ocrx_word' id='word_1_28' title='bbox 557 512 807 583; x_wconf 75' lang='lat' dir='ltr'><strong>agebant,</strong></span> <span class='ocrx_word' id='word_1_29' title='bbox 842 513 1103 567; x_wconf 78' lang='lat' dir='ltr'><strong>dicentes</strong></span> <span class='ocrx_word' id='word_1_30' title='bbox 1135 531 1147 567; x_wconf 89' lang='lat'><strong>:</strong></span> <span class='ocrx_word' id='word_1_31' title='bbox 1187 537 1215 563; x_wconf 86' lang='grc'><strong>‹‹</strong></span> <span class='ocrx_word' id='word_1_32' title='bbox 1244 514 1531 587; x_wconf 72' lang='lat' dir='ltr'><strong>Magister,</strong></span> <span class='ocrx_word' id='word_1_33' title='bbox 1565 515 1776 569; x_wconf 84' lang='lat' dir='ltr'><strong>scimus</strong></span> <span class='ocrx_word' id='word_1_34' title='bbox 1875 527 1992 565; x_wconf 89' lang='lat' dir='ltr'><strong>vos.</strong></span> <span class='ocrx_word' id='word_1_35' title='bbox 2020 512 2086 565; x_wconf 87' lang='lat' dir='ltr'><strong>Et</strong></span> <span class='ocrx_word' id='word_1_36' title='bbox 2103 512 2232 567; x_wconf 90' lang='lat' dir='ltr'><strong>ideo</strong></span> <span class='ocrx_word' id='word_1_37' title='bbox 2248 512 2431 567; x_wconf 83' lang='lat' dir='ltr'><strong>adhuc</strong></span> <span class='ocrx_word' id='word_1_38' title='bbox 2455 516 2770 584; x_wconf 75' lang='lat' dir='ltr'><strong>operantur</strong></span> <span class='ocrx_word' id='word_1_39' title='bbox 2796 513 3161 585; x_wconf 79' lang='lat' dir='ltr'><strong>iniquitatem</strong></span> <span class='ocrx_word' id='word_1_40' title='bbox 3189 525 3356 589; x_wconf 81' lang='lat' dir='ltr'><strong>:quia</strong></span> <span class='ocrx_word' id='word_1_41' title='bbox 3374 521 3480 574; x_wconf 86' lang='lat' dir='ltr'><strong>illic</strong></span> 
     </span>
    </p>
   </div>
   <div class='ocr_carea' id='block_1_6' title="bbox 172 601 1773 674">
    <p class='ocr_par' dir='ltr' id='par_1_6' title="bbox 172 601 1773 674">
     <span class='ocr_line' id='line_1_6' title="bbox 172 601 1773 674; baseline 0.001 -17"><span class='ocrx_word' id='word_1_42' title='bbox 172 604 301 674; x_wconf 84' lang='lat' dir='ltr'><strong>quia</strong></span> <span class='ocrx_word' id='word_1_43' title='bbox 321 619 490 658; x_wconf 82' lang='lat' dir='ltr'><strong>verax</strong></span> <span class='ocrx_word' id='word_1_44' title='bbox 521 620 602 670; x_wconf 89' lang='lat' dir='ltr'><strong>es,</strong></span> <span class='ocrx_word' id='word_1_45' title='bbox 629 606 744 657; x_wconf 97' lang='lat' dir='ltr'><strong>etc.</strong></span> <span class='ocrx_word' id='word_1_46' title='bbox 766 601 988 672; x_wconf 79' lang='lat' dir='ltr'><strong>(Matth.</strong></span> <span class='ocrx_word' id='word_1_47' title='bbox 1014 605 1318 673; x_wconf 73' lang='grc' dir='ltr'><strong>ΧΧΙῙ,16).))</strong></span> <span class='ocrx_word' id='word_1_48' title='bbox 1346 605 1559 659; x_wconf 87' lang='lat' dir='ltr'><strong>Etcum</strong></span> <span class='ocrx_word' id='word_1_49' title='bbox 1576 604 1773 659; x_wconf 88' lang='lat' dir='ltr'><strong>dolose</strong></span> 
     </span>
    </p>
   </div>
   <div class='ocr_carea' id='block_1_7' title="bbox 171 691 1771 763">
    <p class='ocr_par' dir='ltr' id='par_1_7' title="bbox 171 691 1771 763">
     <span class='ocr_line' id='line_1_7' title="bbox 171 691 1771 763; baseline -0.001 -16"><span class='ocrx_word' id='word_1_50' title='bbox 171 694 426 763; x_wconf 79' lang='lat' dir='ltr'><strong>agerent,</strong></span> <span class='ocrx_word' id='word_1_51' title='bbox 458 708 713 746; x_wconf 82' lang='lat' dir='ltr'><strong>venenum</strong></span> <span class='ocrx_word' id='word_1_52' title='bbox 740 691 1007 761; x_wconf 69' lang='lat' dir='ltr'><strong>acpidum,</strong></span> <span class='ocrx_word' id='word_1_53' title='bbox 1034 691 1093 745; x_wconf 93' lang='lat' dir='ltr'>id</span> <span class='ocrx_word' id='word_1_54' title='bbox 1123 695 1209 745; x_wconf 88' lang='lat' dir='ltr'><strong>est</strong></span> <span class='ocrx_word' id='word_1_55' title='bbox 1238 691 1556 747; x_wconf 86' lang='lat' dir='ltr'><strong>insanabile</strong></span> <span class='ocrx_word' id='word_1_56' title='bbox 1573 691 1771 746; x_wconf 90' lang='lat' dir='ltr'><strong>odium</strong></span> 
     </span>
    </p>
   </div>
   <div class='ocr_carea' id='block_1_8' title="bbox 171 779 1773 852">
    <p class='ocr_par' dir='ltr' id='par_1_8' title="bbox 171 779 1773 852">
     <span class='ocr_line' id='line_1_8' title="bbox 171 779 1773 852; baseline -0.002 -17"><span class='ocrx_word' id='word_1_57' title='bbox 171 780 321 852; x_wconf 81' lang='lat' dir='ltr'><strong>quod</strong></span> <span class='ocrx_word' id='word_1_58' title='bbox 345 781 664 847; x_wconf 83' lang='lat' dir='ltr'><strong>habebant,</strong></span> <span class='ocrx_word' id='word_1_59' title='bbox 692 781 749 834; x_wconf 90' lang='lat' dir='ltr'><strong>in</strong></span> <span class='ocrx_word' id='word_1_60' title='bbox 784 796 881 834; x_wconf 90' lang='lat' dir='ltr'><strong>me</strong></span> <span class='ocrx_word' id='word_1_61' title='bbox 908 782 1033 833; x_wconf 87' lang='lat' dir='ltr'><strong>erat</strong></span> <span class='ocrx_word' id='word_1_62' title='bbox 1054 779 1151 833; x_wconf 85' lang='lat' dir='ltr'><em>sub</em></span> <span class='ocrx_word' id='word_1_63' title='bbox 1181 779 1335 834; x_wconf 78' lang='lat' dir='ltr'><strong>labiis</strong></span> <span class='ocrx_word' id='word_1_64' title='bbox 1363 797 1566 846; x_wconf 79' lang='lat' dir='ltr'><strong>eorum,</strong></span> <span class='ocrx_word' id='word_1_65' title='bbox 1608 780 1668 834; x_wconf 90' lang='lat' dir='ltr'>id</span> <span class='ocrx_word' id='word_1_66' title='bbox 1689 782 1773 833; x_wconf 89' lang='lat' dir='ltr'><strong>est</strong></span> 
     </span>
    </p>
   </div>
   <div class='ocr_carea' id='block_1_9' title="bbox 169 867 1768 940">
    <p class='ocr_par' dir='ltr' id='par_1_9' title="bbox 169 867 1768 940">
     <span class='ocr_line' id='line_1_9' title="bbox 169 867 1768 940; baseline -0.001 -17"><span class='ocrx_word' id='word_1_67' title='bbox 169 869 225 923; x_wconf 88' lang='lat' dir='ltr'><strong>in</strong></span> <span class='ocrx_word' id='word_1_68' title='bbox 279 869 451 925; x_wconf 87' lang='lat' dir='ltr'><strong>corde</strong></span> <span class='ocrx_word' id='word_1_69' title='bbox 513 884 741 935; x_wconf 84' lang='lat' dir='ltr'><strong>eorum,</strong></span> <span class='ocrx_word' id='word_1_70' title='bbox 798 868 944 922; x_wconf 85' lang='lat' dir='ltr'><strong>sicut</strong></span> <span class='ocrx_word' id='word_1_71' title='bbox 994 867 1201 922; x_wconf 88' lang='lat' dir='ltr'><strong>dicitur</strong></span> <span class='ocrx_word' id='word_1_72' title='bbox 1257 884 1361 940; x_wconf 91' lang='lat' dir='ltr'><strong>per</strong></span> <span class='ocrx_word' id='word_1_73' title='bbox 1399 869 1768 940; x_wconf 85' lang='lat' dir='ltr'><strong>prophetam.</strong></span> 
     </span>
    </p>
   </div>
   <div class='ocr_carea' id='block_1_10' title="bbox 169 956 1770 1027">
    <p class='ocr_par' dir='ltr' id='par_1_10' title="bbox 169 956 1770 1027">
     <span class='ocr_line' id='line_1_10' title="bbox 169 956 1770 1027; baseline 0.003 -21"><span class='ocrx_word' id='word_1_74' title='bbox 169 981 195 1007; x_wconf 86' lang='grc'><strong>‹‹</strong></span> <span class='ocrx_word' id='word_1_75' title='bbox 230 957 474 1027; x_wconf 87' lang='lat' dir='ltr'><strong>Populus</strong></span> <span class='ocrx_word' id='word_1_76' title='bbox 498 956 591 1011; x_wconf 89' lang='lat' dir='ltr'><strong>hic</strong></span> <span class='ocrx_word' id='word_1_77' title='bbox 618 956 782 1012; x_wconf 83' lang='lat' dir='ltr'>labiis</span> <span class='ocrx_word' id='word_1_78' title='bbox 800 972 895 1011; x_wconf 91' lang='lat' dir='ltr'><strong>me</strong></span> <span class='ocrx_word' id='word_1_79' title='bbox 926 956 1194 1022; x_wconf 82' lang='lat' dir='ltr'><strong>honorat,</strong></span> <span class='ocrx_word' id='word_1_80' title='bbox 1222 973 1321 1011; x_wconf 88' lang='lat' dir='ltr'><strong>cor</strong></span> <span class='ocrx_word' id='word_1_81' title='bbox 1347 959 1543 1011; x_wconf 91' lang='lat' dir='ltr'><strong>autem</strong></span> <span class='ocrx_word' id='word_1_82' title='bbox 1566 972 1770 1011; x_wconf 89' lang='lat' dir='ltr'><strong>eorum</strong></span> 
     </span>
    </p>
   </div>
   <div class='ocr_carea' id='block_1_11' title="bbox 164 1043 1772 1117">
    <p class='ocr_par' dir='ltr' id='par_1_11' title="bbox 164 1043 1772 1117">
     <span class='ocr_line' id='line_1_11' title="bbox 164 1043 1772 1117; baseline -0.001 -18"><span class='ocrx_word' id='word_1_83' title='bbox 164 1045 331 1116; x_wconf 88' lang='lat' dir='ltr'><strong>longe</strong></span> <span class='ocrx_word' id='word_1_84' title='bbox 364 1047 450 1099; x_wconf 89' lang='lat' dir='ltr'><strong>est</strong></span> <span class='ocrx_word' id='word_1_85' title='bbox 479 1061 513 1100; x_wconf 91' lang='lat' dir='ltr'><strong>a</strong></span> <span class='ocrx_word' id='word_1_86' title='bbox 539 1061 635 1100; x_wconf 87' lang='lat' dir='ltr'><strong>me</strong></span> <span class='ocrx_word' id='word_1_87' title='bbox 668 1043 824 1115; x_wconf 83' lang='lat' dir='ltr'><strong>(Isai.</strong></span> <span class='ocrx_word' id='word_1_88' title='bbox 854 1060 1004 1111; x_wconf 73' lang='lat' dir='ltr'><strong>xxxx,</strong></span> <span class='ocrx_word' id='word_1_89' title='bbox 1047 1046 1140 1111; x_wconf 90' lang='lat' dir='ltr'><strong>l3;</strong></span> <span class='ocrx_word' id='word_1_90' title='bbox 1172 1043 1352 1099; x_wconf 76' lang='lat' dir='ltr'><strong>Marc.</strong></span> <span class='ocrx_word' id='word_1_91' title='bbox 1395 1062 1492 1111; x_wconf 82' lang='lat' dir='ltr'><strong>vn,</strong></span> <span class='ocrx_word' id='word_1_92' title='bbox 1523 1045 1600 1117; x_wconf 89' lang='grc'><strong>6).</strong></span> <span class='ocrx_word' id='word_1_93' title='bbox 1635 1066 1663 1095; x_wconf 82' lang='grc'>››</span> <span class='ocrx_word' id='word_1_94' title='bbox 1705 1045 1772 1098; x_wconf 87' lang='lat' dir='ltr'><strong>Et</strong></span> 
     </span>
    </p>
   </div>
   <div class='ocr_carea' id='block_1_12' title="bbox 164 1131 1768 1204">
    <p class='ocr_par' dir='ltr' id='par_1_12' title="bbox 164 1131 1768 1204">
     <span class='ocr_line' id='line_1_12' title="bbox 164 1131 1768 1204; baseline 0 -17"><span class='ocrx_word' id='word_1_95' title='bbox 164 1132 309 1187; x_wconf 85' lang='lat' dir='ltr'><strong>bene</strong></span> <span class='ocrx_word' id='word_1_96' title='bbox 340 1131 538 1189; x_wconf 88' lang='lat' dir='ltr'><strong>odium</strong></span> <span class='ocrx_word' id='word_1_97' title='bbox 563 1149 769 1187; x_wconf 87' lang='lat' dir='ltr'><strong>eorum</strong></span> <span class='ocrx_word' id='word_1_98' title='bbox 796 1131 935 1186; x_wconf 88' lang='lat' dir='ltr'>dicit</span> <span class='ocrx_word' id='word_1_99' title='bbox 966 1149 1253 1186; x_wconf 90' lang='lat' dir='ltr'><strong>venenum</strong></span> <span class='ocrx_word' id='word_1_100' title='bbox 1285 1133 1547 1204; x_wconf 90' lang='lat' dir='ltr'><strong>aspidum</strong></span> <span class='ocrx_word' id='word_1_101' title='bbox 1580 1149 1593 1187; x_wconf 91' lang='lat'><strong>:</strong></span> <span class='ocrx_word' id='word_1_102' title='bbox 1624 1133 1768 1188; x_wconf 86' lang='lat' dir='ltr'><strong>sicut</strong></span> 
     </span>
    </p>
   </div>
   <div class='ocr_carea' id='block_1_13' title="bbox 159 1220 1761 1292">
    <p class='ocr_par' dir='ltr' id='par_1_13' title="bbox 159 1220 1761 1292">
     <span class='ocr_line' id='line_1_13' title="bbox 159 1220 1761 1292; baseline 0.001 -18"><span class='ocrx_word' id='word_1_103' title='bbox 159 1225 314 1275; x_wconf 85' lang='lat' dir='ltr'><strong>enim</strong></span> <span class='ocrx_word' id='word_1_104' title='bbox 335 1220 430 1292; x_wconf 94' lang='lat' dir='ltr'><strong>qui</strong></span> <span class='ocrx_word' id='word_1_105' title='bbox 456 1237 745 1277; x_wconf 88' lang='lat' dir='ltr'><strong>venenum</strong></span> <span class='ocrx_word' id='word_1_106' title='bbox 762 1220 1026 1290; x_wconf 84' lang='lat' dir='ltr'><strong>aspidum</strong></span> <span class='ocrx_word' id='word_1_107' title='bbox 1044 1220 1205 1287; x_wconf 86' lang='lat' dir='ltr'>bibit,</span> <span class='ocrx_word' id='word_1_108' title='bbox 1221 1236 1523 1292; x_wconf 86' lang='lat' dir='ltr'><strong>nunquam</strong></span> <span class='ocrx_word' id='word_1_109' title='bbox 1541 1221 1761 1289; x_wconf 81' lang='lat' dir='ltr'><strong>evadit;</strong></span> 
     </span>
    </p>
   </div>
   <div class='ocr_carea' id='block_1_14' title="bbox 155 1307 1764 1380">
    <p class='ocr_par' dir='ltr' id='par_1_14' title="bbox 155 1307 1764 1380">
     <span class='ocr_line' id='line_1_14' title="bbox 155 1307 1764 1380; baseline 0.001 -17"><span class='ocrx_word' id='word_1_110' title='bbox 155 1310 233 1365; x_wconf 88' lang='lat' dir='ltr'><strong>sic</strong></span> <span class='ocrx_word' id='word_1_111' title='bbox 263 1313 319 1364; x_wconf 90' lang='lat' dir='ltr'><strong>et</strong></span> <span class='ocrx_word' id='word_1_112' title='bbox 346 1309 453 1380; x_wconf 88' lang='lat' dir='ltr'>ipsi</span> <span class='ocrx_word' id='word_1_113' title='bbox 483 1308 614 1364; x_wconf 92' lang='lat' dir='ltr'><strong>odio</strong></span> <span class='ocrx_word' id='word_1_114' title='bbox 645 1324 757 1380; x_wconf 85' lang='lat' dir='ltr'><strong>quo</strong></span> <span class='ocrx_word' id='word_1_115' title='bbox 802 1307 961 1379; x_wconf 91' lang='lat' dir='ltr'><strong>pleni</strong></span> <span class='ocrx_word' id='word_1_116' title='bbox 996 1311 1131 1362; x_wconf 89' lang='lat' dir='ltr'><strong>sunt</strong></span> <span class='ocrx_word' id='word_1_117' title='bbox 1178 1325 1295 1363; x_wconf 90' lang='lat' dir='ltr'><strong>non</strong></span> <span class='ocrx_word' id='word_1_118' title='bbox 1335 1309 1764 1365; x_wconf 89' lang='lat' dir='ltr'><strong>evacuabuntur</strong></span> 
     </span>
    </p>
   </div>
   <div class='ocr_carea' id='block_1_15' title="bbox 159 1395 1764 1469">
    <p class='ocr_par' dir='ltr' id='par_1_15' title="bbox 159 1395 1764 1469">
     <span class='ocr_line' id='line_1_15' title="bbox 159 1395 1764 1469; baseline 0 -17"><span class='ocrx_word' id='word_1_119' title='bbox 159 1398 338 1452; x_wconf 88' lang='lat' dir='ltr'><strong>donec</strong></span> <span class='ocrx_word' id='word_1_120' title='bbox 372 1396 713 1452; x_wconf 89' lang='lat' dir='ltr'><strong>moriantur.</strong></span> <span class='ocrx_word' id='word_1_121' title='bbox 737 1397 908 1451; x_wconf 92' lang='lat' dir='ltr'><strong>Dico:</strong></span> <span class='ocrx_word' id='word_1_122' title='bbox 934 1395 1372 1451; x_wconf 80' lang='lat' dir='ltr'><strong>declinaverunt</strong></span> <span class='ocrx_word' id='word_1_123' title='bbox 1387 1412 1617 1452; x_wconf 89' lang='lat' dir='ltr'><strong>omnes:</strong></span> <span class='ocrx_word' id='word_1_124' title='bbox 1638 1414 1764 1469; x_wconf 86' lang='lat' dir='ltr'><strong>quo-</strong></span> 
     </span>
    </p>
   </div>
   <div class='ocr_carea' id='block_1_16' title="bbox 158 1483 1765 1553">
    <p class='ocr_par' dir='ltr' id='par_1_16' title="bbox 158 1483 1765 1553">
     <span class='ocr_line' id='line_1_16' title="bbox 158 1483 1765 1553; baseline 0.002 -15"><span class='ocrx_word' id='word_1_125' title='bbox 158 1503 276 1538; x_wconf 83' lang='lat' dir='ltr'><strong>rum</strong></span> <span class='ocrx_word' id='word_1_126' title='bbox 296 1483 558 1540; x_wconf 86' lang='lat' dir='ltr'><strong>omnium</strong></span> <span class='ocrx_word' id='word_1_127' title='bbox 586 1502 642 1539; x_wconf 85' lang='lat' dir='ltr'><strong>os</strong></span> <span class='ocrx_word' id='word_1_128' title='bbox 669 1485 1036 1539; x_wconf 85' lang='lat' dir='ltr'><strong>maledictione</strong></span> <span class='ocrx_word' id='word_1_129' title='bbox 1071 1493 1119 1540; x_wconf 87' lang='lat' dir='ltr'><strong>et</strong></span> <span class='ocrx_word' id='word_1_130' title='bbox 1163 1486 1543 1553; x_wconf 75' lang='lat' dir='ltr'><strong>amaritudine,</strong></span> <span class='ocrx_word' id='word_1_131' title='bbox 1578 1485 1637 1539; x_wconf 91' lang='lat' dir='ltr'><strong>id</strong></span> <span class='ocrx_word' id='word_1_132' title='bbox 1680 1490 1765 1541; x_wconf 88' lang='lat' dir='ltr'><strong>est</strong></span> 
     </span>
    </p>
   </div>
   <div class='ocr_carea' id='block_1_17' title="bbox 160 1573 1759 1645">
    <p class='ocr_par' dir='ltr' id='par_1_17' title="bbox 160 1573 1759 1645">
     <span class='ocr_line' id='line_1_17' title="bbox 160 1573 1759 1645; baseline 0.001 -17"><span class='ocrx_word' id='word_1_133' title='bbox 160 1590 359 1628; x_wconf 82' lang='lat' dir='ltr'><strong>amara</strong></span> <span class='ocrx_word' id='word_1_134' title='bbox 384 1573 790 1629; x_wconf 85' lang='lat' dir='ltr'><strong>maledictione</strong></span> <span class='ocrx_word' id='word_1_135' title='bbox 809 1575 1044 1644; x_wconf 90' lang='lat' dir='ltr'><strong>plenum</strong></span> <span class='ocrx_word' id='word_1_136' title='bbox 1061 1576 1147 1629; x_wconf 87' lang='lat' dir='ltr'><strong>est</strong></span> <span class='ocrx_word' id='word_1_137' title='bbox 1170 1590 1182 1627; x_wconf 96' lang='lat'><strong>:</strong></span> <span class='ocrx_word' id='word_1_138' title='bbox 1203 1574 1347 1628; x_wconf 89' lang='lat' dir='ltr'><strong>sicut</strong></span> <span class='ocrx_word' id='word_1_139' title='bbox 1361 1575 1638 1645; x_wconf 89' lang='lat' dir='ltr'><strong>scriptum</strong></span> <span class='ocrx_word' id='word_1_140' title='bbox 1656 1577 1759 1629; x_wconf 85' lang='lat' dir='ltr'><strong>est:</strong></span> 
     </span>
    </p>
   </div>
   <div class='ocr_carea' id='block_1_18' title="bbox 161 1661 1766 1733">
    <p class='ocr_par' dir='ltr' id='par_1_18' title="bbox 161 1661 1766 1733">
     <span class='ocr_line' id='line_1_18' title="bbox 161 1661 1766 1733; baseline -0.001 -17"><span class='ocrx_word' id='word_1_141' title='bbox 161 1684 190 1712; x_wconf 88' lang='grc'><em>‹‹</em></span> <span class='ocrx_word' id='word_1_142' title='bbox 222 1661 586 1716; x_wconf 66' lang='grc' dir='ltr'><strong>ῡωωοηίυηι</strong></span> <span class='ocrx_word' id='word_1_143' title='bbox 634 1662 810 1717; x_wconf 88' lang='lat' dir='ltr'><strong>babes</strong></span> <span class='ocrx_word' id='word_1_144' title='bbox 851 1662 1037 1732; x_wconf 85' lang='lat' dir='ltr'><strong>(Joan.</strong></span> <span class='ocrx_word' id='word_1_145' title='bbox 1080 1679 1153 1715; x_wconf 88' lang='lat' dir='ltr'><strong>vn</strong></span> <span class='ocrx_word' id='word_1_146' title='bbox 1197 1665 1257 1715; x_wconf 88' lang='lat' dir='ltr'><strong>et</strong></span> <span class='ocrx_word' id='word_1_147' title='bbox 1294 1662 1434 1733; x_wconf 81' lang='lat' dir='ltr'><strong>xm).</strong></span> <span class='ocrx_word' id='word_1_148' title='bbox 1489 1684 1516 1711; x_wconf 86' lang='grc'>››</span> <span class='ocrx_word' id='word_1_149' title='bbox 1559 1662 1766 1716; x_wconf 83' lang='lat' dir='ltr'><strong>Veloccs</strong></span> 
     </span>
    </p>
   </div>
   <div class='ocr_carea' id='block_1_19' title="bbox 1875 600 3478 669">
    <p class='ocr_par' dir='ltr' id='par_1_19' title="bbox 1875 600 3478 669">
     <span class='ocr_line' id='line_1_19' title="bbox 1875 600 3478 669; baseline 0.007 -19"><span class='ocrx_word' id='word_1_150' title='bbox 1875 600 2269 668; x_wconf 83' lang='lat' dir='ltr'><strong>trepidaverunt</strong></span> <span class='ocrx_word' id='word_1_151' title='bbox 2286 604 2470 654; x_wconf 79' lang='lat' dir='ltr'><strong>timore</strong></span> <span class='ocrx_word' id='word_1_152' title='bbox 2484 602 2578 655; x_wconf 85' lang='lat' dir='ltr'><strong>ubi</strong></span> <span class='ocrx_word' id='word_1_153' title='bbox 2592 620 2698 655; x_wconf 86' lang='lat' dir='ltr'><strong>non</strong></span> <span class='ocrx_word' id='word_1_154' title='bbox 2720 609 2853 669; x_wconf 78' lang='lat' dir='ltr'><strong>erat,</strong></span> <span class='ocrx_word' id='word_1_155' title='bbox 2874 602 2931 656; x_wconf 89' lang='lat' dir='ltr'><strong>id</strong></span> <span class='ocrx_word' id='word_1_156' title='bbox 2950 606 3033 657; x_wconf 85' lang='lat' dir='ltr'><strong>est</strong></span> <span class='ocrx_word' id='word_1_157' title='bbox 3047 621 3161 659; x_wconf 89' lang='lat' dir='ltr'><strong>non</strong></span> <span class='ocrx_word' id='word_1_158' title='bbox 3176 606 3346 661; x_wconf 86' lang='lat' dir='ltr'><strong>debet</strong></span> <span class='ocrx_word' id='word_1_159' title='bbox 3359 624 3478 661; x_wconf 86' lang='lat' dir='ltr'><strong>esse</strong></span> 
     </span>
    </p>
   </div>
   <div class='ocr_carea' id='block_1_20' title="bbox 1872 671 3478 761">
    <p class='ocr_par' dir='ltr' id='par_1_20' title="bbox 1872 671 3478 761">
     <span class='ocr_line' id='line_1_20' title="bbox 1872 671 3478 761; baseline 0.006 -21"><span class='ocrx_word' id='word_1_160' title='bbox 1872 671 2002 757; x_wconf 80' lang='lat'><strong>37</strong></span> <span class='ocrx_word' id='word_1_161' title='bbox 2048 689 2224 744; x_wconf 88' lang='lat' dir='ltr'><strong>timor</strong></span> <span class='ocrx_word' id='word_1_162' title='bbox 2255 707 2267 743; x_wconf 92' lang='lat'><strong>:</strong></span> <span class='ocrx_word' id='word_1_163' title='bbox 2296 690 2509 744; x_wconf 86' lang='lat' dir='ltr'><strong>scilicet</strong></span> <span class='ocrx_word' id='word_1_164' title='bbox 2548 692 2605 745; x_wconf 90' lang='lat' dir='ltr'>in</span> <span class='ocrx_word' id='word_1_165' title='bbox 2653 692 2957 745; x_wconf 74' lang='lat' dir='ltr'><strong>amissione</strong></span> <span class='ocrx_word' id='word_1_166' title='bbox 3003 695 3194 761; x_wconf 71' lang='lat' dir='ltr'><strong>terrm,</strong></span> <span class='ocrx_word' id='word_1_167' title='bbox 3238 695 3381 750; x_wconf 85' lang='lat' dir='ltr'><strong>sicut</strong></span> <span class='ocrx_word' id='word_1_168' title='bbox 3420 696 3478 749; x_wconf 87' lang='lat' dir='ltr'><strong>in</strong></span> 
     </span>
    </p>
   </div>
   <div class='ocr_carea' id='block_1_21' title="bbox 1873 775 3477 853">
    <p class='ocr_par' dir='ltr' id='par_1_21' title="bbox 1873 775 3477 853">
     <span class='ocr_line' id='line_1_21' title="bbox 1873 775 3477 853; baseline 0.007 -26"><span class='ocrx_word' id='word_1_169' title='bbox 1873 775 2179 849; x_wconf 85' lang='lat' dir='ltr'><strong>Evangelio</strong></span> <span class='ocrx_word' id='word_1_170' title='bbox 2213 778 2422 849; x_wconf 86' lang='lat' dir='ltr'><strong>legitur</strong></span> <span class='ocrx_word' id='word_1_171' title='bbox 2451 796 2463 833; x_wconf 92' lang='lat'><strong>:</strong></span> <span class='ocrx_word' id='word_1_172' title='bbox 2500 801 2527 828; x_wconf 84' lang='lat'><strong>«</strong></span> <span class='ocrx_word' id='word_1_173' title='bbox 2564 779 2711 844; x_wconf 85' lang='lat' dir='ltr'><strong>Quid</strong></span> <span class='ocrx_word' id='word_1_174' title='bbox 2740 780 3001 847; x_wconf 86' lang='lat' dir='ltr'><strong>facimus,</strong></span> <span class='ocrx_word' id='word_1_175' title='bbox 3026 782 3162 853; x_wconf 86' lang='lat' dir='ltr'><strong>quia</strong></span> <span class='ocrx_word' id='word_1_176' title='bbox 3189 783 3281 838; x_wconf 90' lang='lat' dir='ltr'><strong>hic</strong></span> <span class='ocrx_word' id='word_1_177' title='bbox 3298 784 3477 839; x_wconf 87' lang='lat' dir='ltr'><strong>homo</strong></span> 
     </span>
    </p>
   </div>
   <div class='ocr_carea' id='block_1_22' title="bbox 1873 865 3480 937">
    <p class='ocr_par' dir='ltr' id='par_1_22' title="bbox 1873 865 3480 937">
     <span class='ocr_line' id='line_1_22' title="bbox 1873 865 3480 937; baseline 0.006 -19"><span class='ocrx_word' id='word_1_178' title='bbox 1873 866 2058 919; x_wconf 87' lang='lat' dir='ltr'><strong>multa</strong></span> <span class='ocrx_word' id='word_1_179' title='bbox 2097 865 2263 937; x_wconf 85' lang='lat' dir='ltr'><strong>signa</strong></span> <span class='ocrx_word' id='word_1_180' title='bbox 2292 866 2429 921; x_wconf 88' lang='lat' dir='ltr'><strong>fecit</strong></span> <span class='ocrx_word' id='word_1_181' title='bbox 2453 867 2482 922; x_wconf 77' lang='lat' dir='ltr'><strong>‘l</strong></span> <span class='ocrx_word' id='word_1_182' title='bbox 2512 867 2571 922; x_wconf 82' lang='lat' dir='ltr'><strong>Si</strong></span> <span class='ocrx_word' id='word_1_183' title='bbox 2601 867 2945 922; x_wconf 84' lang='lat' dir='ltr'><strong>dimittimus</strong></span> <span class='ocrx_word' id='word_1_184' title='bbox 2971 885 3104 923; x_wconf 90' lang='lat' dir='ltr'><strong>eum</strong></span> <span class='ocrx_word' id='word_1_185' title='bbox 3132 870 3231 937; x_wconf 92' lang='lat' dir='ltr'><strong>sic,</strong></span> <span class='ocrx_word' id='word_1_186' title='bbox 3275 887 3480 928; x_wconf 86' lang='lat' dir='ltr'><strong>omnes</strong></span> 
     </span>
    </p>
   </div>
   <div class='ocr_carea' id='block_1_23' title="bbox 1871 954 3473 1023">
    <p class='ocr_par' dir='ltr' id='par_1_23' title="bbox 1871 954 3473 1023">
     <span class='ocr_line' id='line_1_23' title="bbox 1871 954 3473 1023; baseline 0.007 -17"><span class='ocrx_word' id='word_1_187' title='bbox 1871 954 2112 1008; x_wconf 88' lang='lat' dir='ltr'><strong>credent</strong></span> <span class='ocrx_word' id='word_1_188' title='bbox 2137 954 2196 1008; x_wconf 89' lang='lat' dir='ltr'><strong>in</strong></span> <span class='ocrx_word' id='word_1_189' title='bbox 2216 970 2373 1023; x_wconf 90' lang='lat' dir='ltr'><strong>eum,</strong></span> <span class='ocrx_word' id='word_1_190' title='bbox 2399 957 2459 1010; x_wconf 88' lang='lat' dir='ltr'><strong>et</strong></span> <span class='ocrx_word' id='word_1_191' title='bbox 2471 956 2707 1010; x_wconf 81' lang='lat' dir='ltr'><strong>venient</strong></span> <span class='ocrx_word' id='word_1_192' title='bbox 2722 956 2968 1012; x_wconf 84' lang='lat' dir='ltr'><strong>Romani</strong></span> <span class='ocrx_word' id='word_1_193' title='bbox 2991 961 3050 1010; x_wconf 90' lang='lat' dir='ltr'><strong>et</strong></span> <span class='ocrx_word' id='word_1_194' title='bbox 3066 960 3473 1017; x_wconf 87' lang='lat' dir='ltr'><strong>tollentlocum</strong></span> 
     </span>
    </p>
   </div>
   <div class='ocr_carea' id='block_1_24' title="bbox 1870 1044 3479 1117">
    <p class='ocr_par' dir='ltr' id='par_1_24' title="bbox 1870 1044 3479 1117">
     <span class='ocr_line' id='line_1_24' title="bbox 1870 1044 3479 1117; baseline 0.007 -22"><span class='ocrx_word' id='word_1_195' title='bbox 1870 1044 2137 1097; x_wconf 88' lang='lat' dir='ltr'><strong>nostrum</strong></span> <span class='ocrx_word' id='word_1_196' title='bbox 2171 1047 2230 1096; x_wconf 89' lang='lat' dir='ltr'><strong>et</strong></span> <span class='ocrx_word' id='word_1_197' title='bbox 2274 1047 2537 1115; x_wconf 81' lang='lat' dir='ltr'><strong>gentem.</strong></span> <span class='ocrx_word' id='word_1_198' title='bbox 2578 1066 2608 1093; x_wconf 85' lang='lat'><em>»</em></span> <span class='ocrx_word' id='word_1_199' title='bbox 2659 1044 2845 1117; x_wconf 85' lang='lat' dir='ltr'><strong>(Joan.</strong></span> <span class='ocrx_word' id='word_1_200' title='bbox 2880 1062 2939 1112; x_wconf 79' lang='grc' dir='ltr'><strong>ιι,</strong></span> <span class='ocrx_word' id='word_1_201' title='bbox 2975 1048 3087 1115; x_wconf 86' lang='grc'>48).</span> <span class='ocrx_word' id='word_1_202' title='bbox 3142 1048 3347 1104; x_wconf 82' lang='lat' dir='ltr'><strong>Nonne</strong></span> <span class='ocrx_word' id='word_1_203' title='bbox 3387 1067 3479 1106; x_wconf 90' lang='lat' dir='ltr'><strong>co-</strong></span> 
     </span>
    </p>
   </div>
   <div class='ocr_carea' id='block_1_25' title="bbox 1870 1133 3474 1203">
    <p class='ocr_par' dir='ltr' id='par_1_25' title="bbox 1870 1133 3474 1203">
     <span class='ocr_line' id='line_1_25' title="bbox 1870 1133 3474 1203; baseline 0.005 -19"><span class='ocrx_word' id='word_1_204' title='bbox 1870 1134 2170 1200; x_wconf 86' lang='lat' dir='ltr'><strong>gnoscent,</strong></span> <span class='ocrx_word' id='word_1_205' title='bbox 2192 1148 2323 1187; x_wconf 89' lang='lat' dir='ltr'><strong>cum</strong></span> <span class='ocrx_word' id='word_1_206' title='bbox 2346 1133 2525 1189; x_wconf 90' lang='lat' dir='ltr'><strong>modo</strong></span> <span class='ocrx_word' id='word_1_207' title='bbox 2548 1149 2898 1203; x_wconf 84' lang='lat' dir='ltr'><strong>cognoscere</strong></span> <span class='ocrx_word' id='word_1_208' title='bbox 2922 1133 3128 1202; x_wconf 88' lang='lat' dir='ltr'><strong>nolint,</strong></span> <span class='ocrx_word' id='word_1_209' title='bbox 3149 1152 3353 1191; x_wconf 88' lang='lat' dir='ltr'><strong>omnes</strong></span> <span class='ocrx_word' id='word_1_210' title='bbox 3382 1138 3474 1194; x_wconf 85' lang='lat' dir='ltr'><strong>isti</strong></span> 
     </span>
    </p>
   </div>
   <div class='ocr_carea' id='block_1_26' title="bbox 1866 1219 3478 1294">
    <p class='ocr_par' dir='ltr' id='par_1_26' title="bbox 1866 1219 3478 1294">
     <span class='ocr_line' id='line_1_26' title="bbox 1866 1219 3478 1294; baseline 0.004 -21"><span class='ocrx_word' id='word_1_211' title='bbox 1866 1219 1963 1291; x_wconf 85' lang='lat' dir='ltr'><strong>qui</strong></span> <span class='ocrx_word' id='word_1_212' title='bbox 1984 1220 2126 1274; x_wconf 86' lang='lat' dir='ltr'><strong>tales</strong></span> <span class='ocrx_word' id='word_1_213' title='bbox 2145 1222 2203 1274; x_wconf 91' lang='lat' dir='ltr'><strong>et</strong></span> <span class='ocrx_word' id='word_1_214' title='bbox 2224 1221 2368 1275; x_wconf 87' lang='lat' dir='ltr'><strong>tales</strong></span> <span class='ocrx_word' id='word_1_215' title='bbox 2381 1225 2533 1290; x_wconf 88' lang='lat' dir='ltr'><strong>sunt,</strong></span> <span class='ocrx_word' id='word_1_216' title='bbox 2555 1222 2831 1293; x_wconf 89' lang='lat' dir='ltr'><strong>quoniam</strong></span> <span class='ocrx_word' id='word_1_217' title='bbox 2844 1221 3109 1277; x_wconf 77' lang='lat' dir='ltr'><strong>Dominus</strong></span> <span class='ocrx_word' id='word_1_218' title='bbox 3125 1241 3175 1277; x_wconf 84' lang='lat' dir='ltr'><strong>es</strong></span> <span class='ocrx_word' id='word_1_219' title='bbox 3187 1227 3242 1278; x_wconf 88' lang='lat' dir='ltr'><strong>in</strong></span> <span class='ocrx_word' id='word_1_220' title='bbox 3258 1242 3478 1294; x_wconf 79' lang='lat' dir='ltr'><strong>genera-</strong></span> 
     </span>
    </p>
   </div>
   <div class='ocr_carea' id='block_1_27' title="bbox 1864 1307 3478 1381">
    <p class='ocr_par' dir='ltr' id='par_1_27' title="bbox 1864 1307 3478 1381">
     <span class='ocr_line' id='line_1_27' title="bbox 1864 1307 3478 1381; baseline 0.005 -21"><span class='ocrx_word' id='word_1_221' title='bbox 1864 1309 2139 1375; x_wconf 85' lang='lat' dir='ltr'><strong>tioneista,</strong></span> <span class='ocrx_word' id='word_1_222' title='bbox 2164 1307 2223 1362; x_wconf 91' lang='lat' dir='ltr'>id</span> <span class='ocrx_word' id='word_1_223' title='bbox 2249 1312 2334 1363; x_wconf 90' lang='lat' dir='ltr'><strong>est</strong></span> <span class='ocrx_word' id='word_1_224' title='bbox 2353 1309 2540 1380; x_wconf 84' lang='lat' dir='ltr'><strong>gratia</strong></span> <span class='ocrx_word' id='word_1_225' title='bbox 2571 1309 2695 1380; x_wconf 81' lang='lat' dir='ltr'><strong>ejus</strong></span> <span class='ocrx_word' id='word_1_226' title='bbox 2728 1325 2986 1381; x_wconf 87' lang='lat' dir='ltr'><strong>semper:</strong></span> <span class='ocrx_word' id='word_1_227' title='bbox 3008 1310 3068 1364; x_wconf 91' lang='lat' dir='ltr'><strong>in</strong></span> <span class='ocrx_word' id='word_1_228' title='bbox 3100 1312 3478 1381; x_wconf 83' lang='lat' dir='ltr'><strong>generatione</strong></span> 
     </span>
    </p>
   </div>
   <div class='ocr_carea' id='block_1_28' title="bbox 1861 1395 3475 1469">
    <p class='ocr_par' dir='ltr' id='par_1_28' title="bbox 1861 1395 3475 1469">
     <span class='ocr_line' id='line_1_28' title="bbox 1861 1395 3475 1469; baseline 0.004 -20"><span class='ocrx_word' id='word_1_229' title='bbox 1861 1395 1971 1450; x_wconf 89' lang='lat' dir='ltr'><strong>ista</strong></span> <span class='ocrx_word' id='word_1_230' title='bbox 1984 1398 2045 1450; x_wconf 90' lang='lat' dir='ltr'><strong>ut</strong></span> <span class='ocrx_word' id='word_1_231' title='bbox 2060 1400 2505 1452; x_wconf 87' lang='lat' dir='ltr'><strong>remunereteos</strong></span> <span class='ocrx_word' id='word_1_232' title='bbox 2524 1396 2891 1469; x_wconf 85' lang='lat' dir='ltr'><strong>quandoque.</strong></span> <span class='ocrx_word' id='word_1_233' title='bbox 2921 1397 3091 1462; x_wconf 85' lang='lat' dir='ltr'><strong>Quasi</strong></span> <span class='ocrx_word' id='word_1_234' title='bbox 3127 1399 3277 1454; x_wconf 88' lang='lat' dir='ltr'><strong>dicat</strong></span> <span class='ocrx_word' id='word_1_235' title='bbox 3297 1417 3310 1454; x_wconf 75' lang='grc' dir='ltr'>ε</span> <span class='ocrx_word' id='word_1_236' title='bbox 3330 1401 3475 1455; x_wconf 82' lang='lat' dir='ltr'><strong>Vere</strong></span> 
     </span>
    </p>
   </div>
   <div class='ocr_carea' id='block_1_29' title="bbox 1862 1484 3476 1557">
    <p class='ocr_par' dir='ltr' id='par_1_29' title="bbox 1862 1484 3476 1557">
     <span class='ocr_line' id='line_1_29' title="bbox 1862 1484 3476 1557; baseline 0.003 -18"><span class='ocrx_word' id='word_1_237' title='bbox 1862 1487 2212 1556; x_wconf 81' lang='lat' dir='ltr'><strong>cognoscent</strong></span> <span class='ocrx_word' id='word_1_238' title='bbox 2226 1484 2332 1555; x_wconf 90' lang='lat' dir='ltr'><strong>ipsi</strong></span> <span class='ocrx_word' id='word_1_239' title='bbox 2349 1486 2726 1557; x_wconf 88' lang='lat' dir='ltr'><strong>quandoque:</strong></span> <span class='ocrx_word' id='word_1_240' title='bbox 2755 1485 2912 1557; x_wconf 87' lang='lat' dir='ltr'><strong>quod</strong></span> <span class='ocrx_word' id='word_1_241' title='bbox 2929 1488 3306 1543; x_wconf 88' lang='lat' dir='ltr'><strong>Dominusest</strong></span> <span class='ocrx_word' id='word_1_242' title='bbox 3322 1507 3476 1545; x_wconf 91' lang='lat' dir='ltr'><strong>nunc</strong></span> 
     </span>
    </p>
   </div>
   <div class='ocr_carea' id='block_1_30' title="bbox 1864 1572 3475 1647">
    <p class='ocr_par' dir='ltr' id='par_1_30' title="bbox 1864 1572 3475 1647">
     <span class='ocr_line' id='line_1_30' title="bbox 1864 1572 3475 1647; baseline 0.004 -21"><span class='ocrx_word' id='word_1_243' title='bbox 1864 1572 1922 1626; x_wconf 90' lang='lat' dir='ltr'><strong>in</strong></span> <span class='ocrx_word' id='word_1_244' title='bbox 1934 1574 2123 1644; x_wconf 87' lang='lat' dir='ltr'><strong>justis,</strong></span> <span class='ocrx_word' id='word_1_245' title='bbox 2139 1577 2201 1627; x_wconf 90' lang='lat' dir='ltr'><strong>ut</strong></span> <span class='ocrx_word' id='word_1_246' title='bbox 2224 1574 2573 1645; x_wconf 82' lang='lat' dir='ltr'><strong>quandoque</strong></span> <span class='ocrx_word' id='word_1_247' title='bbox 2606 1589 2706 1628; x_wconf 89' lang='lat' dir='ltr'><strong>eos</strong></span> <span class='ocrx_word' id='word_1_248' title='bbox 2728 1579 3065 1629; x_wconf 79' lang='lat' dir='ltr'><strong>remaneret</strong></span> <span class='ocrx_word' id='word_1_249' title='bbox 3099 1576 3197 1647; x_wconf 89' lang='lat' dir='ltr'><strong>qui</strong></span> <span class='ocrx_word' id='word_1_250' title='bbox 3218 1593 3371 1632; x_wconf 90' lang='lat' dir='ltr'><strong>nunc</strong></span> <span class='ocrx_word' id='word_1_251' title='bbox 3394 1578 3475 1632; x_wconf 89' lang='lat' dir='ltr'><strong>eis</strong></span> 
     </span>
    </p>
   </div>
   <div class='ocr_carea' id='block_1_31' title="bbox 1866 1661 3473 1737">
    <p class='ocr_par' dir='ltr' id='par_1_31' title="bbox 1866 1661 3473 1737">
     <span class='ocr_line' id='line_1_31' title="bbox 1866 1661 3473 1737; baseline 0.005 -24"><span class='ocrx_word' id='word_1_252' title='bbox 1866 1664 2153 1730; x_wconf 87' lang='lat' dir='ltr'><strong>apparent</strong></span> <span class='ocrx_word' id='word_1_253' title='bbox 2174 1661 2330 1715; x_wconf 85' lang='lat' dir='ltr'><strong>viles.</strong></span> <span class='ocrx_word' id='word_1_254' title='bbox 2366 1663 2432 1714; x_wconf 89' lang='lat' dir='ltr'><strong>Et</strong></span> <span class='ocrx_word' id='word_1_255' title='bbox 2460 1678 2527 1715; x_wconf 86' lang='lat' dir='ltr'><strong>ex</strong></span> <span class='ocrx_word' id='word_1_256' title='bbox 2552 1662 2816 1732; x_wconf 90' lang='lat' dir='ltr'><strong>opposito</strong></span> <span class='ocrx_word' id='word_1_257' title='bbox 2848 1663 3017 1716; x_wconf 88' lang='lat' dir='ltr'><strong>datur</strong></span> <span class='ocrx_word' id='word_1_258' title='bbox 3048 1663 3289 1735; x_wconf 86' lang='lat' dir='ltr'><strong>intelligi</strong></span> <span class='ocrx_word' id='word_1_259' title='bbox 3317 1668 3473 1737; x_wconf 91' lang='lat' dir='ltr'><strong>quod</strong></span> 
     </span>
    </p>
   </div>
   <div class='ocr_carea' id='block_1_32' title="bbox 154 1747 3473 1822">
    <p class='ocr_par' dir='ltr' id='par_1_32' title="bbox 154 1747 3473 1822">
     <span class='ocr_line' id='line_1_32' title="bbox 154 1747 3473 1822; baseline 0.002 -20"><span class='ocrx_word' id='word_1_260' title='bbox 154 1754 283 1803; x_wconf 89' lang='lat' dir='ltr'><strong>sunt</strong></span> <span class='ocrx_word' id='word_1_261' title='bbox 295 1749 476 1819; x_wconf 79' lang='lat' dir='ltr'><strong>pedes,</strong></span> <span class='ocrx_word' id='word_1_262' title='bbox 513 1749 571 1804; x_wconf 92' lang='lat' dir='ltr'><strong>id</strong></span> <span class='ocrx_word' id='word_1_263' title='bbox 597 1752 683 1804; x_wconf 90' lang='lat' dir='ltr'><strong>est</strong></span> <span class='ocrx_word' id='word_1_264' title='bbox 716 1748 1047 1803; x_wconf 72' lang='lat' dir='ltr'><strong>affectiones</strong></span> <span class='ocrx_word' id='word_1_265' title='bbox 1066 1764 1247 1805; x_wconf 71' lang='lat' dir='ltr'><strong>eorum</strong></span> <span class='ocrx_word' id='word_1_266' title='bbox 1283 1748 1354 1801; x_wconf 88' lang='lat' dir='ltr'><strong>ad</strong></span> <span class='ocrx_word' id='word_1_267' title='bbox 1385 1748 1765 1820; x_wconf 72' lang='lat' dir='ltr'><strong>c/fundemlum</strong></span> <span class='ocrx_word' id='word_1_268' title='bbox 1789 1747 1841 1806; x_wconf 90' lang='lat' dir='ltr'><strong>B</strong></span> <span class='ocrx_word' id='word_1_269' title='bbox 1865 1751 2233 1819; x_wconf 83' lang='lat' dir='ltr'><strong>cognoscent,</strong></span> <span class='ocrx_word' id='word_1_270' title='bbox 2249 1765 2383 1803; x_wconf 92' lang='lat' dir='ltr'><strong>cum</strong></span> <span class='ocrx_word' id='word_1_271' title='bbox 2402 1750 2854 1818; x_wconf 82' lang='lat' dir='ltr'><strong>damnabuntur,</strong></span> <span class='ocrx_word' id='word_1_272' title='bbox 2875 1750 3031 1822; x_wconf 91' lang='lat' dir='ltr'><strong>quod</strong></span> <span class='ocrx_word' id='word_1_273' title='bbox 3044 1752 3324 1806; x_wconf 86' lang='lat' dir='ltr'><strong>Dominus</strong></span> <span class='ocrx_word' id='word_1_274' title='bbox 3342 1755 3397 1808; x_wconf 92' lang='lat' dir='ltr'><strong>in</strong></span> <span class='ocrx_word' id='word_1_275' title='bbox 3413 1771 3473 1809; x_wconf 90' lang='lat' dir='ltr'><strong>se</strong></span> 
     </span>
    </p>
   </div>
   <div class='ocr_carea' id='block_1_33' title="bbox 154 1836 1762 1910">
    <p class='ocr_par' dir='ltr' id='par_1_33' title="bbox 154 1836 1762 1910">
     <span class='ocr_line' id='line_1_33' title="bbox 154 1836 1762 1910; baseline 0.002 -20"><span class='ocrx_word' id='word_1_276' title='bbox 154 1841 461 1907; x_wconf 81' lang='lat' dir='ltr'><strong>sanguinem</strong></span> <span class='ocrx_word' id='word_1_277' title='bbox 498 1855 719 1899; x_wconf 84' lang='lat' dir='ltr'><strong>meum,</strong></span> <span class='ocrx_word' id='word_1_278' title='bbox 745 1838 891 1893; x_wconf 84' lang='lat' dir='ltr'><strong>sicut</strong></span> <span class='ocrx_word' id='word_1_279' title='bbox 917 1836 1193 1908; x_wconf 87' lang='lat' dir='ltr'><strong>scriptum</strong></span> <span class='ocrx_word' id='word_1_280' title='bbox 1226 1840 1312 1891; x_wconf 91' lang='lat' dir='ltr'><strong>est</strong></span> <span class='ocrx_word' id='word_1_281' title='bbox 1346 1854 1359 1892; x_wconf 91' lang='lat'><strong>:</strong></span> <span class='ocrx_word' id='word_1_282' title='bbox 1396 1860 1423 1887; x_wconf 90' lang='grc'><strong>‹‹</strong></span> <span class='ocrx_word' id='word_1_283' title='bbox 1457 1838 1525 1891; x_wconf 90' lang='lat' dir='ltr'><strong>Et</strong></span> <span class='ocrx_word' id='word_1_284' title='bbox 1539 1854 1762 1910; x_wconf 76' lang='lat' dir='ltr'><strong>quaere-</strong></span> 
     </span>
    </p>
   </div>
   <div class='ocr_carea' id='block_1_34' title="bbox 156 1924 1763 1998">
    <p class='ocr_par' dir='ltr' id='par_1_34' title="bbox 156 1924 1763 1998">
     <span class='ocr_line' id='line_1_34' title="bbox 156 1924 1763 1998; baseline 0.001 -18"><span class='ocrx_word' id='word_1_285' title='bbox 156 1927 291 1980; x_wconf 90' lang='lat' dir='ltr'><strong>bant</strong></span> <span class='ocrx_word' id='word_1_286' title='bbox 311 1926 610 1998; x_wconf 87' lang='lat' dir='ltr'><strong>quomodo</strong></span> <span class='ocrx_word' id='word_1_287' title='bbox 626 1943 761 1980; x_wconf 90' lang='lat' dir='ltr'><strong>eum</strong></span> <span class='ocrx_word' id='word_1_288' title='bbox 791 1925 1185 1980; x_wconf 82' lang='lat' dir='ltr'><strong>interﬁcerent</strong></span> <span class='ocrx_word' id='word_1_289' title='bbox 1206 1924 1418 1997; x_wconf 88' lang='lat' dir='ltr'><strong>(Ibid.).</strong></span> <span class='ocrx_word' id='word_1_290' title='bbox 1444 1946 1473 1975; x_wconf 88' lang='lat'>»</span> <span class='ocrx_word' id='word_1_291' title='bbox 1497 1925 1763 1981; x_wconf 80' lang='lat' dir='ltr'><strong>Affectio-</strong></span> 
     </span>
    </p>
   </div>
   <div class='ocr_carea' id='block_1_35' title="bbox 152 2014 1762 2087">
    <p class='ocr_par' dir='ltr' id='par_1_35' title="bbox 152 2014 1762 2087">
     <span class='ocr_line' id='line_1_35' title="bbox 152 2014 1762 2087; baseline 0.001 -19"><span class='ocrx_word' id='word_1_292' title='bbox 152 2031 250 2068; x_wconf 86' lang='lat' dir='ltr'><strong>nes</strong></span> <span class='ocrx_word' id='word_1_293' title='bbox 282 2015 550 2069; x_wconf 89' lang='lat' dir='ltr'><strong>dicuntur</strong></span> <span class='ocrx_word' id='word_1_294' title='bbox 590 2015 786 2087; x_wconf 85' lang='lat' dir='ltr'><strong>pedes,</strong></span> <span class='ocrx_word' id='word_1_295' title='bbox 833 2014 987 2086; x_wconf 90' lang='lat' dir='ltr'><strong>quod</strong></span> <span class='ocrx_word' id='word_1_296' title='bbox 1048 2014 1446 2069; x_wconf 72' lang='lat' dir='ltr'><strong>affectionibus</strong></span> <span class='ocrx_word' id='word_1_297' title='bbox 1496 2015 1762 2086; x_wconf 87' lang='lat' dir='ltr'><strong>graditur</strong></span> 
     </span>
    </p>
   </div>
   <div class='ocr_carea' id='block_1_36' title="bbox 150 2100 1758 2174">
    <p class='ocr_par' dir='ltr' id='par_1_36' title="bbox 150 2100 1758 2174">
     <span class='ocr_line' id='line_1_36' title="bbox 150 2100 1758 2174; baseline -0.001 -17"><span class='ocrx_word' id='word_1_298' title='bbox 150 2102 373 2157; x_wconf 89' lang='lat' dir='ltr'><strong>animus</strong></span> <span class='ocrx_word' id='word_1_299' title='bbox 399 2104 545 2157; x_wconf 86' lang='lat' dir='ltr'><strong>sicut</strong></span> <span class='ocrx_word' id='word_1_300' title='bbox 568 2100 811 2174; x_wconf 86' lang='lat' dir='ltr'><strong>pedibus</strong></span> <span class='ocrx_word' id='word_1_301' title='bbox 837 2119 1065 2174; x_wconf 86' lang='lat' dir='ltr'><strong>corpus.</strong></span> <span class='ocrx_word' id='word_1_302' title='bbox 1094 2104 1161 2157; x_wconf 87' lang='lat' dir='ltr'><strong>Et</strong></span> <span class='ocrx_word' id='word_1_303' title='bbox 1188 2103 1337 2157; x_wconf 88' lang='lat' dir='ltr'><strong>bene</strong></span> <span class='ocrx_word' id='word_1_304' title='bbox 1364 2102 1634 2156; x_wconf 90' lang='lat' dir='ltr'><strong>dicuntur</strong></span> <span class='ocrx_word' id='word_1_305' title='bbox 1664 2120 1758 2157; x_wconf 87' lang='lat' dir='ltr'><strong>ve-</strong></span> 
     </span>
    </p>
   </div>
   <div class='ocr_carea' id='block_1_37' title="bbox 151 2190 1760 2262">
    <p class='ocr_par' dir='ltr' id='par_1_37' title="bbox 151 2190 1760 2262">
     <span class='ocr_line' id='line_1_37' title="bbox 151 2190 1760 2262; baseline 0.001 -18"><span class='ocrx_word' id='word_1_306' title='bbox 151 2192 351 2245; x_wconf 88' lang='lat' dir='ltr'><strong>loces:</strong></span> <span class='ocrx_word' id='word_1_307' title='bbox 404 2208 537 2245; x_wconf 89' lang='lat' dir='ltr'><strong>cum</strong></span> <span class='ocrx_word' id='word_1_308' title='bbox 588 2207 721 2245; x_wconf 87' lang='lat' dir='ltr'><strong>cum</strong></span> <span class='ocrx_word' id='word_1_309' title='bbox 775 2191 1096 2262; x_wconf 85' lang='lat' dir='ltr'><strong>improvide</strong></span> <span class='ocrx_word' id='word_1_310' title='bbox 1150 2190 1596 2259; x_wconf 87' lang='lat' dir='ltr'><strong>interfecissent,</strong></span> <span class='ocrx_word' id='word_1_311' title='bbox 1656 2208 1760 2246; x_wconf 90' lang='lat' dir='ltr'><strong>nec</strong></span> 
     </span>
    </p>
   </div>
   <div class='ocr_carea' id='block_1_38' title="bbox 155 2278 1757 2351">
    <p class='ocr_par' dir='ltr' id='par_1_38' title="bbox 155 2278 1757 2351">
     <span class='ocr_line' id='line_1_38' title="bbox 155 2278 1757 2351; baseline 0.001 -18"><span class='ocrx_word' id='word_1_312' title='bbox 155 2279 331 2333; x_wconf 86' lang='lat' dir='ltr'><strong>etiam</strong></span> <span class='ocrx_word' id='word_1_313' title='bbox 358 2278 513 2334; x_wconf 89' lang='lat' dir='ltr'><strong>diem</strong></span> <span class='ocrx_word' id='word_1_314' title='bbox 541 2279 754 2333; x_wconf 87' lang='lat' dir='ltr'><strong>festum</strong></span> <span class='ocrx_word' id='word_1_315' title='bbox 785 2296 851 2334; x_wconf 85' lang='lat' dir='ltr'><strong>ex</strong></span> <span class='ocrx_word' id='word_1_316' title='bbox 868 2282 990 2335; x_wconf 89' lang='lat' dir='ltr'><strong>toto</strong></span> <span class='ocrx_word' id='word_1_317' title='bbox 1016 2279 1313 2351; x_wconf 64' lang='lat' dir='ltr'><strong>praeterire</strong></span> <span class='ocrx_word' id='word_1_318' title='bbox 1338 2282 1757 2351; x_wconf 83' lang='lat' dir='ltr'><strong>exspectantes.</strong></span> 
     </span>
    </p>
   </div>
   <div class='ocr_carea' id='block_1_39' title="bbox 153 2367 1759 2438">
    <p class='ocr_par' dir='ltr' id='par_1_39' title="bbox 153 2367 1759 2438">
     <span class='ocr_line' id='line_1_39' title="bbox 153 2367 1759 2438; baseline 0 -16"><span class='ocrx_word' id='word_1_319' title='bbox 153 2368 221 2423; x_wconf 85' lang='lat' dir='ltr'><strong>Et</strong></span> <span class='ocrx_word' id='word_1_320' title='bbox 242 2368 351 2422; x_wconf 89' lang='lat' dir='ltr'><strong>hoc</strong></span> <span class='ocrx_word' id='word_1_321' title='bbox 374 2370 563 2421; x_wconf 89' lang='lat' dir='ltr'><strong>totum</strong></span> <span class='ocrx_word' id='word_1_322' title='bbox 594 2370 681 2421; x_wconf 89' lang='lat' dir='ltr'><strong>est</strong></span> <span class='ocrx_word' id='word_1_323' title='bbox 706 2384 772 2422; x_wconf 82' lang='lat' dir='ltr'><strong>ac</strong></span> <span class='ocrx_word' id='word_1_324' title='bbox 803 2368 847 2420; x_wconf 89' lang='lat' dir='ltr'><strong>si</strong></span> <span class='ocrx_word' id='word_1_325' title='bbox 876 2367 1093 2422; x_wconf 86' lang='lat' dir='ltr'><strong>diceret</strong></span> <span class='ocrx_word' id='word_1_326' title='bbox 1116 2385 1128 2422; x_wconf 94' lang='lat'><strong>:</strong></span> <span class='ocrx_word' id='word_1_327' title='bbox 1150 2370 1212 2421; x_wconf 89' lang='lat' dir='ltr'><strong>In</strong></span> <span class='ocrx_word' id='word_1_328' title='bbox 1242 2368 1353 2421; x_wconf 90' lang='lat' dir='ltr'><strong>hoc</strong></span> <span class='ocrx_word' id='word_1_329' title='bbox 1371 2371 1563 2438; x_wconf 87' lang='lat' dir='ltr'><strong>potest</strong></span> <span class='ocrx_word' id='word_1_330' title='bbox 1578 2368 1759 2422; x_wconf 90' lang='lat' dir='ltr'><strong>videri</strong></span> 
     </span>
    </p>
   </div>
   <div class='ocr_carea' id='block_1_40' title="bbox 151 2454 1759 2527">
    <p class='ocr_par' dir='ltr' id='par_1_40' title="bbox 151 2454 1759 2527">
     <span class='ocr_line' id='line_1_40' title="bbox 151 2454 1759 2527; baseline 0.001 -18"><span class='ocrx_word' id='word_1_331' title='bbox 151 2454 284 2525; x_wconf 89' lang='lat' dir='ltr'><strong>quia</strong></span> <span class='ocrx_word' id='word_1_332' title='bbox 314 2455 767 2522; x_wconf 88' lang='lat' dir='ltr'><strong>declinaverunt,</strong></span> <span class='ocrx_word' id='word_1_333' title='bbox 822 2455 975 2527; x_wconf 90' lang='lat' dir='ltr'><strong>quod</strong></span> <span class='ocrx_word' id='word_1_334' title='bbox 1029 2472 1092 2511; x_wconf 88' lang='lat' dir='ltr'><strong>os</strong></span> <span class='ocrx_word' id='word_1_335' title='bbox 1139 2471 1344 2510; x_wconf 90' lang='lat' dir='ltr'><strong>eorum</strong></span> <span class='ocrx_word' id='word_1_336' title='bbox 1393 2456 1633 2527; x_wconf 88' lang='lat' dir='ltr'><strong>plenum</strong></span> <span class='ocrx_word' id='word_1_337' title='bbox 1673 2459 1759 2511; x_wconf 88' lang='lat' dir='ltr'><strong>est</strong></span> 
     </span>
    </p>
   </div>
   <div class='ocr_carea' id='block_1_41' title="bbox 153 2543 1755 2615">
    <p class='ocr_par' dir='ltr' id='par_1_41' title="bbox 153 2543 1755 2615">
     <span class='ocr_line' id='line_1_41' title="bbox 153 2543 1755 2615; baseline 0.002 -18"><span class='ocrx_word' id='word_1_338' title='bbox 153 2543 578 2611; x_wconf 86' lang='lat' dir='ltr'><strong>maledictione,</strong></span> <span class='ocrx_word' id='word_1_339' title='bbox 612 2548 670 2598; x_wconf 89' lang='lat' dir='ltr'><strong>et</strong></span> <span class='ocrx_word' id='word_1_340' title='bbox 699 2544 923 2599; x_wconf 90' lang='lat' dir='ltr'><strong>veloces</strong></span> <span class='ocrx_word' id='word_1_341' title='bbox 934 2543 1110 2615; x_wconf 89' lang='lat' dir='ltr'><strong>pedes</strong></span> <span class='ocrx_word' id='word_1_342' title='bbox 1126 2560 1331 2599; x_wconf 89' lang='lat' dir='ltr'><strong>eorum</strong></span> <span class='ocrx_word' id='word_1_343' title='bbox 1361 2545 1435 2599; x_wconf 91' lang='lat' dir='ltr'><strong>ad</strong></span> <span class='ocrx_word' id='word_1_344' title='bbox 1454 2544 1755 2601; x_wconf 83' lang='lat' dir='ltr'><strong>effunden-</strong></span> 
     </span>
    </p>
   </div>
   <div class='ocr_carea' id='block_1_42' title="bbox 151 2630 1760 2711">
    <p class='ocr_par' dir='ltr' id='par_1_42' title="bbox 151 2630 1760 2711">
     <span class='ocr_line' id='line_1_42' title="bbox 151 2630 1760 2711; baseline 0.001 -26"><span class='ocrx_word' id='word_1_345' title='bbox 151 2631 289 2687; x_wconf 87' lang='lat' dir='ltr'><strong>dum</strong></span> <span class='ocrx_word' id='word_1_346' title='bbox 307 2631 647 2704; x_wconf 86' lang='lat' dir='ltr'><strong>sanguinem</strong></span> <span class='ocrx_word' id='word_1_347' title='bbox 662 2647 882 2711; x_wconf 81' lang='lat' dir='ltr'><strong>meum,</strong></span> <span class='ocrx_word' id='word_1_348' title='bbox 910 2633 969 2684; x_wconf 90' lang='lat' dir='ltr'><strong>ut</strong></span> <span class='ocrx_word' id='word_1_349' title='bbox 983 2630 1063 2685; x_wconf 83' lang='lat' dir='ltr'><strong>ait</strong></span> <span class='ocrx_word' id='word_1_350' title='bbox 1074 2633 1407 2703; x_wconf 84' lang='lat' dir='ltr'><strong>Apostolus:</strong></span> <span class='ocrx_word' id='word_1_351' title='bbox 1430 2654 1458 2683; x_wconf 91' lang='grc'><strong>‹‹</strong></span> <span class='ocrx_word' id='word_1_352' title='bbox 1476 2632 1535 2687; x_wconf 88' lang='lat' dir='ltr'><strong>Si</strong></span> <span class='ocrx_word' id='word_1_353' title='bbox 1549 2648 1760 2703; x_wconf 87' lang='lat' dir='ltr'><strong>cogno-</strong></span> 
     </span>
    </p>
   </div>
   <div class='ocr_carea' id='block_1_43' title="bbox 152 2719 1757 2792">
    <p class='ocr_par' dir='ltr' id='par_1_43' title="bbox 152 2719 1757 2792">
     <span class='ocr_line' id='line_1_43' title="bbox 152 2719 1757 2792; baseline 0.001 -19"><span class='ocrx_word' id='word_1_354' title='bbox 152 2720 390 2787; x_wconf 90' lang='lat' dir='ltr'><strong>vissent,</strong></span> <span class='ocrx_word' id='word_1_355' title='bbox 421 2736 720 2792; x_wconf 86' lang='lat' dir='ltr'><strong>nunquam</strong></span> <span class='ocrx_word' id='word_1_356' title='bbox 754 2719 1067 2775; x_wconf 90' lang='lat' dir='ltr'><strong>Dominum</strong></span> <span class='ocrx_word' id='word_1_357' title='bbox 1110 2720 1308 2790; x_wconf 66' lang='lat' dir='ltr'><strong>gloriae</strong></span> <span class='ocrx_word' id='word_1_358' title='bbox 1348 2719 1757 2775; x_wconf 80' lang='lat' dir='ltr'><strong>cruciﬁxissent</strong></span> 
     </span>
    </p>
   </div>
   <div class='ocr_carea' id='block_1_44' title="bbox 151 2806 1758 2881">
    <p class='ocr_par' dir='ltr' id='par_1_44' title="bbox 151 2806 1758 2881">
     <span class='ocr_line' id='line_1_44' title="bbox 151 2806 1758 2881; baseline 0.001 -21"><span class='ocrx_word' id='word_1_359' title='bbox 151 2807 224 2881; x_wconf 89' lang='grc' dir='ltr'><strong>(Ι.</strong></span> <span class='ocrx_word' id='word_1_360' title='bbox 260 2806 387 2862; x_wconf 89' lang='lat' dir='ltr'><strong>Cor.</strong></span> <span class='ocrx_word' id='word_1_361' title='bbox 420 2825 479 2875; x_wconf 86' lang='lat' dir='ltr'><strong>II,</strong></span> <span class='ocrx_word' id='word_1_362' title='bbox 514 2810 587 2871; x_wconf 76' lang='lat'><strong>8).</strong></span> <span class='ocrx_word' id='word_1_363' title='bbox 625 2829 652 2855; x_wconf 89' lang='grc'><strong>››</strong></span> <span class='ocrx_word' id='word_1_364' title='bbox 680 2808 748 2861; x_wconf 87' lang='lat' dir='ltr'><strong>Et</strong></span> <span class='ocrx_word' id='word_1_365' title='bbox 785 2808 922 2879; x_wconf 85' lang='lat' dir='ltr'><strong>quia</strong></span> <span class='ocrx_word' id='word_1_366' title='bbox 955 2808 1406 2875; x_wconf 86' lang='lat' dir='ltr'><strong>declinaverunt,</strong></span> <span class='ocrx_word' id='word_1_367' title='bbox 1440 2811 1499 2862; x_wconf 90' lang='lat' dir='ltr'><strong>et</strong></span> <span class='ocrx_word' id='word_1_368' title='bbox 1525 2808 1671 2862; x_wconf 87' lang='lat' dir='ltr'><strong>tales</strong></span> <span class='ocrx_word' id='word_1_369' title='bbox 1700 2812 1758 2862; x_wconf 89' lang='lat' dir='ltr'><strong>et</strong></span> 
     </span>
    </p>
   </div>
   <div class='ocr_carea' id='block_1_45' title="bbox 151 2895 1759 2965">
    <p class='ocr_par' dir='ltr' id='par_1_45' title="bbox 151 2895 1759 2965">
     <span class='ocr_line' id='line_1_45' title="bbox 151 2895 1759 2965; baseline 0 -16"><span class='ocrx_word' id='word_1_370' title='bbox 151 2897 300 2951; x_wconf 90' lang='lat' dir='ltr'><strong>tales</strong></span> <span class='ocrx_word' id='word_1_371' title='bbox 314 2900 448 2950; x_wconf 84' lang='lat' dir='ltr'><strong>sunt</strong></span> <span class='ocrx_word' id='word_1_372' title='bbox 462 2897 710 2949; x_wconf 73' lang='lat' dir='ltr'><strong>contritio</strong></span> <span class='ocrx_word' id='word_1_373' title='bbox 731 2902 780 2948; x_wconf 87' lang='lat' dir='ltr'><strong>et</strong></span> <span class='ocrx_word' id='word_1_374' title='bbox 795 2895 1102 2965; x_wconf 80' lang='lat' dir='ltr'><strong>infelicitas,</strong></span> <span class='ocrx_word' id='word_1_375' title='bbox 1127 2895 1187 2950; x_wconf 91' lang='lat' dir='ltr'><strong>id</strong></span> <span class='ocrx_word' id='word_1_376' title='bbox 1214 2899 1299 2949; x_wconf 88' lang='lat' dir='ltr'><strong>est</strong></span> <span class='ocrx_word' id='word_1_377' title='bbox 1317 2895 1515 2950; x_wconf 81' lang='lat' dir='ltr'><strong>infelix</strong></span> <span class='ocrx_word' id='word_1_378' title='bbox 1545 2895 1759 2951; x_wconf 90' lang='lat' dir='ltr'><strong>contri-</strong></span> 
     </span>
    </p>
   </div>
   <div class='ocr_carea' id='block_1_46' title="bbox 154 2983 1825 3088">
    <p class='ocr_par' dir='ltr' id='par_1_46' title="bbox 154 2983 1825 3088">
     <span class='ocr_line' id='line_1_46' title="bbox 154 2983 1825 3088; baseline 0.001 -51"><span class='ocrx_word' id='word_1_379' title='bbox 154 2984 234 3039; x_wconf 90' lang='lat' dir='ltr'><strong>tio</strong></span> <span class='ocrx_word' id='word_1_380' title='bbox 257 2984 316 3038; x_wconf 91' lang='lat' dir='ltr'><strong>in</strong></span> <span class='ocrx_word' id='word_1_381' title='bbox 339 2984 440 3038; x_wconf 90' lang='lat' dir='ltr'><strong>viis</strong></span> <span class='ocrx_word' id='word_1_382' title='bbox 459 2999 663 3039; x_wconf 88' lang='lat' dir='ltr'><strong>eorum</strong></span> <span class='ocrx_word' id='word_1_383' title='bbox 690 2983 818 3051; x_wconf 92' lang='lat' dir='ltr'><strong>erit,</strong></span> <span class='ocrx_word' id='word_1_384' title='bbox 843 2984 902 3038; x_wconf 89' lang='lat' dir='ltr'>id</span> <span class='ocrx_word' id='word_1_385' title='bbox 922 2987 1007 3038; x_wconf 89' lang='lat' dir='ltr'><strong>est</strong></span> <span class='ocrx_word' id='word_1_386' title='bbox 1029 2999 1135 3053; x_wconf 93' lang='lat' dir='ltr'><strong>pro</strong></span> <span class='ocrx_word' id='word_1_387' title='bbox 1164 2984 1352 3055; x_wconf 87' lang='lat' dir='ltr'><strong>pravis</strong></span> <span class='ocrx_word' id='word_1_388' title='bbox 1396 2984 1668 3055; x_wconf 82' lang='lat' dir='ltr'><strong>operibus</strong></span> <span class='ocrx_word' id='word_1_389' title='bbox 1698 2987 1756 3039; x_wconf 91' lang='lat' dir='ltr'><strong>et</strong></span> <span class='ocrx_word' id='word_1_390' title='bbox 1780 3022 1825 3088; x_wconf 62' lang='grc' dir='ltr'><strong>ϐ</strong></span> 
     </span>
    </p>
   </div>
   <div class='ocr_carea' id='block_1_47' title="bbox 147 3071 1752 3143">
    <p class='ocr_par' dir='ltr' id='par_1_47' title="bbox 147 3071 1752 3143">
     <span class='ocr_line' id='line_1_47' title="bbox 147 3071 1752 3143; baseline 0.001 -18"><span class='ocrx_word' id='word_1_391' title='bbox 147 3071 591 3143; x_wconf 80' lang='lat' dir='ltr'><strong>cogitationibus</strong></span> <span class='ocrx_word' id='word_1_392' title='bbox 622 3087 847 3138; x_wconf 89' lang='lat' dir='ltr'><strong>eorum,</strong></span> <span class='ocrx_word' id='word_1_393' title='bbox 886 3087 1013 3142; x_wconf 59' lang='lat' dir='ltr'><strong>qua!</strong></span> <span class='ocrx_word' id='word_1_394' title='bbox 1045 3075 1179 3126; x_wconf 89' lang='lat' dir='ltr'><strong>sunt</strong></span> <span class='ocrx_word' id='word_1_395' title='bbox 1218 3071 1298 3125; x_wconf 87' lang='lat' dir='ltr'><strong>eis</strong></span> <span class='ocrx_word' id='word_1_396' title='bbox 1337 3071 1441 3126; x_wconf 66' lang='lat' dir='ltr'><strong>viai</strong></span> <span class='ocrx_word' id='word_1_397' title='bbox 1482 3072 1556 3126; x_wconf 90' lang='lat' dir='ltr'><strong>ad</strong></span> <span class='ocrx_word' id='word_1_398' title='bbox 1588 3071 1752 3127; x_wconf 85' lang='lat' dir='ltr'><strong>dam-</strong></span> 
     </span>
    </p>
   </div>
   <div class='ocr_carea' id='block_1_48' title="bbox 147 3158 1754 3215">
    <p class='ocr_par' dir='ltr' id='par_1_48' title="bbox 147 3158 1754 3215">
     <span class='ocr_line' id='line_1_48' title="bbox 147 3158 1754 3215; baseline 0.001 -1"><span class='ocrx_word' id='word_1_399' title='bbox 147 3159 447 3214; x_wconf 87' lang='lat' dir='ltr'><strong>nationem</strong></span> <span class='ocrx_word' id='word_1_400' title='bbox 482 3176 494 3213; x_wconf 93' lang='lat'><strong>:</strong></span> <span class='ocrx_word' id='word_1_401' title='bbox 523 3159 717 3214; x_wconf 87' lang='lat' dir='ltr'><strong>veniet</strong></span> <span class='ocrx_word' id='word_1_402' title='bbox 753 3160 833 3214; x_wconf 89' lang='lat' dir='ltr'><strong>eis</strong></span> <span class='ocrx_word' id='word_1_403' title='bbox 862 3158 1061 3214; x_wconf 79' lang='lat' dir='ltr'><strong>infelix</strong></span> <span class='ocrx_word' id='word_1_404' title='bbox 1093 3159 1364 3215; x_wconf 86' lang='lat' dir='ltr'><strong>contritio</strong></span> <span class='ocrx_word' id='word_1_405' title='bbox 1411 3176 1446 3214; x_wconf 89' lang='lat' dir='ltr'><strong>a</strong></span> <span class='ocrx_word' id='word_1_406' title='bbox 1477 3160 1754 3215; x_wconf 84' lang='lat' dir='ltr'><strong>Romanis</strong></span> 
     </span>
    </p>
   </div>
   <div class='ocr_carea' id='block_1_49' title="bbox 139 3233 1746 3319">
    <p class='ocr_par' dir='ltr' id='par_1_49' title="bbox 139 3233 1746 3319">
     <span class='ocr_line' id='line_1_49' title="bbox 139 3233 1746 3319; baseline 0.001 -18"><span class='ocrx_word' id='word_1_407' title='bbox 139 3247 385 3316; x_wconf 79' lang='lat' dir='ltr'><strong>scilicet,</strong></span> <span class='ocrx_word' id='word_1_408' title='bbox 413 3247 662 3302; x_wconf 91' lang='lat' dir='ltr'><strong>Domino</strong></span> <span class='ocrx_word' id='word_1_409' title='bbox 703 3247 913 3302; x_wconf 90' lang='lat' dir='ltr'><strong>eodem</strong></span> <span class='ocrx_word' id='word_1_410' title='bbox 972 3247 1032 3300; x_wconf 89' lang='lat' dir='ltr'><strong>in</strong></span> <span class='ocrx_word' id='word_1_411' title='bbox 1094 3233 1403 3319; x_wconf 80' lang='lat' dir='ltr'><strong>Evangelia</strong></span> <span class='ocrx_word' id='word_1_412' title='bbox 1451 3251 1746 3304; x_wconf 83' lang='lat' dir='ltr'><strong>testante:</strong></span> 
     </span>
    </p>
   </div>
   <div class='ocr_carea' id='block_1_50' title="bbox 143 3333 1748 3408">
    <p class='ocr_par' dir='ltr' id='par_1_50' title="bbox 143 3333 1748 3408">
     <span class='ocr_line' id='line_1_50' title="bbox 143 3333 1748 3408; baseline 0.004 -23"><span class='ocrx_word' id='word_1_413' title='bbox 143 3356 173 3385; x_wconf 75' lang='grc' dir='ltr'><strong>ις</strong></span> <span class='ocrx_word' id='word_1_414' title='bbox 210 3333 665 3390; x_wconf 85' lang='lat' dir='ltr'><strong>Circumdabunt</strong></span> <span class='ocrx_word' id='word_1_415' title='bbox 692 3337 772 3403; x_wconf 89' lang='lat' dir='ltr'><strong>te,</strong></span> <span class='ocrx_word' id='word_1_416' title='bbox 802 3339 862 3390; x_wconf 91' lang='lat' dir='ltr'><strong>et</strong></span> <span class='ocrx_word' id='word_1_417' title='bbox 888 3336 1351 3406; x_wconf 87' lang='lat' dir='ltr'><strong>coaugustabunt</strong></span> <span class='ocrx_word' id='word_1_418' title='bbox 1382 3339 1440 3391; x_wconf 88' lang='lat' dir='ltr'><strong>te</strong></span> <span class='ocrx_word' id='word_1_419' title='bbox 1472 3336 1748 3408; x_wconf 88' lang='lat' dir='ltr'><strong>undique,</strong></span> 
     </span>
    </p>
   </div>
   <div class='ocr_carea' id='block_1_51' title="bbox 138 3421 1749 3495">
    <p class='ocr_par' dir='ltr' id='par_1_51' title="bbox 138 3421 1749 3495">
     <span class='ocr_line' id='line_1_51' title="bbox 138 3421 1749 3495; baseline 0.001 -19"><span class='ocrx_word' id='word_1_420' title='bbox 138 3425 197 3476; x_wconf 89' lang='lat' dir='ltr'><strong>et</strong></span> <span class='ocrx_word' id='word_1_421' title='bbox 228 3421 306 3477; x_wconf 91' lang='lat' dir='ltr'><strong>ad</strong></span> <span class='ocrx_word' id='word_1_422' title='bbox 334 3425 552 3477; x_wconf 87' lang='lat' dir='ltr'><strong>terram</strong></span> <span class='ocrx_word' id='word_1_423' title='bbox 580 3425 952 3494; x_wconf 84' lang='lat' dir='ltr'><strong>prosternent</strong></span> <span class='ocrx_word' id='word_1_424' title='bbox 981 3426 1038 3477; x_wconf 90' lang='lat' dir='ltr'><strong>te</strong></span> <span class='ocrx_word' id='word_1_425' title='bbox 1067 3439 1081 3476; x_wconf 94' lang='lat'><strong>:</strong></span> <span class='ocrx_word' id='word_1_426' title='bbox 1115 3426 1170 3477; x_wconf 88' lang='lat' dir='ltr'><strong>et</strong></span> <span class='ocrx_word' id='word_1_427' title='bbox 1201 3438 1320 3477; x_wconf 90' lang='lat' dir='ltr'><strong>non</strong></span> <span class='ocrx_word' id='word_1_428' title='bbox 1347 3422 1749 3495; x_wconf 88' lang='lat' dir='ltr'><strong>relinquentin</strong></span> 
     </span>
    </p>
   </div>
   <div class='ocr_carea' id='block_1_52' title="bbox 134 3509 1751 3584">
    <p class='ocr_par' dir='ltr' id='par_1_52' title="bbox 134 3509 1751 3584">
     <span class='ocr_line' id='line_1_52' title="bbox 134 3509 1751 3584; baseline 0.001 -19"><span class='ocrx_word' id='word_1_429' title='bbox 134 3511 195 3565; x_wconf 82' lang='lat' dir='ltr'><strong>te</strong></span> <span class='ocrx_word' id='word_1_430' title='bbox 253 3509 509 3582; x_wconf 88' lang='lat' dir='ltr'><strong>lapidem</strong></span> <span class='ocrx_word' id='word_1_431' title='bbox 560 3525 731 3582; x_wconf 86' lang='lat' dir='ltr'><strong>super</strong></span> <span class='ocrx_word' id='word_1_432' title='bbox 786 3510 1038 3582; x_wconf 87' lang='lat' dir='ltr'><strong>lapidem</strong></span> <span class='ocrx_word' id='word_1_433' title='bbox 1090 3509 1246 3583; x_wconf 84' lang='lat' dir='ltr'><strong>(Luc.</strong></span> <span class='ocrx_word' id='word_1_434' title='bbox 1307 3527 1418 3565; x_wconf 70' lang='lat' dir='ltr'><strong>xrx.</strong></span> <span class='ocrx_word' id='word_1_435' title='bbox 1471 3510 1585 3584; x_wconf 74' lang='grc'>44).</span> <span class='ocrx_word' id='word_1_436' title='bbox 1622 3532 1651 3560; x_wconf 84' lang='grc'><strong>››</strong></span> <span class='ocrx_word' id='word_1_437' title='bbox 1682 3514 1751 3567; x_wconf 87' lang='lat' dir='ltr'><strong>Et</strong></span> 
     </span>
    </p>
   </div>
   <div class='ocr_carea' id='block_1_53' title="bbox 134 3597 1745 3670">
    <p class='ocr_par' dir='ltr' id='par_1_53' title="bbox 134 3597 1745 3670">
     <span class='ocr_line' id='line_1_53' title="bbox 134 3597 1745 3670; baseline 0.002 -17"><span class='ocrx_word' id='word_1_438' title='bbox 134 3598 401 3670; x_wconf 88' lang='lat' dir='ltr'><strong>quamvis</strong></span> <span class='ocrx_word' id='word_1_439' title='bbox 420 3601 662 3670; x_wconf 88' lang='lat' dir='ltr'><strong>propter</strong></span> <span class='ocrx_word' id='word_1_440' title='bbox 677 3598 1128 3653; x_wconf 86' lang='lat' dir='ltr'><strong>declinationem</strong></span> <span class='ocrx_word' id='word_1_441' title='bbox 1147 3597 1342 3653; x_wconf 88' lang='lat' dir='ltr'><strong>veniat</strong></span> <span class='ocrx_word' id='word_1_442' title='bbox 1361 3598 1443 3653; x_wconf 88' lang='lat' dir='ltr'><strong>eis</strong></span> <span class='ocrx_word' id='word_1_443' title='bbox 1453 3599 1745 3656; x_wconf 87' lang='lat' dir='ltr'><strong>contritio:</strong></span> 
     </span>
    </p>
   </div>
   <div class='ocr_carea' id='block_1_54' title="bbox 136 3686 1744 3758">
    <p class='ocr_par' dir='ltr' id='par_1_54' title="bbox 136 3686 1744 3758">
     <span class='ocr_line' id='line_1_54' title="bbox 136 3686 1744 3758; baseline 0 -18"><span class='ocrx_word' id='word_1_444' title='bbox 136 3689 341 3741; x_wconf 87' lang='lat' dir='ltr'><strong>tamen</strong></span> <span class='ocrx_word' id='word_1_445' title='bbox 366 3702 496 3741; x_wconf 90' lang='lat' dir='ltr'><strong>cum</strong></span> <span class='ocrx_word' id='word_1_446' title='bbox 514 3686 753 3741; x_wconf 87' lang='lat' dir='ltr'><strong>tandem</strong></span> <span class='ocrx_word' id='word_1_447' title='bbox 772 3702 1117 3758; x_wconf 88' lang='lat' dir='ltr'><strong>cognoscere</strong></span> <span class='ocrx_word' id='word_1_448' title='bbox 1140 3686 1419 3740; x_wconf 87' lang='lat' dir='ltr'><strong>deberent</strong></span> <span class='ocrx_word' id='word_1_449' title='bbox 1429 3702 1534 3739; x_wconf 88' lang='lat' dir='ltr'><strong>non</strong></span> <span class='ocrx_word' id='word_1_450' title='bbox 1550 3704 1744 3757; x_wconf 83' lang='lat' dir='ltr'><strong>cogno-</strong></span> 
     </span>
    </p>
   </div>
   <div class='ocr_carea' id='block_1_55' title="bbox 130 3774 1745 3847">
    <p class='ocr_par' dir='ltr' id='par_1_55' title="bbox 130 3774 1745 3847">
     <span class='ocr_line' id='line_1_55' title="bbox 130 3774 1745 3847; baseline 0.002 -18"><span class='ocrx_word' id='word_1_451' title='bbox 130 3781 353 3843; x_wconf 80' lang='lat' dir='ltr'><strong>verunt,</strong></span> <span class='ocrx_word' id='word_1_452' title='bbox 382 3774 441 3829; x_wconf 92' lang='lat' dir='ltr'><strong>id</strong></span> <span class='ocrx_word' id='word_1_453' title='bbox 473 3778 559 3830; x_wconf 88' lang='lat' dir='ltr'><strong>est</strong></span> <span class='ocrx_word' id='word_1_454' title='bbox 585 3792 703 3830; x_wconf 90' lang='lat' dir='ltr'><strong>non</strong></span> <span class='ocrx_word' id='word_1_455' title='bbox 736 3778 1085 3847; x_wconf 83' lang='lat' dir='ltr'><strong>cognoscent</strong></span> <span class='ocrx_word' id='word_1_456' title='bbox 1108 3777 1251 3829; x_wconf 84' lang='lat' dir='ltr'><strong>viam</strong></span> <span class='ocrx_word' id='word_1_457' title='bbox 1260 3776 1432 3845; x_wconf 82' lang='lat' dir='ltr'><strong>pacis,</strong></span> <span class='ocrx_word' id='word_1_458' title='bbox 1456 3775 1516 3830; x_wconf 91' lang='lat' dir='ltr'>id</span> <span class='ocrx_word' id='word_1_459' title='bbox 1544 3780 1631 3831; x_wconf 88' lang='lat' dir='ltr'><strong>est</strong></span> <span class='ocrx_word' id='word_1_460' title='bbox 1648 3794 1745 3832; x_wconf 89' lang='lat' dir='ltr'><strong>me</strong></span> 
     </span>
    </p>
   </div>
   <div class='ocr_carea' id='block_1_56' title="bbox 128 3864 1784 3942">
    <p class='ocr_par' dir='ltr' id='par_1_56' title="bbox 128 3864 1784 3942">
     <span class='ocr_line' id='line_1_56' title="bbox 128 3864 1784 3942; baseline 0.001 -23"><span class='ocrx_word' id='word_1_461' title='bbox 128 3864 233 3938; x_wconf 86' lang='lat' dir='ltr'><strong>qui</strong></span> <span class='ocrx_word' id='word_1_462' title='bbox 255 3881 386 3919; x_wconf 90' lang='lat' dir='ltr'><strong>sum</strong></span> <span class='ocrx_word' id='word_1_463' title='bbox 413 3865 505 3919; x_wconf 89' lang='lat' dir='ltr'><strong>via</strong></span> <span class='ocrx_word' id='word_1_464' title='bbox 531 3881 645 3937; x_wconf 85' lang='lat' dir='ltr'><strong>qua</strong></span> <span class='ocrx_word' id='word_1_465' title='bbox 669 3864 892 3920; x_wconf 87' lang='lat' dir='ltr'><strong>venitur</strong></span> <span class='ocrx_word' id='word_1_466' title='bbox 935 3864 1015 3918; x_wconf 89' lang='lat' dir='ltr'><strong>ad</strong></span> <span class='ocrx_word' id='word_1_467' title='bbox 1054 3880 1259 3936; x_wconf 87' lang='lat' dir='ltr'><strong>pacem</strong></span> <span class='ocrx_word' id='word_1_468' title='bbox 1299 3868 1602 3933; x_wconf 69' lang='lat' dir='ltr'><strong>internam,</strong></span> <span class='ocrx_word' id='word_1_469' title='bbox 1645 3867 1745 3938; x_wconf 89' lang='lat' dir='ltr'><strong>qui</strong></span> <span class='ocrx_word' id='word_1_470' title='bbox 1777 3935 1784 3942; x_wconf 28' lang='grc' dir='ltr'><strong>Ι</strong></span> 
     </span>
    </p>
   </div>
   <div class='ocr_carea' id='block_1_57' title="bbox 1864 1837 3472 1913">
    <p class='ocr_par' dir='ltr' id='par_1_57' title="bbox 1864 1837 3472 1913">
     <span class='ocr_line' id='line_1_57' title="bbox 1864 1837 3472 1913; baseline 0.004 -22"><span class='ocrx_word' id='word_1_471' title='bbox 1864 1854 1981 1891; x_wconf 82' lang='grc' dir='ltr'><strong>ηοη</strong></span> <span class='ocrx_word' id='word_1_472' title='bbox 1998 1837 2125 1890; x_wconf 90' lang='lat' dir='ltr'><strong>fuit.</strong></span> <span class='ocrx_word' id='word_1_473' title='bbox 2145 1837 2309 1892; x_wconf 80' lang='lat' dir='ltr'><strong>Modo</strong></span> <span class='ocrx_word' id='word_1_474' title='bbox 2329 1837 2892 1909; x_wconf 85' lang='lat' dir='ltr'><strong>facitapostropham</strong></span> <span class='ocrx_word' id='word_1_475' title='bbox 2906 1839 2979 1893; x_wconf 91' lang='lat' dir='ltr'><strong>ad</strong></span> <span class='ocrx_word' id='word_1_476' title='bbox 2991 1840 3472 1913; x_wconf 87' lang='lat' dir='ltr'><strong>eos,increpando</strong></span> 
     </span>
    </p>
   </div>
   <div class='ocr_carea' id='block_1_58' title="bbox 1861 1925 3471 1996">
    <p class='ocr_par' dir='ltr' id='par_1_58' title="bbox 1861 1925 3471 1996">
     <span class='ocr_line' id='line_1_58' title="bbox 1861 1925 3471 1996; baseline 0.003 -17"><span class='ocrx_word' id='word_1_477' title='bbox 1861 1925 1938 1979; x_wconf 90' lang='lat' dir='ltr'><strong>sic</strong></span> <span class='ocrx_word' id='word_1_478' title='bbox 1973 1941 1986 1978; x_wconf 92' lang='lat'><strong>:</strong></span> <span class='ocrx_word' id='word_1_479' title='bbox 2016 1925 2158 1978; x_wconf 85' lang='lat' dir='ltr'><strong>Vere</strong></span> <span class='ocrx_word' id='word_1_480' title='bbox 2180 1925 2457 1979; x_wconf 84' lang='lat' dir='ltr'><strong>devorare</strong></span> <span class='ocrx_word' id='word_1_481' title='bbox 2478 1927 2648 1981; x_wconf 89' lang='lat' dir='ltr'><strong>vultis</strong></span> <span class='ocrx_word' id='word_1_482' title='bbox 2680 1927 2910 1996; x_wconf 89' lang='lat' dir='ltr'><strong>plebem</strong></span> <span class='ocrx_word' id='word_1_483' title='bbox 2941 1944 3155 1983; x_wconf 88' lang='lat' dir='ltr'><strong>meam.</strong></span> <span class='ocrx_word' id='word_1_484' title='bbox 3181 1929 3326 1984; x_wconf 88' lang='lat' dir='ltr'><strong>Nam</strong></span> <span class='ocrx_word' id='word_1_485' title='bbox 3346 1946 3471 1984; x_wconf 87' lang='lat' dir='ltr'><strong>con-</strong></span> 
     </span>
    </p>
   </div>
   <div class='ocr_carea' id='block_1_59' title="bbox 1858 2011 3468 2089">
    <p class='ocr_par' dir='ltr' id='par_1_59' title="bbox 1858 2011 3468 2089">
     <span class='ocr_line' id='line_1_59' title="bbox 1858 2011 3468 2089; baseline 0.006 -24"><span class='ocrx_word' id='word_1_486' title='bbox 1858 2012 2095 2083; x_wconf 82' lang='lat' dir='ltr'><strong>fudistis,</strong></span> <span class='ocrx_word' id='word_1_487' title='bbox 2119 2011 2178 2067; x_wconf 93' lang='lat' dir='ltr'>id</span> <span class='ocrx_word' id='word_1_488' title='bbox 2208 2017 2293 2067; x_wconf 86' lang='lat' dir='ltr'><strong>est</strong></span> <span class='ocrx_word' id='word_1_489' title='bbox 2312 2013 2648 2069; x_wconf 88' lang='lat' dir='ltr'><strong>confusibile</strong></span> <span class='ocrx_word' id='word_1_490' title='bbox 2669 2015 2987 2085; x_wconf 86' lang='lat' dir='ltr'><strong>judicastis,</strong></span> <span class='ocrx_word' id='word_1_491' title='bbox 3020 2020 3079 2071; x_wconf 90' lang='lat' dir='ltr'><strong>et</strong></span> <span class='ocrx_word' id='word_1_492' title='bbox 3109 2018 3468 2089; x_wconf 87' lang='lat' dir='ltr'><strong>adhuc-judi-</strong></span> 
     </span>
    </p>
   </div>
   <div class='ocr_carea' id='block_1_60' title="bbox 1862 2101 3470 2177">
    <p class='ocr_par' dir='ltr' id='par_1_60' title="bbox 1862 2101 3470 2177">
     <span class='ocr_line' id='line_1_60' title="bbox 1862 2101 3470 2177; baseline 0.004 -23"><span class='ocrx_word' id='word_1_493' title='bbox 1862 2101 2004 2154; x_wconf 89' lang='lat' dir='ltr'><strong>catis</strong></span> <span class='ocrx_word' id='word_1_494' title='bbox 2030 2101 2310 2155; x_wconf 78' lang='lat' dir='ltr'><strong>consilium</strong></span> <span class='ocrx_word' id='word_1_495' title='bbox 2341 2104 2531 2174; x_wconf 80' lang='lat' dir='ltr'><strong>inopis,</strong></span> <span class='ocrx_word' id='word_1_496' title='bbox 2560 2102 2619 2157; x_wconf 93' lang='lat' dir='ltr'><strong>id</strong></span> <span class='ocrx_word' id='word_1_497' title='bbox 2651 2108 2737 2158; x_wconf 87' lang='lat' dir='ltr'><strong>est</strong></span> <span class='ocrx_word' id='word_1_498' title='bbox 2765 2104 3071 2159; x_wconf 89' lang='lat' dir='ltr'><strong>consilium</strong></span> <span class='ocrx_word' id='word_1_499' title='bbox 3105 2105 3287 2177; x_wconf 87' lang='lat' dir='ltr'><strong>plebis</strong></span> <span class='ocrx_word' id='word_1_500' title='bbox 3322 2121 3470 2161; x_wconf 61' lang='lat' dir='ltr'><strong>mea:</strong></span> 
     </span>
    </p>
   </div>
   <div class='ocr_carea' id='block_1_61' title="bbox 1861 2190 3473 2266">
    <p class='ocr_par' dir='ltr' id='par_1_61' title="bbox 1861 2190 3473 2266">
     <span class='ocr_line' id='line_1_61' title="bbox 1861 2190 3473 2266; baseline 0.005 -25"><span class='ocrx_word' id='word_1_501' title='bbox 1861 2205 1990 2261; x_wconf 81' lang='lat' dir='ltr'><strong>quae</strong></span> <span class='ocrx_word' id='word_1_502' title='bbox 2025 2193 2111 2243; x_wconf 89' lang='lat' dir='ltr'><strong>est</strong></span> <span class='ocrx_word' id='word_1_503' title='bbox 2142 2190 2329 2261; x_wconf 91' lang='lat' dir='ltr'><strong>inops,</strong></span> <span class='ocrx_word' id='word_1_504' title='bbox 2348 2191 2408 2245; x_wconf 91' lang='lat' dir='ltr'><strong>id</strong></span> <span class='ocrx_word' id='word_1_505' title='bbox 2429 2195 2536 2260; x_wconf 90' lang='lat' dir='ltr'><strong>est,</strong></span> <span class='ocrx_word' id='word_1_506' title='bbox 2564 2209 2740 2264; x_wconf 89' lang='lat' dir='ltr'><strong>egens</strong></span> <span class='ocrx_word' id='word_1_507' title='bbox 2764 2198 3002 2266; x_wconf 86' lang='lat' dir='ltr'><strong>propter</strong></span> <span class='ocrx_word' id='word_1_508' title='bbox 3020 2210 3131 2249; x_wconf 91' lang='lat' dir='ltr'><strong>me.</strong></span> <span class='ocrx_word' id='word_1_509' title='bbox 3159 2194 3272 2249; x_wconf 83' lang='lat' dir='ltr'><strong>Hoc</strong></span> <span class='ocrx_word' id='word_1_510' title='bbox 3288 2195 3473 2250; x_wconf 87' lang='lat' dir='ltr'><strong>consi-</strong></span> 
     </span>
    </p>
   </div>
   <div class='ocr_carea' id='block_1_62' title="bbox 1862 2277 3466 2353">
    <p class='ocr_par' dir='ltr' id='par_1_62' title="bbox 1862 2277 3466 2353">
     <span class='ocr_line' id='line_1_62' title="bbox 1862 2277 3466 2353; baseline 0.004 -22"><span class='ocrx_word' id='word_1_511' title='bbox 1862 2278 2005 2332; x_wconf 86' lang='lat' dir='ltr'><strong>lium</strong></span> <span class='ocrx_word' id='word_1_512' title='bbox 2033 2277 2253 2332; x_wconf 88' lang='lat' dir='ltr'><strong>scilicet</strong></span> <span class='ocrx_word' id='word_1_513' title='bbox 2277 2280 2430 2350; x_wconf 89' lang='lat' dir='ltr'><strong>quod</strong></span> <span class='ocrx_word' id='word_1_514' title='bbox 2458 2281 2709 2335; x_wconf 90' lang='lat' dir='ltr'><strong>habent:</strong></span> <span class='ocrx_word' id='word_1_515' title='bbox 2732 2284 3108 2353; x_wconf 82' lang='lat' dir='ltr'><strong>quoniamspes</strong></span> <span class='ocrx_word' id='word_1_516' title='bbox 3135 2282 3466 2353; x_wconf 81' lang='lat' dir='ltr'><strong>ejusinopis,</strong></span> 
     </span>
    </p>
   </div>
   <div class='ocr_carea' id='block_1_63' title="bbox 1859 2364 3468 2440">
    <p class='ocr_par' dir='ltr' id='par_1_63' title="bbox 1859 2364 3468 2440">
     <span class='ocr_line' id='line_1_63' title="bbox 1859 2364 3468 2440; baseline 0.005 -22"><span class='ocrx_word' id='word_1_517' title='bbox 1859 2364 1919 2419; x_wconf 89' lang='lat' dir='ltr'><strong>id</strong></span> <span class='ocrx_word' id='word_1_518' title='bbox 1951 2367 2036 2419; x_wconf 88' lang='lat' dir='ltr'><strong>est</strong></span> <span class='ocrx_word' id='word_1_519' title='bbox 2068 2366 2163 2419; x_wconf 90' lang='lat' dir='ltr'><strong>ille</strong></span> <span class='ocrx_word' id='word_1_520' title='bbox 2191 2365 2252 2421; x_wconf 92' lang='lat' dir='ltr'><strong>in</strong></span> <span class='ocrx_word' id='word_1_521' title='bbox 2281 2383 2395 2438; x_wconf 90' lang='lat' dir='ltr'><strong>quo</strong></span> <span class='ocrx_word' id='word_1_522' title='bbox 2424 2368 2544 2439; x_wconf 90' lang='lat' dir='ltr'><strong>ipse</strong></span> <span class='ocrx_word' id='word_1_523' title='bbox 2569 2385 2730 2440; x_wconf 90' lang='lat' dir='ltr'><strong>spem</strong></span> <span class='ocrx_word' id='word_1_524' title='bbox 2761 2369 2937 2423; x_wconf 88' lang='lat' dir='ltr'><strong>habet</strong></span> <span class='ocrx_word' id='word_1_525' title='bbox 2962 2368 3328 2425; x_wconf 85' lang='lat' dir='ltr'><strong>estDominus</strong></span> <span class='ocrx_word' id='word_1_526' title='bbox 3340 2384 3468 2425; x_wconf 87' lang='lat' dir='ltr'><strong>om-</strong></span> 
     </span>
    </p>
   </div>
   <div class='ocr_carea' id='block_1_64' title="bbox 1859 2452 3470 2527">
    <p class='ocr_par' dir='ltr' id='par_1_64' title="bbox 1859 2452 3470 2527">
     <span class='ocr_line' id='line_1_64' title="bbox 1859 2452 3470 2527; baseline 0.004 -20"><span class='ocrx_word' id='word_1_527' title='bbox 1859 2452 2044 2522; x_wconf 89' lang='lat' dir='ltr'><strong>nium,</strong></span> <span class='ocrx_word' id='word_1_528' title='bbox 2077 2453 2137 2508; x_wconf 90' lang='lat' dir='ltr'><strong>id</strong></span> <span class='ocrx_word' id='word_1_529' title='bbox 2167 2455 2343 2509; x_wconf 89' lang='lat' dir='ltr'><strong>estin</strong></span> <span class='ocrx_word' id='word_1_530' title='bbox 2387 2473 2482 2510; x_wconf 90' lang='lat' dir='ltr'><strong>me</strong></span> <span class='ocrx_word' id='word_1_531' title='bbox 2526 2473 2700 2527; x_wconf 88' lang='lat' dir='ltr'><strong>quem</strong></span> <span class='ocrx_word' id='word_1_532' title='bbox 2737 2457 3051 2512; x_wconf 89' lang='lat' dir='ltr'><strong>Dominum</strong></span> <span class='ocrx_word' id='word_1_533' title='bbox 3098 2474 3296 2512; x_wconf 88' lang='lat' dir='ltr'><strong>rerum</strong></span> <span class='ocrx_word' id='word_1_534' title='bbox 3347 2473 3470 2513; x_wconf 87' lang='lat' dir='ltr'><strong>esse</strong></span> 
     </span>
    </p>
   </div>
   <div class='ocr_carea' id='block_1_65' title="bbox 1858 2542 3468 2616">
    <p class='ocr_par' dir='ltr' id='par_1_65' title="bbox 1858 2542 3468 2616">
     <span class='ocr_line' id='line_1_65' title="bbox 1858 2542 3468 2616; baseline 0.004 -21"><span class='ocrx_word' id='word_1_535' title='bbox 1858 2542 2058 2597; x_wconf 90' lang='lat' dir='ltr'><strong>credit.</strong></span> <span class='ocrx_word' id='word_1_536' title='bbox 2074 2542 2150 2597; x_wconf 81' lang='lat' dir='ltr'><strong>Et</strong></span> <span class='ocrx_word' id='word_1_537' title='bbox 2169 2542 2306 2614; x_wconf 86' lang='lat' dir='ltr'><strong>quia</strong></span> <span class='ocrx_word' id='word_1_538' title='bbox 2344 2547 2539 2614; x_wconf 84' lang='lat' dir='ltr'><strong>posset</strong></span> <span class='ocrx_word' id='word_1_539' title='bbox 2581 2544 2759 2615; x_wconf 83' lang='lat' dir='ltr'><strong>quaeri</strong></span> <span class='ocrx_word' id='word_1_540' title='bbox 2793 2544 2919 2616; x_wconf 85' lang='lat' dir='ltr'><strong>quis</strong></span> <span class='ocrx_word' id='word_1_541' title='bbox 2946 2545 3016 2599; x_wconf 88' lang='lat' dir='ltr'><strong>sit</strong></span> <span class='ocrx_word' id='word_1_542' title='bbox 3044 2544 3138 2599; x_wconf 89' lang='lat' dir='ltr'><strong>ille</strong></span> <span class='ocrx_word' id='word_1_543' title='bbox 3167 2545 3468 2615; x_wconf 88' lang='lat' dir='ltr'><strong>Dominus,</strong></span> 
     </span>
    </p>
   </div>
   <div class='ocr_carea' id='block_1_66' title="bbox 1858 2629 3471 2706">
    <p class='ocr_par' dir='ltr' id='par_1_66' title="bbox 1858 2629 3471 2706">
     <span class='ocr_line' id='line_1_66' title="bbox 1858 2629 3471 2706; baseline 0.004 -23"><span class='ocrx_word' id='word_1_544' title='bbox 1858 2629 2067 2700; x_wconf 67' lang='lat' dir='ltr'><strong>quierit</strong></span> <span class='ocrx_word' id='word_1_545' title='bbox 2090 2629 2337 2701; x_wconf 89' lang='lat' dir='ltr'><strong>ipsemet</strong></span> <span class='ocrx_word' id='word_1_546' title='bbox 2367 2634 2429 2685; x_wconf 90' lang='lat' dir='ltr'><strong>ut</strong></span> <span class='ocrx_word' id='word_1_547' title='bbox 2456 2632 2658 2685; x_wconf 87' lang='lat' dir='ltr'><strong>solvat.</strong></span> <span class='ocrx_word' id='word_1_548' title='bbox 2687 2632 2822 2686; x_wconf 89' lang='lat' dir='ltr'><strong>Dico</strong></span> <span class='ocrx_word' id='word_1_549' title='bbox 2859 2649 2872 2686; x_wconf 95' lang='lat'><strong>:</strong></span> <span class='ocrx_word' id='word_1_550' title='bbox 2914 2632 3178 2687; x_wconf 81' lang='lat' dir='ltr'><strong>Dominus</strong></span> <span class='ocrx_word' id='word_1_551' title='bbox 3206 2631 3318 2705; x_wconf 74' lang='lat' dir='ltr'><strong>spes</strong></span> <span class='ocrx_word' id='word_1_552' title='bbox 3358 2636 3471 2706; x_wconf 69' lang='lat' dir='ltr'><strong>eius</strong></span> 
     </span>
    </p>
   </div>
   <div class='ocr_carea' id='block_1_67' title="bbox 1857 2716 3471 2790">
    <p class='ocr_par' dir='ltr' id='par_1_67' title="bbox 1857 2716 3471 2790">
     <span class='ocr_line' id='line_1_67' title="bbox 1857 2716 3471 2790; baseline 0.004 -19"><span class='ocrx_word' id='word_1_553' title='bbox 1857 2724 1949 2771; x_wconf 83' lang='lat' dir='ltr'><strong>est.</strong></span> <span class='ocrx_word' id='word_1_554' title='bbox 1984 2716 2116 2783; x_wconf 82' lang='lat' dir='ltr'><strong>Quis</strong></span> <span class='ocrx_word' id='word_1_555' title='bbox 2148 2720 2177 2771; x_wconf 82' lang='lat'><strong><em>?</em></strong></span> <span class='ocrx_word' id='word_1_556' title='bbox 2207 2717 2264 2772; x_wconf 93' lang='lat' dir='ltr'>id</span> <span class='ocrx_word' id='word_1_557' title='bbox 2294 2722 2380 2771; x_wconf 88' lang='lat' dir='ltr'><strong>est</strong></span> <span class='ocrx_word' id='word_1_558' title='bbox 2413 2719 2542 2790; x_wconf 88' lang='lat' dir='ltr'><strong>quis</strong></span> <span class='ocrx_word' id='word_1_559' title='bbox 2595 2722 2681 2773; x_wconf 89' lang='lat' dir='ltr'><strong>est</strong></span> <span class='ocrx_word' id='word_1_560' title='bbox 2736 2719 2831 2774; x_wconf 90' lang='lat' dir='ltr'><strong>ille</strong></span> <span class='ocrx_word' id='word_1_561' title='bbox 2888 2721 3169 2776; x_wconf 89' lang='lat' dir='ltr'><strong>Dominus</strong></span> <span class='ocrx_word' id='word_1_562' title='bbox 3198 2722 3225 2776; x_wconf 79' lang='lat' dir='ltr'><strong>‘l</strong></span> <span class='ocrx_word' id='word_1_563' title='bbox 3264 2723 3471 2778; x_wconf 88' lang='lat' dir='ltr'><strong>Postea</strong></span> 
     </span>
    </p>
   </div>
   <div class='ocr_carea' id='block_1_68' title="bbox 1860 2804 3472 2877">
    <p class='ocr_par' dir='ltr' id='par_1_68' title="bbox 1860 2804 3472 2877">
     <span class='ocr_line' id='line_1_68' title="bbox 1860 2804 3472 2877; baseline 0.005 -20"><span class='ocrx_word' id='word_1_564' title='bbox 1860 2804 2187 2859; x_wconf 87' lang='lat' dir='ltr'><strong>describent</strong></span> <span class='ocrx_word' id='word_1_565' title='bbox 2199 2821 2335 2859; x_wconf 91' lang='lat' dir='ltr'><strong>eum</strong></span> <span class='ocrx_word' id='word_1_566' title='bbox 2356 2806 2433 2859; x_wconf 89' lang='lat' dir='ltr'><strong>sic</strong></span> <span class='ocrx_word' id='word_1_567' title='bbox 2454 2823 2467 2860; x_wconf 96' lang='lat'><strong>:</strong></span> <span class='ocrx_word' id='word_1_568' title='bbox 2491 2807 2588 2860; x_wconf 91' lang='lat' dir='ltr'><strong>Ille</strong></span> <span class='ocrx_word' id='word_1_569' title='bbox 2600 2806 2882 2862; x_wconf 87' lang='lat' dir='ltr'><strong>Dominus</strong></span> <span class='ocrx_word' id='word_1_570' title='bbox 2900 2811 3067 2864; x_wconf 89' lang='lat' dir='ltr'><strong>natus</strong></span> <span class='ocrx_word' id='word_1_571' title='bbox 3079 2809 3367 2877; x_wconf 62' lang='grc' dir='ltr'><strong>ἀπείθη,ἱά</strong></span> <span class='ocrx_word' id='word_1_572' title='bbox 3384 2815 3472 2865; x_wconf 92' lang='lat' dir='ltr'><strong>est</strong></span> 
     </span>
    </p>
   </div>
   <div class='ocr_carea' id='block_1_69' title="bbox 1858 2892 3466 2967">
    <p class='ocr_par' dir='ltr' id='par_1_69' title="bbox 1858 2892 3466 2967">
     <span class='ocr_line' id='line_1_69' title="bbox 1858 2892 3466 2967; baseline 0.005 -22"><span class='ocrx_word' id='word_1_573' title='bbox 1858 2907 1925 2945; x_wconf 87' lang='lat' dir='ltr'><strong>ex</strong></span> <span class='ocrx_word' id='word_1_574' title='bbox 1943 2892 2178 2947; x_wconf 76' lang='lat' dir='ltr'><strong>Iudaico</strong></span> <span class='ocrx_word' id='word_1_575' title='bbox 2195 2895 2409 2965; x_wconf 90' lang='lat' dir='ltr'><strong>populo</strong></span> <span class='ocrx_word' id='word_1_576' title='bbox 2423 2894 2742 2949; x_wconf 89' lang='lat' dir='ltr'><strong>secundum</strong></span> <span class='ocrx_word' id='word_1_577' title='bbox 2762 2912 2998 2952; x_wconf 87' lang='lat' dir='ltr'><strong>carnem</strong></span> <span class='ocrx_word' id='word_1_578' title='bbox 3016 2915 3030 2953; x_wconf 88' lang='lat'><strong>:</strong></span> <span class='ocrx_word' id='word_1_579' title='bbox 3052 2899 3466 2967; x_wconf 84' lang='lat' dir='ltr'><strong>dabitsalutare,</strong></span> 
     </span>
    </p>
   </div>
   <div class='ocr_carea' id='block_1_70' title="bbox 1856 2980 3468 3056">
    <p class='ocr_par' dir='ltr' id='par_1_70' title="bbox 1856 2980 3468 3056">
     <span class='ocr_line' id='line_1_70' title="bbox 1856 2980 3468 3056; baseline 0.005 -22"><span class='ocrx_word' id='word_1_580' title='bbox 1856 2980 1915 3035; x_wconf 92' lang='lat' dir='ltr'>id</span> <span class='ocrx_word' id='word_1_581' title='bbox 1937 2984 2023 3035; x_wconf 90' lang='lat' dir='ltr'><strong>est</strong></span> <span class='ocrx_word' id='word_1_582' title='bbox 2036 2982 2279 3036; x_wconf 90' lang='lat' dir='ltr'><strong>salutem</strong></span> <span class='ocrx_word' id='word_1_583' title='bbox 2307 2981 2495 3049; x_wconf 83' lang='lat' dir='ltr'><strong>Israel,</strong></span> <span class='ocrx_word' id='word_1_584' title='bbox 2519 2982 2577 3037; x_wconf 91' lang='lat' dir='ltr'>id</span> <span class='ocrx_word' id='word_1_585' title='bbox 2607 2987 2694 3037; x_wconf 87' lang='lat' dir='ltr'><strong>est</strong></span> <span class='ocrx_word' id='word_1_586' title='bbox 2724 2982 3032 3056; x_wconf 90' lang='lat' dir='ltr'><strong>unicuique</strong></span> <span class='ocrx_word' id='word_1_587' title='bbox 3055 2986 3270 3040; x_wconf 88' lang='lat' dir='ltr'><strong>videnti</strong></span> <span class='ocrx_word' id='word_1_588' title='bbox 3283 2988 3468 3042; x_wconf 90' lang='lat' dir='ltr'><strong>Deum</strong></span> 
     </span>
    </p>
   </div>
   <div class='ocr_carea' id='block_1_71' title="bbox 1855 3057 3468 3139">
    <p class='ocr_par' dir='ltr' id='par_1_71' title="bbox 1855 3057 3468 3139">
     <span class='ocr_line' id='line_1_71' title="bbox 1855 3057 3468 3139; baseline 0.004 -17"><span class='ocrx_word' id='word_1_589' title='bbox 1855 3068 1969 3124; x_wconf 84' lang='lat' dir='ltr'><strong>fide</strong></span> <span class='ocrx_word' id='word_1_590' title='bbox 1989 3072 2047 3123; x_wconf 90' lang='lat' dir='ltr'><strong>et</strong></span> <span class='ocrx_word' id='word_1_591' title='bbox 2078 3070 2595 3139; x_wconf 87' lang='lat' dir='ltr'><strong>contemplatione,</strong></span> <span class='ocrx_word' id='word_1_592' title='bbox 2628 3069 2687 3124; x_wconf 92' lang='lat' dir='ltr'>id</span> <span class='ocrx_word' id='word_1_593' title='bbox 2713 3074 2798 3124; x_wconf 90' lang='lat' dir='ltr'><strong>est</strong></span> <span class='ocrx_word' id='word_1_594' title='bbox 2818 3071 2912 3126; x_wconf 89' lang='lat' dir='ltr'><strong>hic</strong></span> <span class='ocrx_word' id='word_1_595' title='bbox 2932 3057 3173 3127; x_wconf 75' lang='lat' dir='ltr'><strong>salvebit</strong></span> <span class='ocrx_word' id='word_1_596' title='bbox 3195 3074 3364 3128; x_wconf 88' lang='lat' dir='ltr'><strong>Israel</strong></span> <span class='ocrx_word' id='word_1_597' title='bbox 3395 3075 3468 3130; x_wconf 87' lang='lat' dir='ltr'><strong>ab</strong></span> 
     </span>
    </p>
   </div>
   <div class='ocr_carea' id='block_1_72' title="bbox 1855 3156 3467 3228">
    <p class='ocr_par' dir='ltr' id='par_1_72' title="bbox 1855 3156 3467 3228">
     <span class='ocr_line' id='line_1_72' title="bbox 1855 3156 3467 3228; baseline 0.004 -18"><span class='ocrx_word' id='word_1_598' title='bbox 1855 3156 2120 3228; x_wconf 87' lang='lat' dir='ltr'><strong>originali</strong></span> <span class='ocrx_word' id='word_1_599' title='bbox 2139 3157 2411 3212; x_wconf 91' lang='lat' dir='ltr'><strong>crimine:</strong></span> <span class='ocrx_word' id='word_1_600' title='bbox 2438 3157 2580 3212; x_wconf 88' lang='lat' dir='ltr'><strong>etin</strong></span> <span class='ocrx_word' id='word_1_601' title='bbox 2613 3157 2809 3214; x_wconf 89' lang='lat' dir='ltr'><strong>futuro</strong></span> <span class='ocrx_word' id='word_1_602' title='bbox 2842 3176 2963 3217; x_wconf 81' lang='lat' dir='ltr'><strong>cum</strong></span> <span class='ocrx_word' id='word_1_603' title='bbox 2992 3164 3243 3216; x_wconf 85' lang='lat' dir='ltr'><strong>averterit</strong></span> <span class='ocrx_word' id='word_1_604' title='bbox 3276 3161 3467 3217; x_wconf 84' lang='lat' dir='ltr'><strong>Domi-</strong></span> 
     </span>
    </p>
   </div>
   <div class='ocr_carea' id='block_1_73' title="bbox 1852 3246 3470 3321">
    <p class='ocr_par' dir='ltr' id='par_1_73' title="bbox 1852 3246 3470 3321">
     <span class='ocr_line' id='line_1_73' title="bbox 1852 3246 3470 3321; baseline 0.005 -23"><span class='ocrx_word' id='word_1_605' title='bbox 1852 3262 1951 3299; x_wconf 83' lang='lat' dir='ltr'><strong>nus</strong></span> <span class='ocrx_word' id='word_1_606' title='bbox 1976 3247 2337 3316; x_wconf 79' lang='lat' dir='ltr'><strong>captivitatem</strong></span> <span class='ocrx_word' id='word_1_607' title='bbox 2359 3246 2528 3318; x_wconf 76' lang='lat' dir='ltr'><strong>plebis</strong></span> <span class='ocrx_word' id='word_1_608' title='bbox 2549 3263 2680 3316; x_wconf 70' lang='lat' dir='ltr'><strong>suae,</strong></span> <span class='ocrx_word' id='word_1_609' title='bbox 2716 3248 2774 3303; x_wconf 93' lang='lat' dir='ltr'>id</span> <span class='ocrx_word' id='word_1_610' title='bbox 2810 3253 2897 3303; x_wconf 90' lang='lat' dir='ltr'><strong>est</strong></span> <span class='ocrx_word' id='word_1_611' title='bbox 2926 3250 3470 3321; x_wconf 88' lang='lat' dir='ltr'><strong>corruptibilitatem</strong></span> 
     </span>
    </p>
   </div>
   <div class='ocr_carea' id='block_1_74' title="bbox 1851 3335 3469 3407">
    <p class='ocr_par' dir='ltr' id='par_1_74' title="bbox 1851 3335 3469 3407">
     <span class='ocr_line' id='line_1_74' title="bbox 1851 3335 3469 3407; baseline 0.004 -20"><span class='ocrx_word' id='word_1_612' title='bbox 1851 3337 1910 3388; x_wconf 91' lang='lat' dir='ltr'><strong>et</strong></span> <span class='ocrx_word' id='word_1_613' title='bbox 1939 3335 2356 3389; x_wconf 86' lang='lat' dir='ltr'><strong>mortalitatem</strong></span> <span class='ocrx_word' id='word_1_614' title='bbox 2390 3336 2670 3407; x_wconf 88' lang='lat' dir='ltr'><strong>corporis,</strong></span> <span class='ocrx_word' id='word_1_615' title='bbox 2713 3337 2998 3391; x_wconf 75' lang='lat' dir='ltr'><strong>exsultabit</strong></span> <span class='ocrx_word' id='word_1_616' title='bbox 3039 3338 3231 3406; x_wconf 87' lang='lat' dir='ltr'><strong>Jacob,</strong></span> <span class='ocrx_word' id='word_1_617' title='bbox 3272 3339 3332 3393; x_wconf 93' lang='lat' dir='ltr'><strong>id</strong></span> <span class='ocrx_word' id='word_1_618' title='bbox 3384 3343 3469 3394; x_wconf 89' lang='lat' dir='ltr'><strong>est</strong></span> 
     </span>
    </p>
   </div>
   <div class='ocr_carea' id='block_1_75' title="bbox 1852 3421 3466 3497">
    <p class='ocr_par' dir='ltr' id='par_1_75' title="bbox 1852 3421 3466 3497">
     <span class='ocr_line' id='line_1_75' title="bbox 1852 3421 3466 3497; baseline 0.004 -22"><span class='ocrx_word' id='word_1_619' title='bbox 1852 3421 2043 3476; x_wconf 89' lang='lat' dir='ltr'><strong>minus</strong></span> <span class='ocrx_word' id='word_1_620' title='bbox 2072 3422 2384 3492; x_wconf 87' lang='lat' dir='ltr'><strong>perfectus.</strong></span> <span class='ocrx_word' id='word_1_621' title='bbox 2406 3423 2483 3477; x_wconf 86' lang='lat' dir='ltr'><strong>Et</strong></span> <span class='ocrx_word' id='word_1_622' title='bbox 2513 3423 2784 3479; x_wconf 53' lang='lat' dir='ltr'><strong>[elabitur</strong></span> <span class='ocrx_word' id='word_1_623' title='bbox 2806 3425 2994 3493; x_wconf 83' lang='lat' dir='ltr'><strong>Israel,</strong></span> <span class='ocrx_word' id='word_1_624' title='bbox 3028 3426 3083 3481; x_wconf 90' lang='lat' dir='ltr'>id</span> <span class='ocrx_word' id='word_1_625' title='bbox 3116 3430 3203 3481; x_wconf 90' lang='lat' dir='ltr'><strong>est</strong></span> <span class='ocrx_word' id='word_1_626' title='bbox 3244 3427 3466 3497; x_wconf 86' lang='lat' dir='ltr'><strong>perfec-</strong></span> 
     </span>
    </p>
   </div>
   <div class='ocr_carea' id='block_1_76' title="bbox 1848 3509 3467 3587">
    <p class='ocr_par' dir='ltr' id='par_1_76' title="bbox 1848 3509 3467 3587">
     <span class='ocr_line' id='line_1_76' title="bbox 1848 3509 3467 3587; baseline 0.005 -25"><span class='ocrx_word' id='word_1_627' title='bbox 1848 3509 2120 3563; x_wconf 86' lang='lat' dir='ltr'><strong>tissimus.</strong></span> <span class='ocrx_word' id='word_1_628' title='bbox 2158 3510 2226 3565; x_wconf 89' lang='lat' dir='ltr'><strong>Et</strong></span> <span class='ocrx_word' id='word_1_629' title='bbox 2253 3511 2402 3565; x_wconf 91' lang='lat' dir='ltr'><strong>bene</strong></span> <span class='ocrx_word' id='word_1_630' title='bbox 2431 3528 2536 3581; x_wconf 89' lang='lat' dir='ltr'><strong>per</strong></span> <span class='ocrx_word' id='word_1_631' title='bbox 2562 3513 2736 3567; x_wconf 73' lang='lat' dir='ltr'><strong>Iacob</strong></span> <span class='ocrx_word' id='word_1_632' title='bbox 2780 3514 2973 3568; x_wconf 87' lang='lat' dir='ltr'><strong>minus</strong></span> <span class='ocrx_word' id='word_1_633' title='bbox 3006 3515 3315 3585; x_wconf 86' lang='lat' dir='ltr'><strong>perfectus,</strong></span> <span class='ocrx_word' id='word_1_634' title='bbox 3360 3532 3467 3587; x_wconf 89' lang='lat' dir='ltr'><strong>per</strong></span> 
     </span>
    </p>
   </div>
   <div class='ocr_carea' id='block_1_77' title="bbox 1848 3598 3462 3671">
    <p class='ocr_par' dir='ltr' id='par_1_77' title="bbox 1848 3598 3462 3671">
     <span class='ocr_line' id='line_1_77' title="bbox 1848 3598 3462 3671; baseline 0.005 -21"><span class='ocrx_word' id='word_1_635' title='bbox 1848 3598 2017 3652; x_wconf 89' lang='lat' dir='ltr'><strong>Israel</strong></span> <span class='ocrx_word' id='word_1_636' title='bbox 2047 3613 2181 3651; x_wconf 90' lang='lat' dir='ltr'><strong>vero</strong></span> <span class='ocrx_word' id='word_1_637' title='bbox 2226 3598 2675 3669; x_wconf 79' lang='lat' dir='ltr'><strong>perfectissimus</strong></span> <span class='ocrx_word' id='word_1_638' title='bbox 2703 3599 3058 3671; x_wconf 85' lang='lat' dir='ltr'><strong>designatur,</strong></span> <span class='ocrx_word' id='word_1_639' title='bbox 3092 3603 3266 3657; x_wconf 76' lang='lat' dir='ltr'><strong>Iacob</strong></span> <span class='ocrx_word' id='word_1_640' title='bbox 3306 3604 3462 3659; x_wconf 89' lang='lat' dir='ltr'><strong>enim</strong></span> 
     </span>
    </p>
   </div>
   <div class='ocr_carea' id='block_1_78' title="bbox 1844 3685 3459 3759">
    <p class='ocr_par' dir='ltr' id='par_1_78' title="bbox 1844 3685 3459 3759">
     <span class='ocr_line' id='line_1_78' title="bbox 1844 3685 3459 3759; baseline 0.004 -22"><span class='ocrx_word' id='word_1_641' title='bbox 1844 3685 2216 3755; x_wconf 73' lang='lat' dir='ltr'><strong>supplantator</strong></span> <span class='ocrx_word' id='word_1_642' title='bbox 2247 3703 2263 3738; x_wconf 93' lang='lat'><strong>:</strong></span> <span class='ocrx_word' id='word_1_643' title='bbox 2295 3687 2465 3740; x_wconf 87' lang='lat' dir='ltr'><strong>Israel</strong></span> <span class='ocrx_word' id='word_1_644' title='bbox 2494 3690 2689 3741; x_wconf 88' lang='lat' dir='ltr'><strong>autem</strong></span> <span class='ocrx_word' id='word_1_645' title='bbox 2706 3687 2885 3740; x_wconf 71' lang='lat' dir='ltr'><strong>videns</strong></span> <span class='ocrx_word' id='word_1_646' title='bbox 2917 3688 3091 3741; x_wconf 79' lang='lat' dir='ltr'><strong>Deum</strong></span> <span class='ocrx_word' id='word_1_647' title='bbox 3112 3690 3459 3759; x_wconf 88' lang='lat' dir='ltr'><strong>interpreta-</strong></span> 
     </span>
    </p>
   </div>
   <div class='ocr_carea' id='block_1_79' title="bbox 1845 3774 3459 3848">
    <p class='ocr_par' dir='ltr' id='par_1_79' title="bbox 1845 3774 3459 3848">
     <span class='ocr_line' id='line_1_79' title="bbox 1845 3774 3459 3848; baseline 0.003 -21"><span class='ocrx_word' id='word_1_648' title='bbox 1845 3775 1960 3827; x_wconf 89' lang='lat' dir='ltr'><strong>tur.</strong></span> <span class='ocrx_word' id='word_1_649' title='bbox 1992 3774 2169 3828; x_wconf 88' lang='lat' dir='ltr'><strong>Minus</strong></span> <span class='ocrx_word' id='word_1_650' title='bbox 2201 3774 2440 3845; x_wconf 86' lang='lat' dir='ltr'><strong>perfecti</strong></span> <span class='ocrx_word' id='word_1_651' title='bbox 2466 3791 2599 3827; x_wconf 89' lang='lat' dir='ltr'><strong>vero</strong></span> <span class='ocrx_word' id='word_1_652' title='bbox 2617 3775 3459 3848; x_wconf 86' lang='lat' dir='ltr'><strong>solummodosupplantatores</strong></span> 
     </span>
    </p>
   </div>
   <div class='ocr_carea' id='block_1_80' title="bbox 1845 3862 3458 3938">
    <p class='ocr_par' dir='ltr' id='par_1_80' title="bbox 1845 3862 3458 3938">
     <span class='ocr_line' id='line_1_80' title="bbox 1845 3862 3458 3938; baseline 0.004 -22"><span class='ocrx_word' id='word_1_653' title='bbox 1845 3862 2112 3917; x_wconf 89' lang='lat' dir='ltr'><strong>vitiorum</strong></span> <span class='ocrx_word' id='word_1_654' title='bbox 2137 3867 2290 3929; x_wconf 88' lang='lat' dir='ltr'><strong>sunt,</strong></span> <span class='ocrx_word' id='word_1_655' title='bbox 2328 3862 2591 3916; x_wconf 90' lang='lat' dir='ltr'><strong>nondum</strong></span> <span class='ocrx_word' id='word_1_656' title='bbox 2623 3863 2806 3917; x_wconf 91' lang='lat' dir='ltr'><strong>Deum</strong></span> <span class='ocrx_word' id='word_1_657' title='bbox 2870 3864 2927 3919; x_wconf 87' lang='lat' dir='ltr'><strong>in</strong></span> <span class='ocrx_word' id='word_1_658' title='bbox 2965 3867 3458 3938; x_wconf 87' lang='lat' dir='ltr'><strong>contemplatione</strong></span> 
     </span>
    </p>
   </div>
   <div class='ocr_carea' id='block_1_81' title="bbox 124 3951 3454 4026">
    <p class='ocr_par' dir='ltr' id='par_1_81' title="bbox 124 3951 3454 4026">
     <span class='ocr_line' id='line_1_81' title="bbox 124 3951 3454 4026; baseline 0.001 -18"><span class='ocrx_word' id='word_1_659' title='bbox 124 3953 314 4008; x_wconf 88' lang='lat' dir='ltr'><strong>etiam</strong></span> <span class='ocrx_word' id='word_1_660' title='bbox 348 3969 475 4007; x_wconf 91' lang='lat' dir='ltr'><strong>sum</strong></span> <span class='ocrx_word' id='word_1_661' title='bbox 509 3968 618 4024; x_wconf 87' lang='lat' dir='ltr'><strong>pax</strong></span> <span class='ocrx_word' id='word_1_662' title='bbox 648 3956 887 4020; x_wconf 70' lang='lat' dir='ltr'><strong>interna,</strong></span> <span class='ocrx_word' id='word_1_663' title='bbox 919 3953 1064 4007; x_wconf 89' lang='lat' dir='ltr'><strong>sicut</strong></span> <span class='ocrx_word' id='word_1_664' title='bbox 1114 3952 1272 4007; x_wconf 88' lang='lat' dir='ltr'><strong>idem</strong></span> <span class='ocrx_word' id='word_1_665' title='bbox 1317 3953 1376 4008; x_wconf 91' lang='lat' dir='ltr'><strong>in</strong></span> <span class='ocrx_word' id='word_1_666' title='bbox 1426 3954 1741 4026; x_wconf 86' lang='lat' dir='ltr'><strong>Evangelio</strong></span> <span class='ocrx_word' id='word_1_667' title='bbox 1842 3951 2121 4005; x_wconf 83' lang='lat' dir='ltr'><strong>videntes.</strong></span> <span class='ocrx_word' id='word_1_668' title='bbox 2154 3951 2397 4005; x_wconf 87' lang='lat' dir='ltr'><strong>Perfecti</strong></span> <span class='ocrx_word' id='word_1_669' title='bbox 2429 3955 2635 4006; x_wconf 88' lang='lat' dir='ltr'><strong>veroet</strong></span> <span class='ocrx_word' id='word_1_670' title='bbox 2650 3952 2784 4008; x_wconf 87' lang='lat' dir='ltr'><strong>vitia</strong></span> <span class='ocrx_word' id='word_1_671' title='bbox 2801 3955 3454 4025; x_wconf 82' lang='lat' dir='ltr'><strong>supplantant,etDeum</strong></span> 
     </span>
    </p>
   </div>
   <div class='ocr_carea' id='block_1_82' title="bbox 120 4040 1737 4116">
    <p class='ocr_par' dir='ltr' id='par_1_82' title="bbox 120 4040 1737 4116">
     <span class='ocr_line' id='line_1_82' title="bbox 120 4040 1737 4116; baseline -0.002 -20"><span class='ocrx_word' id='word_1_672' title='bbox 120 4041 273 4096; x_wconf 88' lang='lat' dir='ltr'><strong>dicit</strong></span> <span class='ocrx_word' id='word_1_673' title='bbox 307 4057 320 4095; x_wconf 94' lang='lat'><strong>:</strong></span> <span class='ocrx_word' id='word_1_674' title='bbox 354 4064 381 4091; x_wconf 76' lang='grc' dir='ltr'>α</span> <span class='ocrx_word' id='word_1_675' title='bbox 408 4041 526 4112; x_wconf 85' lang='lat' dir='ltr'><strong>Ego</strong></span> <span class='ocrx_word' id='word_1_676' title='bbox 548 4057 679 4096; x_wconf 86' lang='lat' dir='ltr'><strong>sum</strong></span> <span class='ocrx_word' id='word_1_677' title='bbox 711 4040 821 4110; x_wconf 86' lang='lat' dir='ltr'><strong>via,</strong></span> <span class='ocrx_word' id='word_1_678' title='bbox 843 4041 1055 4097; x_wconf 86' lang='lat' dir='ltr'><strong>veritas</strong></span> <span class='ocrx_word' id='word_1_679' title='bbox 1079 4044 1132 4096; x_wconf 88' lang='lat' dir='ltr'><strong>et</strong></span> <span class='ocrx_word' id='word_1_680' title='bbox 1156 4042 1270 4096; x_wconf 90' lang='lat' dir='ltr'><strong>vita</strong></span> <span class='ocrx_word' id='word_1_681' title='bbox 1292 4041 1478 4112; x_wconf 87' lang='lat' dir='ltr'><strong>(Joan.</strong></span> <span class='ocrx_word' id='word_1_682' title='bbox 1495 4058 1606 4110; x_wconf 81' lang='lat' dir='ltr'><strong>xix,</strong></span> <span class='ocrx_word' id='word_1_683' title='bbox 1623 4043 1675 4116; x_wconf 88' lang='lat'><strong>6)</strong></span> <span class='ocrx_word' id='word_1_684' title='bbox 1688 4063 1737 4097; x_wconf 82' lang='grc'>.»</span> 
     </span>
    </p>
   </div>
   <div class='ocr_carea' id='block_1_83' title="bbox 1835 4039 3453 4115">
    <p class='ocr_par' dir='ltr' id='par_1_83' title="bbox 1835 4039 3453 4115">
     <span class='ocr_line' id='line_1_83' title="bbox 1835 4039 3453 4115; baseline 0.004 -22"><span class='ocrx_word' id='word_1_685' title='bbox 1835 4040 1958 4111; x_wconf 88' lang='lat' dir='ltr'><strong>jam</strong></span> <span class='ocrx_word' id='word_1_686' title='bbox 1976 4039 2035 4093; x_wconf 92' lang='lat' dir='ltr'><strong>in</strong></span> <span class='ocrx_word' id='word_1_687' title='bbox 2055 4039 2552 4111; x_wconf 89' lang='lat' dir='ltr'><strong>contemplatione</strong></span> <span class='ocrx_word' id='word_1_688' title='bbox 2566 4039 2781 4094; x_wconf 88' lang='lat' dir='ltr'><strong>vident.</strong></span> <span class='ocrx_word' id='word_1_689' title='bbox 2799 4040 2967 4105; x_wconf 84' lang='lat' dir='ltr'><strong>Quasi</strong></span> <span class='ocrx_word' id='word_1_690' title='bbox 2983 4042 3136 4097; x_wconf 89' lang='lat' dir='ltr'><strong>dicat</strong></span> <span class='ocrx_word' id='word_1_691' title='bbox 3158 4061 3171 4098; x_wconf 88' lang='lat'><strong>:</strong></span> <span class='ocrx_word' id='word_1_692' title='bbox 3192 4045 3310 4115; x_wconf 89' lang='lat' dir='ltr'><strong>Ego</strong></span> <span class='ocrx_word' id='word_1_693' title='bbox 3326 4062 3453 4099; x_wconf 90' lang='lat' dir='ltr'><strong>sum</strong></span> 
     </span>
    </p>
   </div>
   <div class='ocr_carea' id='block_1_84' title="bbox 120 4128 3450 4203">
    <p class='ocr_par' dir='ltr' id='par_1_84' title="bbox 120 4128 3450 4203">
     <span class='ocr_line' id='line_1_84' title="bbox 120 4128 3450 4203; baseline 0.001 -18"><span class='ocrx_word' id='word_1_694' title='bbox 120 4131 548 4202; x_wconf 84' lang='lat' dir='ltr'><strong>EtApostolus:</strong></span> <span class='ocrx_word' id='word_1_695' title='bbox 570 4132 739 4202; x_wconf 77' lang='lat' dir='ltr'><strong>«Ipse</strong></span> <span class='ocrx_word' id='word_1_696' title='bbox 756 4134 843 4185; x_wconf 88' lang='lat' dir='ltr'><strong>est</strong></span> <span class='ocrx_word' id='word_1_697' title='bbox 860 4145 968 4201; x_wconf 86' lang='lat' dir='ltr'><strong>pax</strong></span> <span class='ocrx_word' id='word_1_698' title='bbox 985 4133 1203 4197; x_wconf 87' lang='lat' dir='ltr'><strong>nostra,</strong></span> <span class='ocrx_word' id='word_1_699' title='bbox 1225 4130 1322 4201; x_wconf 87' lang='lat' dir='ltr'><strong>qui</strong></span> <span class='ocrx_word' id='word_1_700' title='bbox 1342 4131 1477 4185; x_wconf 89' lang='lat' dir='ltr'><strong>fecit</strong></span> <span class='ocrx_word' id='word_1_701' title='bbox 1497 4134 1741 4203; x_wconf 89' lang='lat' dir='ltr'><strong>utraque</strong></span> <span class='ocrx_word' id='word_1_702' title='bbox 1842 4128 1937 4183; x_wconf 92' lang='lat' dir='ltr'><strong>ille</strong></span> <span class='ocrx_word' id='word_1_703' title='bbox 1958 4129 2239 4184; x_wconf 86' lang='lat' dir='ltr'><strong>Dominus</strong></span> <span class='ocrx_word' id='word_1_704' title='bbox 2263 4128 2359 4200; x_wconf 85' lang='lat' dir='ltr'><strong>qui</strong></span> <span class='ocrx_word' id='word_1_705' title='bbox 2391 4128 2481 4182; x_wconf 90' lang='lat' dir='ltr'><strong>hic</strong></span> <span class='ocrx_word' id='word_1_706' title='bbox 2526 4130 2697 4182; x_wconf 88' lang='lat' dir='ltr'><strong>Israel</strong></span> <span class='ocrx_word' id='word_1_707' title='bbox 2736 4131 2988 4198; x_wconf 86' lang='lat' dir='ltr'><strong>salvabo,</strong></span> <span class='ocrx_word' id='word_1_708' title='bbox 3041 4135 3099 4186; x_wconf 90' lang='lat' dir='ltr'><strong>et</strong></span> <span class='ocrx_word' id='word_1_709' title='bbox 3138 4131 3197 4186; x_wconf 90' lang='lat' dir='ltr'><strong>in</strong></span> <span class='ocrx_word' id='word_1_710' title='bbox 3236 4134 3450 4202; x_wconf 88' lang='lat' dir='ltr'><strong>future,</strong></span> 
     </span>
    </p>
   </div>
   <div class='ocr_carea' id='block_1_85' title="bbox 120 4218 1737 4292">
    <p class='ocr_par' dir='ltr' id='par_1_85' title="bbox 120 4218 1737 4292">
     <span class='ocr_line' id='line_1_85' title="bbox 120 4218 1737 4292; baseline 0.001 -19"><span class='ocrx_word' id='word_1_711' title='bbox 120 4235 317 4274; x_wconf 84' lang='lat' dir='ltr'><strong>unum</strong></span> <span class='ocrx_word' id='word_1_712' title='bbox 349 4218 569 4292; x_wconf 67' lang='lat' dir='ltr'><strong>(Ep/tes.</strong></span> <span class='ocrx_word' id='word_1_713' title='bbox 602 4236 663 4287; x_wconf 85' lang='grc' dir='ltr'><strong>ιι,</strong></span> <span class='ocrx_word' id='word_1_714' title='bbox 709 4218 818 4291; x_wconf 54' lang='lat' dir='ltr'><strong>lli).</strong></span> <span class='ocrx_word' id='word_1_715' title='bbox 863 4240 892 4269; x_wconf 87' lang='lat'>»</span> <span class='ocrx_word' id='word_1_716' title='bbox 938 4220 1007 4273; x_wconf 86' lang='lat' dir='ltr'><strong>Et</strong></span> <span class='ocrx_word' id='word_1_717' title='bbox 1040 4218 1172 4273; x_wconf 89' lang='lat' dir='ltr'><strong>ideo</strong></span> <span class='ocrx_word' id='word_1_718' title='bbox 1208 4234 1325 4274; x_wconf 91' lang='lat' dir='ltr'><strong>non</strong></span> <span class='ocrx_word' id='word_1_719' title='bbox 1367 4223 1737 4291; x_wconf 86' lang='lat' dir='ltr'><strong>cognoscent,</strong></span> 
     </span>
    </p>
   </div>
   <div class='ocr_carea' id='block_1_86' title="bbox 117 4306 1823 4381">
    <p class='ocr_par' dir='ltr' id='par_1_86' title="bbox 117 4306 1823 4381">
     <span class='ocr_line' id='line_1_86' title="bbox 117 4306 1823 4381; baseline 0.002 -19"><span class='ocrx_word' id='word_1_720' title='bbox 117 4308 274 4381; x_wconf 86' lang='lat' dir='ltr'><strong>quia</strong></span> <span class='ocrx_word' id='word_1_721' title='bbox 293 4324 408 4375; x_wconf 67' lang='lat' dir='ltr'><strong>non</strong></span> <span class='ocrx_word' id='word_1_722' title='bbox 433 4314 509 4362; x_wconf 85' lang='lat' dir='ltr'><strong>est</strong></span> <span class='ocrx_word' id='word_1_723' title='bbox 539 4310 699 4361; x_wconf 87' lang='lat' dir='ltr'><strong>timor</strong></span> <span class='ocrx_word' id='word_1_724' title='bbox 741 4306 851 4361; x_wconf 88' lang='lat' dir='ltr'><strong>Dei</strong></span> <span class='ocrx_word' id='word_1_725' title='bbox 886 4314 1011 4361; x_wconf 85' lang='lat' dir='ltr'><strong>ante</strong></span> <span class='ocrx_word' id='word_1_726' title='bbox 1060 4306 1235 4362; x_wconf 80' lang='lat' dir='ltr'><strong>oculos</strong></span> <span class='ocrx_word' id='word_1_727' title='bbox 1276 4308 1489 4363; x_wconf 86' lang='lat' dir='ltr'><strong>mentis</strong></span> <span class='ocrx_word' id='word_1_728' title='bbox 1536 4325 1738 4377; x_wconf 87' lang='lat' dir='ltr'><strong>eorum,</strong></span> <span class='ocrx_word' id='word_1_729' title='bbox 1763 4306 1823 4366; x_wconf 76' lang='lat' dir='ltr'><strong>D‘</strong></span> 
     </span>
    </p>
   </div>
   <div class='ocr_carea' id='block_1_87' title="bbox 115 4393 1738 4466">
    <p class='ocr_par' dir='ltr' id='par_1_87' title="bbox 115 4393 1738 4466">
     <span class='ocr_line' id='line_1_87' title="bbox 115 4393 1738 4466; baseline 0.001 -17"><span class='ocrx_word' id='word_1_730' title='bbox 115 4395 183 4450; x_wconf 89' lang='lat' dir='ltr'>id</span> <span class='ocrx_word' id='word_1_731' title='bbox 218 4396 310 4448; x_wconf 87' lang='lat' dir='ltr'><strong>est</strong></span> <span class='ocrx_word' id='word_1_732' title='bbox 341 4393 476 4466; x_wconf 86' lang='lat' dir='ltr'><strong>quia</strong></span> <span class='ocrx_word' id='word_1_733' title='bbox 496 4410 613 4448; x_wconf 91' lang='lat' dir='ltr'><strong>non</strong></span> <span class='ocrx_word' id='word_1_734' title='bbox 646 4393 856 4450; x_wconf 86' lang='lat' dir='ltr'><strong>timent</strong></span> <span class='ocrx_word' id='word_1_735' title='bbox 875 4396 1079 4449; x_wconf 89' lang='lat' dir='ltr'><strong>Deum.</strong></span> <span class='ocrx_word' id='word_1_736' title='bbox 1111 4416 1140 4444; x_wconf 88' lang='lat'><strong>«</strong></span> <span class='ocrx_word' id='word_1_737' title='bbox 1172 4394 1409 4450; x_wconf 85' lang='lat' dir='ltr'><strong>Initium</strong></span> <span class='ocrx_word' id='word_1_738' title='bbox 1452 4396 1612 4451; x_wconf 90' lang='lat' dir='ltr'><strong>enim</strong></span> <span class='ocrx_word' id='word_1_739' title='bbox 1647 4413 1738 4451; x_wconf 88' lang='lat' dir='ltr'><strong>sa-</strong></span> 
     </span>
    </p>
   </div>
   <div class='ocr_carea' id='block_1_88' title="bbox 114 4480 1329 4555">
    <p class='ocr_par' dir='ltr' id='par_1_88' title="bbox 114 4480 1329 4555">
     <span class='ocr_line' id='line_1_88' title="bbox 114 4480 1329 4555; baseline -0.005 -18"><span class='ocrx_word' id='word_1_740' title='bbox 114 4482 373 4555; x_wconf 64' lang='lat' dir='ltr'><strong>pientia:</strong></span> <span class='ocrx_word' id='word_1_741' title='bbox 398 4482 578 4550; x_wconf 85' lang='lat' dir='ltr'><strong>timor</strong></span> <span class='ocrx_word' id='word_1_742' title='bbox 599 4481 830 4538; x_wconf 88' lang='lat' dir='ltr'><strong>Domini</strong></span> <span class='ocrx_word' id='word_1_743' title='bbox 862 4480 1062 4554; x_wconf 81' lang='lat' dir='ltr'><strong>(Eccle.</strong></span> <span class='ocrx_word' id='word_1_744' title='bbox 1092 4496 1132 4550; x_wconf 72' lang='grc' dir='ltr'><strong>Ι,</strong></span> <span class='ocrx_word' id='word_1_745' title='bbox 1164 4482 1274 4552; x_wconf 81' lang='lat' dir='ltr'><strong>l6).</strong></span> <span class='ocrx_word' id='word_1_746' title='bbox 1298 4504 1329 4532; x_wconf 83' lang='lat'><strong>»</strong></span> 
     </span>
    </p>
   </div>
   <div class='ocr_carea' id='block_1_89' title="bbox 186 4569 1735 4637">
    <p class='ocr_par' dir='ltr' id='par_1_89' title="bbox 186 4569 1735 4637">
     <span class='ocr_line' id='line_1_89' title="bbox 186 4569 1735 4637; baseline 0.001 -12"><span class='ocrx_word' id='word_1_747' title='bbox 186 4569 480 4625; x_wconf 71' lang='lat' dir='ltr'><strong>Praedicta</strong></span> <span class='ocrx_word' id='word_1_748' title='bbox 490 4586 693 4625; x_wconf 87' lang='lat' dir='ltr'><strong>eorum</strong></span> <span class='ocrx_word' id='word_1_749' title='bbox 708 4569 1332 4637; x_wconf 85' lang='lat' dir='ltr'><strong>contritione,ostendit</strong></span> <span class='ocrx_word' id='word_1_750' title='bbox 1343 4569 1519 4625; x_wconf 86' lang='lat' dir='ltr'><strong>etiam</strong></span> <span class='ocrx_word' id='word_1_751' title='bbox 1534 4587 1735 4626; x_wconf 85' lang='lat' dir='ltr'><strong>eorum</strong></span> 
     </span>
    </p>
   </div>
   <div class='ocr_carea' id='block_1_90' title="bbox 111 4657 1741 4729">
    <p class='ocr_par' dir='ltr' id='par_1_90' title="bbox 111 4657 1741 4729">
     <span class='ocr_line' id='line_1_90' title="bbox 111 4657 1741 4729; baseline 0 -14"><span class='ocrx_word' id='word_1_752' title='bbox 111 4659 575 4716; x_wconf 86' lang='lat' dir='ltr'><strong>damnationem</strong></span> <span class='ocrx_word' id='word_1_753' title='bbox 605 4674 739 4714; x_wconf 91' lang='lat' dir='ltr'><strong>cum</strong></span> <span class='ocrx_word' id='word_1_754' title='bbox 769 4657 1162 4728; x_wconf 88' lang='lat' dir='ltr'><strong>increpatione</strong></span> <span class='ocrx_word' id='word_1_755' title='bbox 1183 4673 1535 4729; x_wconf 83' lang='lat' dir='ltr'><strong>suorumque</strong></span> <span class='ocrx_word' id='word_1_756' title='bbox 1549 4676 1741 4715; x_wconf 84' lang='lat' dir='ltr'><strong>remu-</strong></span> 
     </span>
    </p>
   </div>
   <div class='ocr_carea' id='block_1_91' title="bbox 1842 4216 3447 4289">
    <p class='ocr_par' dir='ltr' id='par_1_91' title="bbox 1842 4216 3447 4289">
     <span class='ocr_line' id='line_1_91' title="bbox 1842 4216 3447 4289; baseline 0.005 -17"><span class='ocrx_word' id='word_1_757' title='bbox 1842 4218 2152 4273; x_wconf 86' lang='lat' dir='ltr'><strong>avertendo</strong></span> <span class='ocrx_word' id='word_1_758' title='bbox 2165 4216 2552 4289; x_wconf 87' lang='lat' dir='ltr'><strong>captivitatem</strong></span> <span class='ocrx_word' id='word_1_759' title='bbox 2562 4217 2752 4283; x_wconf 80' lang='lat' dir='ltr'><strong>,Jaeob</strong></span> <span class='ocrx_word' id='word_1_760' title='bbox 2764 4221 2822 4271; x_wconf 89' lang='lat' dir='ltr'><strong>et</strong></span> <span class='ocrx_word' id='word_1_761' title='bbox 2841 4220 3008 4274; x_wconf 89' lang='lat' dir='ltr'><strong>Israel</strong></span> <span class='ocrx_word' id='word_1_762' title='bbox 3023 4221 3204 4274; x_wconf 66' lang='lat' dir='ltr'><strong>laetari</strong></span> <span class='ocrx_word' id='word_1_763' title='bbox 3218 4222 3423 4279; x_wconf 88' lang='lat' dir='ltr'><strong>faciam</strong></span> <span class='ocrx_word' id='word_1_764' title='bbox 3434 4266 3447 4278; x_wconf 93' lang='lat'><strong>.</strong></span> 
     </span>
    </p>
   </div>
   <div class='ocr_carea' id='block_1_92' title="bbox 2339 4304 2944 4360">
    <p class='ocr_par' dir='ltr' id='par_1_92' title="bbox 2339 4304 2944 4360">
     <span class='ocr_line' id='line_1_92' title="bbox 2339 4304 2944 4360; baseline 0.003 -2"><span class='ocrx_word' id='word_1_765' title='bbox 2339 4305 2407 4358; x_wconf 83' lang='grc' dir='ltr'>ΙΝ</span> <span class='ocrx_word' id='word_1_766' title='bbox 2449 4304 2775 4360; x_wconf 81' lang='lat' dir='ltr'><strong>PSALMUM</strong></span> <span class='ocrx_word' id='word_1_767' title='bbox 2813 4306 2944 4360; x_wconf 87' lang='lat' dir='ltr'><strong>XIV.</strong></span> 
     </span>
    </p>
   </div>
   <div class='ocr_carea' id='block_1_93' title="bbox 1910 4394 3447 4467">
    <p class='ocr_par' dir='ltr' id='par_1_93' title="bbox 1910 4394 3447 4467">
     <span class='ocr_line' id='line_1_93' title="bbox 1910 4394 3447 4467; baseline 0.006 -18"><span class='ocrx_word' id='word_1_768' title='bbox 1910 4395 2126 4450; x_wconf 87' lang='lat' dir='ltr'><strong>Titulus</strong></span> <span class='ocrx_word' id='word_1_769' title='bbox 2179 4396 2364 4466; x_wconf 83' lang='lat' dir='ltr'><strong>quarti</strong></span> <span class='ocrx_word' id='word_1_770' title='bbox 2410 4394 2604 4449; x_wconf 87' lang='lat' dir='ltr'><strong>decimi</strong></span> <span class='ocrx_word' id='word_1_771' title='bbox 2648 4412 2665 4447; x_wconf 91' lang='lat'><strong>:</strong></span> <span class='ocrx_word' id='word_1_772' title='bbox 2701 4396 2960 4449; x_wconf 88' lang='lat' dir='ltr'><strong>Psalmus</strong></span> <span class='ocrx_word' id='word_1_773' title='bbox 3008 4397 3209 4467; x_wconf 84' lang='lat' dir='ltr'><strong>David,</strong></span> <span class='ocrx_word' id='word_1_774' title='bbox 3266 4399 3325 4456; x_wconf 93' lang='lat' dir='ltr'>id</span> <span class='ocrx_word' id='word_1_775' title='bbox 3360 4405 3447 4457; x_wconf 90' lang='lat' dir='ltr'><strong>est</strong></span> 
     </span>
    </p>
   </div>
   <div class='ocr_carea' id='block_1_94' title="bbox 1841 4482 3444 4545">
    <p class='ocr_par' dir='ltr' id='par_1_94' title="bbox 1841 4482 3444 4545">
     <span class='ocr_line' id='line_1_94' title="bbox 1841 4482 3444 4545; baseline 0.004 -7"><span class='ocrx_word' id='word_1_776' title='bbox 1841 4483 2063 4538; x_wconf 85' lang='lat' dir='ltr'><strong>Christo</strong></span> <span class='ocrx_word' id='word_1_777' title='bbox 2097 4482 2513 4537; x_wconf 87' lang='lat' dir='ltr'><strong>attribuendus.</strong></span> <span class='ocrx_word' id='word_1_778' title='bbox 2562 4482 2628 4535; x_wconf 86' lang='lat' dir='ltr'><strong>Et</strong></span> <span class='ocrx_word' id='word_1_779' title='bbox 2672 4482 3059 4539; x_wconf 86' lang='lat' dir='ltr'><strong>introducitur</strong></span> <span class='ocrx_word' id='word_1_780' title='bbox 3109 4488 3444 4545; x_wconf 89' lang='lat' dir='ltr'><strong>Dominicus</strong></span> 
     </span>
    </p>
   </div>
   <div class='ocr_carea' id='block_1_95' title="bbox 1838 4570 3439 4646">
    <p class='ocr_par' dir='ltr' id='par_1_95' title="bbox 1838 4570 3439 4646">
     <span class='ocr_line' id='line_1_95' title="bbox 1838 4570 3439 4646; baseline 0.003 -19"><span class='ocrx_word' id='word_1_781' title='bbox 1838 4573 2015 4627; x_wconf 89' lang='lat' dir='ltr'><strong>homo</strong></span> <span class='ocrx_word' id='word_1_782' title='bbox 2047 4573 2308 4642; x_wconf 87' lang='lat' dir='ltr'><strong>loquens,</strong></span> <span class='ocrx_word' id='word_1_783' title='bbox 2343 4570 2479 4641; x_wconf 88' lang='lat' dir='ltr'><strong>quia</strong></span> <span class='ocrx_word' id='word_1_784' title='bbox 2509 4570 2729 4623; x_wconf 87' lang='lat' dir='ltr'><strong>dixerat</strong></span> <span class='ocrx_word' id='word_1_785' title='bbox 2754 4571 2953 4625; x_wconf 89' lang='lat' dir='ltr'><strong>:Dabit</strong></span> <span class='ocrx_word' id='word_1_786' title='bbox 2982 4574 3229 4629; x_wconf 88' lang='lat' dir='ltr'><strong>salutare</strong></span> <span class='ocrx_word' id='word_1_787' title='bbox 3249 4578 3439 4646; x_wconf 87' lang='lat' dir='ltr'><strong>Israel,</strong></span> 
     </span>
    </p>
   </div>
   <div class='ocr_carea' id='block_1_96' title="bbox 1838 4656 3440 4731">
    <p class='ocr_par' dir='ltr' id='par_1_96' title="bbox 1838 4656 3440 4731">
     <span class='ocr_line' id='line_1_96' title="bbox 1838 4656 3440 4731; baseline 0.002 -15"><span class='ocrx_word' id='word_1_788' title='bbox 1838 4669 1888 4717; x_wconf 85' lang='lat' dir='ltr'><strong>et</strong></span> <span class='ocrx_word' id='word_1_789' title='bbox 1914 4657 2378 4714; x_wconf 77' lang='lat' dir='ltr'><strong>exsultabitJacob</strong></span> <span class='ocrx_word' id='word_1_790' title='bbox 2394 4663 2443 4710; x_wconf 86' lang='lat' dir='ltr'><strong>et</strong></span> <span class='ocrx_word' id='word_1_791' title='bbox 2459 4656 2726 4710; x_wconf 68' lang='lat' dir='ltr'><strong>laetabitur</strong></span> <span class='ocrx_word' id='word_1_792' title='bbox 2740 4659 2934 4725; x_wconf 88' lang='lat' dir='ltr'><strong>Israel,</strong></span> <span class='ocrx_word' id='word_1_793' title='bbox 2971 4676 3042 4714; x_wconf 90' lang='lat' dir='ltr'><strong>nc</strong></span> <span class='ocrx_word' id='word_1_794' title='bbox 3062 4670 3440 4731; x_wconf 68' lang='lat' dir='ltr'><strong>praesumeret</strong></span> 
     </span>
    </p>
   </div>
   <div class='ocr_carea' id='block_1_97' title="bbox 108 4745 3435 4822">
    <p class='ocr_par' dir='ltr' id='par_1_97' title="bbox 108 4745 3435 4822">
     <span class='ocr_line' id='line_1_97' title="bbox 108 4745 3435 4822; baseline 0.001 -19"><span class='ocrx_word' id='word_1_795' title='bbox 108 4747 457 4810; x_wconf 84' lang='lat' dir='ltr'><strong>neratione,</strong></span> <span class='ocrx_word' id='word_1_796' title='bbox 475 4747 554 4802; x_wconf 91' lang='lat' dir='ltr'><strong>sic</strong></span> <span class='ocrx_word' id='word_1_797' title='bbox 579 4763 592 4801; x_wconf 94' lang='lat'><strong>:</strong></span> <span class='ocrx_word' id='word_1_798' title='bbox 621 4763 751 4801; x_wconf 91' lang='lat' dir='ltr'><strong>cum</strong></span> <span class='ocrx_word' id='word_1_799' title='bbox 784 4745 891 4818; x_wconf 90' lang='lat' dir='ltr'><strong>ipsi</strong></span> <span class='ocrx_word' id='word_1_800' title='bbox 917 4746 1032 4800; x_wconf 84' lang='lat' dir='ltr'><strong>sint</strong></span> <span class='ocrx_word' id='word_1_801' title='bbox 1060 4747 1385 4818; x_wconf 87' lang='lat' dir='ltr'><strong>sepulcrum</strong></span> <span class='ocrx_word' id='word_1_802' title='bbox 1407 4747 1658 4803; x_wconf 89' lang='lat' dir='ltr'><strong>etdolosi</strong></span> <span class='ocrx_word' id='word_1_803' title='bbox 1680 4753 1738 4804; x_wconf 88' lang='lat' dir='ltr'><strong>et</strong></span> <span class='ocrx_word' id='word_1_804' title='bbox 1837 4748 2076 4822; x_wconf 90' lang='lat' dir='ltr'><strong>quilibet</strong></span> <span class='ocrx_word' id='word_1_805' title='bbox 2107 4746 2201 4818; x_wconf 88' lang='lat' dir='ltr'><strong>qui</strong></span> <span class='ocrx_word' id='word_1_806' title='bbox 2235 4745 2599 4800; x_wconf 89' lang='lat' dir='ltr'><strong>solummodo</strong></span> <span class='ocrx_word' id='word_1_807' title='bbox 2617 4746 2936 4802; x_wconf 85' lang='lat' dir='ltr'><strong>Christiano</strong></span> <span class='ocrx_word' id='word_1_808' title='bbox 2956 4750 3193 4805; x_wconf 89' lang='lat' dir='ltr'><strong>nomine</strong></span> <span class='ocrx_word' id='word_1_809' title='bbox 3206 4768 3435 4807; x_wconf 88' lang='lat' dir='ltr'><strong>vocare-</strong></span> 
     </span>
    </p>
   </div>
   <div class='ocr_carea' id='block_1_98' title="bbox 105 4833 1727 4907">
    <p class='ocr_par' dir='ltr' id='par_1_98' title="bbox 105 4833 1727 4907">
     <span class='ocr_line' id='line_1_98' title="bbox 105 4833 1727 4907; baseline 0.001 -17"><span class='ocrx_word' id='word_1_810' title='bbox 105 4838 353 4890; x_wconf 88' lang='lat' dir='ltr'><strong>veloces</strong></span> <span class='ocrx_word' id='word_1_811' title='bbox 382 4835 456 4890; x_wconf 89' lang='lat' dir='ltr'><strong>ad</strong></span> <span class='ocrx_word' id='word_1_812' title='bbox 487 4833 911 4898; x_wconf 22' lang='lat' dir='ltr'><strong>eﬂ‘undendum.</strong></span> <span class='ocrx_word' id='word_1_813' title='bbox 932 4834 1301 4907; x_wconf 84' lang='lat' dir='ltr'><strong>sanguinem.</strong></span> <span class='ocrx_word' id='word_1_814' title='bbox 1320 4834 1522 4892; x_wconf 88' lang='lat' dir='ltr'><strong>Nonne</strong></span> <span class='ocrx_word' id='word_1_815' title='bbox 1539 4853 1727 4907; x_wconf 85' lang='lat' dir='ltr'><strong>cogno-</strong></span> 
     </span>
    </p>
   </div>
   <div class='ocr_carea' id='block_1_99' title="bbox 100 4923 1732 4997">
    <p class='ocr_par' dir='ltr' id='par_1_99' title="bbox 100 4923 1732 4997">
     <span class='ocr_line' id='line_1_99' title="bbox 100 4923 1732 4997; baseline 0.001 -18"><span class='ocrx_word' id='word_1_816' title='bbox 100 4928 266 4979; x_wconf 78' lang='lat' dir='ltr'><strong>scent</strong></span> <span class='ocrx_word' id='word_1_817' title='bbox 289 4939 469 4977; x_wconf 86' lang='lat' dir='ltr'><strong>omnes</strong></span> <span class='ocrx_word' id='word_1_818' title='bbox 492 4926 588 4995; x_wconf 74' lang='lat' dir='ltr'><strong>qui</strong></span> <span class='ocrx_word' id='word_1_819' title='bbox 613 4930 900 4995; x_wconf 82' lang='lat' dir='ltr'><strong>operantur</strong></span> <span class='ocrx_word' id='word_1_820' title='bbox 930 4926 1288 4997; x_wconf 75' lang='lat' dir='ltr'><strong>iniquitatem,</strong></span> <span class='ocrx_word' id='word_1_821' title='bbox 1330 4923 1389 4978; x_wconf 90' lang='lat' dir='ltr'>id</span> <span class='ocrx_word' id='word_1_822' title='bbox 1432 4927 1540 4993; x_wconf 87' lang='lat' dir='ltr'><strong>est,</strong></span> <span class='ocrx_word' id='word_1_823' title='bbox 1574 4941 1732 4981; x_wconf 89' lang='lat' dir='ltr'><strong>mor-</strong></span> 
     </span>
    </p>
   </div>
   <div class='ocr_carea' id='block_1_100' title="bbox 99 5011 1734 5085">
    <p class='ocr_par' dir='ltr' id='par_1_100' title="bbox 99 5011 1734 5085">
     <span class='ocr_line' id='line_1_100' title="bbox 99 5011 1734 5085; baseline 0.001 -19"><span class='ocrx_word' id='word_1_824' title='bbox 99 5016 243 5067; x_wconf 80' lang='lat' dir='ltr'><strong>tem</strong></span> <span class='ocrx_word' id='word_1_825' title='bbox 277 5027 496 5080; x_wconf 87' lang='lat' dir='ltr'><strong>meam,</strong></span> <span class='ocrx_word' id='word_1_826' title='bbox 530 5028 657 5083; x_wconf 59' lang='lat' dir='ltr'><strong>qua</strong></span> <span class='ocrx_word' id='word_1_827' title='bbox 679 5011 877 5085; x_wconf 88' lang='lat' dir='ltr'><strong>inique</strong></span> <span class='ocrx_word' id='word_1_828' title='bbox 895 5012 1224 5068; x_wconf 82' lang='lat' dir='ltr'><strong>inferturab</strong></span> <span class='ocrx_word' id='word_1_829' title='bbox 1243 5012 1362 5067; x_wconf 85' lang='lat' dir='ltr'><strong>eis?</strong></span> <span class='ocrx_word' id='word_1_830' title='bbox 1387 5013 1453 5066; x_wconf 88' lang='lat' dir='ltr'><strong>Et</strong></span> <span class='ocrx_word' id='word_1_831' title='bbox 1466 5016 1562 5084; x_wconf 83' lang='lat' dir='ltr'><strong>qui</strong></span> <span class='ocrx_word' id='word_1_832' title='bbox 1582 5012 1734 5068; x_wconf 80' lang='lat' dir='ltr'><strong>devo-</strong></span> 
     </span>
    </p>
   </div>
   <div class='ocr_carea' id='block_1_101' title="bbox 95 5099 1731 5173">
    <p class='ocr_par' dir='ltr' id='par_1_101' title="bbox 95 5099 1731 5173">
     <span class='ocr_line' id='line_1_101' title="bbox 95 5099 1731 5173; baseline 0.002 -20"><span class='ocrx_word' id='word_1_833' title='bbox 95 5107 266 5167; x_wconf 82' lang='lat' dir='ltr'><strong>rant,</strong></span> <span class='ocrx_word' id='word_1_834' title='bbox 298 5099 359 5154; x_wconf 92' lang='lat' dir='ltr'>id</span> <span class='ocrx_word' id='word_1_835' title='bbox 400 5102 485 5153; x_wconf 88' lang='lat' dir='ltr'><strong>est</strong></span> <span class='ocrx_word' id='word_1_836' title='bbox 521 5100 948 5173; x_wconf 87' lang='lat' dir='ltr'><strong>incorporando</strong></span> <span class='ocrx_word' id='word_1_837' title='bbox 989 5100 1266 5155; x_wconf 86' lang='lat' dir='ltr'><strong>devorare</strong></span> <span class='ocrx_word' id='word_1_838' title='bbox 1307 5104 1366 5156; x_wconf 87' lang='lat' dir='ltr'><strong>et</strong></span> <span class='ocrx_word' id='word_1_839' title='bbox 1406 5100 1731 5157; x_wconf 84' lang='lat' dir='ltr'><strong>interficere</strong></span> 
     </span>
    </p>
   </div>
   <div class='ocr_carea' id='block_1_102' title="bbox 94 5187 1731 5259">
    <p class='ocr_par' dir='ltr' id='par_1_102' title="bbox 94 5187 1731 5259">
     <span class='ocr_line' id='line_1_102' title="bbox 94 5187 1731 5259; baseline 0.001 -18"><span class='ocrx_word' id='word_1_840' title='bbox 94 5190 342 5255; x_wconf 90' lang='lat' dir='ltr'><strong>volunt,</strong></span> <span class='ocrx_word' id='word_1_841' title='bbox 360 5187 568 5259; x_wconf 82' lang='lat' dir='ltr'><strong>plebem</strong></span> <span class='ocrx_word' id='word_1_842' title='bbox 598 5204 789 5254; x_wconf 84' lang='lat' dir='ltr'><strong>meam,</strong></span> <span class='ocrx_word' id='word_1_843' title='bbox 817 5188 875 5243; x_wconf 90' lang='lat' dir='ltr'>id</span> <span class='ocrx_word' id='word_1_844' title='bbox 921 5192 1009 5243; x_wconf 87' lang='lat' dir='ltr'><strong>est</strong></span> <span class='ocrx_word' id='word_1_845' title='bbox 1036 5188 1237 5245; x_wconf 86' lang='lat' dir='ltr'><strong>fideles</strong></span> <span class='ocrx_word' id='word_1_846' title='bbox 1265 5204 1449 5256; x_wconf 88' lang='lat' dir='ltr'><strong>meos,</strong></span> <span class='ocrx_word' id='word_1_847' title='bbox 1481 5192 1623 5246; x_wconf 78' lang='lat' dir='ltr'><strong>sicut</strong></span> <span class='ocrx_word' id='word_1_848' title='bbox 1653 5206 1731 5243; x_wconf 86' lang='lat' dir='ltr'><strong>es-</strong></span> 
     </span>
    </p>
   </div>
   <div class='ocr_carea' id='block_1_103' title="bbox 98 5276 1732 5350">
    <p class='ocr_par' dir='ltr' id='par_1_103' title="bbox 98 5276 1732 5350">
     <span class='ocr_line' id='line_1_103' title="bbox 98 5276 1732 5350; baseline 0.002 -19"><span class='ocrx_word' id='word_1_849' title='bbox 98 5294 239 5332; x_wconf 89' lang='lat' dir='ltr'><strong>cam</strong></span> <span class='ocrx_word' id='word_1_850' title='bbox 256 5278 424 5348; x_wconf 78' lang='lat' dir='ltr'><strong>panis</strong></span> <span class='ocrx_word' id='word_1_851' title='bbox 456 5277 485 5329; x_wconf 83' lang='lat'><strong><em>?</em></strong></span> <span class='ocrx_word' id='word_1_852' title='bbox 514 5276 571 5331; x_wconf 89' lang='lat' dir='ltr'>id</span> <span class='ocrx_word' id='word_1_853' title='bbox 583 5281 668 5331; x_wconf 87' lang='lat' dir='ltr'><strong>est</strong></span> <span class='ocrx_word' id='word_1_854' title='bbox 687 5276 967 5349; x_wconf 87' lang='lat' dir='ltr'><strong>quotidie,</strong></span> <span class='ocrx_word' id='word_1_855' title='bbox 981 5277 1128 5331; x_wconf 90' lang='lat' dir='ltr'><strong>sicut</strong></span> <span class='ocrx_word' id='word_1_856' title='bbox 1146 5293 1277 5333; x_wconf 87' lang='lat' dir='ltr'><strong>esca</strong></span> <span class='ocrx_word' id='word_1_857' title='bbox 1296 5277 1460 5349; x_wconf 87' lang='lat' dir='ltr'><strong>panis</strong></span> <span class='ocrx_word' id='word_1_858' title='bbox 1474 5278 1732 5350; x_wconf 88' lang='lat' dir='ltr'><strong>quotidie</strong></span> 
     </span>
    </p>
   </div>
   <div class='ocr_carea' id='block_1_104' title="bbox 101 5364 1734 5437">
    <p class='ocr_par' dir='ltr' id='par_1_104' title="bbox 101 5364 1734 5437">
     <span class='ocr_line' id='line_1_104' title="bbox 101 5364 1734 5437; baseline 0 -17"><span class='ocrx_word' id='word_1_859' title='bbox 101 5366 459 5422; x_wconf 80' lang='lat' dir='ltr'><strong>devoratur.</strong></span> <span class='ocrx_word' id='word_1_860' title='bbox 483 5364 691 5420; x_wconf 87' lang='lat' dir='ltr'><strong>Etideo</strong></span> <span class='ocrx_word' id='word_1_861' title='bbox 716 5368 1031 5436; x_wconf 89' lang='lat' dir='ltr'><strong>operantur</strong></span> <span class='ocrx_word' id='word_1_862' title='bbox 1046 5365 1436 5436; x_wconf 76' lang='lat' dir='ltr'><strong>iniquitatem,</strong></span> <span class='ocrx_word' id='word_1_863' title='bbox 1455 5366 1734 5437; x_wconf 89' lang='lat' dir='ltr'><strong>quoniam</strong></span> 
     </span>
    </p>
   </div>
   <div class='ocr_carea' id='block_1_105' title="bbox 1835 4833 3431 4893">
    <p class='ocr_par' dir='ltr' id='par_1_105' title="bbox 1835 4833 3431 4893">
     <span class='ocr_line' id='line_1_105' title="bbox 1835 4833 3431 4893; baseline 0.001 -1"><span class='ocrx_word' id='word_1_864' title='bbox 1835 4841 1928 4892; x_wconf 84' lang='lat' dir='ltr'><strong>tur</strong></span> <span class='ocrx_word' id='word_1_865' title='bbox 1955 4852 2015 4890; x_wconf 86' lang='lat' dir='ltr'><strong>se</strong></span> <span class='ocrx_word' id='word_1_866' title='bbox 2036 4833 2375 4889; x_wconf 88' lang='lat' dir='ltr'><strong>salvandum</strong></span> <span class='ocrx_word' id='word_1_867' title='bbox 2405 4836 2464 4887; x_wconf 89' lang='lat' dir='ltr'><strong>et</strong></span> <span class='ocrx_word' id='word_1_868' title='bbox 2508 4833 2830 4888; x_wconf 65' lang='lat' dir='ltr'><strong>laetaturum</strong></span> <span class='ocrx_word' id='word_1_869' title='bbox 2880 4851 2892 4888; x_wconf 95' lang='lat'><strong>:</strong></span> <span class='ocrx_word' id='word_1_870' title='bbox 2937 4834 3187 4890; x_wconf 89' lang='lat' dir='ltr'><strong>intendit</strong></span> <span class='ocrx_word' id='word_1_871' title='bbox 3240 4843 3431 4893; x_wconf 88' lang='lat' dir='ltr'><strong>osten-</strong></span> 
     </span>
    </p>
   </div>
   <div class='ocr_carea' id='block_1_106' title="bbox 1834 4920 3433 4995">
    <p class='ocr_par' dir='ltr' id='par_1_106' title="bbox 1834 4920 3433 4995">
     <span class='ocr_line' id='line_1_106' title="bbox 1834 4920 3433 4995; baseline 0.002 -17"><span class='ocrx_word' id='word_1_872' title='bbox 1834 4924 1971 4979; x_wconf 89' lang='lat' dir='ltr'><strong>dere</strong></span> <span class='ocrx_word' id='word_1_873' title='bbox 1990 4922 2116 4995; x_wconf 88' lang='lat' dir='ltr'><strong>quis</strong></span> <span class='ocrx_word' id='word_1_874' title='bbox 2143 4922 2214 4975; x_wconf 89' lang='lat' dir='ltr'><strong>sit</strong></span> <span class='ocrx_word' id='word_1_875' title='bbox 2239 4922 2332 4976; x_wconf 90' lang='lat' dir='ltr'><strong>ille</strong></span> <span class='ocrx_word' id='word_1_876' title='bbox 2354 4920 2450 4991; x_wconf 89' lang='lat' dir='ltr'><strong>qui</strong></span> <span class='ocrx_word' id='word_1_877' title='bbox 2472 4921 2592 4975; x_wconf 65' lang='lat' dir='ltr'><strong>haec</strong></span> <span class='ocrx_word' id='word_1_878' title='bbox 2611 4921 2906 4975; x_wconf 86' lang='lat' dir='ltr'><strong>habiturus</strong></span> <span class='ocrx_word' id='word_1_879' title='bbox 2936 4922 3025 4976; x_wconf 91' lang='lat' dir='ltr'><strong>sit.</strong></span> <span class='ocrx_word' id='word_1_880' title='bbox 3060 4923 3127 4976; x_wconf 88' lang='lat' dir='ltr'><strong>Et</strong></span> <span class='ocrx_word' id='word_1_881' title='bbox 3156 4926 3433 4994; x_wconf 90' lang='lat' dir='ltr'><strong>quoniam</strong></span> 
     </span>
    </p>
   </div>
   <div class='ocr_carea' id='block_1_107' title="bbox 1833 5008 3426 5080">
    <p class='ocr_par' dir='ltr' id='par_1_107' title="bbox 1833 5008 3426 5080">
     <span class='ocr_line' id='line_1_107' title="bbox 1833 5008 3426 5080; baseline 0.003 -16"><span class='ocrx_word' id='word_1_882' title='bbox 1833 5013 2022 5065; x_wconf 87' lang='lat' dir='ltr'><strong>nullus</strong></span> <span class='ocrx_word' id='word_1_883' title='bbox 2049 5010 2127 5064; x_wconf 91' lang='lat' dir='ltr'><strong>sic</strong></span> <span class='ocrx_word' id='word_1_884' title='bbox 2156 5010 2449 5064; x_wconf 70' lang='lat' dir='ltr'><strong>lastaturus</strong></span> <span class='ocrx_word' id='word_1_885' title='bbox 2475 5012 2579 5076; x_wconf 86' lang='lat' dir='ltr'><strong>est,</strong></span> <span class='ocrx_word' id='word_1_886' title='bbox 2633 5008 2730 5080; x_wconf 88' lang='lat' dir='ltr'><strong>qui</strong></span> <span class='ocrx_word' id='word_1_887' title='bbox 2783 5009 2940 5079; x_wconf 90' lang='lat' dir='ltr'><strong>prius</strong></span> <span class='ocrx_word' id='word_1_888' title='bbox 2986 5026 3102 5063; x_wconf 91' lang='lat' dir='ltr'><strong>non</strong></span> <span class='ocrx_word' id='word_1_889' title='bbox 3153 5012 3224 5065; x_wconf 89' lang='lat' dir='ltr'><strong>sit</strong></span> <span class='ocrx_word' id='word_1_890' title='bbox 3246 5013 3338 5067; x_wconf 91' lang='lat' dir='ltr'><strong>hic</strong></span> <span class='ocrx_word' id='word_1_891' title='bbox 3369 5015 3426 5068; x_wconf 91' lang='lat' dir='ltr'><strong>in</strong></span> 
     </span>
    </p>
   </div>
   <div class='ocr_carea' id='block_1_108' title="bbox 1833 5096 3434 5169">
    <p class='ocr_par' dir='ltr' id='par_1_108' title="bbox 1833 5096 3434 5169">
     <span class='ocr_line' id='line_1_108' title="bbox 1833 5096 3434 5169; baseline 0.002 -16"><span class='ocrx_word' id='word_1_892' title='bbox 1833 5099 2040 5154; x_wconf 79' lang='lat' dir='ltr'><strong>militia</strong></span> <span class='ocrx_word' id='word_1_893' title='bbox 2067 5097 2271 5152; x_wconf 82' lang='lat' dir='ltr'><strong>Christi</strong></span> <span class='ocrx_word' id='word_1_894' title='bbox 2295 5115 2307 5152; x_wconf 91' lang='lat'><strong>:</strong></span> <span class='ocrx_word' id='word_1_895' title='bbox 2343 5114 2407 5151; x_wconf 85' lang='lat' dir='ltr'><strong>ex</strong></span> <span class='ocrx_word' id='word_1_896' title='bbox 2440 5096 2839 5151; x_wconf 85' lang='lat' dir='ltr'><strong>benevolentia</strong></span> <span class='ocrx_word' id='word_1_897' title='bbox 2864 5096 3070 5167; x_wconf 62' lang='lat' dir='ltr'><strong>quierit</strong></span> <span class='ocrx_word' id='word_1_898' title='bbox 3100 5098 3227 5169; x_wconf 90' lang='lat' dir='ltr'><strong>quis</strong></span> <span class='ocrx_word' id='word_1_899' title='bbox 3257 5100 3346 5155; x_wconf 90' lang='lat' dir='ltr'><strong>hic</strong></span> <span class='ocrx_word' id='word_1_900' title='bbox 3360 5103 3434 5157; x_wconf 89' lang='lat' dir='ltr'><strong>sit</strong></span> 
     </span>
    </p>
   </div>
   <div class='ocr_carea' id='block_1_109' title="bbox 1834 5184 3432 5257">
    <p class='ocr_par' dir='ltr' id='par_1_109' title="bbox 1834 5184 3432 5257">
     <span class='ocr_line' id='line_1_109' title="bbox 1834 5184 3432 5257; baseline 0.001 -15"><span class='ocrx_word' id='word_1_901' title='bbox 1834 5188 1894 5242; x_wconf 88' lang='lat' dir='ltr'><strong>in</strong></span> <span class='ocrx_word' id='word_1_902' title='bbox 1921 5185 2126 5241; x_wconf 86' lang='lat' dir='ltr'><strong>militia</strong></span> <span class='ocrx_word' id='word_1_903' title='bbox 2153 5186 2275 5257; x_wconf 88' lang='lat' dir='ltr'><strong>ejus</strong></span> <span class='ocrx_word' id='word_1_904' title='bbox 2304 5201 2425 5239; x_wconf 87' lang='lat' dir='ltr'><strong>esse</strong></span> <span class='ocrx_word' id='word_1_905' title='bbox 2460 5184 2757 5249; x_wconf 87' lang='lat' dir='ltr'><strong>dicendus,</strong></span> <span class='ocrx_word' id='word_1_906' title='bbox 2790 5188 2849 5238; x_wconf 90' lang='lat' dir='ltr'><strong>et</strong></span> <span class='ocrx_word' id='word_1_907' title='bbox 2880 5184 2938 5238; x_wconf 89' lang='lat' dir='ltr'>in</span> <span class='ocrx_word' id='word_1_908' title='bbox 2983 5186 3177 5241; x_wconf 88' lang='lat' dir='ltr'><strong>futuro</strong></span> <span class='ocrx_word' id='word_1_909' title='bbox 3211 5192 3432 5244; x_wconf 67' lang='lat' dir='ltr'><strong>{eterna</strong></span> 
     </span>
    </p>
   </div>
   <div class='ocr_carea' id='block_1_110' title="bbox 1833 5273 3433 5348">
    <p class='ocr_par' dir='ltr' id='par_1_110' title="bbox 1833 5273 3433 5348">
     <span class='ocr_line' id='line_1_110' title="bbox 1833 5273 3433 5348; baseline 0.001 -17"><span class='ocrx_word' id='word_1_910' title='bbox 1833 5276 2032 5348; x_wconf 89' lang='lat' dir='ltr'><strong>requie</strong></span> <span class='ocrx_word' id='word_1_911' title='bbox 2061 5275 2373 5340; x_wconf 77' lang='lat' dir='ltr'><strong>laetaturus,</strong></span> <span class='ocrx_word' id='word_1_912' title='bbox 2403 5276 2462 5325; x_wconf 89' lang='lat' dir='ltr'><strong>ut</strong></span> <span class='ocrx_word' id='word_1_913' title='bbox 2496 5276 2693 5343; x_wconf 86' lang='lat' dir='ltr'><strong>postea</strong></span> <span class='ocrx_word' id='word_1_914' title='bbox 2723 5273 2921 5327; x_wconf 86' lang='lat' dir='ltr'><strong>solvat.</strong></span> <span class='ocrx_word' id='word_1_915' title='bbox 2961 5273 3028 5327; x_wconf 87' lang='lat' dir='ltr'><strong>Et</strong></span> <span class='ocrx_word' id='word_1_916' title='bbox 3048 5276 3214 5345; x_wconf 90' lang='lat' dir='ltr'><strong>ponit</strong></span> <span class='ocrx_word' id='word_1_917' title='bbox 3240 5277 3433 5331; x_wconf 86' lang='lat' dir='ltr'><strong>taber-</strong></span> 
     </span>
    </p>
   </div>
   <div class='ocr_carea' id='block_1_111' title="bbox 1836 5358 3440 5433">
    <p class='ocr_par' dir='ltr' id='par_1_111' title="bbox 1836 5358 3440 5433">
     <span class='ocr_line' id='line_1_111' title="bbox 1836 5358 3440 5433; baseline -0.001 -13"><span class='ocrx_word' id='word_1_918' title='bbox 1836 5366 2103 5420; x_wconf 85' lang='lat' dir='ltr'><strong>naculum</strong></span> <span class='ocrx_word' id='word_1_919' title='bbox 2131 5377 2237 5433; x_wconf 88' lang='lat' dir='ltr'><strong>pro</strong></span> <span class='ocrx_word' id='word_1_920' title='bbox 2294 5360 2497 5427; x_wconf 84' lang='lat' dir='ltr'><strong>millia,</strong></span> <span class='ocrx_word' id='word_1_921' title='bbox 2540 5358 2819 5431; x_wconf 90' lang='lat' dir='ltr'><strong>quoniam</strong></span> <span class='ocrx_word' id='word_1_922' title='bbox 2877 5362 3254 5423; x_wconf 83' lang='lat' dir='ltr'><strong>tabernacula</strong></span> <span class='ocrx_word' id='word_1_923' title='bbox 3285 5364 3440 5421; x_wconf 88' lang='lat' dir='ltr'><strong>mili-</strong></span> 
     </span>
    </p>
   </div>
   <div class='ocr_carea' id='block_1_112' title="bbox 102 5446 3015 5525">
    <p class='ocr_par' dir='ltr' id='par_1_112' title="bbox 102 5446 3015 5525">
     <span class='ocr_line' id='line_1_112' title="bbox 102 5446 3015 5525; baseline -0.001 -16"><span class='ocrx_word' id='word_1_924' title='bbox 102 5451 426 5509; x_wconf 86' lang='lat' dir='ltr'><strong>Dominum</strong></span> <span class='ocrx_word' id='word_1_925' title='bbox 454 5468 562 5507; x_wconf 88' lang='lat' dir='ltr'><strong>non</strong></span> <span class='ocrx_word' id='word_1_926' title='bbox 581 5454 980 5523; x_wconf 82' lang='lat' dir='ltr'><strong>invocaverunt,</strong></span> <span class='ocrx_word' id='word_1_927' title='bbox 996 5452 1061 5509; x_wconf 90' lang='lat' dir='ltr'>id</span> <span class='ocrx_word' id='word_1_928' title='bbox 1078 5455 1164 5509; x_wconf 83' lang='lat' dir='ltr'><strong>est</strong></span> <span class='ocrx_word' id='word_1_929' title='bbox 1188 5452 1319 5508; x_wconf 90' lang='lat' dir='ltr'><strong>ideo</strong></span> <span class='ocrx_word' id='word_1_930' title='bbox 1342 5453 1607 5525; x_wconf 86' lang='lat' dir='ltr'><strong>permisit</strong></span> <span class='ocrx_word' id='word_1_931' title='bbox 1639 5470 1740 5508; x_wconf 90' lang='lat' dir='ltr'><strong>eos</strong></span> <span class='ocrx_word' id='word_1_932' title='bbox 1836 5455 2024 5509; x_wconf 88' lang='lat' dir='ltr'><strong>tantes</strong></span> <span class='ocrx_word' id='word_1_933' title='bbox 2052 5451 2241 5505; x_wconf 84' lang='lat' dir='ltr'><strong>facere</strong></span> <span class='ocrx_word' id='word_1_934' title='bbox 2271 5449 2474 5504; x_wconf 88' lang='lat' dir='ltr'><strong>solent.</strong></span> <span class='ocrx_word' id='word_1_935' title='bbox 2504 5449 2570 5501; x_wconf 88' lang='lat' dir='ltr'><strong>Et</strong></span> <span class='ocrx_word' id='word_1_936' title='bbox 2590 5449 2699 5501; x_wconf 89' lang='lat' dir='ltr'><strong>hoc</strong></span> <span class='ocrx_word' id='word_1_937' title='bbox 2718 5446 2801 5502; x_wconf 88' lang='lat' dir='ltr'><strong>sic</strong></span> <span class='ocrx_word' id='word_1_938' title='bbox 2833 5450 2968 5505; x_wconf 86' lang='lat' dir='ltr'><strong>dicit</strong></span> <span class='ocrx_word' id='word_1_939' title='bbox 3000 5468 3015 5507; x_wconf 93' lang='lat'><strong>:</strong></span> 
     </span>
    </p>
   </div>
   <div class='ocr_carea' id='block_1_113' title="bbox 107 5540 1740 5617">
    <p class='ocr_par' dir='ltr' id='par_1_113' title="bbox 107 5540 1740 5617">
     <span class='ocr_line' id='line_1_113' title="bbox 107 5540 1740 5617; baseline 0 -18"><span class='ocrx_word' id='word_1_940' title='bbox 107 5542 278 5599; x_wconf 80' lang='lat' dir='ltr'><strong>Deus</strong></span> <span class='ocrx_word' id='word_1_941' title='bbox 291 5541 549 5598; x_wconf 83' lang='lat' dir='ltr'><strong>incidere</strong></span> <span class='ocrx_word' id='word_1_942' title='bbox 565 5540 623 5597; x_wconf 91' lang='lat' dir='ltr'><strong>in</strong></span> <span class='ocrx_word' id='word_1_943' title='bbox 637 5542 997 5617; x_wconf 83' lang='lat' dir='ltr'><strong>iniquitatem</strong></span> <span class='ocrx_word' id='word_1_944' title='bbox 1015 5559 1028 5599; x_wconf 89' lang='lat'><strong>:</strong></span> <span class='ocrx_word' id='word_1_945' title='bbox 1048 5542 1184 5617; x_wconf 86' lang='lat' dir='ltr'><strong>quia</strong></span> <span class='ocrx_word' id='word_1_946' title='bbox 1196 5557 1313 5597; x_wconf 89' lang='lat' dir='ltr'><strong>non</strong></span> <span class='ocrx_word' id='word_1_947' title='bbox 1331 5542 1740 5600; x_wconf 85' lang='lat' dir='ltr'><strong>invocaverunt</strong></span> 
     </span>
    </p>
   </div>
   <div class='ocr_carea' id='block_1_114' title="bbox 1910 5533 3467 5611">
    <p class='ocr_par' dir='ltr' id='par_1_114' title="bbox 1910 5533 3467 5611">
     <span class='ocr_line' id='line_1_114' title="bbox 1910 5533 3467 5611; baseline -0.001 -18"><span class='ocrx_word' id='word_1_948' title='bbox 1910 5540 2159 5600; x_wconf 86' lang='lat' dir='ltr'><strong>Domine,</strong></span> <span class='ocrx_word' id='word_1_949' title='bbox 2181 5540 2299 5611; x_wconf 77' lang='lat' dir='ltr'><strong>qui:</strong></span> <span class='ocrx_word' id='word_1_950' title='bbox 2321 5536 2603 5599; x_wconf 81' lang='lat' dir='ltr'><strong>habitabit,</strong></span> <span class='ocrx_word' id='word_1_951' title='bbox 2617 5533 2679 5588; x_wconf 89' lang='lat' dir='ltr'>id</span> <span class='ocrx_word' id='word_1_952' title='bbox 2705 5539 2797 5592; x_wconf 86' lang='lat' dir='ltr'><strong>est</strong></span> <span class='ocrx_word' id='word_1_953' title='bbox 2822 5539 2915 5596; x_wconf 84' lang='lat' dir='ltr'><strong>hic</strong></span> <span class='ocrx_word' id='word_1_954' title='bbox 2944 5539 3168 5599; x_wconf 79' lang='lat' dir='ltr'><strong>assidue</strong></span> <span class='ocrx_word' id='word_1_955' title='bbox 3190 5539 3467 5601; x_wconf 80' lang='lat' dir='ltr'><strong>manebit</strong></span> 
     </span>
    </p>
   </div>
  </div>
