4014 6030
479 328 582 383 687

1082 312 1140 375 S.
1182 315 1527 374 BRUNONIS
1567 308 2201 374 CARTHUSIANORUM
2240 312 2708 372 INSTITUTOHIS
2751 318 2903 373 OPP.
2946 307 3122 373 PARS
3162 319 3184 372 ῐ

3692 312 3806 375 ass

481 445 542 500 in
572 442 948 499 tabernaculo
980 442 1101 507 tuo,
1134 439 1194 494 id
1226 443 1312 493 est
1348 439 1407 492 in
1440 437 1647 491 militia
1674 440 1773 490 tua
1809 434 1836 489 ‘?
1865 435 1977 488 Aut
2006 434 2085 488 ita
2116 438 2174 495 Α
2196 449 2351 489 eum.
2382 436 2448 489 Et
2475 436 2585 492 hoc
2606 438 3249 509 quoqueinnocentium
3273 444 3376 508 est,
3396 457 3469 495 ne
3491 438 3808 514 accipiant.

482 549 715 604 possum
739 545 1000 603 quaerere
1037 545 1048 581 :
1085 526 1217 594 Quis
1237 528 1518 599 requiescet
1538 527 1596 580 in
1611 525 1802 579 futuro
1833 525 1889 576 in
1917 529 2091 576 monte

485 630 596 689 tuo,
616 621 676 675 id
703 624 789 674 est
814 617 1047 672 sublimi
1074 616 1449 669 Hierusalem.
1476 615 1664 668 Monte
1694 612 1820 667 dico
1870 615 2089 676 saneto,

483 709 543 763 id
575 712 661 763 est
688 709 749 761 in
773 724 887 778 quo
920 706 1111 759 nullus
1140 704 1249 757 erit
1276 703 1382 757 nisi
1404 706 1631 755 sanctus
1650 702 1677 753 ?
1706 700 1975 771 Sequitur
2000 714 2091 752 so-

484 798 629 852 lutio
660 796 757 851 sic.
788 797 885 849 Ille
913 792 1197 848 habitabit
1218 795 1274 845 et
1307 791 1624 862 requiescet
1653 792 1746 860 qui
1764 788 2091 857 ingreditur,

486 886 548 940 id
569 888 653 939 est
682 883 945 952 graditur
970 881 1028 935 in
1056 880 1170 933 vita
1198 881 1308 933 ista
1326 882 1438 932 sine
1461 878 1694 944 macula,
1717 877 1775 931 id
1796 881 1880 930 est
1906 875 2096 929 crimi-

490 974 607 1028 nali
634 974 891 1045 peccato,
916 970 974 1024 id
1004 972 1089 1022 est
1119 968 1214 1039 qui
1240 970 1326 1021 est
1355 968 1633 1020 innocens
1662 983 1673 1018 :
1712 970 1769 1018 et
1790 964 1887 1036 qui
1917 980 2097 1033 apera-

492 1070 580 1116 tur
597 1062 894 1132 justitiam,
928 1059 988 1113 id
1026 1062 1111 1113 est
1154 1056 1250 1128 qui
1286 1060 1372 1110 est
1397 1056 1586 1126 justus
1632 1055 1690 1108 in
1741 1070 1934 1124 opere.
1970 1054 2095 1106 Non

2194 520 2305 588 Qui
2324 523 2462 591 facit
2496 526 2607 578 haec
2628 543 2757 597 quia
2789 528 3049 595 superius
3090 529 3335 595 ostendi,
3368 533 3425 584 et
3451 529 3541 584 his
3571 529 3809 594 similia,

2192 628 2299 664 non
2328 613 2618 666 movebitur
2644 614 2701 667 in
2733 615 2841 669 hoc
2866 617 3084 671 mundo
3114 635 3148 670 a
3176 618 3546 673 tabernaculo
3570 619 3671 673 Dei
3710 636 3725 672 :
3753 622 3811 672 in

2192 707 2449 755 aeternum
2476 703 2533 755 in
2568 702 2761 758 futuro
2795 704 3185 763 deducendus.
3218 707 3316 760 Vel
3347 723 3451 777 per
3475 707 3815 778 supradicta

2194 793 2432 860 possunt
2464 789 2704 859 intelligi
2738 794 2987 862 quatuor
3016 793 3361 864 principales
3402 794 3657 849 virtutes.
3698 796 3819 849 Per

2194 876 2303 930 hoc
2324 877 2479 946 quod
2502 877 2748 948 dicitqui
2764 879 3062 947 ingreditur
3080 882 3196 935 sine
3226 882 3462 943 macula,
3494 890 3547 938 et
3573 901 3679 937 non
3701 887 3819 952 egit

2196 962 2378 1017 dolum
2409 970 2465 1017 in
2499 966 2688 1033 lingua
2715 983 2833 1029 sua,
2866 985 2958 1020 nec
2986 970 3118 1038 fecit
3158 973 3407 1040 proximo
3443 988 3538 1024 suo
3574 973 3821 1033 malum,

2197 1059 2247 1106 et
2276 1055 2615 1123 opprobrium
2640 1071 2744 1107 non
2777 1060 2975 1127 accepit
2997 1057 3245 1113 adversus
3282 1063 3550 1131 proximos
3586 1079 3734 1125 suos,
3768 1069 3823 1116 et

489 1149 645 1205 enim
664 1147 870 1203 sufﬁcit
892 1145 1178 1201 abstinere
1199 1162 1233 1198 a
1258 1145 1435 1211 malo,
1452 1143 1559 1197 nisi
1586 1142 1685 1197 ﬁat
1701 1141 1855 1213 quod
1874 1142 2097 1195 bonum
2188 1144 2479 1212 pecuniam
2504 1160 2656 1195 suam
2681 1160 2785 1196 non
2821 1145 2965 1199 dedit
2993 1146 3064 1198 ad
3092 1165 3331 1211 usuram,
3378 1156 3429 1202 et
3460 1167 3682 1205 munera
3732 1169 3827 1205 su-

489 1242 595 1293 est.
618 1238 687 1290 Et
712 1235 962 1291 ostendit
990 1234 1128 1306 quid
1156 1233 1231 1288 sit
1261 1249 1383 1286 esse
1413 1232 1535 1285 sine
1558 1231 1805 1296 macula,
1830 1229 1887 1282 id
1909 1228 2095 1283 estin-

490 1329 799 1381 nocentem
827 1340 947 1378 esse
975 1340 987 1376 :
1018 1326 1076 1376 et
1105 1320 1243 1392 quid
1274 1320 1346 1374 sit
1396 1317 1625 1390 operari
1665 1316 1971 1388 justitiam,
2002 1332 2097 1387 po-

491 1414 684 1469 nendo
708 1411 926 1467 mistim
950 1409 1170 1480 aliquot
1186 1411 1376 1479 partes
1392 1406 1738 1461 innocentiae
1762 1408 1820 1459 et
1839 1404 2095 1475 justitiae.

494 1502 628 1558 Dico
659 1501 815 1573 quod
833 1500 927 1555 ille
941 1497 1293 1552 habitabitet
1312 1495 1632 1567 requiescet
1654 1494 1749 1564 qui
1775 1492 2101 1563 ingreditur

494 1590 617 1645 sine
636 1589 881 1653 macula,
898 1590 1241 1657 etoperatur
1245 1584 1553 1655 justitiam.
1573 1584 1641 1636 Et
1660 1582 1821 1636 illum
1845 1580 2100 1650 intellige

494 1696 615 1733 esse
664 1678 787 1731 sine
840 1676 1085 1743 macula,
1119 1674 1178 1728 id
1228 1678 1313 1727 est
1360 1673 1754 1737 innocentem,
1789 1674 1846 1724 et
1875 1668 2101 1741 operari

2189 1247 2290 1300 per
2314 1233 2642 1284 innocentem
2667 1249 2771 1284 non
2801 1236 3018 1303 accepit,
3050 1235 3363 1290 denotatur
3393 1239 3820 1309 temperantia,

2201 1334 2331 1372 cum
2364 1319 2486 1372 haec
2508 1321 2706 1375 omnia
2723 1325 2915 1392 partes
2940 1323 3061 1393 ejus
3085 1323 3217 1380 sint.
3244 1326 3353 1379 Per
3373 1327 3482 1381 hoc
3498 1344 3630 1381 vero
3652 1328 3826 1399 quod

2201 1405 2337 1460 dicit
2363 1415 2611 1477 operatur
2628 1409 2925 1479 justitiam,
2978 1411 3317 1483 intelligitur
3352 1414 3597 1484 justitia,
3647 1415 3825 1486 cujus

2202 1497 2391 1563 partes
2420 1496 2777 1552 intermiscet
2805 1515 2935 1552 cum
2971 1500 3299 1573 subjungit:
3325 1502 3593 1557 Timentes
3626 1513 3823 1558 autem

2200 1581 2495 1637 Dominum
2517 1584 2804 1654 glori/teat,
2827 1594 2875 1640 et
2901 1591 2997 1658 qui
3020 1590 3183 1658 jurat
3210 1592 3459 1660 proximo
3488 1609 3582 1645 suo
3622 1600 3670 1646 et
3702 1609 3826 1645 non

2201 1670 2417 1741 decipit.
2447 1674 2555 1726 Per
2583 1673 2691 1728 hoc
2745 1680 2937 1729 autem
2990 1677 3145 1747 quod
3188 1678 3323 1733 dicit
3366 1697 3377 1733 :
3432 1678 3543 1745 Qui
3572 1679 3828 1751 loquitur

487 1767 794 1839 justitiam,
826 1767 923 1837 qui
939 1764 1172 1835 loquitur
1203 1764 1476 1816 veritatem
1506 1763 1561 1813 in
1591 1760 1744 1815 corde
1778 1776 1894 1826 suo,
1922 1758 1980 1812 id
2017 1761 2103 1811 est
2124 1755 2175 1814 B
2203 1763 2477 1814 veritatem
2508 1764 2563 1814 in
2592 1763 2745 1815 corde
2764 1781 2879 1826 suo,
2904 1766 3211 1835 prudentia
3232 1767 3592 1839 intelligitur.
3619 1770 3683 1823 Et
3710 1785 3829 1840 per

494 1856 593 1926 qui
624 1855 800 1909 habet
819 1854 879 1907 in
906 1852 1256 1907 conscientia
1275 1849 1462 1905 cordis
1479 1849 1564 1903 sui
1583 1848 1934 1902 locutionem
1960 1846 2102 1900 veri-

492 1943 711 2010 tatis,id
732 1944 815 1995 cst
830 1940 1245 2011 cogitationem
1268 1955 1416 1993 verte
1454 1936 1606 1990 ﬁdei.
1644 1936 1807 1990 Fides
1835 1935 1993 1989 enim
2016 1937 2101 1988 est

493 2031 942 2086 fundamentum
970 2030 1238 2083 omnium
1280 2028 1578 2092 virtutum,
1625 2025 1681 2079 id
1724 2028 1810 2078 est
1849 2023 1945 2095 qui
1995 2038 2099 2077 nec

495 2119 672 2171 etiam
693 2100 994 2187 errat
1010 2116 1357 2186 cogitatione
1374 2114 1434 2167 in
1454 2112 1691 2179 ﬁde,sed
1709 2128 1901 2166 veram
1924 2110 2097 2165 ﬁdem

494 2206 552 2259 in
571 2205 742 2260 corde
764 2205 1039 2276 loquitur,
1060 2204 1118 2258 id
1132 2207 1217 2257 est
1237 2203 1471 2273 cogitat.
1494 2201 1728 2254 Locutio
1744 2200 1900 2253 enim
1914 2199 2101 2252 cordis

494 2294 765 2364 cogitatio
797 2296 883 2346 est
910 2309 922 2346 :
952 2296 1008 2346 et
1050 2293 1159 2346 hoc
1208 2290 1457 2362 pertinet
1486 2290 1554 2344 ad
1602 2288 1908 2359 justitiam.
1938 2289 2102 2341 Juxta

494 2382 635 2435 illud
666 2397 680 2435 :
710 2380 899 2433 Justus
924 2396 987 2433 ea:
1018 2379 1121 2448 ﬁde
1159 2380 1287 2431 vivit
1318 2377 1491 2448 (Rom.
1524 2394 1563 2444 1,
1611 2376 1714 2447 l7).
1764 2376 1832 2429 Et
1874 2374 1967 2428 ille
2009 2376 2104 2445 qui

493 2486 601 2523 non
632 2470 737 2539 egit
771 2466 951 2520 dolum
977 2469 1032 2520 in
1050 2467 1235 2535 lingua
1251 2482 1369 2519 sua.
1400 2488 1427 2514 «
1454 2463 1645 2519 Dolosi
1667 2467 1726 2517 et
1745 2463 2097 2529 fraudantes,

495 2560 558 2611 ut
571 2556 983 2627 aitApostolus,
1003 2571 1250 2626 regnum
1273 2553 1374 2608 Dei
1387 2569 1503 2608 non
1518 2551 1894 2623 possidebunt
1906 2549 1962 2615 (Ι
1970 2548 2098 2606 Cor.

482 2662 570 2714 Νι,
595 2647 637 2707 9ζ
654 2686 668 2698 .
703 2667 730 2695 ››
764 2645 890 2699 Non
920 2644 1016 2716 qui
1048 2642 1228 2698 dolosi
1255 2645 1387 2696 sunt
1413 2645 1475 2695 ut
1503 2640 1761 2707 laudant,
1788 2639 1889 2693 sed
1915 2641 1976 2692 ut
1997 2639 2098 2693 ali-

492 2750 667 2806 quem
698 2733 932 2788 ltedant.
966 2732 1090 2786 Non
1118 2747 1289 2803 agere
1318 2746 1452 2784 vero
1484 2729 1702 2796 dolum,
1734 2727 1987 2799 pertinet
2025 2727 2100 2781 ad

487 2821 905 2877 innocentiam.
927 2820 1041 2876 Nec
1067 2821 1453 2891 fecitproximo
1478 2834 1572 2871 suo
1589 2816 1792 2870 malum
1804 2817 2097 2870 voluntate

485 2912 573 2966 vel
605 2911 676 2965 ab
702 2914 833 2965 actu
849 2909 1004 2982 quod
1025 2912 1111 2964 est
1130 2907 1559 2962 innocentia.Et
1584 2906 1760 2961 etiam
1777 2921 1884 2958 non
1900 2906 2099 2975 accepit

485 2999 824 3070 opprobrium
854 2999 1103 3052 adversus
1127 2998 1402 3068 proximos
1426 3012 1566 3061 suos,
1604 2994 1662 3049 id
1690 2997 1775 3047 est
1807 3008 1923 3047 non
1959 3008 2094 3045 con-

2200 1848 2310 1903 boc
2342 1850 2495 1919 quod
2525 1851 2710 1921 ponit,
2735 1852 2804 1904 ad
2828 1854 3055 1906 nihilum
3083 1854 3337 1910 deductus
3349 1862 3423 1909 est
3455 1859 3510 1910 in
3533 1864 3827 1927 conspectu

2200 1937 2312 2006 ejus
2340 1939 2627 2007 malignus,
2656 1941 2933 1996 fortitudo
2960 1943 3314 2015 designatur.

2713 2083 2779 2135 IN
2822 2082 3145 2140 PSALMUM
3181 2086 3287 2140 XV.

2274 2202 2483 2256 Psalmi
2516 2204 2699 2274 quinti
2734 2205 2941 2260 decimi
2970 2207 3205 2263 titulus:
3240 2210 3536 2283 Inscriptio
3565 2212 3668 2285 ipsi
3707 2216 3832 2269 Da-

2204 2290 2314 2358 vid,
2336 2291 2577 2362 quodsie
2599 2293 2923 2362 exponitur.
2947 2296 3245 2367 Inscriptio
3261 2299 3430 2366 tituli,
3454 2300 3513 2355 id
3535 2305 3621 2355 est
3637 2302 3833 2357 victo-

2202 2379 2303 2433 ria:
2335 2395 2461 2449 quae
2496 2378 2551 2432 in
2582 2380 2690 2434 hoc
2718 2382 2940 2453 psalmo
2964 2384 3312 2453 continetur,
3340 2389 3712 2445 attribuenda
3732 2394 3833 2445 est

2202 2468 2485 2523 David.Et
2505 2486 2622 2522 non
2645 2469 2989 2540 signiﬁcanti
3012 2474 3207 2541 David,
3250 2475 3309 2529 id
3345 2479 3431 2531 est
3459 2478 3769 2549 prophetae
3807 2498 3824 2534 :

2202 2556 2303 2609 sed
2334 2557 2439 2628 ipsi
2472 2557 2668 2623 David,
2698 2558 2757 2611 id
2781 2563 2867 2613 est
2893 2577 3091 2615 revera
3108 2562 3448 2634 signiﬁcatio
3476 2568 3652 2622 David
3665 2569 3830 2623 scili-

2201 2648 2291 2698 eet
2321 2644 2564 2699 Christo.
2594 2645 2709 2716 Ipsi
2720 2647 2955 2717 ponitur
2985 2650 3057 2703 ad
3070 2650 3825 2723 determinationem,sicut

2199 2733 2258 2787 in
2286 2734 2597 2788 Ezechiele.
2643 2758 2671 2783 ‹‹
2724 2735 2862 2790 Ecce
2908 2754 3003 2805 ego
3040 2740 3146 2808 ipse
3200 2744 3469 2811 requiram
3509 2761 3625 2798 oves
3668 2762 3838 2800 meas

2199 2822 2413 2890 (Ezech.
2433 2839 2616 2889 xxxxv,
2652 2828 2753 2893 Η).
2790 2847 2818 2873 ››
2852 2826 2920 2878 Et
2940 2827 3086 2881 bene
3115 2828 3175 2882 in
3204 2830 3311 2884 hoc
3336 2832 3458 2886 loco
3482 2832 3680 2887 titulus
3704 2852 3827 2906 pro

2196 2911 2434 2966 victoria
2451 2913 2845 2983 ponitur,cum
2867 2916 3177 2987 aliquando
3194 2919 3431 2975 victoria
3448 2922 3615 2977 titulo
3628 2925 3832 2980 soleat

2199 3000 2509 3073 designari,
2556 3004 2618 3055 ut
2647 3001 2756 3056 hoc
2798 3002 2959 3057 titulo
2992 3004 3198 3060 Christi
3230 3006 3468 3064 victoria
3498 3011 3570 3065 de
3598 3012 3827 3069 Iudaeis

861 3050 883 3052 ν-
1020 3050 1029 3051 κ
1086 3050 1089 3051 ν
1127 3050 1157 3068 ι
1330 3050 1336 3051 γ
1554 3050 1565 3061 ι
2203 3050 2509 3073 -η-οπ--η
2561 3050 2615 3055 νγ
2647 3050 2753 3056 -ς-
2802 3050 2955 3057 --ω-ν
2997 3050 3198 3060 ψη.-.-
3242 3050 3468 3064 "ww...
3498 3050 3570 3065 νιν
3598 3050 3823 3069 “dum

487 3088 683 3155 sensit,
738 3103 927 3157 neque
987 3086 1299 3140 delectatus
1345 3086 1431 3137 est
1483 3083 1554 3137 de
1594 3081 1905 3154 opprobrio
1938 3080 2095 3134 illato
2127 3050 2175 3112 α
2199 3088 2498 3161 designata
2527 3091 2612 3143 est
2644 3105 2656 3143 :
2694 3111 2721 3138 «
2757 3089 2912 3144 Jesus
2939 3090 3254 3150 Ναιανρφιυε
3292 3113 3386 3150 rex
3410 3097 3756 3154 αιιάεοηιηι,
3790 3123 3823 3150 ι,

487 3174 762 3247 proximis
781 3175 895 3229 suis
918 3173 1102 3245 :quod
1116 3172 1292 3227 etiam
1316 3171 1566 3244 pertinet
1586 3170 1660 3225 ad
1680 3168 2093 3223 innocentiam.

488 3263 557 3315 Et
594 3278 712 3316 non
741 3261 1108 3317 solummodo
1144 3276 1262 3314 non
1306 3258 1525 3329 accepit
1565 3255 1963 3329 opprobrium,
1998 3254 2096 3308 sed

489 3350 668 3404 etiam
684 3349 971 3418 malignus,
996 3349 1157 3403 idest
1183 3346 1437 3417 maligne
1458 3362 1638 3417 agens
1670 3345 1728 3398 in
1768 3343 2096 3414 proximum

492 3441 548 3492 in
569 3445 845 3510 conspectu
861 3439 995 3509 ejus,
1019 3438 1178 3492 idest
1194 3438 1250 3490 in
1271 3435 1732 3491 consideratione
1756 3433 1967 3488 mentis
1978 3433 2100 3503 ejus

492 3526 745 3581 deductus
775 3533 850 3580 est
876 3526 946 3579 ad
965 3526 1211 3579 nihilum.
1231 3526 1355 3578 Non
1378 3525 1452 3579 ad
1480 3525 1589 3578 hoc
1603 3527 1664 3577 ut
1690 3522 1830 3576 nihil
1860 3522 1980 3588 flat,
2002 3520 2101 3574 sed

494 3616 602 3669 hoc
634 3615 962 3669 considerat
983 3614 1041 3668 in
1076 3616 1272 3667 mente
1304 3629 1406 3666 sua
1444 3612 1598 3683 quod
1628 3611 1722 3665 ille
1756 3610 1853 3681 qui
1885 3627 1919 3663 a
1947 3608 2103 3663 Chri-

494 3707 581 3757 sto
602 3719 737 3757 vero
770 3720 891 3757 esse
924 3702 1177 3773 maligne
1202 3700 1430 3772 agendo
1458 3699 1777 3754 secernitur
1810 3715 1823 3751 :
1863 3697 1933 3749 ad
1960 3696 2101 3749 nihi-

497 3792 627 3859 lum,
648 3792 705 3846 id
724 3792 898 3846 estad
920 3808 1035 3846 non
1054 3807 1176 3845 esse
1198 3806 1328 3843 cum
1352 3788 1573 3843 Christo
1598 3787 1917 3841 deducitur.
1939 3786 2105 3839 Juxta

494 3880 636 3933 illud
666 3879 923 3950 Apostoli
955 3897 966 3933 :
1004 3902 1031 3929 ‹‹
1070 3877 1485 3933 Sicharitatem
1509 3876 1591 3942 (id
1613 3874 2107 3938 estdilectionem)

497 3969 596 4023 Dei
621 3972 678 4022 et
695 3968 940 4039 proximi
956 3985 1075 4021 non
1090 3967 1299 4032 habeo,
1326 3965 1467 4018 nihil
1490 3980 1616 4017 sum
1637 3963 1685 4028 (1
1700 3962 1826 4017 Cor.
1846 3980 1965 4029 xm,
1984 3961 2056 4029 2).
2075 3982 2103 4010 »

500 4057 567 4109 Et
596 4057 704 4108 hoc
731 4056 802 4109 ad
827 4055 1113 4125 justitiam
1148 4053 1417 4123 pertinet.
1452 4052 1586 4106 Dico
1634 4052 1787 4122 quod
1822 4050 2106 4122 malignos

500 4142 704 4199 deduci
730 4142 1058 4196 considerat
1085 4141 1157 4194 ad
1193 4140 1459 4193 nihilum.
1498 4138 1761 4192 Timentes
1794 4145 1971 4192 autem
1994 4137 2105 4190 Do-

498 4233 728 4297 minum,
760 4230 820 4285 id
842 4234 927 4284 est
957 4246 1091 4283 cum
1112 4231 1267 4283 casto
1297 4229 1504 4282 timore
1517 4227 1829 4281 servientes
1855 4227 2103 4281 Domino

2199 3175 2341 3230 Cum
2378 3176 2536 3231 enim
2578 3177 2715 3232 dicit
2748 3195 2839 3232 rex
2885 3179 3220 3250 Judworum,
3270 3187 3436 3239 notat
3476 3186 3827 3243 Iudaeorum

2199 3265 2479 3335 quosdam
2512 3266 2584 3320 ab
2606 3266 2728 3335 ipso
2760 3269 3204 3338 convincendos,
3240 3273 3312 3327 de
3343 3274 3497 3328 malo
3518 3274 3741 3330 scilicet
3762 3277 3826 3331 in

2199 3352 2417 3406 bonum
2443 3354 2821 3424 reducendos,
2852 3373 3099 3428 quorum
3131 3375 3229 3415 rex
3281 3360 3505 3429 futurus
3542 3366 3666 3418 erat
3693 3381 3709 3417 :
3747 3365 3829 3419 de

2200 3456 2314 3512 qua
2341 3441 2580 3496 victoria
2603 3442 2663 3496 in
2702 3444 2811 3498 hoc
2839 3446 3063 3516 psalmo
3077 3447 3215 3519 agit.
3241 3448 3379 3504 Orat
3394 3450 3554 3505 enim
3576 3451 3667 3505 hic
3700 3453 3829 3507 Do-

2202 3529 2449 3584 minicus
2487 3530 2665 3586 homo
2699 3535 2880 3587 Deum
2921 3535 3172 3603 Patrem,
3220 3538 3304 3591 vel
3352 3538 3722 3607 Trinitatem,
3758 3547 3832 3595 ut

2204 3622 2503 3673 conservet
2531 3635 2663 3673 eum
2687 3620 2744 3674 in
2770 3621 3037 3691 passione
3067 3641 3140 3678 ne
3171 3625 3356 3692 cedat,
3383 3630 3448 3681 ut
3476 3627 3615 3681 inde
3631 3629 3825 3684 vieto-

2202 3707 2289 3761 ria
2317 3711 2610 3778 sequetur.
2776 3711 2842 3764 Et
2872 3712 2945 3765 ob
2972 3712 3080 3767 hoc
3095 3717 3242 3779 orat,
3270 3714 3409 3769 utin
3438 3716 3827 3771 tribulatione

2205 3811 2371 3850 orare
2403 3812 2508 3851 nos
2533 3797 2797 3852 instruat.
2830 3799 2963 3871 Agit
2988 3801 3163 3856 etiam
3214 3801 3273 3856 in
3324 3805 3692 3875 sequentibus
3747 3808 3829 3860 de

2205 3885 2579 3939 conversione
2621 3887 2974 3955 Iudaeorum,
3014 3890 3112 3961 qui
3143 3891 3449 3946 hazreditas
3484 3909 3588 3947 sua
3630 3893 3829 3949 futuri

2206 3976 2359 4038 sunt,
2393 3973 2837 4029 determinando
2872 3992 3015 4046 quos
3044 3977 3449 4033 hmreditatem
3478 3996 3643 4034 suam
3683 3997 3833 4037 esse

2207 4059 2375 4115 dicat.
2414 4061 2706 4117 Promittit
2736 4079 2964 4134 quoque
3013 4081 3071 4119 se
3118 4067 3299 4120 Deum
3342 4067 3413 4121 de
3456 4069 3729 4138 passione
3767 4076 3838 4125 et

2204 4147 2544 4203 haereditate
2573 4167 2674 4205 sua
2712 4151 3155 4207 benedicturum
3184 4171 3197 4208 :
3228 4160 3290 4209 ut
3319 4159 3377 4210 et
3405 4172 3511 4210 nos
3541 4158 3656 4211 Deo
3684 4161 3835 4213 tam

2206 4236 2264 4289 in
2298 4237 2589 4309 prosperis
2619 4255 2794 4309 quam
2826 4240 2886 4293 in
2925 4241 3175 4297 adversis
3212 4242 3554 4298 benedicere
3587 4244 3834 4300 doceat.

498 4320 788 4389 glori/teat,
824 4319 883 4373 id
910 4321 994 4372 est
1025 4318 1307 4389 gloriosos
1339 4318 1587 4387 reputat.
1624 4317 1691 4369 Et
1724 4316 1832 4370 hoc
1871 4316 2103 4387 quidem
2125 4299 2180 4358 D
2204 4299 2341 4394 Agit
2370 4299 2603 4395 insuper
2620 4299 2677 4378 in
2710 4325 2825 4380 ﬁne
2845 4326 3348 4384 deresurrectione
3371 4334 3428 4385 et
3444 4299 3832 4388 ascensione},

491 4409 783 4479 justorum
814 4412 918 4462 est.
951 4406 1060 4473 Qui
1069 4407 1232 4477 jurat
1251 4407 1501 4476 proximo
1524 4422 1619 4459 suo
1665 4412 1715 4457 et
1747 4421 1852 4457 non
1894 4404 2103 4475 decipit.

502 4498 629 4552 Non
654 4501 739 4551 est
767 4494 971 4551 autem"
993 4494 1436 4566 intelligendum
1463 4493 1618 4564 quod
1650 4492 1888 4564 quilibet
1910 4493 2108 4564 jurare

504 4585 733 4651 debeat,
757 4584 1004 4638 Domino
1033 4583 1091 4637 in
1122 4582 1432 4654 Evangelia
1465 4581 1691 4635 dicente
1741 4598 1753 4635 :
1801 4580 1930 4634 Non
1949 4581 2108 4651 jura-

507 4674 582 4727 bis
599 4691 698 4744 per
736 4674 940 4735 calum,
994 4690 1160 4744 neque
1188 4690 1289 4742 per
1333 4676 1555 4733 terram,
1600 4687 1766 4743 neque
1812 4688 1913 4741 per
1950 4678 2109 4741 caput

506 4768 659 4816 tuum
687 4759 916 4832 (Matth.
950 4777 1004 4827 v,
1029 4763 1146 4820 36,2:
1170 4760 1268 4813 sed
1285 4759 1440 4813 idem
1473 4762 1558 4813 est
1584 4776 1648 4813 ac
1672 4759 1715 4811 si
1738 4758 1954 4812 diceret
1972 4776 1985 4813 :
2003 4759 2109 4823 Qui

504 4850 706 4907 similis
737 4852 821 4904 est
844 4848 1064 4920 juranti
1093 4848 1354 4919 proximo
1368 4851 1426 4901 et
1446 4864 1563 4901 non
1588 4847 1917 4918 decipienti,
1948 4848 2004 4902 id
2028 4851 2112 4902 est

502 4940 582 4995 sic
605 4938 887 4993 veridicus
919 4940 1003 4990 est
1034 4952 1173 5007 erga
1199 4935 1547 5005 proximum,
1590 4939 1652 4989 ut
1695 4936 1789 4989 ille
1834 4935 1930 5007 qui
1955 4936 2115 5008 jurat

504 5033 562 5084 et
588 5045 707 5084 non
737 5026 1018 5082 mentitur
1053 5042 1065 5079 :
1100 5024 1256 5097 quod
1272 5024 1449 5078 etiam
1466 5024 1687 5095 justum
1705 5028 1807 5091 est.
1837 5024 1947 5091 Qui
1955 5043 2114 5096 pecu-

502 5120 652 5171 niam
672 5134 824 5170 suam
858 5132 965 5168 non
983 5113 1129 5168 dedit
1159 5113 1230 5166 ad
1269 5130 1509 5179 usuram,
1543 5113 1697 5184 quod
1728 5113 1803 5167 ad
1832 5114 2110 5170 innocen-

503 5205 646 5260 tiam
680 5204 952 5276 pertinet.
983 5203 1050 5256 Et
1068 5219 1187 5257 non
1212 5201 1282 5255 de
1314 5202 1435 5256 sola
1458 5204 1688 5255 terrena
1700 5202 1945 5272 pecunia
1964 5203 2109 5257 acci-

505 5292 782 5363 piendum
805 5295 911 5357 est,
939 5291 1038 5345 sed
1060 5291 1234 5345 etiam
1259 5288 1354 5360 qui
1373 5289 1682 5356 orationes,
1707 5289 1827 5342 etsi
1852 5290 2007 5361 quod
2028 5294 2112 5343 est

503 5381 656 5435 aliud
688 5379 1055 5445 beneﬁcium,
1080 5394 1182 5448 pro
1212 5379 1326 5432 Deo
1350 5377 1528 5444 gratis
1558 5376 1833 5447 proximis
1863 5378 1975 5431 suis
2006 5378 2111 5431 im-

505 5468 721 5535 pendit.
755 5469 920 5521 Juxta
944 5468 1084 5520 illud
1112 5465 1476 5520 Dominicum
1510 5464 2102 5535 :«Gratisaccepistis,

504 5555 681 5620 gratis
698 5555 829 5607 date
847 5554 1072 5625 (Matth.
1088 5572 1140 5620 x,
1174 5557 1248 5623 Β).
1280 5574 1305 5599 ››
1334 5554 1399 5605 Et
1416 5553 1511 5623 qui
1529 5568 1646 5606 non
1667 5552 2106 5622 accipitmunera

504 5636 631 5696 ideo
665 5645 725 5696 ut
755 5640 825 5694 sit
852 5658 1021 5714 super
1047 5642 1440 5708 innocentem,
1470 5640 1529 5695 id
1580 5644 1664 5697 est
1708 5644 1768 5699 ut
1808 5644 2100 5717 opprimat

2208 4413 2271 4465 ut
2295 4411 2354 4465 in
2378 4428 2437 4466 se
2464 4413 2826 4482 sperantibus
2842 4431 3005 4486 spem
3026 4418 3462 4472 resurrectionis
3486 4422 3545 4472 et
3573 4419 3837 4474 immor-

2206 4499 2444 4553 talitatis
2474 4502 2738 4573 exemplo
2770 4502 2854 4556 sui
2884 4503 3116 4559 tribuat.
3152 4506 3219 4559 Et
3246 4506 3357 4561 hoc
3385 4506 3463 4561 sic
3490 4506 3628 4561 dicit
3660 4511 3673 4560 ε

2279 4586 2545 4643 Conserva
2574 4607 2657 4643 me
2683 4590 2740 4644 in
2767 4591 3030 4664 passione
3056 4609 3130 4648 ne
3171 4594 3394 4663 cedam,
3438 4595 3688 4662 Domine,
3727 4599 3837 4653 cui

2209 4691 2305 4729 me
2326 4693 2551 4731 servum
2574 4678 2704 4732 feci.
2732 4680 2798 4732 Et
2819 4679 3025 4752 dignus
3041 4698 3168 4736 sum
3204 4683 3657 4750 conservatione,
3678 4701 3835 4755 quo—

2210 4766 2358 4818 niam
2377 4768 2433 4818 in
2454 4772 2503 4819 te
2520 4769 2746 4837 speravi,
2770 4785 2888 4823 non
2908 4769 2966 4822 in
2986 4786 3100 4824 me.
3122 4771 3350 4838 Etideo,
3396 4773 3669 4844 quoniam
3698 4773 3844 4828 diri

2210 4853 2464 4920 Domino,
2483 4854 2539 4908 id
2557 4858 2643 4908 est
2664 4856 2902 4911 statuiin
2926 4858 3097 4912 corde
3120 4874 3252 4913 meo
3288 4858 3361 4913 ad
3391 4859 3674 4915 honorem
3707 4863 3836 4929 tui,

2214 4942 2311 5013 qui
2332 4943 2613 4997 Dominus
2634 4960 2715 5009 es,
2745 4945 2895 4999 Deus
2921 4961 3082 4999 meus
3104 4961 3164 5000 es
3186 4948 3269 5013 tu,
3297 4963 3418 5001 non
3452 4948 3613 5001 alius.
3645 4947 3839 5012 Quasi

2214 5030 2367 5085 dicat
2390 5047 2402 5084 :
2424 5029 2555 5085 ldeo
2584 5030 2792 5102 dignus
2804 5049 2930 5086 sum
2948 5034 3294 5101 conservari,
3313 5035 3449 5106 quia
3478 5052 3640 5108 spem
3666 5051 3837 5093 sem-

2211 5133 2317 5189 per
2346 5118 2405 5172 in
2432 5121 2488 5172 te
2508 5119 2704 5186 habui,
2740 5123 2798 5174 et
2826 5124 2881 5174 te
2913 5122 3096 5176 Deum
3124 5138 3319 5177 meum
3370 5123 3661 5178 constitui.
3691 5123 3836 5180 Non

2211 5206 2342 5261 ideo
2376 5210 2571 5261 tamen
2598 5223 2701 5263 oro
2733 5210 3078 5276 conservari,
3112 5214 3174 5264 ut
3203 5210 3390 5265 dicam
3422 5215 3477 5265 te
3516 5211 3681 5266 bonis
3710 5212 3839 5268 illis

2212 5310 2404 5366 egere,
2434 5311 2561 5366 qua:
2593 5296 2849 5350 humano
2863 5297 3065 5367 generi
3086 5314 3295 5369 perme
3325 5299 3610 5353 exibenda
3632 5305 3777 5355 sunt
3816 5320 3831 5357 :

2211 5387 2576 5454 peccatorum
2607 5383 2870 5439 videlicet
2909 5386 3246 5441 remissione
3278 5389 3335 5440 et
3357 5387 3831 5456 immortalitate,

2208 5474 2266 5524 et
2294 5469 2778 5540 impassibilitate;
2810 5474 3063 5544 quoniam
3086 5476 3148 5528 tu
3167 5491 3273 5527 non
3301 5491 3415 5544 eges
3444 5476 3681 5530 illorum
3717 5475 3827 5528 bo-

2212 5575 2403 5613 norum
2434 5575 2670 5612 meorum
2700 5577 2716 5623 ;
2743 5560 2887 5615 sicut
2918 5562 3053 5615 alibi
3099 5562 3325 5616 dicitur.
3368 5557 3503 5617 ldeo
3531 5567 3617 5617 est
3646 5579 3831 5620 verus

2214 5646 2490 5702 Dominus
2517 5647 2613 5720 qui
2644 5664 2763 5703 non
2794 5647 3016 5720 indiget
3042 5666 3202 5708 servo
3231 5653 3290 5706 et
3309 5666 3422 5725 quo
3450 5651 3671 5727 indiget
3691 5668 3823 5709 ser-
