4010 6032
397 234 493 299 691

1003 235 1063 296 S.
1103 241 1450 297 BRUNONIS
1488 238 2122 297 CARTHUSIANORUM
2162 240 2630 296 lNSTlTUTORlS
2669 240 2823 296 OPP.
2868 242 3044 297 PARS
3084 243 3104 298 ι

3604 247 3714 301 692

388 359 615 431 Insuper
664 362 714 414 et
756 375 880 414 caro
925 376 1041 413 mea
1091 362 1379 433 requiescet
1416 360 1476 416 in
1521 362 1781 433 sepulcro
1821 363 1878 416 in
1909 378 1998 433 spe
2020 360 2321 430 Acordias,
2349 363 2482 429 etc.;
2516 360 2700 418 oratio
2731 378 2866 418 vero
2897 378 3004 435 pro
3051 379 3111 418 se
3150 365 3215 419 et
3244 363 3525 421 membris
3558 381 3571 419 :
3604 382 3713 438 pro

389 448 843 515 resurrectionis,
866 448 923 504 id
943 451 1046 516 est,
1065 448 1144 504 ita
1167 450 1342 522 quod,
1362 450 1559 504 anima
1588 450 1997 521 spemhabebit
2094 449 2450 522 perfectione
2492 452 2552 505 et
2590 451 3035 522 perseverantia.
3080 453 3147 507 Et
3184 452 3226 508 si
3260 453 3369 509 hoc
3399 453 3577 510 modo
3621 453 3715 509 di-

388 555 623 595 earnem
655 554 775 593 esse
806 537 1278 593 resuscitandam.
1310 538 1408 593 Vel
1457 554 1580 593 caro
1621 556 1756 606 mea,
1790 538 1849 594 id
1887 542 1993 607 est,

389 626 657 692 Ecclesia,
681 642 807 697 quae
823 628 907 679 est
926 642 1129 697 corpus
1150 626 1518 697 unum,cujus
1531 629 1700 699 caput
1713 642 1820 698 ego
1843 643 1992 682 sum:

388 717 673 787 requiescet
706 715 762 768 in
790 731 878 784 spe
907 714 1244 785 resurgendi
1279 730 1291 768 :
1334 719 1394 769 ut
1437 714 1583 770 sicut
1620 730 1729 786 ego
1758 715 1994 783 surrexi,

390 803 471 858 ita
508 805 565 858 et
595 802 718 875 ipsa
759 804 1038 873 resurgat.
1078 803 1145 856 Et
1174 802 1233 857 in
1278 804 1385 857 hac
1423 818 1524 873 spe
1568 802 1906 875 requiescet,
1940 803 1999 859 id

390 895 493 949 est.
546 894 794 947 multum
844 892 1263 960 delectabitur;
1300 893 1463 963 juxta
1509 892 1651 947 illud
1692 893 1997 964 Apostoli;

387 1002 421 1036 ‹‹
447 982 506 1037 Si
538 980 825 1036 credimus
853 980 1006 1052 quod
1028 981 1185 1035 Jesus
1218 985 1476 1036 mortuus
1497 985 1581 1035 est
1610 984 1669 1037 et
1682 998 2002 1037 resurrexe-

388 1070 481 1137 rit,
510 1069 590 1123 ita
620 1072 767 1124 Deus
798 1084 865 1123 eo
894 1068 991 1140 qui
1012 1068 1396 1133 dormierunt,
1412 1085 1517 1139 per
1545 1070 1736 1124 Jesum
1754 1070 2002 1125 adducet

387 1175 519 1214 cum
550 1174 618 1213 eo
650 1156 709 1229 (Ι
734 1157 911 1211 Thess.
941 1173 1016 1223 1v,
1058 1156 1165 1229 14).
1196 1178 1222 1205 ››
1259 1158 1325 1211 Et
1354 1158 1503 1212 bene
1531 1158 1668 1211 dicit
1692 1159 2000 1214 Ecclesiam

386 1263 623 1303 carnem
654 1262 850 1314 suam;
884 1245 1027 1299 sicut
1051 1244 1130 1299 ait
1152 1246 1457 1316 Apostolus
1481 1262 1493 1299 :
1533 1268 1561 1297 ι(
1589 1247 1768 1301 Erunt
1797 1248 1909 1302 duo
1940 1248 1997 1301 in

387 1353 558 1393 carne
598 1351 731 1389 una.
762 1333 1203 1389 Sacramentum
1232 1334 1340 1389 hoc
1380 1351 1662 1406 magnum
1709 1338 1793 1389 est
1825 1352 1837 1390 :
1872 1335 1998 1390 dico

389 1426 583 1480 autem
624 1424 682 1478 in
731 1422 951 1477 Christo
999 1424 1057 1476 et
1101 1422 1159 1476 in
1205 1418 1455 1478 Ecclesia
1487 1422 1539 1495 (Ι
1577 1422 1703 1478 Cor.
1754 1440 1829 1492 v1,
1886 1426 1998 1490 l6;

386 1512 581 1583 Ephes.
612 1529 664 1579 v,
700 1510 812 1583 32).
838 1530 868 1563 ›>
895 1510 1029 1566 Dico
1059 1510 1211 1582 quod
1229 1511 1487 1584 laetatum
1520 1515 1604 1567 est
1634 1528 1733 1568 cor
1758 1530 1956 1568 meum
1983 1547 1997 1584 ε

387 1603 445 1654 et
473 1600 769 1656 exsultavit
796 1600 993 1671 lingua
1020 1615 1170 1654 mea.
1372 1601 1438 1654 Et
1484 1600 1714 1665 merito,
1747 1583 2002 1673 quom’azn

2095 555 2253 595 verse
2302 538 2668 610 accipiamus,
2702 539 2814 595 erit
2849 540 3104 611 positum
3144 541 3361 597 intende
3402 558 3508 613 pro
3548 541 3717 597 intel-

2096 629 2231 701 lige.
2268 628 2403 685 Dico
2433 645 2446 682 :
2473 630 2688 699 percipe
2715 630 3011 684 orationem
3040 646 3212 685 meam
3239 647 3257 693 ;
3284 630 3436 685 hanc
3464 629 3709 686 scilicet:

2097 718 2182 774 De
2208 717 2360 772 vultu
2406 723 2496 771 tuo
2527 716 2802 787 judicium
2838 734 3013 773 meum
3050 718 3301 790 prodeat,
3334 717 3396 775 id
3422 721 3528 785 est,
3552 718 3713 790 judi-

2099 805 2250 863 cium
2277 822 2391 879 quo
2423 821 2578 861 nunc
2609 823 2644 861 a
2673 806 2883 862 ludatis
2903 806 3136 877 judieor
3169 824 3181 862 :
3212 808 3372 880 quod
3401 807 3472 863 ab
3506 823 3713 865 eorum

2100 894 2353 953 consiliis
2385 895 2753 951 solummodo
2776 895 3012 967 prodire
3031 895 3287 952 videtur:
3316 896 3388 952 de
3418 897 3717 953 voluntate

2100 987 2199 1043 tua
2232 983 2528 1056 proderat,
2570 982 2630 1038 id
2668 985 2756 1053 est
2793 983 3071 1054 prodiisse
3118 984 3416 1052 videatur;
3457 984 3602 1041 sicut
3638 985 3713 1040 ab

2100 1071 2311 1128 eodem
2334 1070 2518 1126 Pilato
2536 1070 2753 1127 dictum
2770 1075 2885 1127 est:
2910 1094 2938 1121 «
2958 1072 3083 1128 Non
3102 1073 3348 1129 haberes
3366 1074 3715 1144 potestatem

2100 1161 2159 1217 in
2193 1177 2288 1215 me
2321 1160 2520 1226 ullam,
2554 1159 2662 1214 nisi
2694 1159 2799 1215 tibi
2823 1164 2971 1217 esset
3000 1161 3200 1216 datum
3230 1161 3477 1232 desuper
3524 1162 3711 1231 (Joan.

2100 1265 2210 1316 xxx,
2249 1248 2361 1318 ll.)
2394 1272 2421 1298 »
2456 1249 2730 1304 Voluntas
2773 1251 2971 1303 autem
3013 1248 3226 1305 idcirco
3266 1250 3453 1306 vultus
3478 1249 3712 1316 dicitur,

2100 1339 2236 1412 quia
2273 1339 2332 1393 in
2365 1339 2522 1393 vultu
2551 1339 2814 1393 voluntas
2838 1338 3093 1394 hominis
3106 1355 3258 1410 saepe
3291 1338 3711 1395 consideratur.

2099 1426 2235 1484 Dico
2248 1427 2521 1498 judicium
2551 1442 2728 1482 meum
2753 1429 2975 1498 prodeat
3023 1428 3087 1481 de
3122 1427 3272 1481 vultu
3318 1434 3432 1493 tuo,
3472 1444 3576 1498 per
3603 1428 3718 1483 hoc

2100 1515 2313 1571 scilicet
2343 1515 2500 1587 quod
2529 1514 2677 1571 oculi
2705 1517 2789 1570 tui
2820 1516 3034 1570 videant
3062 1518 3378 1587 aequitatem.
3401 1516 3489 1571 Ad
3513 1516 3719 1571 huma-

2103 1620 2243 1658 num
2275 1602 2518 1660 modum
2541 1603 2699 1669 dicit,
2714 1602 2770 1657 id
2794 1606 2882 1657 est
2910 1607 2971 1657 tu
2997 1603 3188 1675 videas
3208 1603 3527 1676 aequitates,
3556 1603 3719 1659 idest

385 1707 492 1744 non
540 1689 864 1761 derelinques
920 1689 1164 1743 animam
1222 1705 1395 1744 meam
1449 1690 1510 1744 in
1552 1691 1784 1759 inferno,
1820 1694 1881 1745 ut
1917 1689 2001 1745 ibi
2028 1688 2078 1748 Β
2101 1692 2230 1747 vide
2264 1694 2326 1745 ut
2349 1693 2643 1763 compleas
2673 1709 2741 1747 ea
2758 1709 2885 1764 quae
2903 1709 3070 1764 aequa
3092 1695 3225 1747 sunt
3255 1709 3268 1746 :
3304 1710 3400 1748 me
3414 1708 3715 1763 resurgere

386 1765 713 1833 detineatur
734 1777 877 1833 sicut
907 1777 1117 1832 animae
1137 1781 1508 1850 peccatorum
1531 1796 1545 1847 ;
1564 1779 1683 1845 sed,
1706 1796 1775 1834 eo
1799 1796 1998 1851 exspo-

385 1866 544 1934 liato,
572 1883 702 1922 eum
735 1869 1069 1921 sanctorum
1102 1882 1317 1939 pompa
1340 1869 1658 1921 revertetur
1690 1883 1703 1921 :
1733 1885 1825 1922 nec
1850 1867 2001 1922 dabis

384 1963 627 2012 sanetum
658 1964 829 2023 tuum,
864 1955 921 2011 id
958 1957 1044 2010 est
1080 1957 1344 2010 sanctum
1395 1971 1601 2028 corpus
1633 1972 1830 2010 meum
1877 1955 1999 2011 Filii

386 2047 490 2114 tui,
532 2046 707 2101 videre
739 2046 1154 2116 corruptionem,
1189 2044 1248 2099 id
1289 2047 1376 2099 est
1414 2061 1530 2100 non
1576 2044 1877 2115 permittes
1917 2062 2000 2100 sa-

386 2138 750 2190 crosanctum
776 2150 981 2205 corpus
1012 2148 1212 2188 meum
1242 2135 1589 2203 putrescere.
1623 2134 1692 2186 Et
1720 2134 1851 2188 ideo
1881 2150 2000 2189 non

388 2223 751 2294 derelinques
778 2221 1038 2278 animam
1060 2237 1258 2277 meam
1287 2220 1349 2275 in
1374 2220 1604 2276 inferno
1639 2238 1653 2275 :
1684 2221 1819 2293 quia
1846 2228 2001 2276 notas

387 2313 526 2371 milii
550 2312 726 2381 fecisti
752 2312 862 2365 vias
892 2312 1034 2378 vitae,
1067 2310 1126 2364 id
1147 2311 1233 2363 est
1263 2313 1550 2381 praecepta
1579 2312 1696 2376 tua,
1725 2327 1853 2382 qua:
1871 2311 2004 2366 obe-

391 2398 679 2457 dientibus
714 2402 846 2453 sunt
888 2398 1019 2453 vitae
1059 2397 1131 2452 ad
1172 2396 1372 2452 vitam.
1422 2396 1591 2461 Quasi
1625 2397 1777 2452 dicat
1811 2414 1823 2451 :
1860 2397 2004 2461 Quia

390 2485 687 2559 praeceptis
714 2485 825 2541 tuis
851 2502 884 2539 a
924 2489 979 2540 te
1011 2484 1154 2539 mihi
1184 2484 1491 2539 notificatis
1531 2485 1768 2540 obedire
1798 2486 2002 2557 sategi,

391 2591 510 2630 non
535 2573 898 2645 derelinquas
925 2572 1184 2628 animam
1217 2588 1412 2627 meam
1441 2572 1501 2626 in
1525 2571 1857 2627 inferno.Et
1886 2590 2004 2628 non

391 2663 577 2720 mlum
616 2678 736 2717 non
766 2660 1153 2733 derelinquas,
1200 2659 1301 2715 sed
1344 2659 1522 2733 etiam
1571 2661 1879 2731 adimplebis
1924 2679 2007 2715 me

393 2752 579 2806 latitia
620 2768 743 2805 cum
790 2750 942 2804 vultu
986 2757 1095 2816 tuo,
1137 2749 1198 2805 id
1237 2750 1323 2804 est
1359 2766 1490 2804 cum
1540 2749 1846 2822 praesentia
1884 2753 2002 2804 tua.

394 2840 562 2904 Quod
592 2841 677 2894 est
712 2838 902 2894 dicere
936 2855 949 2893 :
985 2839 1126 2893 Cum
1154 2838 1213 2893 in
1241 2839 1382 2893 caelo
1412 2837 1720 2911 praesentia
1752 2840 1849 2893 tua
1877 2855 2006 2893 usus

2101 1781 2386 1848 faciendo,
2417 1784 2476 1836 et
2506 1780 2650 1836 mihi
2684 1781 2967 1835 mundum
2989 1780 3415 1853 subjudgando,
3438 1796 3717 1853 meosque

2101 1870 2374 1925 salvando
2406 1871 2465 1924 et
2502 1868 2789 1942 perfectos
2837 1868 3124 1935 faciendo,
3170 1867 3437 1924 inimicos
3485 1884 3719 1941 quoque

2102 1974 2264 2013 meos
2286 1958 2440 2028 juste
2466 1956 2919 2012 remunerando.
2955 1957 3023 2010 Et
3069 1955 3148 2011 sic
3177 1957 3456 2028 appareat
3485 1957 3541 2010 te
3556 1955 3718 2026 judi-

2100 2046 2253 2102 cium
2281 2063 2428 2101 mese
2460 2044 2664 2101 mortis
2701 2044 2963 2111 voluisse,
3000 2047 3060 2099 ut
3083 2046 3227 2100 tales
3253 2044 3485 2101 etfectus
3518 2060 3719 2116 seque-

2100 2139 2323 2191 rentur.
2340 2133 2497 2190 Oculi
2531 2150 2666 2189 vero
2690 2132 2825 2204 poni
2850 2136 3090 2205 possunt
3113 2149 3217 2205 pro
3239 2132 3499 2204 potentia
3529 2132 3718 2188 Provi-

2103 2223 2337 2291 dentiae,
2364 2226 2423 2278 et
2450 2222 2761 2294 praetendit
2777 2221 3050 2277 meritum
3084 2239 3097 2277 :
3130 2221 3268 2294 quia
3286 2222 3397 2277 hoc
3431 2222 3582 2278 Deus
3610 2237 3715 2292 pm

2103 2329 2172 2368 eo
2197 2313 2388 2367 facere
2418 2312 2646 2377 debeat,
2676 2309 2755 2365 sic
2777 2327 2788 2364 :
2814 2310 2957 2365 Vere
2990 2310 3166 2365 debes
3180 2310 3508 2366 orationem
3536 2311 3719 2382 perci-

2103 2402 2326 2471 pere,et
2342 2399 2642 2470 aequitates
2672 2398 2864 2453 videre
2901 2415 2913 2452 ε
2946 2398 3074 2453 ideo
3098 2398 3312 2453 scilicet
3331 2397 3465 2471 quia
3470 2399 3723 2470 probasti

2104 2506 2194 2544 cor
2206 2489 2530 2544 meum.Non
2549 2488 2705 2558 quod
2718 2486 3060 2558 probatione
3077 2492 3246 2558 egeat
3268 2503 3439 2559 quem
3451 2502 3543 2541 res
3558 2490 3721 2543 nulla

2105 2579 2276 2645 latet;
2300 2576 2400 2631 sed
2423 2575 2579 2631 idem
2601 2579 2687 2630 est
2717 2592 2781 2629 ac
2806 2575 2853 2629 si
2880 2574 3125 2630 diceret:
3152 2575 3722 2631 Voluntatcmcordis

2107 2666 2224 2723 mei
2250 2668 2533 2732 sanctam,
2548 2681 2677 2737 qua:
2700 2663 2969 2719 omnibus
2988 2664 3111 2718 fere
3132 2663 3723 2735 eratincognita,pro-

2105 2755 2302 2810 batam
2315 2752 2636 2809 ostendisti.
2662 2753 2728 2806 Et
2741 2752 2974 2823 exponit
2988 2752 3282 2824 quomodo
3299 2751 3583 2824 probavit,
3603 2752 3715 2807 sic:

2105 2843 2280 2899 Dico:
2319 2841 2602 2907 Probasti;
2654 2841 2847 2896 ethoc
2877 2823 3069 2895 taliter
3101 2857 3114 2894 :
3150 2839 3393 2896 Visitasti
3621 2857 3721 2895 me

392 2928 577 2996 fuero,
610 2929 983 2983 vehementer
1012 2927 1271 2981 laztabor.
1316 2927 1382 2981 Et
1409 2929 1610 2998 postea
1637 2926 2005 2982 delectationes
2030 2979 2074 3001 η
2105 2939 2275 2995 nocte,
2316 2931 2374 2986 id
2403 2933 2489 2985 est
2525 2931 2749 2986 occulta
2780 2929 3120 2993 teutatione,
3150 2946 3281 3001 quae
3321 2928 3488 2985 illata
3532 2928 3641 2985 fuit
3684 2946 3722 2984 δ

394 3019 566 3072 erunt
590 3015 732 3071 mihi
761 3016 821 3071 in
848 3016 1063 3070 dextera
1096 3023 1208 3082 tua,
1238 3014 1300 3069 id
1325 3018 1410 3069 est
1439 3014 1500 3069 in
1531 3014 1853 3086 potioribus
1876 3014 2004 3069 tuis.

398 3105 564 3170 Quod
608 3108 695 3160 est
734 3104 923 3161 dicere
976 3120 989 3158 :
1028 3104 1267 3158 Multum
1295 3103 1627 3158 delectabor
1655 3102 1714 3157 in
1747 3102 2010 3158 fidelibus

398 3193 814 3251 constituendis
842 3193 914 3247 ad
946 3192 1244 3249 dexteram
1274 3194 1435 3247 tuam
1480 3209 1623 3264 quos
1652 3192 1793 3246 mihi
1824 3192 2006 3248 dabis.

402 3283 471 3336 Et
498 3298 616 3337 non
647 3298 835 3353 parvae
875 3280 1282 3336 delectationes
1308 3284 1479 3335 erunt
1508 3280 1647 3335 mihi
1658 3321 1672 3348 ,
1704 3280 1805 3335 sed
1831 3280 2012 3336 delec-

402 3370 651 3425 tationes
680 3369 986 3423 tendentes
1018 3386 1179 3441 usque
1208 3371 1267 3423 in
1289 3369 1469 3438 ﬁnem,
1502 3368 1561 3423 id
1607 3372 1711 3436 est,
1747 3386 1925 3441 usque
1951 3369 2010 3424 in

405 3457 845 3530 perfectionem,
876 3457 937 3511 id
959 3460 1063 3525 est,
1096 3458 1365 3529 perfectae
1395 3460 1454 3511 et
1484 3473 1734 3529 magnae.

900 3546 970 3600 IN
1014 3545 1340 3602 PSALMUM
1383 3546 1514 3602 XVI.

475 3634 692 3690 Titulus
721 3634 863 3690 sexti
891 3634 1120 3691 decimi.
1154 3633 1341 3690 Oratio
1384 3636 1545 3706 ipsius
1580 3633 1782 3699 David,
1824 3634 1885 3690 id
1932 3638 2018 3690 est

378 3716 616 3780 'Christi
664 3742 676 3780 :
714 3741 916 3780 revera
965 3724 1165 3780 David.
1198 3724 1267 3779 Et
1313 3724 1444 3779 ideo
1497 3724 1576 3779 sic
1619 3723 1724 3779 iste
1764 3725 2018 3795 psalmus

410 3813 753 3881 intitulatur,
801 3831 932 3870 cum
964 3814 1137 3869 etiam
1169 3813 1227 3867 in
1260 3812 1454 3866 multis
1492 3812 1615 3867 aliis
1644 3812 1826 3868 oratio
1858 3812 2019 3867 inve-

414 3903 608 3959 niatur
625 3921 637 3958 :
652 3903 787 3977 quia
804 3903 1198 3975 principaliter
1223 3905 1280 3955 et
1302 3902 1422 3957 fere
1452 3918 1556 3972 per
1586 3900 1784 3956 omnia
1803 3900 1875 3955 ad
1897 3917 2020 3955 ora-

414 3991 637 4047 tionem
666 3995 902 4062 spectat.
938 3992 1074 4045 Orat
1094 3990 1250 4044 enim
1272 3989 1363 4043 hic
1388 3992 1559 4059 caput
1575 4006 1679 4059 pro
1704 3987 2017 4042 membris:

417 4082 476 4132 et
503 4079 657 4151 prius
685 4094 791 4150 pro
822 4095 903 4145 se,
944 4081 1005 4131 ut
1035 4094 1139 4131 nos
1168 4093 1333 4131 orare
1380 4076 1642 4130 instruat.
1684 4076 1817 4147 Agit
1845 4075 2019 4130 etiam

419 4167 736 4222 concessive
768 4167 837 4221 de
888 4164 1154 4231 inimicis,
1200 4164 1565 4236 praetendens
1602 4164 1814 4220 merita
1842 4182 1854 4218 :
1887 4164 2025 4237 quia

2028 2979 2075 3038 C

2109 3020 2370 3086 diabolo;
2408 3019 2552 3074 sicut
2574 3018 2785 3091 legitur
2813 3018 2874 3072 in
2907 3017 3252 3089 Evangelio:
3291 3040 3317 3067 α
3340 3018 3414 3071 Et
3440 3018 3721 3074 accedens

2111 3109 2385 3173 tentator,
2401 3108 2511 3160 etc.
2534 3104 2758 3176 (Matth.
2779 3121 2851 3171 ιν,
2872 3108 2947 3170 3).
2970 3124 3000 3157 ››
3023 3106 3090 3158 Et
3109 3105 3258 3160 bene
3281 3104 3722 3175 ponitvisitasti.

2106 3194 2370 3251 Tentatio
2393 3194 2553 3248 enim
2568 3193 2908 3249 visitationis
2929 3210 3146 3263 magna
3164 3192 3292 3259 fuit,
3326 3195 3386 3248 et
3413 3193 3681 3249 exultatio
3706 3211 3723 3260 ;

2110 3299 2242 3338 cum
2281 3282 2565 3337 nullateus
2597 3282 2650 3336 ei
2692 3281 2925 3335 cesserit
2959 3296 2971 3333 :
3006 3282 3147 3351 igne,
3194 3280 3253 3335 id
3291 3283 3397 3347 est,
3437 3285 3639 3352 aperta
3665 3284 3728 3337 et

2112 3370 2448 3445 gravissima
2478 3369 2846 3425 tribulatione
2868 3368 3145 3441 passionis
3186 3384 3279 3423 me
3307 3370 3729 3437 aaminasti,id

2114 3462 2200 3515 est.
2224 3457 2617 3514 examinatum
2648 3461 2707 3512 et
2725 3459 3035 3528 probatum
3067 3456 3385 3513 ostendisti.
3422 3457 3500 3513 Et
3515 3460 3592 3514 sic
3621 3474 3730 3511 non

2114 3554 2188 3603 est
2218 3550 2429 3602 inventa
2448 3548 2512 3602 in
2532 3564 2613 3600 me
2643 3546 2928 3618 iniquitas,
2949 3546 3009 3600 id
3037 3549 3124 3601 est
3145 3548 3204 3599 et
3232 3546 3340 3601 hac
3368 3546 3579 3618 duplici
3606 3551 3733 3601 ten-

2115 3635 2333 3692 tatione
2364 3638 2563 3706 patere
2614 3631 2810 3702 facias,
2844 3634 2999 3706 quod
3039 3635 3197 3689 nulla
3242 3634 3302 3689 in
3351 3651 3447 3690 me
3484 3633 3731 3691 inveniri

2117 3724 2294 3796 possit
2322 3723 2619 3794 iniquitas;
2642 3722 2800 3795 quod
2820 3726 3003 3778 totum
3029 3724 3114 3776 est
3130 3739 3194 3776 ac
3224 3721 3269 3776 si
3292 3721 3481 3777 dicat:
3516 3723 3732 3794 Dignus

2117 3829 2247 3868 sum
2277 3815 2339 3866 ut
2364 3811 2547 3867 oratio
2570 3828 2703 3867 mea
2733 3811 3099 3883 percipiatur,
3131 3828 3264 3865 cum
3284 3810 3520 3867 nullain
3543 3828 3640 3869 me
3659 3810 3734 3865 sit

2117 3899 2387 3972 iniquitas
2410 3918 2423 3955 :
2457 3900 2612 3972 quod
2642 3916 2746 3971 per
2774 3900 2884 3955 hoc
2905 3900 3110 3970 patuit,
3143 3899 3328 3971 quiaa
3351 3900 3582 3956 diabolo
3602 3904 3730 3957 ten-

2120 3992 2270 4044 tatus
2301 4005 2418 4044 non
2447 3989 2586 4043 cessi
2620 4006 2633 4042 :
2667 3991 2726 4043 et
2756 4006 2858 4060 per
2889 3989 2998 4042 hoc
3030 3988 3549 4060 magisiapparebit
3573 3989 3731 4060 quod

2122 4077 2181 4132 in
2211 4069 2344 4147 igne
2376 4075 2763 4131 tribulationis
2775 4093 2891 4132 non
2921 4076 3281 4131 deliciamJSt
3306 4077 3597 4150 hoc,quod
3610 4094 3729 4132 non

2123 4166 2208 4218 est
2236 4163 2295 4218 in
2323 4181 2418 4219 me
2456 4163 2748 4236 iniquitas,
2776 4164 2855 4218 sic
2912 4164 3288 4219 manifestum
3332 4165 3485 4221 erit:
3518 4174 3578 4221 ut
3625 4182 3732 4220 non

420 4256 539 4326 ipse
590 4254 788 4327 suique
850 4252 1010 4325 digni
1063 4253 1176 4307 sint
1225 4252 1715 4307 remuneratione.
1768 4254 1834 4308 Et
1890 4253 2095 4329 quiaD
2124 4252 2372 4324 loquatur
2412 4270 2467 4307 os
2514 4270 2709 4319 meum,
2750 4252 2807 4307 id
2850 4257 2936 4307 est
2975 4257 3035 4308 ut
3083 4270 3202 4307 non
3243 4269 3474 4308 necesse
3513 4253 3587 4309 sit
3623 4254 3733 4310 hoc

422 4342 598 4398 etiam
629 4342 845 4398 inimici
866 4341 1025 4413 digni
1052 4341 1168 4396 sint
1182 4341 1527 4413 perditione.
1545 4343 1613 4396 Et
1627 4343 1734 4397 hoc
1753 4341 1829 4398 sic
1851 4342 1987 4396 dicit
2007 4358 2020 4397 :

487 4429 730 4498 Exaudi,
761 4430 1009 4497 Domine,
1044 4430 1324 4501 justitiam
1352 4446 1543 4496 meam,
1576 4429 1635 4484 id
1682 4433 1787 4498 est,
1822 4430 2025 4486 exaudi

421 4536 517 4575 me
548 4520 861 4574 secundum
902 4519 1057 4591 quod
1095 4521 1461 4593 promeretur
1496 4518 1718 4589 justitia
1764 4535 1914 4574 mea.
1958 4520 2026 4574 Et

420 4607 671 4664 ostendit
697 4608 847 4662 unde
879 4607 1177 4675 exaudiat;
1210 4606 1345 4663 inde
1386 4606 1598 4663 scilicet
1630 4624 1643 4662 :
1691 4607 1932 4675 Intende,
1966 4607 2023 4662 id

419 4698 747 4764 est,rectam
775 4699 832 4751 et
860 4695 1147 4752 intensam
1176 4696 1265 4751 fac
1295 4695 1715 4767 deprecationem
1745 4714 1935 4763 meam,
1964 4696 2023 4751 id

418 4788 502 4845 est
526 4785 616 4840 fac
649 4802 745 4840 me
774 4784 998 4840 intense
1032 4788 1085 4840 te
1115 4784 1431 4855 deprecari.
1478 4786 1546 4840 Et
1588 4784 1664 4840 sic
1692 4789 1892 4856 postea
1921 4804 2020 4840 au-

416 4876 561 4931 ribus
584 4876 818 4947 percipe,
865 4873 923 4929 id
961 4877 1047 4928 est
1088 4873 1243 4928 audi.
1289 4874 1376 4929 Ad
1414 4874 1739 4929 humanum
1778 4875 2021 4929 modum

416 4963 570 5019 dicit.
603 4963 703 5018 Vel
733 4979 836 5036 per
867 4978 1032 5017 aures
1052 4961 1387 5034 designatur
1401 4962 1524 5033 ejus
1553 4961 1811 5035 potentia
1843 4979 1856 5017 :
1890 4980 2021 5018 cum

413 5051 735 5126 potentiam
764 5050 1037 5105 audiendi
1065 5051 1319 5106 habeant
1346 5066 1528 5106 aures.
1557 5050 1863 5106 Orationem
1893 5051 2019 5106 dico

410 5156 604 5207 meam,
621 5140 806 5194 nonin
829 5139 985 5194 labiis
1013 5138 1205 5194 dolosis
1228 5138 1444 5194 factam
1469 5155 1482 5193 :
1508 5156 1672 5194 orare
1702 5155 1835 5194 vero
1857 5139 2019 5194 labiis

409 5227 672 5294 dicimus,
692 5243 824 5282 eum
839 5226 1136 5281 orantibus
1155 5226 1342 5296 labiis,
1360 5226 1547 5282 cordis
1558 5227 1828 5299 cogitatio
1850 5244 2013 5299 vaga-

408 5319 524 5372 tur.
556 5316 654 5369 Vel
684 5314 906 5371 diversa
926 5332 1045 5370 esse
1066 5318 1304 5385 possunt
1326 5315 1654 5386 deprecatio
1692 5318 1752 5370 et
1781 5316 1965 5370 oratio
1999 5333 2013 5371 :

409 5404 743 5477 Deprecatio
774 5403 987 5459 scilicet
1014 5406 1100 5458 est
1122 5420 1227 5475 pro
1250 5402 1549 5469 membris,
1570 5403 1627 5457 id
1656 5406 1739 5458 est
1764 5404 2017 5474 precatio

408 5494 479 5548 de
508 5494 830 5548 remotione
863 5492 1154 5559 vitiorum,
1173 5510 1303 5547 cum
1334 5493 1469 5547 dicit
1496 5510 1507 5546 :
1541 5491 1781 5560 Mtriﬁea
1813 5498 2015 5546 "uepri-

2124 4340 2313 4396 dicere
2343 4357 2405 4395 os
2437 4357 2655 4395 meum.
2689 4340 3128 4412 Apertissimum
3153 4340 3313 4395 enim
3343 4340 3474 4396 erit.
3504 4342 3572 4396 Et
3602 4357 3732 4396 vere

2123 4445 2241 4485 non
2267 4432 2353 4483 est
2380 4428 2614 4485 inventa
2633 4429 2693 4483 in
2722 4446 2816 4484 me
2837 4429 3142 4500 iniquitas:
3178 4446 3313 4485 nam
3343 4446 3437 4501 ego
3452 4429 3730 4496 custodiet,

2124 4533 2241 4573 non
2271 4517 2465 4589 rejeci,
2499 4518 2614 4573 vias
2644 4518 2829 4580 duras,
2852 4518 2910 4572 id
2930 4520 3015 4572 est
3038 4536 3194 4589 opera
3209 4518 3503 4585 hominum,
3522 4518 3735 4574 scilicet

2123 4605 2221 4661 illa
2248 4622 2377 4677 quae
2405 4606 2592 4660 solent
2623 4605 2872 4660 exerceri
2907 4605 2965 4660 in
2996 4605 3284 4673 homines,
3317 4605 3375 4662 id
3406 4610 3492 4661 est
3520 4606 3580 4661 in
3608 4606 3735 4662 illos

2123 4692 2222 4766 qui
2258 4709 2377 4748 non
2408 4693 2624 4749 faciunt
2661 4711 2730 4748 ea
2770 4711 2899 4766 quae
2926 4694 3025 4749 Dei
3059 4697 3211 4761 sunt,
3243 4693 3345 4749 sed
3375 4694 3683 4751 hominum
3716 4712 3730 4749 :

2122 4782 2277 4839 mala
2304 4780 2534 4849 scilicet,
2560 4781 2619 4836 id
2648 4785 2734 4835 est
2755 4781 3004 4837 libenter
3022 4782 3294 4839 sufferam
3313 4783 3732 4851 tribulationes,

2122 4873 2180 4926 et
2220 4870 2400 4925 crucis
2430 4873 2743 4938 tormenta,
2794 4888 2922 4942 quae
2982 4871 3234 4927 exerceri
3274 4873 3462 4928 solent
3490 4871 3551 4926 in
3580 4873 3734 4927 male

2121 4961 2454 5031 operantes:
2481 4975 2609 5030 quae
2634 4962 2768 5014 sunt
2798 4958 2899 5014 viae
2923 4963 3053 5026 tum,
3072 4960 3129 5014 id
3154 4962 3373 5015 estate
3394 4958 3542 5015 date:
3566 4962 3628 5015 ut
3639 4976 3734 5015 me

2121 5046 2409 5104 deducant
2421 5046 2494 5102 ad
2515 5046 2782 5118 gloriam.
2802 5048 2868 5101 Et
2884 5047 3032 5102 bene
3055 5048 3219 5120 ponit
3241 5048 3508 5105 custodiri
3523 5065 3557 5104 a
3579 5047 3736 5103 simi-

2119 5134 2361 5191 litudine
2372 5134 2789 5202 itinerantium,
2805 5135 2893 5189 cui
2918 5153 3051 5191 cum
3072 5139 3293 5191 rectam
3305 5136 3458 5191 viam
3472 5138 3731 5204 teneant,

2117 5223 2250 5278 licet
2280 5224 2529 5279 multum
2551 5240 2753 5295 aspera
2775 5224 2867 5292 sit,
2896 5224 3042 5279 bene
3071 5227 3269 5293 tamen
3296 5224 3628 5281 custodiunt
3656 5240 3732 5279 ne

2119 5313 2190 5368 ab
2201 5329 2270 5368 ea
2289 5311 2618 5368 deﬂectant.
2639 5314 2816 5368 Ethas
2830 5313 3103 5369 custodivi
3118 5317 3356 5386 propter
3367 5314 3539 5371 verba
3554 5312 3733 5370 labio-

2116 5418 2245 5458 rum
2262 5404 2491 5457 tuorum
2506 5401 2851 5472 complenda
2861 5418 2990 5472 quin
3009 5402 3130 5458 haec
3142 5402 3733 5473 praedixeruntLabia

2118 5491 2384 5545 dicuntur
2412 5491 2733 5562 prophetae,
2751 5491 2882 5562 quia
2899 5492 2996 5545 Dei
3016 5493 3333 5545 voluntates
3355 5497 3728 5562 aperuerunt,
