4014 6030
249 288 357 344 693

1259 281 1617 340 EXPOSI’I‘IO
1646 281 1723 335 ῘΝ
1762 277 2095 335 Ρεωιοδ.
2123 308 2191 319 -—
2220 277 2415 334 PSAL.
2455 278 2564 332 XVI

3465 270 3570 331 694

249 408 396 464 sicut
411 405 563 463 labia
580 405 769 462 cordis
787 406 1097 461 voluntate.
1109 447 1121 459 .
1133 447 1145 460 .
1176 405 1563 477 aperiunt.Vel
1586 402 1663 457 sic
1675 403 1861 473 potest
1885 403 1937 462 Α
1958 398 2195 454 custodi:
2212 397 2929 467 itascilicetprotegeme,ne
2946 392 3191 450 laedarin
3207 362 3433 449 anima:
3452 391 3567 449 etsi

251 496 529 567 distingui
557 513 570 551 :
605 496 739 551 Dico
771 513 783 550 :
817 496 943 549 Non
974 502 1048 548 est
1073 498 1129 549 in
1153 513 1233 549 me
1262 496 1547 565 iniquitas;
1580 495 1637 544 ct
1660 492 1767 544 hoc
1783 490 1861 544 sic

249 586 418 640 dico:
451 586 522 640 Ut
552 602 659 638 non
690 585 941 657 loquatur
969 602 1023 637 0s
1053 600 1229 639 meum
1282 599 1439 652 Opera
1473 582 1768 641 hominum,
1803 579 1861 632 id

248 677 338 728 est
354 677 415 727 ut
428 690 547 728 non
560 674 682 728 inec
696 674 1202 745 loquarjactanter
1214 675 1271 726 et
1290 689 1353 724 su
1360 671 1690 742 pcrbe,qua3
1705 670 1859 723 locu-

250 763 440 817 tiones
469 766 602 817 sunt
633 777 810 833 opera
839 761 1165 817 hominum.
1197 760 1361 824 Quod
1394 762 1489 812 est
1514 758 1704 813 dicere
1732 774 1745 811 :
1780 759 1863 811 ita

247 853 376 907 11836
389 853 595 923 loquor
617 852 774 923 quod
794 851 929 905 inde
946 868 1062 904 non
1082 846 1863 921 superbiam,sicuthomincs

247 940 323 994 de
348 939 571 994 meritis
598 939 712 993 suis
736 938 1032 1010 superbire
1054 938 1259 1004 solent,
1278 938 1365 991 vel
1393 937 1501 991 sic:
1532 936 1698 990 Dico:
1732 935 1862 989 Non

244 1034 323 1082 est
353 1030 409 1081 in
431 1045 513 1082 me
549 1029 803 1099 iniquitas
828 1044 845 1079 :
872 1030 929 1081 et
970 1044 1146 1098 usque
1208 1026 1352 1081 adeo
1386 1041 1503 1079 non
1537 1029 1621 1079 est
1675 1025 1735 1077 in
1764 1040 1861 1078 me

223 1114 544 1186 -iniquitas,
562 1118 625 1170 ut
647 1116 1005 1187 etiam,quod
1016 1115 1342 1169 maximum
1364 1117 1596 1177 cst,non
1612 1113 1862 1183 loquatur

243 1219 305 1258 os
322 1221 499 1257 meum
512 1221 669 1275 opera
689 1205 985 1264 hominum,
1019 1204 1077 1258 id
1093 1207 1178 1257 est
1202 1203 1501 1258 vanitates.
1516 1202 1688 1255 Vana}
1704 1199 1860 1253 enim

246 1291 568 1347 locutiones
608 1308 786 1364 opera
801 1291 1108 1346 hominum
1125 1294 1276 1357 sunt,
1312 1290 1367 1344 id
1385 1293 1471 1344 est
1488 1293 1550 1342 ut
1564 1304 1670 1341 nec
1685 1287 1742 1341 in
1760 1287 1862 1340 lin-

245 1396 366 1451 gua
378 1397 631 1452 peccem.
682 1381 817 1435 Dico
843 1397 856 1435 :
882 1380 1031 1449 Igme
1048 1398 1127 1434 me
1142 1380 1476 1434 eraminasti.
1523 1378 1642 1447 Ego
1666 1378 1861 1430 autem

247 1468 426 1523 Filius
448 1472 574 1523 tuus
597 1471 656 1522 et
684 1468 1212 1539 innocenspropter
1226 1468 1401 1522 verba
1426 1466 1711 1520 labiorum
1733 1466 1859 1515 tuo-

247 1574 385 1612 rum
427 1557 837 1612 custodivivias
850 1558 1021 1611 duras
1046 1557 1503 1611 tribulationum.
1540 1555 1607 1608 Et
1635 1551 1731 1624 qui
1764 1568 1859 1605 cu-

247 1647 457 1703 stodivi
487 1648 603 1702 vias
633 1649 804 1703 duras
834 1651 895 1701 ut
924 1664 1028 1718 per
1082 1649 1183 1700 has
1216 1646 1330 1700 mei
1362 1662 1592 1717 gressus
1621 1644 1863 1715 perlice-

1965 487 2145 541 lsedor
2158 487 2216 541 in
2233 503 2474 556 corpore
2501 502 2513 540 :
2530 501 2611 540 me
2623 483 2748 538 dico
2766 483 3016 556 positum
3030 483 3326 536 subumbra
3348 485 3571 538 alarum

1964 578 2217 635 tuarum,
2249 575 2307 629 id
2327 578 2411 628 est
2434 575 2536 627 sub
2557 572 2891 627 defensione
2915 571 3206 625 charitatis
3232 575 3289 625 et
3312 572 3569 625 dilectio-

1963 664 2053 716 nis
2077 680 2090 716 :
2125 681 2159 716 a
2184 662 2560 716 similitudine
2580 661 2823 716 volucris
2841 662 3027 730 pullos
3049 659 3175 713 aliis
3193 660 3571 730 protegentis,

1962 768 2033 804 ne
2050 751 2120 804 ab
2136 754 2278 804 testu
2299 751 2602 805 laedantur.
2620 749 2755 804 Dico
2760 756 2981 819 protego
3000 766 3031 800 a
3051 747 3278 817 facie,id
3300 751 3383 801 est
3404 748 3476 801 ab
3493 748 3574 801 in-

1963 838 2175 893 stantia
2197 838 2527 893 Judeeorum
2593 837 2906 909 impiorum
2941 854 2954 891 :
2997 838 3094 908 qui
3124 853 3205 889 me
3234 836 3570 904 afﬂixerunt,

1962 926 2019 981 id
2049 927 2440 998 estaftligent.
2488 926 2717 980 Faciem
2761 942 2865 996 pro
2921 924 3199 979 instantia
3256 924 3440 993 ponit,
3504 940 3571 979 eo

1961 1015 2115 1085 quod
2148 1016 2339 1069 hostes
2366 1015 2505 1068 dum
2526 1013 2762 1081 instant,
2796 1011 3007 1066 faciem
3035 1012 3365 1081 ostendunt.
3400 1012 3466 1065 Et
3491 1028 3575 1066 os-

1961 1103 2147 1157 tendit
2177 1103 2471 1174 quomodo
2501 1102 2783 1171 afﬂigent,
2837 1104 2898 1153 ut
2923 1117 2990 1153 ex
3024 1100 3191 1153 malis
3222 1099 3444 1154 meritis
3473 1116 3571 1154 eo-

1961 1208 2091 1244 rum
2117 1191 2396 1245 concedat
2451 1190 2530 1244 eis
2559 1206 2794 1259 poenam
2825 1190 3079 1242 futuram
3107 1205 3121 1241 :
3155 1188 3309 1258 quod
3339 1205 3573 1259 aequum

1961 1278 2072 1332 erit
2110 1295 2240 1332 cum
2265 1278 2524 1350 superius
2556 1278 2783 1331 dixisset
2812 1294 2825 1331 ε
2855 1276 3014 1331 Oculi
3044 1278 3125 1329 tui
3150 1276 3363 1329 videant
3414 1278 3577 1346 aequi-

1962 1368 2261 1421 tates.Vere
2282 1384 2373 1421 me
2389 1367 2672 1438 afﬂigent,
2691 1366 2825 1437 quia
2846 1368 3047 1420 inimici
3086 1367 3205 1431 mei,
3242 1364 3440 1433 Judaei,
3476 1367 3576 1419 cir-

1958 1455 2334 1509 cumdederunt
2392 1471 2509 1518 me,
2573 1455 2631 1508 id
2681 1458 2765 1509 est
2796 1454 3307 1507 circumvallabant
3325 1453 3575 1507 consiliis

1964 1543 2078 1597 suis
2108 1547 2348 1598 animam
2368 1546 2629 1610 meam,ut
2649 1543 2706 1597 in
2736 1552 2926 1597 morte
2950 1541 3529 1607 detineant,dicentes
3557 1558 3571 1598 :

1965 1653 1991 1680 «
2012 1631 2638 1703 Venite,opprimamus
2655 1647 2969 1702 pauperem
2987 1630 3208 1699 justum
3222 1628 3443 1699 (Sap.11.
3457 1629 3535 1699 10)
3548 1651 3574 1678 η

248 1740 471 1790 rentur.
500 1736 723 1804 Perﬁce,
739 1737 897 1789 idest
923 1717 1208 1806 perfectos
1238 1736 1345 1800 fac,
1380 1751 1585 1801 gressus
1611 1750 1769 1792 meos,
1804 1730 1862 1784 id
1889 1726 1940 1783 B
1965 1720 2157 1772 E11100
2182 1719 2310 1772 ideo
2327 1718 2620 1785 ἷᾶοίθιιὶνίά
2637 1722 2723 1772 est
2745 1718 2872 1771 ideo
2899 1720 3016 1806 tam
3036 1717 3188 1771 stulti
3218 1721 3407 1806 Ortini,
3437 1717 3571 1787 quia

248 1827 338 1878 est
364 1823 672 1895 discipulos
698 1840 803 1894 per
833 1827 976 1895 quos
1004 1823 1235 1877 veniam
1286 1823 1346 1877 in
1374 1821 1639 1877 notitiam
1672 1818 1861 1874 homi-

248 1927 417 1967 num.
455 1912 522 1965 Et
554 1912 684 1966 ideo
718 1912 987 1967 dicuntur
1017 1929 1243 1982 gressus
1268 1912 1383 1965 mei
1411 1914 1466 1965 in
1512 1911 1708 1964 semitis
1737 1910 1860 1969 tuis,

250 2016 384 2071 quae
418 2003 550 2054 sunt
580 1999 799 2054 semitae
831 2001 904 2053 ad
959 2000 1156 2054 vitam.
1201 2000 1429 2064 Arduze,
1460 1998 1671 2052 scilicet
1702 1994 1861 2050 carni

248 2091 311 2143 et
334 2087 546 2142 stricta;
576 2104 589 2142 :
624 2088 770 2142 sicut
794 2088 1015 2142 semitae
1046 2088 1257 2142 strictae
1289 2092 1455 2155 sunt;
1479 2087 1642 2157 juxta
1668 2084 1807 2138 illud
1846 2099 1858 2136 :

256 2179 549 2248 «Angusta
564 2180 650 2231 est
661 2176 750 2231 via
762 2194 889 2248 quas
904 2177 1061 2231 ducit
1076 2178 1146 2231 ad
1169 2176 1342 2230 vitam
1362 2176 1562 2242 (Matth
1600 2192 1673 2228 vn
1685 2216 1697 2239 ,
1710 2178 1724 2227 t
1739 2173 1811 2243 At).
1834 2192 1860 2219 ››

254 2266 323 2319 Et
353 2265 433 2320 sic
460 2265 670 2336 perfice
703 2273 762 2318 ut
775 2283 881 2319 non
920 2272 1234 2319 moveantur
1257 2266 1330 2319 ab
1362 2264 1443 2319 eis
1474 2266 1693 2332 vestigia
1722 2278 1857 2327 mea,

250 2353 313 2408 id
341 2357 426 2408 est
446 2354 711 2423 exempla
731 2354 1019 2408 bonorum
1050 2370 1291 2426 operum
1334 2368 1622 2419 meorum,
1656 2367 1858 2405 eorum

250 2441 524 2497 cordibus
548 2441 848 2511 impressa,
884 2442 942 2495 id
975 2445 1060 2495 est
1088 2442 1374 2512 perfectos
1405 2444 1463 2493 et
1495 2455 1861 2511 pesseveran-

252 2533 341 2584 tes
356 2529 539 2584 efﬁce.
571 2530 868 2601 [lucusque
901 2546 1005 2601 pro
1029 2529 1293 2601 perfectis
1328 2545 1341 2583 :
1379 2530 1582 2582 Postea
1606 2542 1740 2580 vero
1753 2542 1858 2596 pro

251 2617 583 2672 inﬁdelibus
607 2618 874 2672 omnibus
904 2617 1326 2681 convertendis,
1352 2617 1429 2669 sic
1461 2632 1628 2669 orare
1668 2614 1858 2667 inten-

252 2706 339 2761 dit
366 2723 379 2761 :
414 2705 534 2776 Ego
553 2707 783 2761 clamavi
801 2707 874 2761 ad
892 2710 971 2772 te,
996 2706 1239 2760 dicendo
1262 2707 1486 2774 Perﬁce,
1514 2708 1623 2759 etc.
1654 2704 1721 2757 Et
1743 2702 1859 2758 scio

249 2795 383 2866 quia
402 2795 523 2864 jam
548 2796 814 2849 eraudisti
841 2814 939 2849 me.
975 2796 1099 2848 Non
1133 2795 1288 2866 quod
1320 2811 1402 2860 re,
1426 2794 1525 2848 sed
1559 2792 1694 2865 quia
1733 2791 1857 2861 jam

252 2882 630 2953 dispositione
662 2882 1036 2953 complevisti.
1070 2884 1135 2936 Et
1157 2883 1435 2953 quoniam
1467 2898 1559 2934 me
1591 2880 1667 2934 sic
1695 2896 1862 2933 oran-

252 2972 373 3024 tem
394 2971 692 3038 exaudisti,
725 2972 935 3025 iterum
962 2987 1063 3026 oro
1098 2989 1110 3025 :
1147 2972 1341 3025 inclina
1388 2988 1573 3025 aurem
1602 2977 1770 3033 tuam,
1801 2967 1861 3020 id

1963 1806 2171 1877 adipem
2192 1824 2369 1873 suum,
2391 1807 2450 1861 id
2478 1811 2570 1861 est
2596 1806 2895 1878 pinguem,
2927 1803 2988 1859 id
3018 1808 3102 1858 est
3121 1805 3415 1858 carnalem
3443 1821 3572 1857 sen-

1963 1912 2090 1949 sum
2121 1913 2312 1962 suum,
2344 1896 2730 1959 concluserunt,
2760 1894 2818 1948 id
2849 1897 2934 1947 est
2963 1894 3209 1946 ﬁrmiter
3234 1893 3292 1945 in
3332 1909 3391 1947 se
3442 1892 3574 1947 reti-

1964 1988 2253 2038 nuerunt:
2288 2001 2407 2038 non
2439 1984 2809 2055 projecerunt
2837 1983 2993 2054 quod
3021 1982 3212 2036 facere
3244 1981 3576 2036 debuissent

1964 2076 2231 2144 putantes
2261 2090 2356 2127 me
2376 2073 2679 2127 hominem
2706 2075 2931 2127 tantum
2956 2088 3096 2137 esse,
3126 2088 3243 2125 non
3270 2071 3574 2125 hominem

1962 2164 2021 2215 et
2049 2163 2253 2215 Deum.
2282 2162 2351 2214 Et
2379 2160 2507 2215 ideo
2529 2178 2583 2213 os
2606 2177 2789 2214 eorum
2819 2160 3054 2213 locutum
3074 2166 3172 2220 est,
3192 2158 3249 2212 id
3274 2162 3361 2211 est
3380 2159 3576 2229 loque-

1962 2252 2076 2316 tur,
2107 2249 2429 2320 superbiam,
2460 2249 2674 2303 scilicet
2695 2271 2723 2297 «
2761 2247 3041 2318 Crucifige
3068 2264 3082 2313 ;
3111 2267 3138 2296 ››
3172 2249 3230 2301 et
3257 2269 3285 2296 «
3313 2247 3437 2300 Non
3470 2246 3573 2301 ha-

1962 2337 2165 2391 bemus
2189 2353 2389 2409 regem
2412 2336 2519 2391 nisi
2552 2337 2835 2391 Caasarem
2864 2336 3047 2406 (Joan.
3067 2335 3292 2405 xxx,15).
3310 2356 3337 2383 ››
3364 2337 3431 2388 Et
3454 2351 3572 2391 non

1960 2427 2146 2479 solum
2175 2429 2381 2480 contra
2404 2443 2496 2480 me
2524 2427 2836 2497 loquentur
2868 2424 3324 2496 superbiam,sed
3347 2424 3578 2496 ipsipro-

1949 2514 2193 2583 jicientes
2206 2533 2288 2569 me
2301 2515 2370 2570 de
2398 2514 2647 2581 civitate,
2677 2532 2839 2581 nunc,
2869 2515 2927 2570 id
2957 2514 3123 2568 estin
3153 2514 3297 2568 hora
3310 2512 3390 2568 eis
3409 2515 3572 2568 aDeo

1961 2620 2260 2671 concessa;
2294 2604 2437 2657 sicut
2468 2604 2526 2657 in
2554 2603 2861 2674 Evangelia
2894 2603 3106 2675 legitur
3138 2619 3152 2658 :
3186 2624 3213 2652 «
3235 2602 3572 2656 Hmcestho—

1960 2709 2026 2745 ra
2050 2696 2256 2760 vestra,
2284 2696 2341 2747 et
2358 2696 2609 2765 potestas
2650 2694 3022 2748 tenebrarum
3056 2692 3353 2761 \Luc.xxn,
3384 2690 3503 2760 53):
3539 2712 3568 2739 ››

1961 2782 2308 2851 quandoque
2354 2780 2588 2851 quidem
2627 2782 2697 2835 de
2727 2781 2934 2835 eadem
2965 2780 3192 2835 civitate
3223 2778 3567 2851 expellendi,

1960 2868 2436 2934 circumdederunt,
2461 2868 2519 2922 id
2550 2871 2635 2923 est
2660 2868 3100 2923 circumdabant
3132 2885 3227 2922 me
3253 2868 3427 2921 fixum
3447 2884 3571 2921 cru-

1960 2956 2031 3021 ci,
2056 2958 2436 3027 conspuentes
2465 2958 2524 3010 et
2550 2955 2898 3011 deridentes.
2934 2957 3001 3009 Et
3031 2957 3140 3010 hoc
3161 2955 3292 3009 ideo
3313 2955 3526 3009 facient
3550 2970 3563 3008 :

248 3062 339 3113 est
367 3060 826 3115 condescendere
857 3061 947 3114 {ac
978 3060 1385 3114 misericordim
1410 3062 1519 3113 tum
1538 3056 1859 3130 potentiam
1885 3039 1932 3098 C
1959 3044 2093 3115 quia
2120 3051 2421 3098 statuerunt
2450 3044 2732 3111 declinare,
2758 3044 2818 3098 id
2856 3047 2941 3099 est
2961 3044 3241 3099 stabiliter
3253 3043 3569 3098 declinave-

249 3145 419 3212 mihi,
438 3147 494 3202 id
510 3151 596 3202 est
626 3148 685 3201 in
718 3148 823 3202 illis
843 3150 938 3221 qui
962 3150 1074 3203 mei
1096 3155 1227 3205 sunt
1246 3149 1639 3215 futuri,adhuc
1658 3150 1857 3200 tamen

247 3234 847 3289 infideleszEtcxaudi
875 3239 1032 3290 verba
1055 3256 1167 3291 mea
1188 3238 1389 3309 procis
1420 3239 1563 3293 fusa.
1608 3236 1675 3288 Et
1706 3234 1856 3288 bene

245 3322 387 3376 dicit
444 3323 665 3394 inclina,
698 3341 732 3378 a
764 3325 1140 3379 similitudine
1180 3326 1386 3379 medici
1422 3322 1749 3379 inclinantis
1797 3336 1857 3374 se

241 3410 418 3481 aegris
435 3428 448 3466 :
467 3412 565 3483 qui
583 3428 701 3482 prie
718 3412 899 3467 nimia
913 3414 1255 3484 aegritudine
1268 3414 1347 3467 illi
1366 3415 1661 3484 nequeunt
1677 3425 1859 3464 assur-

244 3514 409 3570 gere.
428 3500 510 3553 lta
541 3500 756 3571 quippe
787 3504 844 3554 et
874 3501 973 3555 Dei
1005 3502 1313 3556 clementia
1343 3501 1582 3554 inclinat
1611 3497 1757 3563 se,id
1772 3498 1858 3550 est

243 3585 656 3642 condescendit
676 3589 845 3660 aegris
877 3589 935 3642 in
970 3590 1235 3660 peccatis,
1267 3589 1363 3660 qui
1396 3604 1501 3658 per
1524 3586 1734 3641 merita
1754 3601 1856 3638 sua

243 3679 546 3744 nequeunt
566 3675 646 3729 illi
665 3693 983 3747 assurgere.
1010 3677 1143 3731 Dico
1158 3677 1354 3731 θανατιάί
1378 3677 1531 3730 verba
1544 3690 1663 3729 mea
1688 3691 1702 3740 ;
1731 3673 1853 3726 haac

242 3761 489 3816 scilicet:
516 3762 840 3833 Miriﬁca,id
857 3768 943 3819 est
958 3765 1135 3819 miras
1160 3765 1219 3819 in
1254 3765 1554 3819 virtutibus
1575 3765 1633 3818 et
1663 3760 1852 3831 operi-

239 3850 353 3903 bus
384 3850 491 3917 fac,
525 3853 915 3919 misericordias
946 3853 1407 3919 tuas,idest,illos
1430 3851 1549 3923 qui,
1581 3865 1712 3903 cum
1730 3846 1855 3901 infi-

241 3938 403 3993 deles
414 3938 673 3994 sint.sola
690 3940 1103 4008 misercordia,
1138 3957 1255 3996 non
1272 3939 1494 3994 meritis
1513 3938 1645 4003 suis,
1671 3937 1851 3990 salva-

242 4028 465 4081 buntur
484 4044 497 4082 :
518 4029 847 4099 emphatice
870 4030 1005 4083 dicti
1026 4029 1458 4095 misericordias,
1478 4045 1545 4083 eo
1569 4026 1850 4099 quodlar-

240 4114 483 4187 gissima
531 4116 603 4170 sit
631 4115 689 4170 in
723 4116 801 4171 eis
831 4117 1227 4172 misericordia
1259 4120 1374 4171 tua.
1412 4117 1565 4187 Dico,
1602 4115 1851 4182 miriﬁca,

1960 3135 2115 3199 runt,
2147 3132 2321 3187 oculos
2342 3149 2480 3199 suos,
2509 3132 2569 3186 id
2599 3135 2684 3186 est
2696 3132 3185 3187 considerationes
3200 3132 3563 3199 mentissuae,

1957 3222 2014 3274 in
2046 3226 2267 3289 terram,
2298 3220 2361 3275 id
2383 3220 2545 3274 estin
2562 3220 2846 3275 desideria
2871 3224 3042 3275 terra:
3072 3236 3188 3275 suae
3214 3219 3557 3286 retinendas,

1958 3317 2015 3371 id
2046 3320 2131 3371 est
2160 3317 2290 3372 ideo
2321 3318 2430 3372 hoc
2457 3318 2689 3384 facient,
2724 3316 2860 3390 quia
2884 3333 2988 3389 per
3023 3317 3135 3373 hoc
3164 3317 3451 3387 putabunt
3504 3331 3565 3369 se

1957 3405 2207 3460 retinere
2235 3407 2425 3460 locum
2452 3408 2510 3459 et
2531 3408 2791 3476 gentem,
2820 3422 2923 3476 per
2954 3406 3111 3476 quod
3137 3404 3328 3477 potius
3349 3402 3563 3457 admit-

1958 3497 2099 3547 tent.
2132 3493 2229 3546 Vel
2264 3494 2339 3547 sic
2365 3510 2379 3547 :
2408 3493 2581 3547 Dico:
2618 3492 3093 3547 Circumdederunt
3110 3510 3211 3545 me.
3229 3494 3295 3545 Et
3326 3493 3563 3562 propter

1954 3580 2064 3634 hoc
2092 3583 2415 3634 statuerunt
2466 3581 2659 3634 oculos
2684 3597 2816 3635 suos
2864 3580 3152 3633 declinare
3206 3579 3266 3632 in
3319 3581 3557 3631 terram.

1954 3667 2179 3722 Similes
2204 3668 2415 3721 scilicet
2440 3671 2610 3722 erunt
2640 3671 2877 3739 propter
2904 3670 3126 3721 tantam
3158 3665 3557 3720 crudelitatem

1952 3772 2116 3811 suam
2141 3756 2356 3810 crudeli
2387 3756 2640 3823 cuilibet,
2674 3756 2771 3827 qui
2824 3756 3075 3826 aliquem
3103 3753 3310 3824 punire
3340 3752 3557 3806 faciens

1954 3847 2017 3899 ut
2043 3861 2177 3898 eum
2204 3861 2321 3898 non
2369 3844 2578 3912 videat,
2626 3846 2818 3898 oculos
2873 3843 2933 3897 in
2986 3846 3205 3897 terram
3266 3839 3554 3894 declinare

1951 3932 2141 3987 studet
2171 3949 2184 3986 :
2220 3949 2291 3986 ne
2322 3931 2472 3987 illius
2499 3932 2731 3987 miseria
2764 3925 3553 3999 commotus,indulgeat.Di-

1952 4037 2065 4076 co:
2107 4020 2480 4091 Projir‘cnte-<
2547 4037 2641 4075 me
2673 4019 3202 4085 circumdederunt,
3244 4018 3301 4070 et
3359 4013 3554 4069 multis

1954 4108 2141 4162 modis
2162 4109 2522 4176 afﬂixerunt;
2558 4113 2614 4163 et
2630 4110 2738 4163 hoc
2768 4112 2966 4162 tamen
3002 4105 3261 4178 potentia
3278 4121 3378 4157 sua
3400 4103 3551 4156 face-

240 4205 343 4275 qm'
368 4204 537 4257 salvos
564 4206 702 4273 facis
716 4204 776 4258 in
810 4206 1006 4259 anima
1032 4224 1065 4259 a
1094 4206 1256 4272 vitiis,
1287 4212 1551 4276 sperantes
1572 4206 1629 4257 in
1650 4211 1717 4265 te,
1735 4217 1853 4255 non
1877 4267 1917 4276 _
1952 4213 2017 4250 re
2046 4196 2460 4268 nequiverunt:
2493 4197 2592 4251 sed
2616 4201 2950 4267 susceperunt
2976 4212 3058 4248 me
3078 4193 3354 4248 traditum
3384 4192 3551 4244 aDeo

239 4267 309 4345 in
341 4307 421 4357 se,
448 4291 508 4345 id
538 4267 642 4358 est,
681 4292 985 4364 discipulos
1012 4310 1171 4348 meos
1203 4312 1216 4359 ;
1246 4267 1339 4347 de
1363 4293 1566 4364 quibus
1592 4291 1803 4363 legitur
1833 4305 1847 4343 :
1874 4267 1928 4325 D
1953 4286 2119 4339 Patre
2134 4267 2158 4352 ξ
2176 4285 2319 4339 sicut
2353 4284 2486 4339 alibi
2508 4285 2756 4340 dicitur:
2805 4307 2832 4334 ‹‹
2860 4282 3097 4354 Proprio
3130 4280 3268 4335 Filio
3300 4294 3400 4333 suo
3434 4293 3553 4333 non

244 4402 275 4428 ‹‹
296 4379 789 4450 Nossperabamus
810 4382 965 4453 quod
980 4383 1070 4435 hic
1089 4383 1491 4452 redempturus
1522 4379 1851 4435 essetlsrael

243 4466 410 4533 (Luc.
433 4468 884 4537 xxrv,2t).»Etut
900 4470 954 4523 hi
972 4470 1350 4524 mirificentur
1389 4474 1446 4524 et
1493 4469 1616 4524 aliis
1662 4468 1851 4539 praeti-

242 4541 631 4628 ciantur,43
643 4577 677 4611 a
693 4560 1047 4612 resistentiwa
1059 4559 1286 4612 dextera:
1298 4566 1401 4611 ture
1410 4558 1485 4617 ,id
1504 4561 1589 4611 est
1603 4575 1635 4611 a
1645 4556 1855 4611 Judazis

242 4644 348 4717 qui
381 4661 474 4699 me
507 4648 906 4718 persequendo
937 4647 1203 4702 resistent
1232 4647 1415 4700 Verbo
1440 4650 1536 4700 tuo
1568 4646 1853 4717 mihiper-

245 4732 528 4787 sonaliter
544 4734 726 4801 unito,
759 4735 914 4806 quod
930 4752 1022 4789 me
1041 4751 1239 4805 regem
1270 4734 1583 4788 constituit.
1620 4735 1685 4787 Et
1701 4733 1857 4805 quod

247 4824 339 4876 est
369 4821 604 4877 dextera
632 4826 733 4877 tua
764 4840 776 4878 :
811 4840 915 4895 per
937 4823 1091 4895 quod
1154 4841 1188 4877 a
1238 4827 1293 4876 te
1326 4824 1491 4893 juxta
1542 4822 1853 4877 Joannem.

249 4934 281 4962 «
318 4909 528 4964 Omnia
548 4912 701 4966 facta
729 4915 862 4966 sunt
890 4929 904 4979 ;
945 4915 1003 4966 et
1037 4914 1158 4966 sine
1188 4912 1310 4982 ipso
1348 4912 1563 4965 factum
1598 4914 1685 4965 est
1715 4910 1857 4966 nihil

249 5001 435 5063 (Joan.
471 5018 508 5067 ι,
536 5005 613 5069 2).
645 5023 673 5049 »
720 4999 963 5055 Custodit
999 5019 1101 5067 me,
1163 5018 1234 5054 ne
1265 5001 1490 5055 cedam.
1536 5000 1772 5065 Medico,
1798 5006 1860 5054 ut

239 5088 517 5161 pupillam
540 5089 697 5157 oculi,
730 5089 1093 5155 existentem,
1126 5089 1183 5143 id
1215 5092 1300 5142 est
1350 5088 1597 5143 similem
1624 5088 1856 5159 pupilla:

252 5177 406 5233 oculi
461 5176 617 5232 Sicut
644 5178 800 5232 enim
826 5195 859 5231 a
880 5177 1113 5249 pupilla,
1145 5193 1275 5231 cum
1309 5178 1556 5231 minima
1602 5192 1734 5247 pars
1788 5177 1862 5232 sit

252 5266 534 5337 corporis,
568 5269 753 5321 totum
778 5282 984 5337 corpus
1013 5265 1405 5321 illuminatur:
1442 5266 1521 5319 ita
1550 5283 1582 5319 a
1614 5264 1857 5335 Christo,

253 5354 356 5429 qui
387 5354 663 5409 minimus
701 5355 847 5409 visus
900 5357 985 5408 est
1033 5357 1091 5407 et
1137 5354 1391 5425 exiguus,
1434 5357 1623 5408 totum
1656 5369 1862 5425 corpus

254 5447 403 5518 ejus,
436 5445 496 5499 id
522 5449 607 5500 est
645 5444 907 5511 Ecclesia,
940 5444 1299 5499 illuminatur
1327 5460 1341 5509 ;
1397 5444 1539 5496 sicut
1570 5444 1726 5497 idem
1776 5444 1861 5501 di-

258 5537 329 5590 cit
365 5554 377 5589 :
416 5560 439 5580 ει
480 5537 595 5607 Ego
644 5554 768 5590 sum
802 5537 890 5589 lux
920 5534 1120 5589 mundi
1169 5534 1348 5596 (Joan.
1382 5551 1494 5599 vm,
1533 5533 1628 5603 t2).
1666 5554 1691 5579 ››
1730 5535 1864 5591 Dico

1950 4381 2207 4453 pepercit
2236 4383 2402 4448 Deus,
2449 4383 2547 4436 sed
2595 4398 2698 4453 pro
2732 4380 2897 4435 nobis
2928 4379 3197 4434 omnibus
3228 4374 3465 4430 tradidit
3494 4373 3558 4427 il-

1954 4470 2073 4521 lum
2119 4468 2293 4531 (Rom.
2318 4469 2547 4538 vm,32).
2572 4490 2600 4517 »
2645 4468 2782 4523 Dico
2809 4468 3216 4539 susceperunt:
3250 4464 3555 4519 existentes

1952 4558 2087 4609 sicut
2114 4558 2189 4611 leo
2204 4564 2435 4627 paratus
2455 4557 2526 4611 ad
2536 4557 2803 4629 praedam,
2854 4563 2905 4610 et
2947 4557 3083 4609 sicut
3128 4553 3335 4607 catulus
3366 4552 3551 4607 leonis.

1956 4647 2067 4700 Leo
2099 4650 2157 4700 et
2184 4648 2404 4701 catulus
2424 4647 2573 4715 dico,
2596 4647 2908 4701 habitansin
2934 4644 3209 4706 abditis,id
3233 4646 3317 4696 est
3343 4640 3557 4695 similes

1956 4735 2108 4790 leoni
2138 4739 2419 4806 quantum
2442 4736 2515 4790 ad
2570 4736 2822 4807 majores
2846 4739 2904 4790 et
2934 4734 3258 4808 principes;
3293 4734 3350 4785 et
3365 4730 3553 4783 catulo

1956 4823 2445 4895 leonis,quantum
2464 4824 2536 4879 ad
2556 4825 2941 4896 plebemque:
2962 4824 3239 4894 generata
3253 4821 3421 4873 erata
3436 4832 3556 4870 ma-

1951 4911 2173 4981 joribus
2189 4912 2245 4966 in
2260 4912 2367 4966 hac
2385 4912 2661 4983 nequitia,
2690 4913 2833 4966 sicut
2846 4912 3065 4966 catulus
3085 4926 3119 4963 a
3139 4910 3303 4963 leone
3318 4920 3559 4975 genera-

1958 5001 2226 5055 tur.Bene
2241 5016 2377 5055 vero
2395 5002 2804 5073 ponit,paratus
2818 5000 2888 5055 ad
2895 4998 3213 5071 praedam,et
3236 4996 3482 5048 habitans
3503 4994 3560 5046 in

1959 5088 2170 5143 abditis.
2230 5090 2338 5161 Ipsi
2393 5091 2549 5145 enim
2577 5090 2836 5164 quamvis
2886 5091 2997 5144 hoc
3026 5103 3143 5141 non
3177 5085 3561 5157 qualicunque

1956 5177 2103 5231 hora
2126 5178 2337 5232 vellent
2361 5177 2550 5234 facere
2577 5180 2830 5252 possent,
2860 5178 2934 5234 ad
2972 5177 3080 5230 hoc
3110 5177 3307 5229 tamen
3335 5187 3565 5242 semper

1961 5264 2147 5336 parati
2168 5270 2352 5333 erant,
2381 5268 2598 5322 occulte
2630 5267 2762 5322 inde
2800 5266 3139 5339 cogitantes.
3168 5259 3418 5317 Ostensis
3447 5275 3569 5313 ma-

1962 5353 2031 5407 lis
2087 5355 2307 5410 meritis
2337 5371 2560 5423 eorum,
2594 5355 2921 5411 concessive
2977 5352 3048 5407 de
3095 5367 3298 5406 eorum
3347 5347 3571 5401 ultione

1965 5444 2043 5497 sic
2073 5448 2159 5497 est
2191 5461 2203 5497 :
2239 5444 2720 5516 Quandoquidem
2777 5445 2893 5503 hoc
2955 5445 3014 5497 et
3066 5442 3174 5495 hoc
3238 5438 3450 5496 facient
3490 5439 3579 5501 tu,

1968 5532 2231 5599 Domine,
2259 5533 2356 5604 qui
2395 5534 2685 5604 impotens
2732 5531 2799 5588 in
2834 5531 3146 5592 afﬂictione
3175 5548 3307 5586 mea
3352 5523 3591 5592 videris,
