4010 6032
433 286 537 346 695

1044 293 1103 351 S.
1144 292 1489 350 BRUNONIS
1530 287 2161 348 CABTHUSIANORUM
2195 288 2664 347 INSTITUTORIS
2703 291 2857 347 OPP.
2900 291 3076 347 PARS
3116 293 3136 347 Ι

3634 293 3738 347 696

431 432 672 491 exsurge,
703 419 762 476 id
777 419 863 476 est
879 422 1084 492 potens
1096 436 1329 493 appare.
1346 417 1740 474 Etostenditin
1759 433 1872 488 quo
1890 415 2035 470 scili-
2061 416 2118 474 Α
2154 414 2564 471 vuricationem
2582 416 3004 471 Deivoluntatis
3025 416 3465 489 estappetita.Et
3489 416 3742 488 quotidie

437 513 556 564 cet:
585 511 838 566 Preeveni
870 528 896 563 e
912 528 999 563 um
1022 509 1580 580 etsupplantaeum,id
1597 511 1681 561 est
1696 506 2032 560 vinceeum:

432 598 575 652 sicut
590 598 683 652 ille
698 598 874 653 vincit
890 598 985 669 qui
1000 614 1226 668 prawen
1238 597 1465 663 it,etille
1478 596 1573 667 qui
1595 595 1921 668 supplantat
1939 592 2038 647 ali-

431 689 702 758 quem.Et
717 688 825 742 hoc
850 688 1060 759 duplici
1086 686 1459 742 similitudine
1475 684 1710 751 dicit,ad
1730 698 2036 753 exaggera-

432 778 649 831 tionem
672 777 899 831 sceleris
919 794 1140 832 eorum.
1169 778 1367 842 lnboc,
1393 774 1623 841 scilicet,
1656 774 1838 837 vince,
1871 772 2037 842 Eripe

426 868 671 920 animum
702 884 751 919 m
772 884 913 933 eam,
950 884 1076 937 quae
1092 866 1367 920 innocens
1387 868 1492 931 est,
1523 865 1591 917 ab
1610 864 1797 934 impio,
1815 862 1873 916 id
1893 865 1977 916 est
2001 879 2035 915 a

432 955 725 1008 voluntate
744 954 905 1025 impii
927 954 1142 1008 Judaici
1158 953 1452 1026 populi.ne
1470 952 1795 1006 detineatur
1814 951 1870 1004 in
1887 966 2038 1004 mor-

429 1046 508 1096 te.
542 1042 817 1096 Animam
844 1059 1038 1096 meam
1075 1042 1200 1097 dico
1229 1041 1565 1096 existentem
1587 1043 2034 1111 frameamtuam,

431 1146 536 1201 per
560 1130 718 1199 cujus
763 1130 1099 1185 descensum
1129 1131 1201 1185 ad
1246 1130 1459 1184 inferos
1485 1129 1797 1184 debellabis
1844 1126 2038 1181 diabo-

432 1218 573 1272 lum.
604 1217 770 1281 Quasi
805 1218 989 1272 dicat:
1028 1219 1192 1289 Eripe
1225 1236 1353 1272 cam
1387 1234 1514 1271 cum
1567 1217 1636 1269 sit
1667 1216 1887 1269 framea
1920 1218 2034 1279 tua,

434 1308 507 1361 ab
538 1305 789 1359 inimicis
821 1322 1027 1359 manus
1052 1311 1184 1371 tua},
1218 1306 1277 1360 id
1303 1309 1388 1359 est
1415 1324 1447 1359 a
1473 1304 1696 1369 Jadmis,
1727 1304 1825 1374 qui
1850 1301 2039 1355 inimi-

426 1395 476 1447 ci
505 1378 639 1462 44
662 1397 797 1447 sunt
822 1394 993 1447 Verbi
1014 1394 1095 1447 tui
1124 1394 1266 1448 mihi
1290 1392 1669 1464 personaliter
1692 1394 1865 1447 uniti:
1883 1395 2037 1464 quod

433 1485 521 1535 est
550 1498 757 1535 manus
784 1486 904 1547 tua,
945 1499 1049 1553 per
1076 1499 1253 1553 quam
1276 1482 1472 1535 omnia
1498 1481 1676 1536 fecisti
1700 1500 1712 1550 ;
1747 1481 2035 1536 sicutalibi

436 1568 772 1623 Psalmista:
808 1570 1034 1624 «Verbo
1054 1570 1424 1625 Dominicaali
1454 1571 1667 1625 ﬁrmati
1709 1570 2033 1634 sunt(Psal.

432 1674 603 1722 xxxu,
627 1660 700 1720 6).
731 1679 757 1706 ››
795 1659 862 1711 Et
889 1674 1005 1712 non
1037 1659 1223 1712 solum
1246 1675 1339 1712 me
1373 1661 1443 1713 ab
1474 1660 1554 1713 cis
1584 1659 1812 1729 eripias.
1845 1659 1937 1712 sed
1953 1659 2035 1711 di-

433 1746 551 1799 m’de
580 1763 680 1798 eos.
707 1747 792 1812 Et,
821 1763 891 1800 ne
913 1745 1333 1815 intelligeretur
1365 1748 1434 1802 de
1458 1748 1732 1802 divisione
1773 1747 1869 1801 illa
1911 1764 2037 1818 qua:
2062 1729 2110 1789 Β

431 1834 625 1888 futura
655 1837 739 1887 est
761 1833 818 1887 in
844 1835 945 1889 .die
970 1835 1190 1905 judicii,
1216 1837 1447 1907 quando
1466 1837 1887 1906 separabuntur
1908 1853 2039 1890 oves

434 1922 506 1975 ab
530 1922 708 1976 hmdis
732 1922 956 1986 (illailla
987 1940 1112 1987 xxv,
1143 1928 1252 1990 3‘2,
1289 1925 1449 1978 addit
1481 1941 1492 1978 :
1520 1924 1589 1977 In
1616 1926 1723 1977 rita
1756 1942 1955 1990 eorum,
1982 1923 2039 1977 id

433 2013 537 2075 est,
562 2010 621 2064 in
654 2011 759 2064 hac
791 2010 905 2064 vita
937 2011 1123 2065 divide
1153 2029 1249 2065 cos
1280 2028 1381 2082 per
1404 2016 1589 2067 totum
1620 2012 1926 2078 mundum,
1954 2028 2039 2065 se-

433 2101 665 2167 paratos
696 2117 727 2149 α
748 2101 938 2168 paucis
966 2099 1247 2165 ﬁdelibus,
1277 2101 1371 2171 qui
1406 2101 1476 2154 de
1519 2117 1721 2154 eorum
1767 2099 2043 2171 progenie

435 2187 569 2238 sunt
597 2185 652 2238 in
680 2187 997 2240 Jerusalem
1026 2203 1038 2240 :
1076 2187 1280 2257 quibus
1309 2188 1525 2242 dictum
1555 2191 1639 2241 est
1663 2206 1695 2241 a
1726 2187 1959 2259 Spiritu,
1984 2190 2044 2240 ut

438 2274 777 2327 transferret
806 2291 864 2327 se
899 2274 955 2328 in
987 2268 1234 2345 regnum
1264 2275 1555 2346 Agrippas,
1590 2293 1663 2330 nc
1711 2275 2041 2346 afﬂigeren-

438 2364 532 2414 tur
557 2360 870 2415 afflictione
901 2362 1217 2417 obsidionis
1233 2363 1819 2434 JerosolymitanaaEt
1838 2363 2044 2416 merito

440 2447 657 2503 divides
690 2465 702 2502 :
739 2466 873 2503 nam
906 2452 1090 2503 venter
1114 2468 1316 2517 eorum,
1357 2452 1415 2505 id
1468 2454 1553 2505 est
1580 2451 1821 2507 carnalis
1852 2452 2047 2525 volun-

437 2538 526 2589 tas
566 2552 768 2591 eorum
802 2538 1120 2607 udimpletus
1140 2546 1234 2603 est,
1262 2539 1319 2593 id
1332 2543 1416 2593 est
1439 2556 1641 2594 eorum
1669 2539 1946 2593 voluntati
1964 2556 2047 2593 sa—

439 2623 731 2678 tisfactum
758 2629 871 2693 est;
896 2626 960 2679 de
983 2627 1300 2681 absconditis
1321 2628 1442 2691 tuis,
1476 2627 1535 2681 id
1549 2629 1633 2681 est
1650 2630 1894 2681 multum
1913 2646 2047 2700 gau-

442 2713 745 2767 debuntde
777 2714 1242 2770 tribulationibus
1271 2719 1329 2770 et
1359 2718 1547 2770 morte
1580 2733 1729 2783 mea,
1772 2733 1899 2788 qua:
1920 2734 2047 2787 pro-

442 2801 657 2856 cedunt
682 2802 753 2856 de
783 2803 1132 2858 absconditis
1154 2803 1383 2875 judiciis
1415 2804 1546 2866 tuis,
1585 2822 1701 2859 non
1731 2806 1802 2859 de
1846 2822 2047 2859 eorum

442 2888 722 2961 potentia.
744 2891 811 2944 Et
857 2908 975 2946 non
1015 2893 1201 2947 solum
1240 2892 1539 2964 adimpleti
1572 2896 1724 2961 sunt,
1749 2894 1847 2948 sed
1873 2894 2047 2949 etiam

444 2979 680 3032 saturati
703 2986 826 3032 sunt
848 2980 994 3048 ﬁliis,
1019 2980 1079 3034 id
1109 2983 1193 3034 est
1223 2981 1296 3035 ad
1319 2982 1538 3035 malum
1566 2983 1893 3052 exemplum
1910 2983 2052 3036 filio-

441 3080 615 3119 rum:
645 3066 858 3121 utinde
874 3067 976 3121 ﬁlii
994 3067 1368 3138 quinondum
1400 3069 1524 3123 nati
1556 3072 2048 3135 suntsaturentur,

442 3152 502 3207 id
520 3156 606 3207 est
621 3154 980 3209 delectentur
999 3157 1152 3210 malo
1170 3157 1434 3228 exemplo
1463 3174 1685 3211 eorum.
1716 3158 1783 3210 Et
1815 3174 1931 3211 non
1949 3157 2051 3211 soli

444 3243 636 3309 patres
658 3240 1090 3296 damnabuntur
1113 3259 1125 3296 :
1148 3244 1249 3297 sed
1265 3243 1439 3298 etiam
1469 3244 1767 3298 diviserunt
1806 3244 2053 3316 reliquias

444 3344 588 3394 suos,
619 3327 678 3381 id
710 3330 795 3381 est
828 3330 1110 3385 ultionem
1164 3348 1290 3400 quae
1324 3332 1403 3385 eis
1434 3348 1537 3403 pro
1576 3333 1928 3387 saturatione
1958 3334 2056 3387 illa

448 3414 885 3485 relinquebatur
916 3435 949 3471 a
978 3419 1117 3479 Deo,
1130 3419 1377 3489 parvulis
1401 3421 1529 3485 suis,
1549 3419 1832 3474 dicentes:
1855 3444 1881 3469 ‹‹
1912 3420 2058 3474 San-

452 3502 578 3571 guis
599 3503 721 3573 ejus
750 3523 923 3577 super
952 3524 1056 3560 nos
1094 3510 1151 3560 et
1201 3524 1372 3578 super
1404 3507 1549 3561 filios
1578 3511 1803 3563 nostros
1833 3508 2053 3579 (Matth.

450 3607 618 3644 xxvu.
648 3593 760 3657 25).
803 3615 831 3641 ››
866 3595 1070 3648 Postea
1096 3611 1161 3648 ex
1194 3594 1494 3649 affectione
1526 3596 1707 3650 nimia
1742 3596 1877 3650 facit
1918 3613 2056 3667 apo-

450 3681 725 3749 strophen
761 3682 832 3737 ad
863 3684 1043 3737 Deum
1071 3701 1083 3737 :
1118 3684 1194 3737 sic
1223 3684 1329 3754 ipsi
1362 3701 1465 3755 pro
1481 3685 2053 3740 meritisdividentur.

449 3766 570 3835 Ege
601 3775 799 3835 autem,
850 3772 945 3841 qui
978 3773 1151 3827 modo
1180 3772 1302 3827 vilis
1345 3773 1673 3843 conspectui
1728 3774 2055 3828 Judaaorum

452 3871 724 3927 appareo,
762 3861 1024 3930 apparebo
1062 3861 1318 3929 gloriosus
1333 3863 1633 3931 conspectui
1651 3868 1745 3915 tuo
1782 3878 2054 3933 praesens,

451 3959 582 3998 cum
615 3945 672 3998 in
706 3947 912 4000 coelum
935 3948 1267 4006 ascendero.
1290 3948 1427 4002 Etin
1444 3949 1557 4002 ﬁne
1579 3948 1766 4004 saeculi
1784 3949 2054 4014 satiabor,

452 4030 511 4083 id
537 4034 622 4084 est
642 4049 708 4084 ex
740 4035 860 4087 toto
888 4034 1086 4087 Iustitia
1130 4035 1416 4105 replebor,
1468 4053 1589 4088 cum
1613 4039 1921 4106 apparuerit
1947 4037 2057 4105 glo-

453 4120 534 4169 ria
560 4125 653 4171 tua
685 4118 744 4173 in
766 4119 910 4173 meis
939 4121 1035 4192 qui
1068 4123 1242 4175 modo
1267 4123 1403 4176 viles
1432 4126 1583 4189 sunt,
1630 4123 1689 4176 id
1719 4126 1803 4177 est
1837 4126 2053 4178 aeterna

453 4204 750 4260 beatitudo
775 4223 808 4260 a
834 4210 889 4261 te
921 4208 1148 4275 danda;
1172 4209 1337 4278 juxta
1358 4209 1497 4264 illud
1526 4212 1782 4280 Apostoli
1813 4228 1825 4265 :
1859 4230 1890 4263 «
1913 4212 2054 4267 Cum

2136 503 2315 558 etiam
2334 505 2406 559 ab
2424 504 2616 578 impiis
2636 522 2739 577 per
2755 523 2931 577 opera
2943 508 3098 561 mala
3109 505 3416 578 appetitur.
3436 505 3595 561 Sicut
3608 522 3739 560 vero

2137 592 2319 646 David
2333 610 2367 646 a
2381 593 2548 648 Saule
2565 594 2623 648 in
2656 595 2759 666 ipsi
2770 613 2830 649 us
2845 612 2984 649 nece
3006 595 3278 650 liberatus
3291 598 3391 649 est:
3407 596 3487 650 sic
3517 598 3575 649 et
3588 595 3743 649 Chri-

2136 684 2254 736 stus
2279 698 2313 735 a
2334 687 2521 737 morte
2552 684 2608 737 in
2643 685 3062 740 resurrectione
3095 686 3217 757 ipsa
3246 687 3435 740 morte
3456 685 3744 739 destructa

2135 774 2367 842 ereptus
2383 776 2489 826 est.
2505 775 2613 828 Per
2626 775 2767 830 alios
2787 792 2921 830 vero
2952 775 3405 831 inimicosDavid
3438 776 3666 830 Judwos
3687 776 3745 827 et

2137 859 2937 918 RomanosmilitesChristum
2955 862 3746 936 persequentesintelligimus

2135 964 2170 1001 a
2191 947 2395 1019 quibus
2419 950 2753 1006 omnibusin
2770 952 3188 1008 resurrectione
3209 953 3478 1008 liberatus
3495 954 3600 1006 est.
3634 952 3745 1006 Po-

2135 1040 2247 1095 test
2260 1041 2317 1092 et
2334 1042 2442 1094 hoc
2463 1042 2651 1095 totum
2676 1040 2747 1095 ad
2773 1040 3077 1095 Ecclesiam
3090 1042 3294 1096 referri
3325 1058 3338 1095 :
3363 1045 3426 1095 ut
3445 1058 3549 1113 per
3567 1038 3745 1096 David

2136 1128 2444 1183 Ecclesiam
2465 1146 2593 1201 quae
2612 1146 2787 1184 manu
2805 1129 2967 1184 fortis
2980 1133 3093 1184 est:
3111 1145 3217 1200 per
3232 1129 3461 1185 Saulem
3482 1146 3615 1185 vero
3638 1132 3742 1185 Da.

2137 1217 2230 1271 vid
2250 1222 2681 1289 persecuturum
2698 1219 2903 1273 ducem
2923 1217 3341 1290 diabolum,qui
3364 1219 3624 1274 omnium
3647 1219 3747 1272 Ec-

2138 1305 2319 1359 clesia1
2338 1309 2769 1377 persecutorum
2792 1308 2961 1377 caput
2979 1310 3084 1361 est.
3120 1307 3229 1360 Per
3259 1310 3494 1361 caeteros
3506 1307 3745 1379 quidem

2137 1392 2402 1448 inimicos
2447 1394 2645 1460 David,
2674 1394 2918 1448 visibiles
2938 1394 3196 1449 Ecclesiae
3210 1398 3622 1467 persecutores,
3642 1395 3742 1466 qui

2138 1481 2348 1535 diaboli
2369 1482 2635 1536 membra
2658 1486 2809 1548 sunt,
2834 1482 3224 1553 intelligamus
3258 1501 3271 1537 :
3297 1484 3547 1555 aquibus
3558 1484 3748 1539 omni-

2137 1570 2243 1624 bus
2268 1569 2513 1623 Ecclesia
2531 1570 2847 1624 secundum
2870 1570 3127 1625 animam
3136 1572 3259 1640 jam
3287 1571 3525 1626 liberata
3549 1576 3652 1635 est,
3668 1590 3749 1627 no

2138 1657 2209 1711 ab
2235 1657 2315 1711 eis
2335 1657 2545 1711 scilicet
2573 1657 3059 1728 incorporetur.ln
3078 1659 3271 1713 futuro
3285 1664 3479 1714 autem
3491 1660 3746 1714 etiamab

2138 1760 2344 1799 eorum
2370 1746 2862 1817 persecutionibus
2881 1747 3172 1817 eripietur.
3202 1748 3417 1802 Titulus
3440 1752 3632 1802 autem
3663 1748 3747 1801 sic

2140 1832 2465 1904 exponitur.
2510 1834 2684 1887 Verba
2721 1837 2919 1888 cantici
2960 1836 3143 1906 hujus,
3174 1836 3230 1889 id
3247 1840 3331 1890 est
3353 1836 3749 1890 delectationis

2140 1920 2470 1991 spiritualis:
2487 1922 2646 1991 hujus
2670 1939 2784 1976 non
2817 1926 2899 1976 est
2921 1923 3169 1992 positum
3192 1925 3261 1977 ad
3287 1924 3747 1996 designationem

2141 2009 2589 2080 praesentiaeﬁed
2611 2010 2932 2081 dignitatis:
2963 2016 3022 2065 ut
3053 2013 3311 2083 superius
3341 2012 3557 2066 dictum
3571 2016 3652 2066 est
3682 2012 3746 2066 in

2144 2096 2257 2151 alio
2288 2099 2532 2169 psalmo.
2565 2097 2679 2169 Ipsi
2690 2098 2868 2152 David
2878 2100 3117 2169 psalmus
3143 2117 3155 2153 :
3185 2101 3539 2171 quasidicat:
3565 2101 3751 2154 Verba

2142 2185 2249 2239 ista
2268 2202 2400 2239 cum
2426 2185 2704 2257 spirituali
2731 2187 3112 2241 delectatione
3132 2188 3751 2259 prolata,attribuenda

2145 2278 2278 2329 sunt
2296 2274 2490 2329 David.
2514 2275 2580 2328 Et
2603 2274 2951 2329 determinat
2982 2276 3070 2329 cui
3105 2276 3301 2343 David,
3325 2276 3537 2330 scilicet
3572 2276 3753 2329 David

2136 2379 2327 2431 puero,
2356 2362 2412 2417 id
2437 2365 2522 2416 est
2536 2378 2698 2416 servo
2718 2362 3212 2429 Domini,tendenti
3231 2366 3285 2415 in
3312 2363 3556 2430 ﬁnem,id
3575 2366 3660 2417 est
3689 2363 3749 2416 in

2146 2451 2557 2521 perfectionem
2577 2455 2634 2505 et
2654 2451 3233 2506 consummationem.
3257 2452 3421 2514 Quod
3441 2452 3745 2506 estdicere:

2147 2539 2254 2602 Qui
2304 2541 2555 2610 perfecte
2586 2539 2695 2593 fuit
2725 2540 2999 2594 obediens
3042 2540 3324 2605 Domino;
3377 2540 3530 2610 quod
3562 2540 3750 2594 nullus

2147 2626 2289 2680 alius
2311 2630 2440 2699 post
2465 2643 2598 2681 eum
2623 2627 2749 2681 fuit.
2767 2627 2903 2691 Quae
2920 2628 3093 2682 verba
3124 2629 3342 2682 locutus
3362 2632 3447 2682 est
3480 2628 3748 2688 Domino.

2145 2715 2205 2769 id
2234 2719 2321 2769 est
2347 2715 2418 2769 ad
2431 2716 2712 2770 honorem
2732 2716 2992 2771 Domini:
3014 2717 3225 2787 partim
3258 2718 3496 2787 loquens
3522 2717 3595 2771 ad
3613 2733 3748 2770 eum

2147 2807 2211 2858 ut
2241 2804 2313 2858 ad
2343 2804 2654 2859 secundam
2671 2820 2976 2876 personam
3003 2821 3015 2857 :
3046 2806 3254 2875 partim
3278 2805 3451 2860 etiam
3473 2805 3545 2859 ad
3568 2821 3753 2859 mem-

2149 2893 2254 2946 bra
2281 2909 2382 2946 sua
2410 2892 2747 2946 instruenda
2774 2893 2845 2946 ad
2879 2892 3051 2962 ipsius
3086 2893 3393 2947 honorem.
3420 2892 3597 2947 David
3644 2909 3749 2963 pro

2086 2980 2364 3072 Cjudicio
2379 2980 2564 3053 posito
2597 2982 2651 3072 iri
2667 2981 2773 3072 die,
2786 2980 2843 3033 id
2866 2979 3019 3072 estin
3039 2980 3289 3072 spediei,
3453 2982 3516 3072 in
3531 2997 3645 3051 qua
3660 2981 3753 3035 die

2152 3068 2365 3139 eripuit
2420 3085 2553 3122 eum
2611 3068 2907 3133 Dominus,
2938 3068 2994 3121 id
3026 3071 3110 3122 est
3136 3068 3193 3122 in
3222 3085 3320 3139 spe
3353 3068 3465 3122 diei
3506 3084 3757 3122 resurre-

2156 3156 2380 3221 ctionis,
2408 3156 2467 3210 in
2501 3174 2614 3227 qua
2644 3155 2849 3228 eripiet
2872 3156 3150 3210 Dominus
3179 3160 3237 3209 et
3270 3156 3753 3225 ipsum,etmem-

2153 3244 2259 3298 bra
2283 3244 2456 3314 ipsius
2478 3245 2547 3298 de
2577 3261 2775 3309 manu,
2808 3244 2864 3297 id
2886 3248 2969 3297 est
3001 3245 3356 3314 depotestate
3380 3243 3763 3298 omniumini-

2155 3331 2440 3387 micorum
2473 3348 2731 3393 suorum,
2758 3331 2813 3385 id
2844 3335 2926 3385 est
2955 3333 3283 3386 Judaeorum
3308 3337 3364 3384 et
3386 3332 3633 3386 militum
3655 3333 3764 3386 Ro-

2156 3436 2488 3485 manorum,
2523 3423 2805 3490 quantum
2838 3420 2909 3472 ad
2942 3419 3161 3490 ipsum:
3197 3423 3253 3472 ct
3284 3419 3544 3473 omnium
3568 3436 3761 3489 perse-

2158 3512 2420 3562 cuturum
2448 3508 2728 3572 Ecclesia),
2752 3510 3031 3577 quantum
3054 3508 3127 3561 ad
3158 3509 3423 3561 membra
3444 3508 3583 3576 ejus.
3614 3509 3766 3562 Etde

2160 3614 2337 3650 manu
2368 3596 2521 3660 Saul,
2555 3596 2614 3649 id
2635 3599 2721 3649 est
2748 3595 2949 3649 mortis
2980 3600 3257 3665 quantum
3286 3595 3356 3648 ad
3386 3596 3766 3665 ipsumJuxta

2158 3683 2297 3738 illud
2332 3682 2709 3755 apostolicum
2733 3699 2745 3735 :
2772 3702 2801 3734 «
2829 3683 3081 3736 Christus
3106 3700 3409 3753 resurgens
3432 3699 3499 3735 ex
3524 3684 3767 3737 mortuis

2150 3772 2275 3842 jam
2305 3788 2419 3825 non
2456 3771 2701 3825 moritur
2727 3770 2899 3838 (Boni.
2930 3788 3002 3835 v1,
3036 3774 3109 3836 9).
3140 3793 3165 3818 ››
3208 3771 3273 3823 Et
3303 3771 3374 3823 de
3403 3787 3579 3825 manu
3628 3771 3763 3825 Saul

2158 3862 2440 3930 quantum
2473 3858 2543 3912 ad
2579 3859 2864 3920 membra,
2901 3858 2958 3912 id
2989 3862 3071 3911 est
3103 3859 3172 3911 de
3200 3875 3374 3911 manu
3410 3858 3644 3924 diaboli,
3686 3876 3763 3912 ne

2156 3946 2404 4016 amplius
2416 3948 2763 4015 potestatem
2777 3946 2988 4000 habeat
3008 3963 3105 4000 eos
3119 3945 3431 4000 damnandi
3448 3961 3551 4015 per
3560 3962 3762 4018 pecca-

2155 4038 2279 4089 tum
2329 4033 2630 4104 originale.
2679 4034 2845 4087 Juxta
2892 4033 3028 4087 illud
3060 4033 3384 4104 Evangelii:
3418 4056 3446 4081 «
3489 4032 3765 4103 Princeps

2153 4122 2323 4192 hujus
2353 4120 2555 4175 mundi
2578 4120 2841 4190 ejicietur
2856 4122 3011 4176 foras
3052 4121 3235 4189 (Joan.
3258 4137 3353 4187 xu,
3383 4124 3490 4178 3D.
3524 4142 3552 4169 »
3578 4122 3645 4174 Et
3674 4125 3764 4175 est

2156 4210 2277 4264 haec
2307 4226 2411 4265 vox
2436 4211 2637 4281 capitis
2666 4211 2724 4265 in
2775 4209 2977 4281 primis
3004 4225 3109 4279 pro
3142 4209 3483 4263 liberatione
3524 4209 3609 4264 sui
3640 4211 3761 4264 Deo

455 4292 717 4347 Christus
741 4296 1075 4366 apparuerit
1105 4295 1219 4350 vita
1250 4300 1456 4362 vestra,
1501 4300 1637 4351 tunc
1667 4301 1723 4352 et
1750 4316 1849 4352 vos
1879 4316 2056 4372 appa-
2084 4310 2133 4367 1)
2156 4299 2369 4370 gratias
2396 4298 2640 4370 agentis,
2676 4303 2873 4368 postea
2916 4315 3050 4351 vero
3081 4315 3139 4351 se
3172 4314 3204 4351 a
3232 4299 3348 4352 Deo
3392 4296 3758 4351 liberandum

452 4379 650 4435 rebitis
681 4397 813 4435 cum
843 4382 965 4453 ipso
998 4383 1056 4437 in
1078 4384 1261 4454 gloria
1289 4383 1506 4445 (Coloss.
1544 4402 1624 4453 III,
1653 4384 1730 4458 4).
1766 4408 1794 4433 »ι

964 4473 1030 4525 ΙΝ
1056 4471 1378 4529 PSALMUM
1402 4474 1555 4528 XVII.

518 4557 734 4612 Titulus
752 4558 894 4613 sexti
912 4560 1120 4615 decimi
1141 4578 1153 4614 :
1176 4563 1236 4615 In
1255 4562 1428 4615 finem
1444 4578 1622 4633 puero
1637 4561 1865 4617 Domini
1875 4563 2051 4617 David

449 4644 545 4716 qui
562 4647 780 4700 locutus
806 4648 1539 4703 estDominoverbacantici
1561 4649 1811 4720 hujus,in
1833 4649 1923 4704 die
1940 4668 2051 4721 qua

446 4733 657 4804 eripuit
679 4751 813 4788 eum
862 4734 1141 4789 Dominus
1185 4736 1256 4790 de
1286 4753 1465 4791 manu
1497 4737 1761 4791 omnium
1797 4736 2053 4792 inimico-

432 4837 578 4876 'rum
596 4838 854 4888 suorum,
888 4824 947 4876 et
977 4823 1047 4877 de
1078 4839 1257 4877 manu
1299 4823 1452 4878 Saul.
1511 4823 1728 4877 Dicitur
1753 4841 1786 4878 a
1816 4824 2048 4895 quibus-

443 4909 582 4964 dam
618 4910 816 4965 titulus
844 4910 948 4965 iste
982 4911 1214 4965 mittere
1234 4928 1336 4965 son
1369 4912 1441 4966 ad
1469 4910 1769 4966 historiam
1800 4910 1959 4966 illam
1990 4912 2047 4966 in

443 5014 558 5068 qua
587 5003 856 5053 narratur
880 4999 1055 5054 David
1084 5016 1118 5052 a
1133 4999 1528 5071 persecutione
1556 5000 2053 5065 Saulis,omnium-

441 5102 552 5157 que
566 5087 809 5142 aliorum
824 5087 1193 5142 inimicorum
1212 5103 1446 5141 suorum
1461 5090 1590 5158 post
1602 5090 1852 5141 mortem
1867 5086 2048 5141 Saulis

437 5173 608 5229 fuisse
640 5175 970 5242 liberatum,
996 5174 1151 5246 quod
1195 5175 1268 5229 ad
1295 5175 1523 5229 Domini
1553 5176 1802 5245 ﬁguram
1829 5174 2041 5228 factum

437 5278 558 5315 esse
585 5266 805 5318 certum
866 5266 969 5318 est.
1028 5265 1135 5317 Per
1186 5263 1418 5317 Saulcm
1448 5263 1625 5327 enim,
1660 5263 1755 5334 qui
1781 5264 2043 5332 appetitus

433 5349 804 5422 interpretari
844 5351 1069 5419 dicitur,
1128 5368 1285 5405 mors
1334 5350 1650 5405 rectissime
1679 5350 2035 5419 designatur.

433 5438 718 5500 Quoniam
738 5439 882 5493 sicut
902 5439 1035 5493 Saul
1052 5444 1253 5493 contra
1270 5439 1367 5493 Dei
1391 5440 1746 5493 voluntatem
1778 5438 2033 5491 aJudazis

429 5528 513 5579 est
532 5528 815 5597 appetitus
842 5544 853 5581 :
884 5527 964 5580 ita
989 5530 1046 5581 et
1066 5544 1222 5581 mors
1252 5528 1324 5581 ab
1348 5527 1531 5581 Adam
1546 5530 1605 5579 et
1627 5527 1735 5601 Eva
1758 5542 1860 5597 per
1882 5544 2027 5597 prm-

2156 4401 2277 4441 esse
2318 4387 2639 4453 referentis,
2675 4390 2737 4440 ut
2789 4388 2847 4439 et
2890 4384 3169 4439 membris
3198 4400 3301 4456 per
3333 4401 3394 4437 se
3449 4384 3764 4438 liberandis

2153 4490 2316 4545 spem
2339 4475 2665 4528 salvationis
2688 4474 2934 4542 ingerat.
2971 4471 3232 4526 Ostendit
3274 4472 3451 4525 etiam
3509 4472 3582 4525 ad
3623 4471 3759 4525 ﬁdei

2153 4563 2553 4617 membrorum
2579 4561 3016 4626 instructionem,
3050 4563 3108 4613 et
3136 4560 3208 4612 ad
3229 4559 3586 4613 reddendam
3624 4576 3758 4629 gra-

2154 4650 2361 4704 tiarum
2387 4650 2697 4714 actionem,
2731 4666 2857 4718 qua:
2881 4647 3187 4702 commoda
3210 4646 3467 4716 deipsius
3490 4649 3680 4701 morte
3700 4651 3762 4702 et

2118 4782 2121 4789 .
2151 4736 2496 4791 liberatione
2518 4735 2857 4805 contingere
2887 4735 3155 4789 debeant.
3194 4734 3258 4786 Et.
3288 4733 3394 4786 hoc
3419 4733 3465 4787 si
3497 4732 3633 4787 dicit
3668 4751 3681 4787 :

2220 4824 2461 4894 Diligam
2484 4830 2551 4884 te,
2567 4822 2816 4887 Domine,
2836 4822 2891 4875 id
2908 4824 2992 4875 est
3009 4837 3140 4875 cum
3162 4821 3336 4875 modo
3351 4823 3484 4874 ante
3502 4824 3755 4875 mortem

2150 4916 2205 4965 te
2236 4911 2494 4983 diligam,
2522 4913 2580 4964 et
2596 4909 2886 4980 diligendo
2906 4909 3004 4964 tibi
3035 4926 3212 4980 usque
3243 4908 3316 4963 ad
3348 4911 3600 4963 mortem
3624 4910 3759 4963 obe-

2151 4999 2335 5053 diam:
2358 5002 2486 5070 post
2509 4998 2957 5052 resurectionem
2973 5014 3102 5051 cum
3136 4998 3293 5051 nulla
3314 4997 3455 5049 mihi
3478 4995 3752 5051 obedien-

2150 5087 2230 5141 tia
2243 5086 2709 5153 restabit,saltem
2727 5087 2967 5157 diligam
2986 5090 3061 5141 te.
3084 5087 3150 5140 Et
3172 5086 3227 5140 in
3252 5087 3359 5140 hoc
3374 5086 3583 5139 innuit:
3609 5101 3750 5156 quo-

2145 5175 2309 5228 niam
2341 5178 2398 5227 et
2418 5174 2627 5228 sanctis
2648 5175 2705 5228 in
2730 5175 2922 5228 futuro
2939 5175 3016 5227 im
3028 5174 3376 5228 mortalitate
3397 5177 3657 5243 suscepta
3672 5173 3751 5227 nil

2144 5262 2379 5316 restabit
2436 5261 2542 5315 nisi
2600 5261 2826 5316 dilectio
2860 5263 2998 5316 sola.
3048 5263 3211 5315 Juxta
3271 5261 3404 5314 illud
3442 5261 3747 5332 Apostoli:

2143 5350 2306 5405 «Sive
2320 5349 2634 5421 prophetiae
2646 5348 3206 5411 evacuabuntur,sive
3226 5349 3260 5402 li
3271 5365 3433 5419 nguaa
3447 5348 3752 5402 cessabunt

2140 5439 2386 5493 Charitas
2408 5455 2705 5510 nunquam
2737 5438 2941 5493 excidit
2976 5438 3037 5501 (Ι
3044 5437 3170 5492 Cor.
3200 5454 3317 5494 xm.
3344 5439 3415 5505 8).
3445 5458 3472 5484 »
3508 5437 3577 5490 Et
3608 5451 3753 5506 prte-

2141 5527 2324 5580 tendit
2344 5542 2574 5581 causam
2598 5526 2937 5590 dilectionis,
2965 5525 3041 5579 sic
3068 5542 3079 5577 :
3111 5524 3267 5579 Adeo
3282 5525 3517 5596 diligam
3534 5528 3589 5577 te
3604 5524 3739 5595 quia
